3988 6178
457 299 562 357 805

453 506 738 563 videbatur
763 508 1012 563 obruere.

952 657 1288 716 EPISTULA
1315 657 1542 713 XLVIII.

453 789 723 830 UNWIBSIS
759 788 952 830 GOTHIS
988 788 1058 826 ΕΤ
1096 786 1324 826 ROMANIS
1351 787 1503 826 CIBCA
1544 786 1793 826 VERUCAI
1815 786 2046 826 ολετειοι

680 860 788 899 LIII
815 856 1256 899 CONSISTENTIBUS
1285 857 1650 896 THEODOBICUS
1688 857 1812 895 REX.

456 951 660 1026 Scribit
678 970 733 1009 se
762 957 1040 1011 mandasse
1068 956 1369 1026 Leodifrido
1398 957 1571 1026 sajoni
1598 965 1654 1009 ut
1678 974 1738 1011 ea
1765 955 2045 1026 impulsore

525 1023 817 1098 in__Veruca
839 1029 1074 1096 castello,
1104 1023 1242 1096 quod
1267 1023 1595 1093 describitur,
1625 1027 1726 1098 ipsi
1749 1023 1848 1081 sibi
1877 1027 2046 1081 domi-

525 1095 647 1148 cilia
671 1098 993 1150 construant.

530 1204 736 1260 Laetitia
785 1204 945 1261 debet
985 1221 1107 1262 esse
1132 1215 1475 1275 cunctorum,
1501 1205 1724 1277 provida
1756 1205 1928 1275 jussio
1951 1205 2048 1260 do~

455 1298 772 1353 minantium
808 1316 821 1351 ε
854 1299 1074 1370 quando
1104 1299 1237 1355 illud
1286 1299 1432 1370 quod
1466 1314 1566 1354 vos
1594 1299 1852 1356 debuistis
1881 1313 2048 1368 expe-

458 1397 593 1457 tere,
617 1405 713 1445 nos
739 1389 934 1445 videtis
962 1390 1176 1445 oﬂ'erre.
1210 1388 1348 1456 Quid
1377 1400 1461 1445 est
1484 1391 1628 1446 enim
1649 1391 1854 1460 gratius
1884 1405 2046 1458 quam

456 1479 705 1535 humanis
730 1481 891 1535 rebus
935 1480 1202 1536 cautelam
1233 1496 1448 1551 semper
1483 1481 1761 1545 adhibere,
1792 1495 1913 1550 quae
1955 1489 2049 1534 aut

455 1571 526 1625 sit
580 1571 914 1640 necessaria,
968 1580 1061 1626 aut
1116 1587 1224 1627 non
1277 1584 1466 1640 gravat
1517 1587 1636 1627 esse
1689 1570 2050 1641 superﬂuam?

457 1659 522 1714 Et
549 1662 669 1716 ideo
700 1661 1007 1718 Leodifrido
1037 1662 1213 1732 sajoni
1255 1671 1444 1718 nostro
1483 1663 1737 1732 prmsenti
1777 1661 2050 1730 delegavi-

456 1765 575 1806 mus
599 1751 844 1820 jussione
870 1760 930 1806 ut
952 1752 1070 1822 ejus
1101 1753 1354 1807 instantia
1377 1753 1430 1806 in
1459 1753 1670 1808 Veruca
1699 1753 1922 1808 castello
1949 1768 2044 1808 vo-

456 1843 541 1896 bis
574 1841 848 1897 domicilia
875 1844 1231 1905 construatis;
1264 1843 1408 1914 quod
1437 1859 1466 1898 a
1498 1845 1768 1913 positione
1797 1845 1880 1899 sui
1914 1860 2046 1899 con-

456 1946 647 2001 gruum
679 1947 875 1986 nomen
924 1933 1154 2003 accepit.
1198 1931 1294 1988 Est
1341 1934 1485 1988 enim
1515 1934 1569 1988 in
1611 1935 1801 1989 mediis
1840 1936 2045 2006 campis

457 2021 691 2075 tumulus
715 2037 910 2076 saxeus
936 2023 987 2076 in
1019 2022 1353 2078 rotunditate
1396 2039 1750 2094 consurgens,
1791 2025 1884 2095 qui
1915 2041 2042 2094 pro-

456 2113 596 2167 ceris
645 2112 904 2167 lateribus
948 2114 1096 2168 silvis
1137 2129 1346 2181 erasus,
1397 2123 1542 2169 totus
1573 2131 1726 2170 mons
1762 2117 1914 2186 quasi
1941 2131 2047 2170 una

460 2205 620 2258 turris
649 2202 906 2270 efﬁcitur;
953 2203 1104 2273 cujus
1134 2205 1240 2258 ima
1268 2205 1552 2273 graciliora
1584 2213 1712 2260 sunt
1749 2221 1913 2275 quam
1958 2220 2044 2261 ca~

459 2295 695 2362 cumina,
715 2295 844 2350 etin
877 2295 1176 2352 mollissimi
1214 2295 1362 2364 fungi
1389 2295 1550 2352 modo
1579 2296 1830 2366 superius
1856 2305 2047 2351 exten-

457 2387 622 2454 ditur,
652 2403 774 2444 cum
803 2386 1044 2443 inferiori
1092 2395 1248 2458 parte
1273 2396 1546 2444 tenuetur.
1585 2389 1761 2458 Agger
1797 2388 1910 2444 sine
1940 2387 2048 2461 [ed.

461 2474 586 2532 Niv.
633 2484 690 2532 et
715 2476 840 2541 6a.,
889 2475 1010 2548 sub]
1042 2491 1251 2548 pugna,
1282 2478 1524 2534 obsessio
1564 2493 1754 2534 secura
1785 2495 1798 2531 :
1831 2477 1920 2532 ubi
1949 2492 2051 2533 nec

461 2567 802 2624 adversarius
826 2568 1116 2639 quidquam
1138 2577 1448 2639 praisumat,
1473 2584 1575 2625 nec
1596 2569 1832 2625 inclusus
1851 2569 2052 2638 aliquid

463 2666 811 2728 expavescat.
856 2658 1012 2715 Hunc
1059 2658 1294 2726 Athesis,
1346 2660 1487 2714 inter
1535 2656 1726 2715 ﬂuvios
1774 2661 2044 2727 honorus,

452 2751 662 2806 amanti
689 2751 912 2821 gurgitis
939 2752 1173 2822 puritate
1194 2751 1522 2823 praeterﬂuit,
1549 2767 1762 2808 causam
1791 2761 2051 2822 praestans

467 2841 778 2898 muniminis
809 2849 865 2897 et
892 2841 1106 2899 decoris
1136 2861 1149 2896 :
1181 2852 1416 2913 castrum
1446 2857 1584 2914 pene
1612 2842 1665 2896 in
1704 2841 1906 2898 mundo
1937 2843 2050 2897 sin-

467 2932 674 3001 gulare,
710 2939 897 2988 tenens
927 2933 1164 2988 claustra
1201 2933 1519 3004 provinciae;
1573 2932 1718 3003 quod
1759 2930 1881 2988 ideo
1927 2948 2052 3004 pro-

467 3026 626 3080 batur
650 3027 819 3096 magis
840 3041 957 3082 esse
989 3027 1335 3098 przccipuum,
1358 3028 1482 3098 quia
1505 3026 1630 3084 feris
1656 3027 1902 3096 gentibus
1922 3043 2054 3082 con-

468 3122 575 3169 stat
601 3115 892 3185 objectum.
935 3115 1051 3172 Hoc
1101 3118 1370 3189 opinabile
1413 3117 1706 3182 munimen,
1754 3116 2049 3173 mirabilem

469 3207 834 3274 securitatem,
865 3207 950 3263 cui
977 3207 1299 3262 desiderium
1348 3224 1456 3263 non
1482 3208 1553 3264 sit
1579 3206 1840 3273 habitare,
1891 3223 2052 3278 quam

467 3295 556 3349 vel
605 3302 862 3352 externos
910 3297 1144 3353 delectat
1173 3298 1443 3353 invisere?
1475 3297 1539 3352 Et
1583 3313 1908 3368 quanquam,
1942 3297 2053 3355 Deo

468 3385 722 3456 juvante,
779 3387 979 3442 nostris
1036 3389 1366 3460 temporibus
1426 3388 1759 3457 provinciam
1809 3403 2054 3443 securam

469 3475 774 3542 credamus,
805 3485 983 3532 tamen
1026 3479 1324 3548 prudentiae
1354 3479 1704 3534 nihilominus
1729 3486 1812 3534 est
1837 3493 2052 3547 cavere,

467 3565 630 3619 etiam
658 3580 778 3635 qua:
806 3581 913 3621 non
943 3575 1198 3638 putantur
1242 3583 1541 3637 emergere.
1583 3567 1811 3624 Munitio
1841 3579 1869 3607 ιι
1914 3577 2056 3624 trac-

468 3656 630 3711 tanda
661 3667 747 3713 est
783 3673 1000 3728 semper
1025 3659 1078 3713 in
1109 3659 1222 3714 otio
1254 3676 1268 3712 :
1300 3659 1423 3728 quia
1450 3666 1578 3714 tunc
1603 3659 1746 3714 male
1773 3658 2052 3727 quaeritur,

465 3748 685 3817 quando
732 3749 1039 3805 necessaria
1077 3748 1368 3817 iudicatur.
1393 3747 1579 3816 Mergi,
1630 3748 1826 3817 quibus
1855 3763 2053 3804 nomen

466 3846 553 3895 est
579 3852 647 3892 ex
684 3837 850 3904 facto,
900 3837 1299 3894 cohabitatores
1326 3838 1574 3909 piscium,
1607 3837 1874 3910 aquatiles
1902 3839 2056 3895 volu-

467 3943 607 3994 cres,
655 3926 862 3984 futuras
908 3937 1258 3999 tempestates
1311 3929 1627 3984 naturaliter
1677 3929 2052 4000 prtcvidentes,

465 4013 609 4072 sicca
659 4024 869 4086 petunt,
915 4025 1101 4086 stagna
1132 4018 1530 4088 derelinquunt.
1562 4019 1834 4090 Delphini,
1863 4018 2055 4078 ﬂuctus

467 4106 643 4178 pelagi
689 4115 1018 4174 metuentes,
1073 4109 1292 4166 vadosis
1358 4109 1630 4166 littoribus
1675 4112 2051 4169 immorantur.

464 4197 670 4265 Echini,
703 4199 795 4269 qui
819 4207 945 4254 sunt
967 4198 1124 4255 mella
1155 4201 1409 4268 carnalia,
1438 4201 1704 4261 costatilis
1723 4202 2050 4271 teneritudo,

462 4284 670 4346 crocere
693 4289 898 4346 delicias
916 4290 1093 4346 divitis
1114 4293 1297 4356 maris,
1321 4292 1456 4377 dum
1479 4291 1686 4350 futuras
1707 4300 2056 4364 tempestates

461 4381 799 4452 agnoverint,
829 4381 948 4439 loca
968 4391 1177 4438 mutare
1199 4379 1484 4456 cupientes
1512 4384 1531 4457 (
1560 4384 1686 4454 quia
1717 4383 1822 4439 illis
1847 4399 1948 4455 pro
1968 4385 2051 4442 le-

459 4472 627 4528 vitate
645 4473 888 4544 corporis
908 4474 1067 4529 nandi
1088 4474 1234 4530 nulla
1255 4473 1447 4531 ﬁducia
1467 4476 1573 4546 est)
1601 4473 1829 4548 lapillos,
1860 4477 2054 4546 quibus

458 4579 618 4636 pares
645 4565 854 4635 possint
880 4581 1018 4633 esse,
1061 4567 1360 4637 complexi,
1403 4566 1639 4638 quadam
1688 4567 2049 4624 anchorarum

457 4655 849 4726 ponderatione
876 4656 1083 4726 librati,
1110 4658 1362 4727 scopulos
1388 4665 1601 4728 petunt,
1625 4673 1763 4728 quos
1801 4657 2048 4716 ﬂuctibus

455 4748 734 4806 vexandos
757 4763 878 4805 esse
895 4765 1001 4805 non
1027 4749 1268 4806 credant.
1288 4750 1428 4808 Aves
1443 4747 1570 4822 ipsa:
1594 4751 1827 4808 adventu
1854 4753 2048 4811 hiemis

456 4841 660 4914 patrias
680 4847 909 4897 mutant.
943 4841 1095 4897 Fers:
1122 4857 1223 4912 pro
1250 4843 1513 4912 qualitate
1559 4843 1818 4914 temporis
1849 4845 2044 4900 cubilia

456 4941 723 5004 quaerunt.
773 4931 1060 4988 Hominum
1099 4933 1405 4989 sollicitudo
1433 4950 1542 4989 non
1573 4932 1737 4988 debet
1763 4935 2048 5003 providere

457 5024 601 5094 quod
649 5031 829 5095 potest
876 5025 930 5078 in
989 5024 1314 5080 adversitate
1364 5027 1683 5097 requirere?
1711 5026 1828 5083 Non
1872 5036 1956 5084 est
1993 5029 2046 5084 in
2114 5105 2119 5111 ἡ

457 5117 659 5173 mundo
689 5117 832 5174 unde
860 5119 964 5192 [ed.
992 5117 1117 5173 Nic.
1151 5117 1249 5174 Ca.
1277 5117 1368 5173 Gr.
1393 5128 1441 5172 et
1461 5117 1604 5189 Cuj.,
1627 5120 1802 5174 undis.
1828 5118 1925 5175 Ms.
1952 5121 2042 5188 R.,
2124 5115 2132 5124 ’

457 5210 512 5265 in
531 5211 734 5266 mundo
754 5210 940 5284 unum]
967 5211 1212 5266 humana:
1230 5226 1319 5265 res
1338 5211 1694 5266 mutabilitate
1710 5212 2045 5280 quatiuntur;

458 5310 515 5355 et
535 5300 656 5356 ideo
683 5302 1020 5373 providentia
1050 5301 1268 5372 dicitur,
1299 5310 1359 5358 ut
1385 5317 1505 5373 quae
1540 5312 1667 5358 sunt
1693 5303 1872 5359 futura
1904 5312 2045 5360 trac-

457 5399 660 5449 tentur.
1126 5416 1128 5418 τ

530 5591 554 5620 ⁸
587 5591 810 5667 Munitio
837 5595 896 5651 in
922 5595 1034 5652 otio
1070 5595 1182 5651 ﬂat.
1225 5597 1419 5654 Seuec.
1452 5599 1542 5653 lib.
1574 5613 1630 5663 ιι,
1656 5597 1812 5667 epist.
1848 5596 1915 5654 18
1940 5617 1952 5653 :
1981 5597 2040 5653 In

455 5663 574 5731 ipsa
617 5665 908 5738 securitate
935 5669 1145 5738 animus
1183 5668 1252 5722 ad
1293 5667 1529 5723 difﬁcilia
1574 5663 1954 5738 sepraaparet,
1985 5678 2044 5738 et

458 5741 646 5813 contra
672 5733 892 5813 injurias
932 5735 1158 5813 fortuna:
1187 5738 1329 5813 inter
1356 5739 1613 5813 beneﬁcia
1643 5733 2043 5813 ﬁrme—tunuMi—

459 5801 540 5858 les
568 5802 621 5858 in
665 5805 837 5860 media
879 5821 1013 5878 pace
1059 5805 1295 5864 decurrit
1342 5808 1458 5866 sine
1497 5809 1607 5866 ullo
1641 5809 1816 5878 hoste,
1843 5808 2042 5867 vallum

1665 297 1736 354 II.
1778 295 2057 354 AURELII
2095 296 2494 355 CASSIODORI

455 424 512 471 et
537 414 700 473 ardor
735 416 810 473 ibi
839 413 1202 471 indesinenter
1229 411 1469 481 viveret,
1504 425 1667 482 quem
1705 417 1855 466 tanta
1900 411 2043 466 unda
2073 416 2118 471 Λ

3624 303 3729 358 604

2669 414 2988 471 ΕΡΙΞΤΟΙΑ
3031 417 3213 472 XLIX.

2147 519 2440 562 IIONORATIS
2478 521 2892 573 POSSESSOBIBUS,
2919 525 3299 564 DEPENQORIBUS
3330 527 3394 564 ET
3425 526 3731 566 CURULIBUS

2357 593 2678 631 CATANENSIS
2703 594 2964 633 CIVITATIS
2995 596 3358 635 THEODORICUS
3390 598 3513 637 REX.

2148 666 2410 741 Permittit
2428 678 2485 741 ut
2510 670 2656 741 saxis
2677 685 2741 722 ea:
2772 670 3142 741 amphitheatro
3164 671 3320 741 longa
3349 681 3595 728 vetustate
3624 677 3732 730 cal-

2323 739 2484 808 lapsis
2513 740 2583 792 ad
2607 756 2780 793 muros
2806 739 2947 794 urbis
2979 739 3296 812 reparandas
3325 753 3558 799 utantur.

2217 849 2480 922 Optabilis
2506 852 2665 908 nobis
2695 860 2778 908 est
2807 860 2861 908 et
2907 861 3059 922 grata
3088 854 3338 923 devotio,
3369 870 3488 924 qua:
3529 860 3732 914 bonam

2146 944 2822 1016 pmccsseritjussionem;
2854 955 2908 1000 et
2933 947 3124 1001 merito
3154 957 3434 1018 acceptum
3463 950 3729 1018 redditur,

2147 1036 2192 1092 si
2240 1035 2294 1090 id
2341 1035 2485 1103 quod
2525 1051 2810 1106 possumus
2850 1037 3135 1107 imperare,
3176 1047 3449 1108 poscatur.
3480 1041 3733 1099 Felicitas

2148 1129 2291 1183 enim
2321 1129 2594 1197 regnantis
2621 1136 2726 1195 est,
2750 1129 3069 1185 lamulantes
3089 1146 3271 1186 amare
3297 1133 3440 1202 quod
3469 1134 3689 1204 expedit
3715 1153 3730 1190 :

2146 1219 2362 1288 quando
2385 1221 2542 1276 nobis
2571 1221 2724 1276 labor
2765 1221 3108 1291 cogitationis
3151 1222 3411 1291 aufertur,
3443 1223 3568 1278 dum
3600 1227 3732 1281 sub-

2148 1311 2246 1366 diti
2273 1311 2373 1367 sibi
2402 1311 2680 1383 profutura
2711 1313 3022 1382 disponunt.
3065 1313 3240 1382 Atque
3285 1314 3405 1369 ideo
3434 1319 3736 1384 suggestio-

2149 1405 2232 1458 nis
2259 1411 2456 1458 vestrae
2485 1411 2674 1459 tenore
2706 1412 3009 1474 comperto,
3056 1419 3218 1473 quam
3263 1406 3526 1462 charitate
3563 1408 3734 1463 civica

2149 1496 2202 1549 in
2251 1495 2677 1551 communiendis
2730 1496 2996 1552 moenibus
3038 1497 3380 1566 suscepistis,
3433 1499 3733 1553 absolutam

2150 1587 2308 1657 hujus
2346 1588 2427 1643 rei
2457 1588 2611 1643 vobis
2639 1603 2922 1643 censemus
2948 1604 3069 1643 esse
3096 1589 3367 1643 licentiam
3396 1609 3408 1642 :
3438 1607 3537 1647 nec
3576 1593 3735 1661 quid-

2148 1693 2308 1748 quam
2339 1677 2406 1734 de
2426 1679 2528 1734 hac
2555 1694 2617 1734 re
2638 1679 2949 1742 vereamini,
2984 1679 3135 1733 unde
3173 1680 3357 1747 gratim
3399 1690 3593 1734 nostrm
3635 1697 3732 1736 ex-

2080 1800 2120 1857 B
2147 1779 2395 1841 spectare
2421 1772 2638 1842 praemia
2686 1787 2812 1825 mox
2841 1771 3068 1826 debetis.
3101 1771 3288 1827 Vestra
3323 1773 3462 1826 enim
3508 1776 3734 1828 munitio

2151 1871 2336 1917 nostra
2367 1870 2451 1917 est
2473 1863 2817 1917 nihilominus
2846 1861 3139 1926 fortitudo;
3173 1869 3228 1915 et
3257 1862 3511 1931 quidquid
3545 1879 3637 1916 vos
3667 1863 3733 1917 ab

2150 1954 2356 2008 incerto
2397 1953 2578 2022 eripit,
2617 1951 2811 2006 famam
2859 1960 3057 2006 nostra)
3099 1951 3429 2007 defensionis
3471 1953 3729 2007 extendit.

2149 2043 2291 2098 Saxa
2332 2057 2481 2112 ergo,
2531 2057 2651 2112 qua:
2695 2041 3085 2115 suggeritisde
3126 2043 3526 2111 amphitheatro
3577 2043 3731 2112 longa

2148 2143 2416 2191 vetustate
2443 2135 2701 2204 collapsa,
2727 2149 2828 2189 nec
2873 2133 3074 2204 aliquid
3113 2134 3325 2188 ornatui
3365 2135 3581 2204 publico
3622 2134 3736 2202 jam

2152 2229 2431 2300 prodesse,
2473 2228 2575 2282 nisi
2604 2227 2748 2282 solas
2789 2233 2974 2296 turpes
3021 2226 3205 2281 ruinas
3230 2225 3538 2291 ostendere,
3571 2227 3740 2281 licen-

2151 2323 2281 2376 tiam
2310 2321 2466 2376 vobis
2493 2333 2680 2375 eorum
2709 2321 2762 2372 in
2793 2333 2920 2372 usus
2947 2317 3209 2372 duntaxat
3236 2317 3479 2386 publicos
3509 2316 3733 2380 damus;

2150 2423 2212 2470 ut
2238 2415 2293 2469 in
2321 2427 2600 2469 murorum
2628 2410 2817 2466 faciem
2839 2418 3043 2480 surgat,
3078 2409 3224 2480 quod
3264 2425 3371 2464 non
3402 2417 3584 2479 potest
3607 2394 3739 2480 pro-

2151 2506 2328 2574 desse,
2357 2505 2404 2561 si
2428 2503 2623 2573 jaceat.
2656 2503 2917 2570 Quocirca
2941 2502 3182 2572 perﬁcite
3220 2502 3556 2558 conﬁdenter
3583 2503 3740 2572 quid-

2151 2600 2281 2670 quid
2309 2597 2489 2654 cautio
2527 2595 2592 2652 ad
2637 2596 2934 2660 munimen,
2967 2595 3226 2666 quidquid
3271 2605 3494 2650 ornatus
3533 2596 3742 2665 expetit

2152 2689 2220 2744 ad
2245 2689 2497 2744 decorem
2523 2705 2537 2740 :
2569 2693 2777 2741 tantum
2804 2687 2960 2743 nobis
2983 2686 3169 2742 scituri
3191 2693 3402 2755 gratum
3433 2685 3569 2752 fore,
3594 2686 3741 2756 quod

2151 2781 2344 2850 facitis,
2392 2787 2652 2850 quantum
2696 2779 2892 2835 exinde
2942 2779 3113 2850 gratia
3161 2794 3221 2836 se
3255 2787 3450 2834 vestrae
3504 2779 3742 2837 civitatis

2152 2873 2424 2929 extulerit.

2516 3045 2532 3052 ,
2738 2983 3066 3042 EPISTOLA
3109 2985 3170 3040 L.

2331 3094 2755 3136 PBOVINCIALIBUS
2791 3094 2992 3134 NORICIS
3032 3092 3393 3132 THEODORICUS
3430 3094 3556 3133 REX.

2078 3160 2127 3226 C
2156 3175 2400 3231 Decernit
2425 3183 2480 3227 ut
2509 3175 2915 3228 Alemannorum
2950 3173 3094 3228 boves
3125 3171 3323 3242 itineris
3363 3172 3740 3242 longinquitate

2230 3248 2335 3318 56
2377 3255 2427 3300 et
2474 3244 2648 3299 labore
2691 3245 2864 3310 fracti,
2899 3242 3213 3298 Noricorum
3263 3240 3469 3296 boribus
3513 3240 3738 3297 commu-

2226 3326 2416 3371 tentur.

2225 3406 2390 3462 Grate
2414 3404 2754 3475 suscipienda
2809 3413 2892 3460 est
2919 3404 3221 3468 ordinatio,
3255 3419 3374 3474 quae
3415 3405 3632 3460 dantem
3654 3406 3739 3474 ju-

2155 3511 2264 3568 vat,
2296 3509 2352 3557 et
2373 3501 2724 3571 accipientem
2751 3515 2848 3570 pro
2863 3500 3119 3570 temporis
3137 3500 3462 3555 necessitate
3483 3499 3736 3554 laetiﬁcat.

2155 3595 2286 3650 Nam
2312 3594 2432 3663 quis
2471 3601 2661 3664 putare
2685 3592 2856 3662 possit
2895 3606 3053 3657 onus,
3085 3592 3174 3646 ubi
3215 3591 3388 3660 majus
3417 3600 3659 3646 meretur
3687 3592 3739 3647 iu

2155 3683 2579 3740 commutatione
2601 3680 3010 3751 compendium?
3033 3681 3100 3734 Et
3127 3681 3250 3737 ideo
3271 3682 3622 3751 prmseutibus
3643 3682 3739 3737 dc-

2154 3773 2424 3828 cernimus
2467 3771 2793 3839 constitutis,
2836 3779 2897 3826 ut
2925 3771 3347 3826 Alemannorum
3402 3772 3589 3838 boves,
3641 3773 3738 3844 qui

2155 3862 2409 3919 videntur
2437 3864 2788 3934 pretiosiores
2827 3870 3050 3933 propter
3083 3864 3328 3934 corporis
3362 3865 3741 3933 granditatem,

2153 3955 2250 4011 sed
2293 3954 2501 4010 itineris
2541 3954 2934 4025 longinquitate
2975 3952 3170 4009 defecti
3217 3962 3363 4018 sunt,
3406 3955 3738 4010 commutari

2153 4046 2436 4102 vobiscum
2463 4044 2645 4111 liceat,
2682 4044 2921 4100 minores
2947 4044 3162 4113 quidem
3190 4045 3465 4112 membris,
3496 4045 3591 4100 sed
3621 4046 3740 4102 ido-

2155 4152 2289 4198 neos
2317 4135 2385 4192 ad
2412 4135 2658 4201 labores;
2690 4143 2750 4191 ut
2793 4143 2850 4190 et
2885 4135 3100 4190 illorum
3148 4136 3409 4206 prolectio
3437 4137 3741 4192 sanioribus

2154 4227 2473 4283 animalibus
2512 4225 2818 4296 adjuvetur,
2866 4235 2922 4281 et
2943 4227 3109 4282 vestri
3147 4228 3263 4296 agri
3290 4228 3548 4283 armentis
3574 4241 3740 4297 grau-

2155 4320 2395 4376 dioribus
2424 4319 2780 4375 instruantur.
2829 4318 2907 4373 Ita
2949 4318 3008 4374 ﬁt
3035 4327 3096 4373 ut
3121 4319 3196 4374 illi
3227 4320 3511 4388 acquirant
3537 4319 3742 4374 viribus

2155 4412 2426 4477 robustos,
2449 4425 2549 4466 vos
2591 4409 2764 4466 forma
2805 4411 3161 4480 conspicuos;
3191 4418 3247 4465 et
3274 4410 3420 4480 quod
3449 4424 3574 4465 raro
3601 4409 3742 4466 solet

2082 4541 2132 4601 υ
2155 4514 2454 4570 emergere,
2476 4501 2530 4555 in
2558 4515 2664 4555 una
2692 4501 3024 4556 mercatione
3060 4504 3276 4571 utrique
3313 4499 3604 4556 videamini
3644 4499 3738 4556 de-

2154 4593 2389 4650 siderata
2421 4591 2742 4663 compendia
2769 4592 3095 4663 percepisse.

2711 4725 3043 4784 EPISTULA
3081 4727 3165 4782 LI.

2232 4836 2434 4876 Μυετο
2472 4836 2765 4876 PBEFECTO
2803 4837 3081 4877 PRETORIO
3103 4835 3486 4876 τυεουοιιιουδ
3523 4836 3656 4874 REX.

2151 4913 2344 4968 Scribit
2388 4911 2688 4967 Thomatem
2731 4913 2972 4983 aurigam
3017 4915 3307 4983 frequenter
3336 4914 3389 4966 in
3428 4913 3742 4982 spectaculis

2217 4985 2477 5048 victorem,
2524 4984 2606 5036 cui
2629 4984 2802 5053 justas
2833 5000 3070 5037 annonas
3099 4985 3317 5054 largitus
3357 4985 3543 5052 fuerat,
3589 4999 3741 5036 men-

2123 5097 2156 5124 π.
2223 5063 2370 5108 strua
2394 5055 2636 5124 largitate
2675 5071 2785 5108 esse
2813 5053 3313 5116 solidandumnum
3339 5054 3404 5106 de
3429 5055 3742 5122 spectaculis

2223 5133 2272 5177 et
2303 5124 2516 5193 Augusti
2543 5125 2722 5194 imper.
2757 5124 2894 5177 circa
2926 5126 3038 5196 [use
3059 5125 3304 5195 loquitur.

2223 5215 2491 5280 Quantum
2536 5214 2887 5270 histrionibus
2917 5233 3038 5270 rara
3071 5216 3372 5271 constantia
3425 5217 3742 5273 honestum-

2150 5320 2258 5374 que
2285 5313 2490 5370 votum,
2525 5312 2675 5360 tanto
2724 5306 3011 5375 pretiosior
3037 5317 3140 5373 est,
3178 5321 3301 5360 cum
3341 5306 3394 5360 in
3423 5306 3502 5360 eis
3533 5308 3744 5377 proba-

2150 5394 2273 5451 bilis
2305 5403 2638 5452 monstratur
2673 5395 2918 5452 allectus.
2955 5393 3194 5452 Charum
3223 5406 3307 5452 est
3344 5397 3490 5452 enim
3531 5397 3744 5453 homini

2143 5597 2295 5666 jacit,
2328 5606 2382 5652 et
2400 5614 2736 5668 supervacuo
2764 5600 2950 5656 labore
2993 5600 3239 5668 lassatur,
3272 5611 3333 5657 ut
3358 5602 3610 5660 sufﬁcere
3643 5620 3745 5661 ne-

2152 5670 2387 5724 cessario
2417 5670 2604 5738 possit.
2638 5670 2807 5743 Quem
2837 5672 2891 5726 in
2933 5673 3047 5741 ipsa
3077 5689 3136 5728 re
3166 5673 3436 5743 trepidare
3478 5675 3746 5739 nolueris,

2153 5747 2278 5813 ante
2301 5754 2412 5793 rem
2440 5755 2712 5813 exerceas.
2746 5739 3008 5813 Isocrates
3045 5752 3229 5799 monet
3251 5739 3597 5813 'spoutaneos
3619 5761 3751 5806 esse

2151 5808 2363 5866 labores
2393 5808 2686 5880 adeundus,
2719 5820 2776 5869 ut
2807 5810 3086 5871 ardentius
3113 5808 3464 5887 perferamus.
3491 5813 3666 5874 Fons.
