4004 6194
291 313 402 368 605

1565 314 1917 369 VARIARUM
1963 313 2161 367 LIBER
2201 313 2262 367 lll
2275 355 2286 366 .

3451 310 3555 367 6οῧ

287 421 575 492 reperisse,
606 423 692 477 ubi
720 419 918 491 aliquid
943 437 1002 478 se
1041 422 1305 478 laudabile
1346 438 1452 477 non
1482 432 1762 492 putaverat
1786 423 1859 476 in-
1900 432 1939 481 Α
1974 438 2272 491 temporum
2302 421 2623 492 quadrifaria
2651 423 2912 478 divisione
2951 421 3269 490 funduntur;
3313 423 3558 492 prasinus

289 513 497 568 venire.
527 512 734 568 Dudum
759 512 1022 581 siquidem
1061 512 1308 568 Thomati
1337 513 1559 580 aurigte,
1590 527 1657 566 cx
1682 511 1869 566 Orien-

291 602 366 656 tis
403 602 646 672 partibus
685 601 1023 666 advenienti,
1063 617 1304 657 annonas
1334 601 1674 656 rationabiles
1700 601 1876 655 consi-

292 689 506 745 deratio
549 699 731 744 nostra
763 690 951 756 largita
980 698 1094 754 est,
1127 690 1300 744 donec
1327 690 1442 758 ejus
1470 698 1638 742 artem
1682 689 1875 758 proba-

292 796 476 836 remus
504 789 558 836 et
587 782 844 835 animum.
875 781 982 836 Sed
1020 782 1274 849 quoniam
1319 783 1370 834 in
1421 781 1522 834 hoc
1562 794 1733 847 agnne
1776 780 1879 848 pri-

291 885 497 931 matum
531 878 770 931 noscitur
807 877 1085 940 obtinere,
1127 877 1350 943 ejusque
1388 875 1670 937 voluntas,
1706 873 1874 943 patria

290 965 548 1019 derelicta
569 1004 584 1028 ,
617 966 786 1019 nostri
817 966 976 1020 sedes
1004 965 1183 1020 fovere
1211 965 1409 1030 delegit
1438 964 1677 1032 imperii,
1709 980 1881 1018 mens-

292 1063 416 1107 trua
461 1070 581 1108 eum
617 1054 867 1109 duximus
915 1055 1159 1124 largitate
1201 1053 1531 1107 solidandum
1566 1071 1578 1104 :
1611 1068 1678 1106 ne
1706 1053 1880 1108 adhuc

290 1144 601 1213 ambiguum
624 1143 998 1208 redderemus,
1030 1158 1186 1211 quem
1217 1143 1379 1196 Italiae
1407 1143 1736 1197 dominatum
1765 1143 1876 1197 ele-

289 1232 436 1300 gisse
467 1233 834 1300 cognovimus.
876 1231 926 1286 Is
964 1234 1104 1285 enim
1135 1232 1442 1300 frequenter
1469 1233 1640 1287 victor
1669 1247 1764 1300 per
1794 1232 1878 1287 di—

290 1338 573 1376 versorum
602 1338 694 1378 ora
724 1323 984 1384 volitavit,
1018 1323 1136 1393 plus
1163 1332 1348 1378 vectus
1371 1321 1552 1376 favore
1571 1337 1730 1391 quam
1758 1337 1884 1376 cur-

290 1412 463 1467 ribus.
494 1410 744 1480 Suscepit
784 1422 990 1480 partem
1021 1411 1205 1480 populi
1246 1411 1488 1480 protinus
1534 1411 1839 1466 inclinatam
1861 1451 1876 1478 ,

293 1510 354 1557 et
381 1516 519 1570 quos
550 1501 664 1570 ipse
687 1501 886 1556 fecerat
915 1502 1128 1569 tristes,
1156 1501 1416 1555 laboravit
1442 1502 1634 1556 iterum
1659 1502 1883 1555 reddere

289 1588 556 1641 laetiores:
586 1588 746 1642 modo
766 1588 1056 1656 agitatores
1083 1593 1202 1642 arte‘
1212 1602 1506 1656 superans:
1535 1587 1696 1642 modo
1715 1603 1884 1658 equo-

288 1696 413 1733 rum
442 1680 724 1734 velocitate
754 1680 1137 1734 transcendens
1162 1688 1213 1733 ".
1241 1679 1560 1748 Frequentia
1587 1679 1880 1749 palmarum

1976 515 2170 568 virenti
2216 530 2399 576 verno,
2447 523 2670 569 venetus
2700 514 2894 568 nubila:
2922 514 3112 581 hiemi,
3160 531 3348 570 roseus
3384 517 3558 571 aestati

1975 604 2265 667 ﬂammeaz,
2315 606 2466 660 albus
2512 605 2768 675 pruinoso
2808 614 3065 660 autumno
3092 606 3300 662 dicatus
3339 616 3457 676 est,
3498 616 3560 663 ut

1974 697 2127 765 quasi
2160 713 2257 766 per
2282 697 2564 752 duodecim
2608 697 2756 764 signa
2793 695 3100 764 digrediens
3141 712 3311 752 annus
3354 698 3561 767 integer

1976 785 2298 852 signaretur.
2331 783 2418 839 Sic
2450 784 2680 849 factum,
2710 795 2769 838 nt
2792 795 2995 839 natura:
3024 785 3314 840 ministeria
3342 796 3558 857 specta-

1978 873 2219 928 culorum
2274 873 2567 942 composita
2617 873 2998 940 imaginatione
3049 872 3376 929 luderentur.
3428 875 3559 945 Biga

1979 963 2130 1032 quasi
2161 963 2298 1017 lunte
2322 1004 2336 1028 ,
2385 962 2641 1032 quadriga
2689 962 2820 1018 solis
2863 963 3164 1017 imitatione
3203 971 3415 1034 reperta
3453 974 3554 1021 est.

1979 1052 2114 1121 Equi
2136 1053 2432 1118 desultorii,
2461 1068 2559 1122 per
2585 1069 2722 1122 quos
2749 1053 3064 1110 circensium
3105 1055 3332 1110 ministri
3366 1057 3560 1114 missos

1979 1145 2293 1199 denuntiant
2323 1147 2581 1208 exituros,
2614 1145 2817 1199 luciferi
2849 1147 3222 1214 przecursorias
3248 1147 3561 1204 velocitates

1981 1234 2276 1288 imitantur.
2307 1231 2396 1288 Sic
2425 1233 2618 1288 accidit
2645 1242 2701 1286 ut
2728 1233 2853 1287 dum
2894 1249 2952 1288 se
2998 1235 3178 1289 colere
3220 1245 3362 1289 astra
3401 1244 3559 1304 puta-

1981 1330 2134 1390 rent,
2172 1323 2487 1390 religionem
2525 1337 2678 1376 suam
2711 1323 2912 1377 ludicra
2940 1324 3284 1380 similitudine
3311 1325 3563 1395 profana-

1980 1423 2118 1470 rent.
2150 1413 2282 1468 Alba
2321 1413 2461 1468 linea
2485 1423 2508 1451 ε
2541 1429 2649 1468 non
2683 1414 2842 1482 longe
2880 1416 2948 1469 ab
2990 1415 3144 1470 ostiis
3183 1414 3236 1468 in
3275 1425 3561 1485 utrumque

1981 1505 2221 1575 podium,
2251 1504 2402 1572 quasi
2421 1503 2604 1572 regula
2631 1503 2855 1570 directa,
2889 1505 3203 1575 producitur
3222 1522 3236 1571 ;
3258 1514 3318 1560 ut
3337 1506 3556 1576 quadri-

1983 1596 2062 1664 gis
2091 1593 2574 1664 progredientibus,
2598 1592 2722 1648 inde
2741 1603 3012 1649 certamen
3033 1593 3266 1650 oriretur
3296 1611 3310 1648 :
3341 1610 3409 1649 ne
3433 1595 3560 1650 dum

1981 1699 2196 1754 semper
2219 1699 2451 1754 propere
2489 1693 2753 1739 conantur
2797 1684 3023 1751 elidere,
3064 1685 3341 1755 spectandi
3367 1686 3558 1756 volup-

289 1787 419 1826 eum
460 1771 563 1826 dici
601 1771 828 1826 faciebat
873 1769 1172 1827 maleficum
1202 1770 1250 1836 δ,
1294 1771 1433 1825 inter
1459 1786 1594 1840 quos
1620 1784 1869 1838 magnum
1904 1790 1945 1847 Β
1975 1781 2142 1836 [atem
2170 1771 2479 1828 viderentur
2508 1773 2720 1842 populis
2761 1773 3041 1841 abrogare.
3087 1773 3304 1842 Septem
3339 1774 3494 1829 metis
3536 1772 3556 1814 ί

291 1863 621 1933 praeconium
651 1863 861 1917 videtur
888 1878 1008 1918 esse
1049 1862 1118 1916 ad
1155 1861 1282 1916 talia
1323 1861 1544 1915 erimina
1579 1861 1880 1930 pervenire,

290 1953 531 2008 Necesse
557 1961 641 2010 est
668 1954 809 2008 enim
840 1954 908 2008 ad
949 1953 1367 2028 perversitatem_
1383 1955 1645 2023 magicam
1671 1952 1882 2018 referri,

291 2043 510 2114 quando
552 2044 776 2099 victoria
819 2058 1081 2112 equorum
1125 2045 1331 2099 meritis
1358 2059 1467 2098 non
1495 2051 1673 2114 potest
1713 2042 1881 2113 appli-

293 2138 429 2192 cari.
460 2137 836 2207 Spectaculum
874 2137 1146 2207 expellens
1173 2137 1514 2207 gravissimos
1555 2153 1752 2205 mores,
1794 2138 1880 2192 in-

292 2229 473 2282 vitans
495 2228 790 2282 levissimas
818 2229 1212 2294 contentiones,
1243 2229 1522 2284 evacuatio
1561 2228 1877 2294 honestatis,

291 2313 416 2369 fons
437 2315 669 2384 irrignus
683 2314 1002 2384 jnrgiorum,
1033 2317 1178 2386 quod
1201 2325 1442 2372 vetustas
1461 2317 1672 2388 quidem
1695 2318 1882 2373 habuit

291 2419 542 2472 sacrum,
573 2404 668 2460 sed
707 2407 1041 2461 contentiosa
1089 2408 1377 2478 posteritas
1416 2407 1545 2462 fecit
1582 2423 1703 2464 esse
1742 2407 1882 2462 ludi-

290 2494 467 2549 brium
498 2494 603 2565 [ac.
647 2494 949 2567 lubricum}.
983 2495 1192 2554 Primus
1218 2499 1361 2554 enim
1390 2499 1494 2554 boc
1513 2499 1652 2570 apud
1671 2499 1881 2556 Elidem

291 2585 435 2640 Asiae
480 2587 750 2641 civitatem
802 2587 1100 2644 Enomaus
1155 2589 1324 2645 fertur
1373 2590 1605 2646 edidisse
1663 2607 1677 2644 :
1733 2589 1881 2661 quod

293 2690 481 2748 postea
506 2677 766 2734 Romulus
795 2680 846 2732 in
872 2688 1028 2750 raptu
1055 2680 1395 2748 Sabinarum,
1433 2681 1660 2739 necdum
1688 2680 1881 2738 funda-

293 2770 366 2823 tis
404 2768 661 2832 aedificiis,
703 2768 953 2824 ruraliter
981 2771 1274 2826 ostentavit
1316 2771 1502 2826 Italiae.
1547 2769 1654 2828 Sed
1697 2771 1880 2828 mundi

291 2859 548 2915 dominus
573 2857 641 2915 ad
670 2860 964 2928 potentiam
1000 2876 1150 2916 suam
1181 2877 1316 2932 opus
1358 2863 1654 2931 extollens,
1683 2863 1882 2919 miran-

295 2949 424 3003 dam
449 2950 608 3003 etlam
632 2949 888 3007 Romanis
917 2951 1172 3007 fabricam
1203 2952 1256 3006 in
1285 2953 1477 3008 vallem
1517 2953 1771 3010 Murciam
1799 2964 1881 3010 te-

295 3041 475 3094 tendit
522 3042 828 3110 Augustus;
876 3050 934 3095 ut
974 3043 1231 3098 immensa
1268 3044 1440 3099 moles
1483 3044 1704 3100 firmiter
1742 3060 1880 3116 prae-

292 3131 472 3185 cincta
513 3131 782 3185 montibus
826 3133 1155 3198 contineret,
1202 3133 1293 3187 ubi
1339 3148 1650 3202 magnarum
1698 3151 1874 3190 rerum
1903 3167 1948 3228 ο

296 3218 494 3274 indicia
520 3218 908 3274 clauderentur.
957 3220 1175 3276 Bissena
1223 3221 1422 3290 quippe
1458 3222 1596 3276 ostia
1634 3221 1702 3277 ad
1742 3223 1880 3278 duo—

296 3311 473 3366 decim
520 3314 670 3382 signa
715 3321 1023 3382 posuerunt.
1057 3313 1184 3368 Haec
1221 3315 1286 3368 ab
1327 3315 1582 3369 hermulis
1615 3325 1637 3353 α
1669 3314 1880 3372 funibus

299 3401 553 3458 demissis
579 3403 752 3458 subita
789 3403 1095 3472 azqualitate
1135 3403 1439 3472 panduntur
1471 3421 1483 3457 :
1516 3404 1770 3459 docentes
1800 3413 1882 3459 to-

303 3500 416 3548 tnm
446 3491 574 3548 illic.
609 3499 669 3546 ut
713 3491 1017 3560 putabatur,
1049 3491 1273 3546 consilio
1302 3490 1434 3559 geri,
1465 3491 1554 3546 ubi
1581 3492 1755 3560 imago
1792 3508 1882 3548 ca-

303 3582 430 3654 pitis
456 3579 484 3620 ά
515 3582 852 3653 cognoscitur
881 3583 1112 3652 operari.
1159 3581 1382 3638 Colores
1421 3592 1601 3636 autem
1627 3582 1680 3636 in
1715 3583 1882 3639 vicem

380 3749 405 3778 ι
433 3739 674 3808 Aurigae,
704 3747 764 3793 ut
802 3739 1090 3794 celeriores
1117 3754 1285 3808 equos
1311 3738 1633 3804 redderent,
1664 3740 1886 3807 magicis

303 3811 509 3864 artibus
523 3811 831 3880 utebantur,
859 3817 916 3864 ut
939 3808 1188 3879 colligere
1206 3818 1291 3880 est
1310 3825 1376 3863 ex
1406 3808 1752 3880 Hieronymo,
1792 3808 1886 3863 lli-

303 3880 474 4004 gat-io,
505 3877 739 3934 Arnobio
767 3879 860 3934 lib.
911 3895 960 3942 ι,
1005 3877 1154 3934 ρι’θι
1204 3878 1240 3932 ι.
1283 3895 1365 3944 ιι,
1396 3894 1518 3948 cap.
1556 3877 1623 3934 de
1659 3881 1881 3950 male/ie.

342 3965 502 4003 caer.

342 3965 502 4003 URET.

380 4017 408 4056 δ
441 4017 708 4073 Laudatur
734 4019 819 4074 hic
847 4017 1042 4074 nobilis
1069 4018 1269 4087 auriga,
1293 4016 1436 4086 quod
1475 4018 1636 4074 modo
1663 4018 1890 4086 agitato-

304 4103 395 4144 res
415 4097 528 4158 arte
551 4097 847 4158 superaret,
869 4097 924 4142 et
943 4087 1106 4143 modo
1127 4102 1386 4158 equorum
1405 4088 1692 4158 velocitate
1715 4097 1890 4143 trans-

305 4157 565 4240 cenderet
599 4155 630 4211 z‘
647 4174 757 4240 quo
796 4155 917 4213 leco
945 4155 1237 4240 notandum
1267 4165 1351 4240 est
1377 4155 1599 4240 mirifice
1625 4158 1890 4240 placuisse

304 4227 364 4298 i_n
393 4227 710 4298 spectaculis
746 4242 1003 4298 equorum
1042 4227 1568 4298 celeritatem,_adeo
1611 4236 1670 4282 ut
1709 4235 1893 4298 narret

303 4295 641 4368 Capitolinus
675 4295 1296 4368 Verum‘imperatorem
1335 4295 1539 4368 volucri
1580 4310 1720 4368 equo
1759 4295 1892 4368 Praf

305 4364 428 4421 sino
472 4381 690 4421 aureum
745 4364 1088 4424 simulacrum
1134 4365 1359 4431 fecisse;
1409 4364 1699 4436 quinetiam
1741 4367 1893 4436 multi

305 4451 375 4491 ex
403 4436 752 4504 agitatoribus
781 4436 1206 4491 adversariorum
1236 4451 1404 4504 equos
1427 4435 1768 4490 dacmoniaeis
1795 4435 1894 4489 im-

305 4505 701 4575 precationibus
721 4506 1100 4575 impediebant,
1123 4515 1181 4559 ut
1202 4521 1328 4575 suos
1356 4505 1421 4558 ad
1449 4520 1662 4560 cursum
1685 4504 1890 4575 facilius

306 4573 665 4646 impellerent.
709 4573 919 4646 Optime
943 4575 1212 4646 Arnobius
1254 4573 1336 4646 de_
1366 4589 1642 4646 magorum
1687 4574 1890 4646 artibus

304 4643 535 4713 loquens
569 4661 586 4697 :
615 4643 909 4710 Quis'enim
939 4645 1036 4700 hos
1070 4645 1273 4699 nesciat
1312 4643 1456 4698 famil
1478 4645 1647 4698 arium
1685 4643 1889 4698 dirum-

304 4729 440 4784 pere
465 4713 770 4782 cbaritates,
801 4723 894 4770 aut
910 4715 1025 4769 sine
1053 4714 1290 4768 clavibus
1311 4728 1688 4784 reserarequae
1709 4713 1890 4768 clausa

304 4783 454 4846 Sunt,
485 4793 577 4837 aut
605 4800 698 4839 ora
728 4785 940 4839 silentio
971 4785 1188 4847 vincire,
1221 4792 1313 4838 aut
1340 4784 1392 4838 in
1422 4783 1699 4838 curriculis
1723 4797 1891 4851 equos

297 4853 608 4920 debilitare,
632 4854 874 4917 incitare,
907 4855 1135 4909 tardare.
1177 4853 1254 4908 Ac
1285 4852 1594 4908 Ammianus
1621 4852 1890 4907 Marcelli-

304 4938 411 4993 nus
458 4923 642 4978 scribit
677 4924 1038 4993 Apronianum
1085 4924 1389 4993 praelectum
1441 4921 1629 4990 Urbis,
1676 4921 1891 4993 capitali

304 4991 772 5047 animadversione
819 4991 1100 5049 damnasse
1128 4991 1385 5046 Hilarium
1427 4993 1666 5060 aurigam
1706 4991 1891 5046 convi-

303 5071 453 5115 ctum
483 5076 545 5115 ac
563 5062 882 5127 confessum,
907 5062 1118 5117 vixdum
1147 5063 1522 5131 pubescentem
1547 5060 1708 5115 lilium
1733 5075 1889 5116 suum

303 5131 554 5184 venefico
583 5133 862 5187 tradidisse
881 5132 1093 5187 docenti
1116 5132 1306 5185 artium
1331 5133 1652 5186 nefariarum
1679 5139 1890 5186 secreta

303 5201 518 5268 legibus
549 5201 847 5266 interdicta,
882 5210 940 5256 ut
967 5203 1112 5257 nullo
1137 5200 1354 5256 conscio
1381 5199 1714 5258 adminiculis
1737 5199 1890 5269 juva-

304 5279 464 5326 retnr
487 5271 727 5326 internis.
757 5271 943 5326 Bnoss.
1564 5313 1575 5324 .

304 5408 336 5466 J
385 5338 586 5463 GEVide
611 5338 829 5412 Josepb.
873 5340 1124 5410 Scaliger.
1157 5339 1305 5396 Lect.
1345 5339 1586 5395 Ausonii.
1643 5354 1764 5409 cap.
1799 5336 1886 5392 14.

343 5425 410 5465 ua
451 5425 505 5463 τ.

343 5424 505 5465 URET.

379 5480 406 5518 ἀ
441 5479 703 5549 Lorippus
746 5479 836 5535 lib.
869 5498 884 5535 ι
915 5482 980 5536 de
1015 5481 1210 5535 laudib.
1246 5478 1484 5549 iustitiae,
1517 5492 1652 5549 pag.
1687 5477 1787 5541 75;
1833 5485 1889 5531 et

305 5552 544 5607 Isidorus
569 5547 864 5621 E’tyinolog.
896 5551 986 5606 lib.
1019 5567 1143 5621 xvtu
1166 5589 1182 5614 ,
1205 5547 1323 5620 cap.
1353 5549 1418 5603 de
1444 5547 1696 5621 coloribus
1731 5563 1888 5621 equo-

307 5638 455 5685 rum;
481 5630 542 5690 et
583 5616 704 5690 cap.
747 5616 1324 5690 de'desulloribusi;ret
1369 5634 1487 5690 cap.
1538 5619 1601 5672 de
1644 5616 1884 5690 obelisco.

307 5689 444 5821 :ide
473 5684 790 5746 Suetonium
829 5706 945 5763 cap.
977 5691 1036 5758 7;
1080 5699 1136 5747 et
1156 5689 1399 5744 Plinium
1421 5684 1514 5748 lib.
1545 5703 1620 5754 ιχ,
1648 5688 1803 5757 epist.
1833 5684 1886 5740 6.

346 5777 506 5820 cur.

346 5777 506 5820 τιδι’.

1917 4537 1969 4598 D

1985 1872 2257 1919 certamen
2283 1879 2445 1918 omne
2485 1864 2777 1933 peragitur,
2827 1864 2882 1918 in
2928 1864 3324 1920 similitudinem
3353 1865 3560 1921 hebdo-

1981 1953 2150 2008 madis
2177 1954 2490 2023 reciprocaa.
2514 1953 2647 2022 Ipsa:
2671 1968 2798 2008 vero
2818 1962 2975 2007 meta:
2993 1954 3285 2008 secundum
3310 1954 3558 2010 zodiacos

1979 2042 2212 2098 decanos
2239 2053 2421 2099 ternas
2457 2043 2701 2097 obtinent
2737 2045 3098 2110 summitates,
3133 2057 3266 2110 quas
3293 2043 3360 2096 ad
3389 2043 3557 2099 instar

1979 2133 2107 2188 solis
2131 2132 2400 2202 quadriga:
2430 2133 2634 2187 celeres
2660 2139 3037 2201 pervagantur.
3068 2131 3218 2186 Rata:
3246 2130 3480 2187 Orientis
3499 2141 3556 2188 et

1978 2225 2284 2284 Occidentis
2325 2225 2581 2280 terminos
2624 2225 2922 2292 designant.
2956 2224 3185 2294 Euripus
3212 2225 3373 2280 maris
3398 2226 3554 2281 vitrei

1978 2319 2154 2375 reddit
2179 2317 2486 2387 imaginem,
2510 2315 2650 2372 unde
2679 2316 2804 2372 illuc
2829 2315 3062 2385 delphini
3079 2316 3314 2384 aequorei
3336 2326 3360 2364 ε
3387 2331 3555 2385 aquas

1977 2409 2310 2465 interﬂuunt.
2341 2408 2707 2464 Obeliscorum
2735 2421 2950 2478 quoque
2973 2406 3309 2476 prolixitates
3336 2407 3403 2461 ad
3431 2407 3554 2463 cmli

1984 2500 2322 2556 altitudinem
2374 2499 2754 2564 sublevantur;
2799 2497 2892 2553 sed
2941 2497 3120 2567 potior
3157 2496 3286 2562 soli,
3337 2494 3559 2551 inferior

1979 2592 2117 2648 luna:
2151 2591 2358 2647 dicatus
2401 2598 2486 2646 est
2531 2608 2547 2645 :
2594 2589 2685 2646 ubi
2725 2604 2880 2645 sacra
2922 2589 3217 2659 priscorum
3261 2586 3562 2642 Chaldaicis

1978 2683 2161 2753 signis,
2184 2683 2334 2753 quasi
2364 2682 2558 2738 litteris
2585 2681 2906 2736 indicantur.
2928 2678 3092 2750 Spina
3120 2677 3408 2734 infelicium
3436 2691 3564 2747 cap-

1983 2773 2211 2827 tivorum
2253 2781 2457 2827 sortem
2503 2771 2745 2838 designat
2798 2787 2812 2823 :
2859 2768 2950 2824 ubi
2992 2768 3156 2824 duces
3198 2767 3563 2824 Romanorum

1981 2877 2140 2932 supra
2183 2861 2340 2917 dorsa
2383 2861 2620 2916 hostium
2659 2859 3022 2923 ambulantes,
3066 2858 3304 2914 laborum
3345 2873 3564 2914 suorum

1981 2952 2168 3022 gaudia
2196 2958 2568 3022 perceperunt.
2601 2949 2791 3020 Mappa
2816 2947 2842 2985 ιι
2874 2963 3023 3014 vero,
3055 2962 3175 3016 quae
3203 2947 3411 3016 signum
3437 2947 3566 3004 dare

1980 3043 2189 3099 videtur
2225 3042 2582 3106 circensibus,
2621 3041 2712 3095 tali
2749 3055 2874 3095 casu
2905 3038 3058 3093 ﬂuxit
3086 3039 3138 3092 in
3166 3052 3412 3093 morem:
3443 3053 3566 3093 cum

1986 3133 2126 3188 Nero
2153 3132 2432 3203 prandium
2460 3129 2831 3202 protenderet,
2862 3135 2916 3184 et
2940 3127 3301 3192 celeritatem,
3333 3134 3392 3180 ut
3415 3140 3566 3182 asso-

1980 3226 2076 3294 let,
2105 3225 2290 3279 avidus
2317 3222 2589 3294 spectandi
2616 3221 2842 3292 populus
2869 3217 3150 3288 ﬂagitaret,
3181 3217 3270 3273 ille
3295 3231 3562 3287 mappam,

1979 3329 2084 3383 qua
2124 3311 2394 3384 tergendis
2449 3309 2695 3365 manibus
2743 3307 3010 3374 utebatur,
3061 3305 3220 3374 jussit
3263 3304 3418 3375 abjici
3468 3319 3568 3374 per

1979 3402 2296 3462 fenestram,
2353 3406 2410 3452 ut
2451 3398 2752 3452 libertatem
2816 3395 2970 3449 daret
3019 3392 3327 3448 certaminis
3375 3401 3564 3462 postu-

1983 3491 2074 3556 lati
2105 3491 2257 3564 [alii,
2279 3487 2609 3559 postulandi;
2637 3487 2751 3552 alii,
2773 3483 3060 3555 postulanti
3092 3481 3131 3553 ].
3165 3481 3300 3537 llinc
3341 3488 3568 3536 tractum

1983 3589 2092 3648 est,
2147 3588 2207 3634 ut
2255 3588 2471 3636 ostensa
2521 3591 2715 3648 mappa
2763 3586 2779 3613 ι
2830 3581 2978 3629 certa
3018 3572 3264 3627 videatur
3290 3585 3409 3626 esse
3438 3584 3567 3639 pro-

2057 3743 2081 3771 °
2114 3731 2314 3787 Plinius
2341 3731 2433 3787 lib.
2490 3747 2655 3796 xxxv,
2681 3743 2812 3800 cap.
2845 3727 2940 3792 l7;
2972 3735 3027 3781 et
3065 3725 3268 3780 Seneca
3323 3723 3414 3778 lib.
3448 3739 3562 3800 ιιιχ2

1987 3803 2145 3863 epist.
2187 3802 2308 3857 109.
2337 3801 2532 3857 Junsr.
2562 3792 2766 3855 Albam'
2781 3798 2976 3853 lineam
2999 3801 3159 3850 vocat
3183 3803 3388 3858 auctor,
3424 3792 3568 3863 quod

2043 3872 2245 3927 artialis
2265 3881 2524 3940 cretatam
2560 3884 2808 3940 mappam
2830 3867 3084 3940 nominat.
3117 3863 3248 3940 Yide
3268 3863 3566 3940 Cedrenum

1987 3943 2042 3996 in
2065 3941 2312 3997 Historiae
2333 3932 2666 4004 Compendio
2687 3932 2710 3992 ἐ
2743 3939 2815 3993 ibi
2843 3937 2982 3991 enim
3011 3934 3396 4004 confirmantur
3421 3942 3478 3987 et
3506 3932 3570 3986 il-

1987 4012 2282 4067 lustrantur
2297 4025 2415 4081 qua:
2437 4003 2504 4065 ab
2524 4003 2743 4064 auctore
2763 4007 2830 4062 de
2845 4019 3054 4076 mappae
3077 4003 3283 4073 origine
3301 4003 3565 4058 dicuntur.

1989 4081 2252 4206 Bnysside
2278 4149 2593 4205 Suetonium
2631 4148 2685 4203 in
2707 4144 2929 4201 Claudio
2958 4158 3058 4208 cap
3086 4107 3183 4208 Si;
3214 4148 3271 4197 et
3305 4139 3564 4196 lsidorum

1990 4220 2168 4293 Etym.
2208 4220 2302 4274 lib.
2336 4232 2482 4284 xvm,
2512 4233 2631 4288 cap.
2663 4216 2761 4281 30;
2791 4224 2848 4270 et
2871 4229 2991 4284 cap.
3023 4212 3110 4279 37,
3141 4212 3206 4266 de
3232 4219 3425 4282 septem
3452 4226 3574 4280 spa-

1993 4293 2098 4344 tiis.
2137 4290 2332 4344 Juns'r.

1993 4293 2098 4346 tiis.
2137 4293 2332 4346 Juns'r.

2064 4372 2088 4409 κ
2113 4360 2350 4414 Alciatus
2377 4355 2569 4411 Paren.
2601 4354 2694 4409 lib.
2727 4370 2777 4418 v,
2807 4367 2925 4422 cap.
2956 4351 3043 4404 27.
3069 4349 3262 4422 Ιυιιετ.

2065 4427 2095 4468 h
2119 4428 2366 4500 Mappam
2389 4433 2548 4500 vocat
2565 4417 2888 4500 circensium
2906 4419 3286 4500 spectaculum,
3308 4431 3429 4500 quin
3448 4417 3571 4500 qui-

1994 4499 2119 4555 dem
2141 4485 2460 4566 vo'x'legitur
2482 4496 2536 4550 in
2564 4485 3021 4566 Novellis_Cr-:ecis
3051 4507 3065 4542 :
3105 4485 3348 4566 meminit
3375 4485 3572 4566 sueto-

1993 4570 2112 4625 nius
2133 4568 2186 4621 in
2209 4557 2446 4635 Augusto
2469 4604 2484 4630 ,
2512 4578 2561 4643 _c.
2595 4561 2690 4626 45,
2736 4561 2822 4616 ubi
2852 4559 3086 4686 loquitur
3115 4557 3184 4614 de
3212 4557 3564 4638 aurigatione,

1993 4639 2170 4686 (lenne
2205 4637 2356 4686 circo
2383 4647 2647 4686 maximo.
2690 4640 2850 4686 atoue
2875 4646 2904 4684 a
2943 4644 3009 4684 eo
3036 4629 3104 4684 de
3130 4643 3286 4686 eauts
3314 4635 3564 4683 certanti-

1991 4639 2170 4708 deque
2205 4629 2356 4708 circo
2383 4635 2647 4708 maximo,
2690 4640 2850 4700 atque
2875 4629 3009 4686 adeo
3036 4629 3104 4684 de
3130 4629 3286 4708 equis
3314 4629 3574 4708 certanti-

1991 4695 2096 4762 bus
2114 4715 2170 4762 et
2198 4695 2640 4776 circensibus,5et'
2656 4695 3060 4776 mappa,_quam_
3074 4695 3416 4776 magistratus
3443 4695 3571 4776 olim

1990 4777 2295 4838 mittebant,
2320 4775 2454 4844 signi
2482 4766 2730 4844 videlicet
2748 4766 3116 4844 dandi—gratia.
3132 4766 3390 4844 Figurate_
3407 4766 3570 4844 etiam

1989 4861 2246 4916 equorum
2283 4834 2512 4914 agitatio
2539 4842 2792 4898 circensis
2837 4834 3028 4909 mappa
3069 4851 3166 4962 per
3193 4834 3568 4917 synecdochen

1991 4927 2179 4962 vocata
2208 4925 2291 4962 est
2311 4955 2325 4962 -
2370 4921 2427 4962 et
2464 4914 2535 4962 ita
2562 4927 2670 4962 non
2713 4911 2873 4962 modo
2901 4907 3043 4962 anud
3104 4906 3445 4962 ustimanum,
3476 4903 3568 4956 sed

1991 4903 2180 4971 vdeata
2208 4925 2291 4969 est
2311 4903 2356 4979 ,⁷
2370 4921 2427 4968 et
2463 4914 2535 4982 ita
2562 4927 2670 4967 non
2713 4911 2873 4982 modo
2901 4903 3043 4978 a'p'ud
3069 4903 3445 4982 Iustinianum,
3476 4903 3572 4982 sed

1992 4985 2133 5054 apud
2159 4976 2468 5039 Juvenalem
2493 4981 2670 5054 Satyr.
2691 4980 2758 5036 12
2783 4976 2996 5103 quogue
3020 4976 3298 5044 accipitur,
3327 4987 3449 5028 cum
3471 4976 3568 5035 ait,

1992 5053 2150 5103 ludos
2173 5055 2462 5103 circenses.
2490 5053 2583 5103 aui
2606 5058 2662 5103 et
2689 5050 2866 5103 magni
2930 5047 3021 5103 icti
3046 5053 3191 5103 sunt.
3222 5050 3279 5099 et
3299 5041 3568 5103 Megalenc

1992 5041 2150 5110 lddos
2173 5055 2462 5120 circenses,
2490 5041 2662 5124 qui'et
2689 5041 2866 5118 magni
2894 5041 3021 5103 dicti
3046 5041 3191 5111 sunt,
3222 5050 3279 5099 et
3299 5041 3575 5110 Megalen.

1991 5139 2094 5190 ses,
2119 5124 2438 5192 intelligens,

2175 5233 2370 5283 Interea
2392 5230 2730 5294 Megalesiacae
2749 5223 3025 5290 spectacula
3044 5235 3230 5285 mappa
3242 5235 3274 5284 3—

1992 5347 2048 5394 et
2071 5338 2209 5408 apud
2236 5337 2497 5393 Senecam
2523 5351 2643 5405 cap.
2667 5333 2753 5400 50,
2773 5333 2834 5386 de
2859 5332 2961 5395 ira,
2987 5328 3078 5383 lib.
3110 5341 3191 5394 tu,
3207 5341 3315 5408 quo
3332 5323 3458 5380 loco
3482 5339 3572 5379 ur-

1995 5424 2084 5454 sos
2128 5408 2415 5454 lennemue
2445 5420 2637 5454 manna
2667 5403 2911 5454 nroritat.
2944 5399 3134 5454 Βιιοεε.
3166 5392 3299 5452 Vide
3337 5410 3465 5451 nov.
3505 5393 3572 5450 de

1995 5424 2084 5463 sos
2128 5408 2415 5488 leonesque
2445 5420 2637 5476 mappa
2639 5408 2911 5528 Cproritat.
2945 5408 3134 5455 Bacss.
3171 5408 3299 5452 Viue
3337 5410 3465 5451 nov.
3505 5408 3575 5450 ae

1995 5476 2335 5548 Consulibus.
2364 5473 2620 5548 Gitone};
2685 5488 2776 5548 ωε,
2970 5537 2985 5548 _
3067 5537 3099 5548 _
3211 5542 3222 5548 Δ
3406 5547 3410 5548 ί
3444 5547 3449 5548 γ
3534 5532 3547 5548 _
3619 5545 3621 5548 ι

2074 5545 2087 5582 ί
2123 5545 2177 5600 ld
2199 5546 2357 5616 etiam
2389 5544 2552 5616 refert
2577 5541 2804 5616 Tertull;
2829 5539 2928 5616 lib.
2953 5537 3031 5616 de
3066 5537 3482 5616 Spectacmcap.
3510 5532 3576 5588 de

1997 5632 2222 5670 munere.
2254 5614 2469 5668 Servius
2499 5614 2549 5666 in
2597 5612 2686 5667 lib.
2739 5609 2953 5668 IEneid.
2993 5607 3056 5665 Et
3082 5603 3268 5665 Isidor.
3301 5603 3396 5662 lib.
3425 5615 3575 5671 mu,

1996 5701 2113 5758 cap.
2146 5683 2215 5738 24
2239 5693 2294 5740 et
2322 5700 2442 5756 cap.
2468 5682 2556 5737 41.
2577 5680 2698 5740 Jun.
