3988 6178
423 302 527 362 607

429 415 619 474 missio

1626 295 1673 350 M
1683 334 1696 349 .
1738 290 2017 350 AUREUI
2053 290 2450 347 CASSIODOBI

736 412 1057 467 circensium
1094 407 1418 464 futurorum.
1450 406 1658 474 Circus,
1678 418 1703 445 ἰ
1726 386 2006 463 δόἰτευίιιι
2032 414 2082 468 Α
2109 406 2248 475 Quid
2293 409 2381 464 isti
2432 408 2688 478 facerent,
2718 410 2765 465 si
2807 410 2860 465 in
2890 409 3218 482 Aigyptiacis
3246 408 3488 479 partibus
3515 408 3690 478 possi-

3578 289 3686 343 608

425 509 651 574 dicitur;
683 505 973 569 circenses,
998 502 1159 574 quasi
1181 502 1487 559 circuenses
1509 519 1522 556 :
1546 508 1836 573 propterea
1862 500 2008 572 quod
2108 498 2320 562 derent,
2341 500 2435 554 ubi
2456 499 2555 554 Nili
2586 498 2816 555 fluminis
2834 502 3243 571 superveniente
3262 499 3689 569 diluvio,indicia

427 598 574 670 apud
616 596 993 665 antiquitatem
1039 593 1247 661 rudem,
1304 609 1423 664 qua:
1451 594 1677 650 necdum
1704 592 2010 663 spectacula

428 690 485 745 in
513 695 762 744 ornatum
783 686 1081 741 deduxerat
1101 684 1443 752 fabricarum,
1476 686 1617 740 inter
1639 701 1796 741 enses
1820 694 1875 739 et
1912 683 2011 739 ﬁu-

429 781 574 834 mina
605 778 738 834 locis
766 778 1063 832 virentibus
1089 786 1395 845 agerentur.
1441 776 1553 833 Nec
1581 784 1737 832 vacat
1756 774 1901 845 quod
1930 775 2011 829 vi-

429 871 563 940 ginti
592 879 823 939 quatuor
866 869 1114 924 missibus
1160 867 1188 907 δ
1232 868 1469 924 conditio
1507 869 1665 938 hujus
1707 868 2016 923 certaminis

432 959 737 1030 expeditur,
768 966 828 1012 ut
846 958 953 1012 diei
982 959 1267 1028 noctisque
1309 959 1456 1013 horae
1483 959 1576 1013 tali
1619 974 1846 1013 numero
1869 959 2018 1013 clau-

431 1049 707 1105 derentur.
757 1047 867 1103 Nec
902 1047 1029 1101 illud
1060 1054 1279 1116 putetur
1322 1047 1531 1101 irritum
1577 1047 1724 1117 quod
1754 1056 2016 1102 metarum

433 1140 695 1196 circuitus
729 1152 955 1192 ovorum
990 1136 1355 1192 erectionibus
1401 1136 1773 1205 exprimatur:
1804 1136 2018 1205 quando

437 1240 588 1286 actus
644 1230 779 1300 ipse,
834 1229 1018 1283 multis
1070 1228 1545 1298 superstitionibus
1596 1228 1881 1298 gravidus,
1932 1228 2019 1281 ovi

436 1323 706 1393 exemplo,
724 1321 1030 1391 geniturum
1054 1334 1113 1374 se
1134 1320 1311 1389 aliqua
1340 1317 1641 1390 proﬁtetur.
1674 1318 1742 1373 Et
1771 1319 1893 1373 ideo
1921 1318 2020 1371 da-

432 1424 526 1468 tur
552 1412 796 1480 intelligi,
823 1411 1111 1467 volitantes
1141 1418 1304 1480 atque
1349 1410 1874 1465 inconstantissimos
1902 1409 2024 1465 inde

437 1520 617 1561 mores
659 1504 829 1566 nasci,
860 1517 999 1572 quos
1035 1502 1215 1557 avium
1244 1501 1506 1557 matribus
1535 1508 1874 1572 aptaverunt.
1909 1499 2027 1555 Cte—

440 1604 557 1649 tera
597 1594 727 1649 circi
770 1592 1002 1648 Romani
1040 1592 1261 1662 longum
1299 1599 1384 1647 est
1426 1605 1678 1648 sermone
1717 1590 2024 1657 decurrere,

439 1685 566 1739 dum
587 1683 768 1739 omnia
799 1682 1084 1739 videantur
1117 1682 1186 1737 ad
1225 1698 1416 1738 causas
1456 1681 1694 1752 singulas
1731 1682 2022 1753 pertinere.

2112 587 2296 643 ﬁnium
2317 590 2653 644 vastissimus
2681 603 2872 659 gurges
2900 591 3129 659 abradit,
3152 599 3207 646 ct
3227 590 3514 646 indiscreta
3536 599 3694 645 teme
3746 650 3754 656 ,

2110 678 2272 735 facies
2292 680 2552 745 redditur,
2578 681 2665 735 ubi
2686 681 2865 736 omnia
2894 680 3049 735 limus
3070 690 3253 751 tegere
3280 681 3694 752 comprobatur?

2112 768 2452 840 Quapropter
2474 786 2573 826 nec
2597 779 2723 827 tunc
2744 771 2810 826 ad
2831 787 2978 826 arma
3008 787 3330 827 concurrere
3359 771 3692 840 debuissent,

2114 864 2159 918 si
2188 864 2417 917 excitata
2448 863 2513 917 lis
2535 864 2675 917 nulla
2700 862 3067 919 satisfactione
3093 872 3343 934 superata
3372 864 3694 921 discederet.

2117 951 2234 1008 Hoc
2280 953 2421 1007 enim
2470 969 2565 1023 per
2609 954 2964 1022 geometricas
3008 952 3208 1008 lormas
3247 960 3305 1009 et
3346 955 3699 1022 gromaticam

2122 1055 2147 1085 ο
2172 1045 2504 1115 disciplinam
2542 1045 2615 1099 ita
2643 1045 2927 1113 diligenter
2970 1044 3297 1119 agnoscitur,
3344 1044 3701 1116 quemadmo—

2119 1138 2245 1194 dum
2269 1137 2461 1192 litteris
2489 1138 2663 1192 omnis
2691 1152 2870 1193 sermo
2897 1137 3180 1192 conclusus
3204 1144 3305 1192 est.
3333 1135 3701 1193 Geometriam

2121 1230 2339 1299 quippe,
2380 1235 2440 1283 ut
2466 1234 2549 1283 est
2594 1228 2870 1282 hominum
2918 1240 3086 1295 genus
3128 1227 3287 1283 nimis
3331 1227 3697 1283 acutissimum

2122 1329 2283 1388 atque
2311 1318 2620 1384 sollicitum,
2649 1316 2882 1373 Chaldaei
2912 1318 3142 1388 primum
3188 1318 3457 1373 invenisse
3494 1332 3701 1374 memo-

2123 1418 2347 1466 rantur:
2378 1409 2469 1479 qui
2515 1408 2783 1464 rationem
2830 1408 2998 1478 ipsius
3045 1408 3336 1479 disciplina:
3378 1408 3702 1477 generaliter

2124 1499 2456 1567 colligentes,
2470 1506 2526 1553 et
2552 1497 2604 1552 in
2634 1497 3007 1553 astronomicis
3028 1498 3208 1564 rebus,
3224 1505 3279 1553 et
3300 1499 3351 1553 in
3382 1498 3703 1568 musicis,et

2126 1590 2182 1645 in
2209 1588 2552 1654 mechanicis,
2582 1595 2635 1643 et
2674 1588 2729 1643 in
2757 1588 3143 1655 architectieis,
3175 1597 3231 1643 et
3258 1590 3311 1643 in
3359 1589 3697 1657 medicinam,

2128 1690 2184 1737 et
2208 1680 2277 1736 ad
2300 1690 2469 1735 artem
2516 1679 2835 1749 logisticam,
2868 1679 2952 1734 vel
2993 1678 3253 1750 quidquid
3277 1668 3475 1751 potest
3519 1680 3704 1736 formis

441 1775 558 1830 lloc
603 1782 808 1829 tantum
845 1774 1070 1829 dicimus
1114 1774 1437 1830 omnimodis
1480 1773 1821 1845 stupendum,
1878 1772 2024 1843 quod
2054 1777 2101 1839 Β
2126 1773 2462 1843 generalibus
2487 1772 2770 1837 contineri,
2794 1783 2973 1844 aptam
2997 1787 3117 1830 esse
3146 1772 3471 1840 docuerunt;
3505 1781 3561 1829 ut
3589 1776 3706 1830 sine

442 1867 480 1921 il
506 1866 573 1929 ic,
604 1882 763 1935 supra
795 1875 988 1921 cattera
1029 1866 1363 1936 spectacula,
1390 1866 1572 1921 fervor
1601 1868 1902 1921 animorum
1950 1867 2025 1921 in-
2124 1878 2191 1919 ea
2218 1864 2350 1919 nihil
2378 1864 2571 1919 horum
2598 1863 2767 1935 possit
2789 1863 2858 1919 ad
2888 1864 3215 1934 agnitionem
3234 1866 3563 1921 verissimam
3584 1881 3704 1936 per-

443 1957 690 2011 consulta
718 1958 984 2025 gravitate
1006 1957 1143 2030 [Jun
1167 1959 1303 2029 forte
1321 1956 1605 2029 pravitate]
1628 1959 1868 2027 rapiatur
1898 1957 2024 2026 (γε-
2124 1954 2331 2009 venire.
2377 1952 2527 2007 Hanc
2571 1960 2695 2023 post
2722 1952 2983 2025 Egyptii,
3012 1970 3122 2010 non
3166 1954 3499 2011 dissimiliter
3543 1958 3704 2011 animi

444 2049 509 2104 de
553 2047 707 2119 Cypr.
759 2048 850 2103 lib.
900 2049 964 2103 de
1010 2049 1297 2121 Spectac.).
1348 2049 1560 2104 Transit
1598 2050 1859 2120 prasinus,
1902 2063 2027 2118 pars

444 2140 629 2210 populi
654 2150 875 2205 mmret;
906 2141 1161 2210 praecedit
1182 2151 1428 2209 venetus,
1454 2147 1511 2195 et
1552 2141 1731 2210 potior
1765 2140 1918 2195 turba
1946 2139 2025 2194 ci-

444 2232 626 2287 vitatis
657 2229 911 2300 alﬁigitur
937 2249 951 2285 :
981 2231 1113 2286 nihil
1159 2230 1519 2303 proﬁcientes,
1554 2232 1823 2287 ferventer
1863 2231 2029 2287 insul—

444 2330 590 2389 tant;
634 2323 767 2377 nihil
816 2323 1111 2393 patientes,
1168 2325 1407 2392 graviter
1443 2325 1821 2391 vulnerantur;
1864 2333 1923 2381 et
1965 2324 2032 2380 ad

447 2414 637 2471 inanes
696 2416 1071 2471 contentiones
1122 2416 1201 2472 sic
1245 2417 1608 2482 descenditur,
1667 2427 1919 2487 tanquam
1966 2415 2034 2472 de

448 2517 593 2564 statu
642 2509 993 2577 periclitantis
1052 2510 1239 2578 patria:
1290 2511 1585 2565 laboretur.
1637 2510 1791 2577 Quod
1839 2509 2033 2565 merito

448 2600 691 2655 creditur
717 2600 953 2654 dicatum
980 2614 1281 2654 numerosa:
1312 2600 1698 2670 superstitioni,
1727 2594 1816 2654 ubi
1846 2600 1913 2654 ab
1935 2600 2036 2654 ho-

452 2692 622 2746 uestis
651 2691 887 2745 moribus
924 2691 1001 2745 sic
1040 2700 1257 2746 constat
1287 2692 1483 2746 excidi.
1510 2690 1636 2746 Haec
1663 2707 1761 2745 nos
1794 2690 2036 2746 fovemus

451 2783 776 2838 necessitate
818 2782 1138 2852 populorum
1179 2782 1596 2848 imminentium,
1627 2781 1822 2852 quibus
1850 2789 2034 2835 votum

453 2887 539 2933 est
565 2878 628 2931 ad
657 2878 783 2932 talia
807 2877 1115 2943 convenire,
1141 2877 1267 2932 dum
1305 2878 1661 2945 cogitationes
1689 2878 1859 2933 serias
1887 2877 2037 2933 dele-

452 2976 670 3024 ctantur
695 2967 945 3036 abjicere.
971 2966 1177 3024 Paucos
1205 2968 1351 3023 enim
1374 2968 1477 3040 57
1504 2970 1640 3023 ratio
1677 2969 1842 3040 capit,
1873 2977 1929 3023 et
1958 2984 2039 3023 ra-

454 3074 548 3115 ros
572 3058 862 3129 probabilis
874 3058 1110 3114 oblectat
1126 3059 1371 3124 intentio,
1390 3067 1446 3113 et
1469 3059 1535 3113 ad
1551 3058 1677 3115 illud
1694 3059 1870 3129 potius
1882 3058 2037 3114 turba

2128 2041 2340 2099 fervore
2385 2042 2644 2109 calentes,
2686 2050 2910 2114 propter
2959 2052 3243 2113 augmenta
3292 2043 3545 2114 Nilotica,
3590 2060 3706 2115 qua:

2128 2133 2351 2202 singulis
2379 2133 2534 2191 annis
2560 2133 2742 2189 votiva
2790 2133 3141 2189 inundatione
3180 2134 3472 2204 patiuntur,
3516 2135 3582 2189 ad
3629 2135 3707 2189 di-

2130 2226 2462 2282 mensionem
2510 2234 2666 2280 terra:
2734 2233 2791 2280 et
2835 2226 3229 2296 recuperandas
3276 2225 3474 2281 formas
3526 2224 3709 2279 ﬁnium

2133 2316 2556 2382 transtulerunt;
2589 2321 2648 2369 ut
2688 2313 2843 2370 ﬁeret
2884 2323 3002 2370 arte
3049 2314 3375 2381 distinctum,
3416 2313 3560 2384 quod
3607 2314 3713 2368 liti-

2133 2410 2296 2480 giosae
2341 2407 2640 2464 confusioni
2686 2407 2970 2463 videbatur
3016 2407 3329 2462 obnoxium.
3378 2405 3715 2476 Quapropter

2134 2499 2557 2568 agrimensorem
2595 2497 2995 2569 peritissimum,
3022 2499 3107 2552 cui
3131 2499 3199 2552 ab
3225 2506 3340 2552 arte
3366 2512 3563 2551 nomen
3609 2506 3713 2561 est,

2133 2595 2316 2644 vestra
2340 2587 2685 2643 nihilominus
2716 2587 2969 2642 adhibeat
3000 2587 3344 2657 magnitudo;
3368 2596 3427 2642 ut
3450 2587 3563 2657 jam
3593 2603 3718 2642 om-

2138 2678 2250 2746 nia,
2279 2692 2401 2748 qua:
2440 2676 2720 2732 manifesta
2747 2677 2958 2732 ratione
3003 2676 3254 2732 distincta
3294 2684 3439 2745 sunt,
3482 2692 3581 2747 per
3607 2678 3724 2732 eri-

2136 2770 2321 2827 dentia
2347 2770 2541 2825 debeat
2564 2770 2886 2826 documenta
2914 2778 3236 2825 monstrare.
3262 2768 3394 2823 Nam
3418 2770 3461 2823 si
3486 2768 3592 2824 hoc
3613 2772 3727 2837 egit

2137 2861 2229 2917 illa
2257 2862 2537 2932 disciplina
2563 2861 2839 2926 mirabilis,
2868 2868 2928 2915 ut
2954 2860 3397 2916 indeterminatos
3442 2875 3602 2930 agros
3633 2879 3728 2915 ra-

2143 2956 2290 3012 tione
2317 2962 2466 3012 certa
2491 2955 2863 3025 distingueret,
2880 2962 3083 3024 quanto
3102 2952 3270 3023 magis
3298 2954 3396 3008 iste
3422 2963 3732 3008 monstrare

2143 3046 2303 3103 debet
2328 3047 2530 3111 omnia,
2557 3061 2676 3115 quae
2700 3046 2811 3114 jam
2840 3047 3136 3116 probantur
3178 3044 3286 3100 suis
3317 3044 3506 3098 ﬁnibus
3536 3046 3733 3098 termi-

457 3152 690 3218 dueitur,
713 3150 857 3220 quod
902 3152 969 3205 ad
998 3166 1250 3206 curarum
1298 3151 1669 3206 remissionem
1700 3159 1913 3206 constat
1953 3151 2038 3204 in-

2144 3138 2308 3191 nata?
2335 3135 2557 3204 Augusti
2587 3134 2856 3205 siquidem
2898 3133 3231 3205 temporibus
3274 3133 3421 3189 orbis
3447 3133 3737 3207 Romanus

459 3255 702 3301 ventum.
727 3243 859 3297 Nam
890 3242 1145 3312 quidquid
1168 3243 1399 3298 aestimat
1421 3243 1829 3315 voluptuosum,
1860 3243 1965 3297 hoc
1990 3251 2047 3297 et

464 3336 534 3391 ad
580 3333 966 3391 beatitudinem
1034 3344 1335 3405 temporum
1380 3335 1585 3406 judicat
1642 3335 2040 3406 applicandum.

461 3427 805 3496 Quapropter
832 3426 1119 3495 largiamur
1144 3436 1429 3495 expensas,
1478 3440 1585 3480 non
1632 3439 1846 3495 semper
1872 3439 1939 3479 ex
1962 3422 2049 3493 ju-

467 3519 610 3574 dicio
638 3518 849 3573 demus.
890 3517 1121 3588 Expedit
1168 3517 1434 3572 interdum
1464 3516 1733 3587 desipere,
1774 3523 1834 3572 ut
1863 3514 2047 3587 populi

462 3608 727 3681 possimus
754 3608 1057 3665 desiderata
1079 3608 1270 3676 gaudia
1294 3606 1591 3662 continere.

1022 3713 1354 3771 EPISTOLA
1388 3714 1491 3770 ιιι.

609 3825 899 3866 οοηευιλιιι
936 3823 1059 3863 νιιιο
1096 3822 1341 3863 ιιιυετιιι
1380 3820 1744 3862 τηεοοοκιῦυε
1779 3820 1904 3860 REX.

470 3900 747 3971 Prwcipitg
770 3910 826 3954 ut
854 3901 1013 3970 eligat
1067 3900 1492 3971 agrintcnsorem,
1543 3900 1628 3969 qui
1675 3900 2052 3955 contentionem

539 3969 671 4025 inter
715 3969 986 4024 Leontium
1025 3969 1176 4037 atque
1207 3969 1545 4023 Pascltasium
1571 3986 1665 4040 pro
1688 3985 1923 4024 casarum
1953 3980 2053 4024 ter-

542 4040 695 4093 minis
723 4049 890 4093 ortam
920 4040 1019 4091 diri
1026 4046 1149 4091 mut.

540 4131 693 4185 Sicut
721 4130 983 4184 invidiosa
1022 4130 1183 4184 nimis
1229 4129 1683 4202 interpellantium
1712 4134 2056 4202 suggestione

2148 3228 2289 3296 agris
2316 3226 2538 3293 divisus,
2568 3239 2840 3296 censuque
2885 3225 3184 3295 descriptus
3211 3233 3322 3291 est;
3371 3233 3431 3279 ut
3458 3227 3741 3295 possessio

2143 3333 2240 3374 sua
2290 3317 2421 3377 nulli
2469 3317 2759 3372 haberetur
2785 3318 3008 3381 incerta,
3056 3324 3216 3385 quam
3267 3332 3365 3386 pro
3406 3316 3742 3374 tributorum

2147 3417 2462 3481 susceperat
2486 3409 2788 3479 quantitate
2816 3409 3091 3465 solvenda.
3132 3408 3245 3463 Hoc
3280 3416 3469 3464 auctor
3489 3407 3743 3481 Hyrum-

2149 3501 2404 3557 metricus
2433 3500 2641 3569 redegit
2669 3498 2739 3553 ad
2787 3499 2979 3568 dogma
3022 3500 3415 3571 conscriptum;
3462 3508 3745 3570 quatenus

2091 3660 2106 3669 ο
2147 3592 2417 3649 studiosus
2464 3590 2692 3659 legendo
2738 3591 2906 3660 possit
2950 3604 3260 3659 agnoscere,
3309 3591 3454 3660 quod
3507 3591 3743 3647 deberet

2151 3685 2320 3740 oculis
2366 3683 2611 3739 absolute
2646 3690 2968 3737 monstrare.
3001 3682 3230 3738 Videant
3270 3682 3401 3739 artis
3445 3683 3612 3752 hujus
3643 3699 3742 3753 pe-

2150 3775 2259 3840 riti,
2290 3773 2418 3845 quid
2447 3773 2514 3829 de
2542 3773 2671 3843 ipsis
2694 3773 2907 3844 publica
2932 3774 3096 3829 sentit
3123 3774 3437 3829 auctoritas.
3482 3773 3623 3828 Nam
3651 3775 3738 3831 di-

2151 3866 2387 3937 sciplina:
2414 3864 2536 3930 illac,
2569 3872 2686 3921 toto
2712 3865 2846 3921 orbe
2874 3864 3177 3929 celebratae,
3210 3879 3318 3921 non
3347 3865 3552 3921 habent
3591 3866 3735 3923 hunc

2152 3956 2433 4013 honorem.
2460 3954 2863 4010 Arithmeticam
2891 3955 3045 4023 dicis,
3071 3955 3351 4011 auditoriis
3387 3964 3563 4011 vacat.
3594 3955 3736 4012 Geo.

2153 4046 2363 4114 metria,
2390 4060 2513 4101 cum
2542 4052 2748 4100 tantum
2788 4045 2857 4101 de
2884 4044 3192 4103 ccelestihus
3236 4046 3492 4116 disputat,
3525 4055 3733 4102 tantum

2153 4137 2406 4194 studiosis
2431 4135 2732 4207 exponitur.
2766 4135 3104 4191 Astronomia
3133 4143 3190 4190 et
3229 4135 3429 4190 musica
3454 4135 3737 4191 discuntur

471 4220 851 4290 comperimus,
885 4219 1027 4273 inter
1050 4217 1335 4274 Leontium
1364 4228 1525 4290 atque
1553 4218 1899 4277 Paschasium
1927 4237 2054 4293 spe-
2156 4226 2223 4282 ad
2250 4226 2529 4283 scientiam
2550 4225 2750 4292 solam;
2782 4223 3128 4294 agrimensori
3153 4239 3279 4280 vero
3307 4222 3490 4279 ﬁnium
3519 4225 3587 4280 lis
3615 4235 3735 4282 orta

471 4311 699 4367 ctabiles
726 4310 871 4365 viros
900 4309 1072 4366 linalis
1119 4318 1236 4366 orta
1278 4310 1553 4365 contentio
1581 4317 1685 4377 est,
1739 4310 1811 4365 ita
1859 4320 1920 4366 ut
1946 4321 2057 4368 ter-
2157 4315 2530 4383 committitur,
2561 4324 2621 4370 ut
2658 4316 3066 4373 contentionum
3107 4315 3431 4386 protervitas
3459 4316 3737 4372 abscinda-

472 4402 647 4457 minos
670 4418 915 4457 casarum
943 4417 1159 4456 suarum
1193 4416 1302 4456 non
1342 4400 1569 4471 legibus,
1595 4401 1688 4458 sed
1712 4403 1913 4459 viribus
1940 4419 2058 4460 cre-
2158 4417 2265 4464 tur.
2295 4407 2468 4464 iudex
2490 4417 2571 4465 est
2597 4408 2776 4476 itaque
2799 4408 2929 4461 artis
2950 4423 3080 4475 sum,
3103 4407 3277 4462 torum
3300 4408 3466 4477 ipsius
3491 4409 3607 4478 agri
3634 4408 3733 4464 de-

472 4491 663 4547 derent
686 4492 1057 4549 vindicandos.
1094 4490 1242 4547 Unde
1263 4491 1521 4546 miramur
1543 4500 1688 4547 tanta
1717 4494 2058 4551 animositate
2088 4516 2134 4574 D
2158 4499 2287 4553 serti
2316 4506 2442 4554 sunt
2485 4514 2499 4552 :
2541 4498 2649 4568 53
2689 4497 2980 4551 fanaticum
3027 4496 3219 4560 credis,
3268 4512 3428 4568 quem
3478 4498 3736 4555 tortuosis

476 4578 640 4637 luisse
668 4582 948 4650 litigatum,
979 4581 1121 4651 quod
1150 4589 1242 4636 aut
1272 4580 1512 4636 terminis
1533 4581 1773 4646 testibus,
1807 4589 1897 4636 aut
1914 4582 2056 4653 jugis

476 4670 762 4740 montium,
784 4679 876 4725 aut
903 4669 1180 4726 fluminum
1203 4670 1353 4740 ripis,
1384 4678 1475 4725 aut
1495 4671 1756 4727 arcaturis
1782 4682 2057 4730 construc—

478 4761 549 4818 tis
568 4761 791 4831 aliisque
818 4762 983 4833 signis
1007 4760 1342 4818 evident.bus
1370 4769 1581 4817 constat
1615 4775 1734 4817 esse
1760 4761 2055 4819 deﬁnitum.

551 4998 577 5028 ο
604 4986 792 5043 Circus
821 4988 971 5043 locus
1016 4994 1136 5041 erat
1179 4985 1439 5055 publicus,
1471 4986 1600 5040 ὀποῦ
1623 4985 1859 5053 μάλιστα,
1894 4994 1953 5039 ut
1979 4994 2060 5037 est

480 5059 621 5128 apud
650 5057 1013 5128 Herodianum
1045 5056 1135 5110 lib.
1167 5054 1217 5128 in
1263 5054 1423 5128 Hist,
1453 5058 1509 5109 τὸ
1532 5056 1717 5115 πλῆθος
1757 5058 1925 5128 συνςᾲν
1944 5125 1957 5128 _
1978 5058 2059 5108 ἐκ-

480 5124 762 5196 κὶησίαζει,
801 5127 852 5181 in
883 5141 990 5196 quo
1018 5126 1248 5195 populus
1276 5124 1429 5180 ludos
1449 5132 1698 5194 spectans
1724 5125 2053 5180 considebat.

483 5196 665 5267 Virgil.
697 5195 791 5253 lib.
829 5212 861 5251 v
882 5195 1100 5252 IEneid.
1136 5213 1148 5248 :

855 5288 1154 5350 ...\lediaque
1179 5287 1229 5335 in
1251 5284 1374 5334 valle
1400 5284 1581 5334 theatri

669 5350 836 5402 Circus
856 5358 980 5400 erat.

486 5428 723 5485 Fuenunt
748 5439 927 5485 autem
965 5437 1074 5484 tres
1118 5426 1245 5483 circi
1295 5425 1499 5480 Roma}.
1556 5421 1740 5479 Circus
1792 5426 2057 5485 maximus

490 5500 628 5555 inter
657 5499 917 5553 Palatium
947 5508 1002 5556 et
1027 5497 1381 5567 Aventinum;
1406 5494 1597 5567 circus
1623 5493 1934 5567 Flaminius,
1971 5498 2063 5567 qui

489 5578 544 5624 et
571 5569 911 5639 Apollinaris,
945 5578 999 5626 et
1018 5569 1195 5639 circus
1219 5565 1446 5620 Neronis
1476 5565 1526 5619 in
1557 5565 1833 5639 Vaticano.
1876 5565 2059 5639 Bnoss.

563 5639 589 5678 ιι
620 5636 834 5706 Missus,
879 5655 959 5693 us.
1017 5637 1147 5690 Erat
1192 5650 1379 5706 cursus
1425 5642 1629 5706 septem
1666 5636 2062 5706 cuniculorum

490 5709 745 5763 solemnis
773 5704 1047 5762 confectus
1095 5713 1163 5762 ab
1191 5704 1559 5772 agitatoribgus,
1583 5704 1635 5757 in
1663 5704 1787 5756 ludo
1815 5707 2059 5760 circensi.

493 5774 704 5851 Onupb.
733 5774 957 5832 Panuin.
989 5804 1059 5816 —
1083 5769 1327 5829 Missibus
1354 5788 1423 5828 ex
1441 5769 1507 5827 ν.
1538 5771 1599 5827 C.
1633 5774 1912 5843 legendum
1962 5787 2059 5831 est.

2157 4589 2362 4645 semitis
2390 4587 2666 4642 ambulare
2701 4586 3069 4656 conspexeris.
3095 4586 3295 4642 Indicia
3337 4586 3606 4656 siquidem
3651 4602 3735 4642 re-

2158 4698 2275 4740 rum
2323 4683 2463 4737 inter
2490 4681 2651 4736 silvas
2677 4694 2899 4749 asperas
2934 4687 2991 4735 et
3037 4679 3253 4735 dumeta
3300 4679 3585 4749 perquirit,
3631 4695 3735 4735 non

2157 4771 2394 4827 ambulat
2416 4769 2537 4839 jure
2562 4769 2851 4833 communi,
2876 4769 2959 4824 via
2991 4769 3065 4824 illi
3087 4777 3169 4824 est
3208 4784 3303 4824 sua
3331 4763 3512 4835 lectio,
3544 4781 3736 4827 osten-

2158 4994 2246 5048 Sic
2267 4991 2621 5048 Cassiodorus
2644 4993 2696 5046 in
2725 4989 2993 5047 Chronico
3018 4992 3117 5045 sub
3162 4990 3296 5045 Phili

2160 5064 2282 5117 1E":
2308 5063 2449 5117 liano
2472 5062 2785 5132 etAquilino
2807 5076 2983 5126 cons.,
3008 5060 3178 5116 Varro
3208 5060 3277 5115 de

2160 5149 2195 5184 ι.
2219 5149 2336 5184 ean.
2366 5131 2421 5184 ‘2.
2451 5129 2570 5184 Jun.

2157 5149 2195 5200 ι’
2219 5131 2421 5256 (ἲῗθὲί
2446 5131 2709 5256 gaiones
2727 5215 2888 5269 quam
2932 5200 3283 5269 manuscripti
3310 5198 3513 5254 habent
3557 5214 3745 5268 gram-

2159 5270 2538 5334 maticam,sed
2567 5286 2721 5326 error
2746 5280 2862 5337 est;
2894 5271 3177 5339 legendum
3197 5271 3339 5339 enim
3362 5273 3740 5338 gromaticam,

2159 5358 2268 5412 quo
2297 5341 2513 5412 nomine
2553 5340 2824 5412 inscripsit
2853 5338 3012 5412 _olimg
3039 5341 3232 5395 librum
3281 5338 3540 5412 Hyginus,
3573 5348 3747 5412 utte-

2160 5408 2333 5469 stattir
2358 5408 2739 5465 Volaterranus
2779 5408 2944 5465 Urba.
2974 5410 3278 5465 Comment.
3323 5411 3413 5463 lib.
3448 5424 3534 5462 xvr
3567 5419 3624 5462 et
3645 5408 3745 5463 lib.

2159 5499 2287 5537 xxx.
2316 5480 2408 5534 Est
2433 5487 2613 5549 autem
2639 5495 2741 5534 vox
2762 5481 2981 5549 propria
3002 5481 3445 5549 agrimensorum.
3476 5477 3613 5549 Vide
3640 5479 3752 5532 Nec

2162 5553 2306 5606 nium
2338 5548 2642 5604 Marcellum
2672 5550 2724 5603 in
2747 5546 2914 5604 verbo
2937 5546 3157 5604 Granius
3196 5557 3249 5602 et
3279 5547 3505 5602 Cmmm.
3539 5546 3745 5605 Juner.

2164 5621 2310 5676 lianc
2357 5620 2641 5675 lectionem
2674 5619 2977 5675 emendavit
3019 5620 3180 5673 etiam
3227 5618 3445 5673 Vossius
3496 5618 3563 5673 de
3618 5620 3754 5671 Arte

2161 5691 2399 5747 Gramm.
2433 5703 2551 5759 pag.
2578 5689 2629 5743 3.

3337 5004 3407 5059 po
3454 4989 3523 5043 Ἡ
3576 4993 3736 5059 imp.,

3351 5075 3383 5115 e
3406 5061 3610 5115 rustica
3640 5061 3738 5117 lib.
