3988 6178
234 323 336 380 609

1481 321 1839 378 VARIARUM
1882 321 2081 377 LIBER
2120 323 2181 377 IV
2196 364 2209 378 .

232 436 305 490 dit
335 436 482 503 quod
524 435 673 497 dicit,
725 437 918 505 probat
968 438 1109 506 quod
1139 437 1347 499 didicit,
1396 436 1665 505 gressibus
1704 435 1816 488 suis
1845 444 1891 498 Α
1921 451 2039 489 rum
2089 437 2317 494 volitare
2364 440 2766 509 spissitudinem
2834 444 3217 512 conspexerint
3281 447 3502 501 omnino

231 526 656 581 wncertantium
684 525 803 593 jura
828 526 1113 592 discernit;
1138 536 1193 581 et
1220 541 1372 581 more
1394 524 1679 581 vastissimi
1712 522 1813 577 ilu-

235 619 388 672 minis
418 617 470 684 α,
492 617 614 671 aliis
652 618 825 686 spatia
846 618 1004 683 tollit,
1052 618 1171 673 aliis
1199 633 1324 672 rura
1367 616 1630 672 concedit.
1668 617 1814 681 Qua-

235 716 455 778 propter
482 708 809 762 auctoritate
830 717 1013 765 nostra
1042 707 1260 773 sullulti,
1288 708 1446 763 talem
1471 707 1673 775 eligite,
1699 714 1820 776 post

234 813 390 869 quem
433 806 617 863 partes
644 798 970 853 erubescant
1014 799 1309 869 impudenti
1356 799 1533 854 fronte
1569 799 1816 866 litigare;

233 897 498 958 quatenus
526 904 900 957 possessorum
925 890 1046 959 jura
1066 888 1287 946 confusa
1313 904 1431 945 esse
1448 905 1553 944 non
1565 888 1815 952 debeant,

235 979 426 1047 quibus
455 988 539 1032 est
566 980 930 1035 necessarium
959 980 1117 1036 rebus
1146 980 1378 1051 propriis
1419 979 1674 1035 adbibere
1704 981 1820 1034 cul-

234 1079 429 1123 turam.

782 1180 1112 1236 EPISTOLA
1151 1181 1280 1237 Llll.

234 1283 527 1325 APRONIANO
565 1285 687 1325 νιηο
725 1287 986 1332 ιιιυετιιι,
1029 1287 1212 1327 COMITI
1250 1289 1607 1340 PBIVATARUM,
1650 1289 1819 1327 THEO-

840 1358 1060 1397 DOBICUS
1089 1360 1214 1399 REX.

236 1452 486 1539 Prwcipit
516 1452 653 1507 utsi
700 1454 1005 1535 aquilegem,
1041 1456 1128 1539 qui
1176 1455 1398 1539 Romam
1425 1474 1489 1512 ea:
1515 1454 1697 1539 africa
1733 1473 1820 1509 ve-

298 1531 485 1596 nerat,
525 1525 831 1592 compererit
875 1525 987 1578 esse
1033 1526 1185 1596 hujus
1238 1530 1368 1581 artis
1416 1525 1818 1596 peritissimum,

294 1594 534 1662 inopiam
555 1595 672 1667 ejus
700 1596 1007 1667 necessariis
1036 1594 1260 1650 annonis
1288 1594 1491 1661 relevet,
1516 1599 1661 1667 eique
1693 1598 1820 1667 jun-

307 1671 401 1735 gat
431 1663 815 1728 mecltanicum,
844 1665 929 1734 qui
958 1682 1072 1718 eum
1102 1683 1260 1736 opera
1284 1684 1380 1721 sua
1401 1669 1563 1738 juvet.

1924 542 2249 594 muscarum,
2276 538 2403 583 tunc
2427 532 2747 600 promittunt
2769 532 2873 586 laeti
2896 533 3052 589 facile
3081 536 3223 603 quod
3246 540 3506 607 qumritur

1922 615 2171 670 inveniri.
2205 617 2422 672 Addunt
2442 619 2604 673 etiam
2634 620 2685 674 in
2714 622 2978 677 columna:
3006 626 3240 693 speciem
3266 628 3506 699 conspici

1921 705 2207 772 quemdam
2231 708 2599 764 tenuissimum
2630 709 2853 777 fumum,
2885 712 2975 783 qui
3006 724 3205 783 quanta
3236 716 3397 773 fuerit
3430 720 3506 775 al-

1923 794 2150 850 titudine
2175 806 2455 865 porrectus
2483 800 2549 853 ad
2579 816 2868 864 summum,
2906 810 3055 856 tanto
3100 803 3152 857 in
3183 805 3347 861 imum
3376 808 3505 864 lati-

1921 898 2011 938 ces
2040 884 2207 939 latere
2236 896 2602 956 cognoscunt;
2634 898 2694 943 ut
2719 891 2823 944 hoc
2852 890 2923 945 sit
2952 892 3213 960 mirabile,
3243 898 3387 967 quod
3406 915 3507 968 per

1921 972 2036 1026 haec
2056 973 2265 1041 aliaque
2294 975 2442 1041 signa
2472 975 2683 1032 diversa
2712 994 2960 1034 mensura
3001 981 3219 1037 deﬁnita
3256 987 3505 1055 praedici-

1878 1100 1885 1106 -
1924 1071 2028 1128 tur,
2059 1073 2259 1133 quanta
2286 1065 2647 1134 profunditate
2677 1072 2899 1137 quaesita
2928 1084 3273 1129 monstretur.
3310 1074 3509 1131 Praedi-

1921 1162 2050 1209 ennt
2078 1153 2239 1207 etiam
2260 1170 2482 1223 sapores
2510 1172 2766 1225 aquarum
2798 1158 2848 1228 ἀ,
2865 1169 3042 1218 utnec
3070 1179 3258 1233 aspera
3287 1163 3507 1233 dispen-

1922 1243 2073 1299 diose
2104 1245 2287 1299 labore
2316 1245 2510 1300 debeat
2548 1248 2734 1314 quaeri,
2766 1265 2865 1305 nec
2894 1252 3065 1306 dulcis
3094 1253 3507 1323 necessariaque

1922 1337 2183 1391 inlionorc
2207 1334 2497 1391 contemni.
2526 1337 2673 1393 Hanc
2702 1341 2981 1396 scientiam
3015 1345 3362 1412 sequentibus
3390 1345 3499 1412 pulc

1922 1429 2049 1482 chre
2072 1428 2404 1482 tradiderunt
2424 1430 2563 1498 apud
2585 1429 2803 1487 Grmcos
2824 1434 2937 1501 ille,
2957 1435 3097 1504 apud
3123 1433 3341 1489 Latinos
3365 1436 3507 1491 Mar-

1920 1518 2116 1584 celius;
2148 1517 2240 1585 qui
2282 1533 2388 1572 non
2415 1519 2587 1572 solum
2616 1521 2682 1574 de
2721 1522 3085 1579 subterraneis
3132 1523 3363 1589 liuentis,
3409 1524 3506 1580 sed

1921 1609 1989 1664 de
2016 1610 2134 1679 ipso
2163 1624 2379 1678 quoque
2425 1626 2520 1665 ore
2567 1610 2791 1667 fontium
2838 1614 3070 1670 sollicite
3120 1624 3501 1671 tractaverunt.

1920 1698 2116 1753 Dicunt
2159 1700 2302 1754 enim
2345 1715 2514 1771 aquas
2561 1717 2681 1772 qum
2728 1703 2795 1757 ad
2842 1705 3107 1759 orientem
3160 1714 3506 1776 austrumque

300 1774 685 1842 Magnitudinis
710 1782 901 1830 vestrm
929 1776 1195 1832 relatione
1223 1781 1618 1849 comperimus,
1668 1787 1819 1855 aqui—
1854 1817 1893 1874 Β
1922 1799 2305 1861 prorumpunt,
2353 1789 2535 1847 dulces
2574 1803 2735 1861 atque
2770 1795 3079 1863 perspicuas
3126 1810 3264 1858 esse,
3306 1803 3362 1850 et
3408 1774 3506 1864 pro

238 1870 430 1938 legium
454 1867 481 1908 δ
513 1868 741 1943 Romam
768 1869 981 1926 venisse
1017 1871 1086 1926 de
1125 1872 1369 1942 partibus
1408 1873 1691 1944 Africanis,
1727 1880 1817 1939 ubi

240 1975 322 2016 ars
360 1961 475 2031 ipsa
500 1976 599 2031 pro
628 1960 869 2017 locorum
898 1963 1145 2019 siccitate
1183 1978 1380 2034 magno
1403 1968 1583 2024 studio
1605 1984 1819 2041 semper

238 2050 519 2117 excolitur,
545 2053 637 2121 qui
678 2052 842 2107 aridis
880 2053 1015 2110 locis
1053 2068 1220 2123 aquas
1257 2057 1427 2125 possit
1453 2058 1584 2116 dare
1612 2065 1819 2116 venati-

238 2142 310 2198 les
342 2154 398 2208 c;
442 2152 501 2198 ut
544 2144 808 2200 beneﬁcio
845 2159 944 2201 suo
991 2146 1235 2203 habitare
1282 2147 1442 2204 faciat
1486 2150 1605 2206 loca
1651 2153 1817 2213 nimia

238 2237 519 2292 sterilitate
542 2238 762 2293 siccata.
781 2237 896 2296 Hoc
924 2239 1079 2295 nobis
1103 2241 1265 2297 fuisse
1288 2252 1499 2311 gratum
1521 2261 1814 2316 cognosce;

241 2338 505 2397 quatenus
531 2329 791 2385 industria
819 2331 909 2385 illa
939 2332 1201 2401 majorum
1231 2333 1381 2391 libris
1409 2338 1672 2406 exposita,
1719 2354 1818 2393 no-

239 2421 357 2476 stris
387 2423 721 2491 temporibus
750 2422 957 2479 venerit
993 2425 1356 2495 approbanda.
1401 2426 1579 2497 Signis
1620 2429 1819 2499 quippe

238 2514 521 2570 virentium
556 2516 844 2571 herbarum
879 2531 945 2572 ac
970 2518 1300 2587 proceritate
1328 2519 1583 2574 arborum
1623 2520 1820 2575 vicini-

239 2614 396 2662 tatem
440 2607 647 2675 colligit
688 2607 946 2664 decenter
972 2610 1253 2665 undarum.
1288 2610 1469 2666 Terris
1503 2612 1669 2677 enim,
1699 2613 1819 2682 qui-

238 2696 329 2751 bus
346 2696 527 2752 dulcis
551 2697 745 2753 humor
771 2713 880 2754 non
900 2700 1060 2769 longe
1087 2701 1289 2766 subest,
1320 2702 1538 2759 ubertas
1562 2719 1820 2777 quemm-

238 2786 351 2841 dam
378 2790 686 2857 germinum
724 2804 942 2861 semper
966 2793 1198 2860 arridet;
1230 2802 1291 2848 ut
1326 2802 1410 2850 est
1432 2795 1627 2865 juncus
1655 2811 1820 2866 aqua-

238 2879 359 2942 tilis,
400 2895 580 2936 canna
626 2881 781 2951 levis,
826 2883 995 2940 rubus
1013 2885 1246 2952 validus,
1292 2886 1431 2941 salix
1477 2888 1622 2944 lenta
1670 2891 1816 2962 lam.

239 2965 323 3023 Gr.
352 2978 405 3023 et
431 2969 576 3041 Cuj.,
616 2971 780 3043 inata],
813 2974 1043 3045 pupulus
1068 2975 1265 3042 virens,
1311 2985 1366 3031 et
1410 2978 1618 3047 reliqua
1660 2981 1821 3035 arbo-

236 3075 346 3115 rum
394 3076 621 3131 genera,
651 3080 771 3135 quae
807 3072 988 3120 tamen
1022 3066 1159 3120 ultra
1209 3074 1453 3121 naturam
1498 3084 1649 3124 suam
1679 3068 1820 3126 felici

1922 1894 2018 1933 sua
2044 1880 2264 1933 levitate
2292 1880 2670 1937 saluberrimas
2714 1882 2970 1949 inveniri;
3004 1884 3056 1938 in
3083 1885 3506 1956 septentrionem

1920 1986 2050 2026 vero
2076 1980 2237 2040 atque
2265 1971 2606 2026 occidentem
2655 1989 2990 2043 quascunque
3018 1987 3255 2042 manant,
3286 1977 3504 2047 probari

1918 2062 2135 2131 quidem
2173 2062 2330 2118 nimis
2369 2062 2611 2132 frigidas,
2640 2068 2734 2119 sed
2779 2067 3131 2122 crassitudine
3169 2050 3281 2122 sum
3322 2070 3502 2137 gravi-

1920 2154 2045 2208 tatis
2083 2154 2470 2210 incommodas.
2512 2156 2686 2225 Atque
2725 2159 2865 2222 ideo,
2906 2160 2950 2212 si
2982 2160 3172 2213 viderit
3198 2170 3501 2216 memorato

1919 2246 1992 2299 illi
2022 2246 2283 2314 sapientia
2311 2256 2491 2300 vestra
2518 2256 2575 2301 et
2614 2246 2863 2303 codicum
2896 2249 3144 2315 lectione,
3182 2258 3238 2304 et
3274 2265 3373 2304 usu
3409 2266 3502 2305 re-

1919 2352 2039 2391 rum
2065 2351 2185 2406 qua:
2220 2346 2345 2392 sunt
2368 2337 2621 2407 praedicta
2646 2347 2914 2404 constare,
2941 2340 3374 2409 competentibus
3400 2355 3497 2394 an-

1919 2428 2077 2483 nonis
2119 2427 2187 2483 de
2236 2427 2453 2498 publico
2498 2429 2804 2499 deputatis,
2849 2430 3336 2499 peregrinationem
3384 2431 3500 2501 ejus

1920 2519 2266 2590 in0piamque
2293 2521 2559 2575 relevabis
2590 2539 2603 2573 :
2633 2530 2954 2590 accepturus
2975 2522 3269 2588 mercedes,
3296 2522 3382 2577 cui
3411 2538 3500 2576 ar-

1922 2612 1989 2667 tis
2013 2626 2122 2666 suae
2149 2611 2290 2683 dona
2331 2612 2657 2681 praestiterit.
2700 2610 2835 2665 Nam
2863 2613 3109 2680 quamvis
3136 2610 3379 2666 Romana
3423 2611 3500 2666 ci-

1919 2703 2057 2757 vitas
2083 2701 2237 2772 aquis
2264 2700 2499 2756 abundet
2527 2702 2761 2770 irriguis,
2780 2702 2960 2770 sitque
2986 2700 3224 2757 t‘ontibus
3242 2700 3496 2771 gaudens,

1921 2799 1975 2848 et
2003 2791 2297 2847 formarum
2335 2791 2687 2847 inundatione
2729 2792 3011 2858 ditissima,
3051 2793 3391 2861 reperiuntur
3419 2800 3500 2846 ta-

1920 2901 2045 2940 men
2086 2884 2317 2954 plurima
2364 2884 2668 2939 suburbana
2709 2899 2829 2963 quae
2873 2885 3013 2939 hanc
3041 2885 3319 2938 videantur
3355 2883 3498 2937 desi-

1920 2973 2108 3029 derare
2133 2973 2399 3044 peritiam.
2446 2971 2512 3026 Et
2549 2973 2744 3027 merito
2772 2972 3099 3037 continetur,
3142 2972 3234 3041 qui
3265 2972 3352 3026 vel
3397 2985 3498 3040 pro

1921 3072 2074 3135 parte
2105 3064 2437 3119 necessarius
2463 3078 2580 3118 esse
2607 3064 2970 3132 cognoscitur.
3006 3054 3137 3118 lluic
3174 3070 3349 3118 tamen
3382 3078 3496 3117 me-

240 3154 569 3221 proceritate
596 3155 885 3211 luxuriant.
933 3156 1070 3212 Sunt
1111 3166 1168 3213 et
1196 3158 1300 3213 alia
1348 3158 1505 3228 hujus
1530 3160 1661 3214 artis
1689 3161 1821 3216 indi-
1851 3184 1895 3248 ρ
1925 3156 2180 3211 clianicus
2205 3154 2425 3209 omnino
2442 3153 2746 3224 jungendus
2773 3161 2874 3219 est,
2906 3160 2962 3207 ut
2989 3152 3176 3217 undas,
3217 3166 3352 3221 quas
3398 3152 3499 3207 iste

234 3244 333 3311 cia,
360 3261 489 3300 cum
517 3254 680 3301 nocte
708 3246 1029 3302 adveniente
1071 3248 1194 3302 lana
1228 3250 1370 3304 sicca
1400 3249 1454 3303 in
1480 3255 1680 3305 terram
1719 3265 1820 3322 po-

235 3334 373 3389 nitur
389 3337 506 3405 jam
537 3336 829 3406 provisam,
853 3346 908 3393 et
925 3337 1043 3393 rudi
1074 3339 1273 3394 cacabo
1299 3346 1439 3395 tecta
1467 3339 1815 3409 relinquitur:

235 3431 357 3482 tunc
384 3426 434 3481 si
468 3440 624 3495 aqua:
652 3428 965 3497 proximitas
992 3429 1252 3498 arriserit,
1280 3444 1440 3485 mane
1482 3430 1699 3485 humida
1724 3445 1817 3486 re-

236 3519 456 3587 peritur.
490 3517 619 3573 Sole
640 3528 817 3573 autem
839 3520 1114 3576 declarato
1143 3521 1421 3576 intuentur
1447 3521 1611 3576 etiam
1644 3522 1814 3590 magi-

237 3609 327 3663 stri
354 3609 480 3665 loca
521 3609 752 3678 solliciti,
782 3618 838 3665 et
865 3611 952 3666 ubi
999 3625 1161 3681 supra
1189 3619 1383 3666 terram
1426 3611 1814 3667 minutissima-

303 3778 326 3805 ·
360 3768 433 3824 Et
451 3779 642 3852 contra
685 3769 905 3852 bonum
925 3771 1042 3826 vice
1057 3773 1393 3852 censitorum
1432 3769 1745 3840 funguntur,
1776 3771 1814 3831 ι.

237 3837 319 3903 50,
349 3855 506 3908 ergo,
538 3840 759 3907 alluvio,
787 3839 865 3896 De
890 3855 1010 3910 aeq.
1040 3841 1186 3895 dom.
1219 3840 1459 3896 Fonusn.
1532 3837 1550 3840 ’
1730 3837 1738 3840 ⁷

293 3909 332 3991 ξ
362 3907 677 3991 ιρεειιίξυμιι
705 3911 1028 3991 ιιῳιὶιθεσειῃἶ
1052 3909 1328 3965 Vocantur
1344 3911 1498 3991 enim
1531 3909 1819 3991 aquileges

236 3994 265 4032 a
293 3977 504 4035 Seneca
533 3979 721 4035 Natur.
752 3977 940 4050 qumst.
973 3980 1066 4037 lib.
1091 3996 1166 4047 ut,
1190 3995 1313 4050 cap.
1338 3977 1435 4047 i5;
1467 3994 1499 4034 a
1526 3977 1701 4036 Plinio
1722 3980 1817 4035 lib.

238 4064 291 4112 x,
318 4050 480 4120 epist.
514 4049 606 4105 38.
635 4049 758 4107 Jun.

1926 3247 2145 3316 reperit,
2177 3246 2267 3300 ille
2312 3246 2483 3311 levet;
2515 3252 2571 3300 et
2595 3253 2712 3300 arte
2734 3245 2914 3301 subire
2934 3243 3117 3307 faciat,
3134 3243 3279 3314 quod
3307 3259 3497 3299 ascen-

1922 3338 2052 3393 dere
2096 3354 2204 3393 non
2252 3338 2507 3408 prmvalet
2551 3353 2647 3403 per
2684 3346 2953 3392 naturam.
2989 3334 3261 3391 Habentur
3289 3350 3417 3405 ergo
3446 3343 3501 3391 et

1921 3429 2026 3485 iste
2054 3430 2193 3483 inter
2218 3428 2542 3496 reliquarum
2573 3425 2765 3481 artidm
2795 3426 3100 3494 magistros,
3124 3440 3190 3480 ne
3216 3425 3340 3494 quid
3360 3424 3503 3479 desi-

1922 3519 2160 3576 derabile
2200 3526 2418 3588 putetur
2438 3516 2622 3579 fuisse,
2652 3516 2796 3586 quod
2826 3518 2924 3572 sub
2948 3517 3102 3572 nobis
3121 3532 3228 3571 non
3260 3517 3499 3586 potuerit

1925 3612 2167 3667 Romana
2204 3610 2392 3666 civitas
2420 3609 2718 3666 continere.

1996 3779 2019 3808 ο
2049 3768 2233 3852 ldest,
2265 3784 2428 3839 aquas
2466 3769 2680 3838 ﬂuentes
2703 3785 2731 3823 θ
2765 3784 2893 3823 vena
2915 3776 3179 3840 perpetua.
3208 3762 3335 3833 Jun.
3369 3765 3499 3832 Alii,

1920 3841 2347 3977 wzn‘gelgpore
2371 3923 2524 3977 aquae
2544 3907 2847 3977 Victruvius
2873 3907 2964 3962 lib.
2996 3921 3106 3971 vui,
3135 3919 3256 3976 cap.
3287 3903 3363 3977 l_:
3390 3919 3500 3977 quo

1920 3979 1975 4034 in
2005 3978 2120 4043 lib.,
2153 3975 2442 4033 et'Seneca
2489 3977 2581 4031 lib.
2631 3993 2687 4030 Ill
2727 3976 2911 4032 Natur.
2943 3985 3133 4047 quaest.
3165 4018 3180 4043 ,
3228 3975 3503 4047 m_ulta'de

1922 4049 2093 4119 aquis,
2108 4062 2228 4119 quae
2245 4062 2385 4103 nunc
2406 4047 2642 4118 prudens
2662 4047 2875 4113 omitto,
2888 4044 3244 4117 disputantur.
3260 4044 3501 4101 Formas.

1379 4307 1723 4393 LIBER
1797 4311 2402 4422 QUARTUS.

1730 4485 2021 4504 *ιι-

665 4575 775 4647 59
798 4573 1131 4632 EPISTULA
1155 4575 1390 4632 ruma.

235 4681 633 4723 BEBIINAPRIDO
686 4667 836 4740 (mss.
883 4666 1245 4740 nenurmno]
1280 4684 1402 4725 nec:
1445 4683 1819 4726 ruomconuu

772 4753 1134 4793 TBEODORICUS
1163 4754 1289 4793 REX.

234 4827 357 4913 Dat,
372 4831 451 4883 illi
489 4829 544 4883 in
558 4830 959 4913 matrimonium
983 4834 1185 4900 neptem
1212 4845 1380 4913 suam,
1408 4846 1520 4913 quae
1542 4830 1820 4913 laudatur;

305 4910 358 4952 et
385 4901 650 4953 renuntiat
678 4916 732 4952 se
758 4915 935 4970 equos,
980 4899 1194 4970 quarum
1221 4899 1547 4970 pulchritudo
1574 4899 1823 4955 describi-

306 4980 410 5032 tur,
454 4984 549 5052 nec
593 4985 698 5023 non
727 4979 775 5022 et
801 4967 927 5023 alia
964 4967 1180 5023 munera
1207 4967 1273 5022 ab
1318 4987 1378 5024 eo
1416 4972 1576 5024 missa
1606 4970 1822 5025 libenter

305 5055 590 5109 accepisse.

306 5130 690 5185 Desiderantes
740 5146 835 5186 vos
900 5131 1099 5186 nostris
1146 5143 1437 5199 aggregare
1489 5127 1822 5199 parentibus,

229 5224 420 5293 neptis
447 5221 566 5293 [Αε.
586 5263 603 5288 ,
634 5218 873 5291 neptem]
902 5220 1069 5276 charo
1093 5221 1325 5291 pignori,
1342 5219 1572 5289 propitia
1594 5216 1826 5285 Deitate,

227 5316 540 5379 sociamus;
588 5320 648 5367 ut
685 5312 777 5381 qui
822 5311 890 5366 de
918 5312 1064 5380 regia
1110 5313 1278 5381 stirpe
1305 5310 1649 5376 descenditis,
1685 5325 1828 5366 nunc

306 5503 334 5527 ⁸
364 5488 563 5545 Uxoris
608 5487 782 5552 dotes,
822 5485 1091 5552 doctrina,
1143 5500 1338 5551 mores,
1391 5484 1585 5552 forma,
1629 5499 1814 5554 genus,

228 5558 503 5628 dignitas;
565 5558 659 5613 sed
709 5556 1001 5628 principem
1048 5556 1223 5628 locum
1274 5555 1577 5628 eruditioni
1612 5555 1817 5628 tribuit.

230 5623 505 5684 solebant
532 5623 724 5682 autem'
740 5623 977 5695 veteres
997 5626 1202 5695 puellas
1232 5626 1447 5681 erudire
1473 5623 1701 5695 :ALivius
1724 5624 1815 5695 lib.

235 5715 313 5757 Ill.
370 5699 437 5767 de
462 5698 729 5766 Virginia;
762 5693 901 5750 Plin.
931 5693 1021 5749 lib'.
1061 5711 1098 5761 ι,
1147 5697 1300 5767 epist.
1338 5695 1434 5761 l7;
1483 5693 1681 5767 Atben.
1727 5693 1816 5767 lib.

235 5785 333 5825 xm
356 5788 372 5833 ;
408 5763 651 5832 l.ucia'n.,
676 5774 795 5841 περὶ
823 5775 920 5821 τῶν
946 5767 1027 5821 ἐπὶ
1051 5763 1211 5845 μισθῷ
1240 5769 1511 5825 συνόντων.
1544 5763 1818 5820 Plutarch.

1844 4583 1896 4641 Ι)
1922 4577 2086 4632 etiam
2115 4575 2327 4644 longius
2374 4572 2620 4629 claritate
2648 4569 2945 4642 imperialis
2986 4567 3261 4638 sanguinis
3304 4565 3501 4636 fulgea-

1927 4670 2017 4724 tis.
2062 4668 2321 4723 Mittimus
2349 4665 2415 4720 ad
2456 4680 2557 4721 vos
2581 4672 2828 4719 ornatum
2873 4661 3059 4718 aulica!
3104 4661 3317 4726 domus,
3371 4674 3505 4729 aug-

1927 4766 2109 4814 menta
2150 4758 2383 4827 generis,
2428 4755 2621 4811 solatia
2673 4754 2842 4810 tidclis
2883 4752 3121 4814 consilii,
3171 4751 3505 4805 dulcedinem

1926 4850 2295 4906 suavissimam
2346 4834 2718 4918 conjugalem;
2763 4860 2884 4916 qua:
2928 4852 2984 4899 et
3026 4829 3506 4907 dominatum'jure

1927 4940 2205 4998 vobiscum
2235 4941 2475 5012 impleat,
2506 4949 2561 4994 et
2589 4939 2861 4994 nationem
2905 4946 3137 4990 vestram
3169 4934 3389 4988 meliore
3418 4931 3503 4985 in-

1930 5035 2210 5090 stitutione
2237 5040 2548 5103 componat.
2595 5030 2823 5086 Habebit
2862 5029 2985 5082 felix
3020 5025 3328 5092 Thoringia,
3359 5021 3504 5092 quod

1926 5124 2148 5179 nutrivit
2174 5122 2325 5177 ltalia
2348 5123 2539 5177 litteris
2578 5120 2795 5177 doctam
2828 5130 2874 5185 ι,
2927 5118 3167 5173 moribus
3217 5108 3504 5181 eruditam,

1927 5217 2179 5273 decoram
2230 5230 2338 5271 non
2387 5214 2563 5269 solum
2608 5225 2823 5280 genere,
2874 5215 3134 5277 quantum
3177 5215 3233 5259 et
3275 5201 3504 5256 feminea

1926 5308 2214 5376 dignitate;
2246 5315 2303 5359 ut
2327 5320 2433 5360 non
2458 5304 2634 5358 minus
2658 5303 2829 5373 patria
2856 5306 3030 5354 vestra
3055 5297 3206 5351 istius
3230 5293 3509 5364 splendeat

1929 5486 2045 5562 περὶ
2072 5479 2282 5562 «aee.
2311 5476 2750 5562 ἀγωγῆς-δειιὲςηί
2783 5478 2911 5562 i3“?-
2940 5473 3410 5562 teupore..vu_e"¢
3449 5483 3508 5562 et

1929 5503 2045 5607 πεὲι
2072 5501 2265 5536 παιοων
2311 5501 2750 5602 aviariis-uallem
2783 5501 2911 5546 uup.
2942 5501 3182 5558 "5|"er
3204 5501 3410 5557 yucuax:
3449 5501 3508 5531 ut

1928 5554 1976 5629 vi
2020 5565 2099 5605 ua:
2147 5548 2341 5629 Plotini
2387 5549 2691 5629 piiloSOpbi
2723 5548 2975 5629 scitulam
3009 5546 3509 5629 discipliiim‘causa

1925 5621 2339 5692 frequentabant
2378 5613 2859 5692 :'__cuj_us'iustituti
2905 5613 3267 5692 meminerunt
3304 5613 3503 5671 Julian.

1928 5685 2123 5747 libflv.
2156 5688 2251 5744 Ubi
2280 5687 2638 5757 pupil.educ.,
2659 5685 2917 5741 Gordiani.
2948 5687 3039 5741 lib.
3068 5702 3158 5754 xv,
3181 5686 3226 5739 si
3257 5694 3508 5756 paterno,

1928 5779 1977 5815 c.
2008 5761 2070 5815 de
2097 5778 2212 5815 nea.
2246 5767 2375 5815 aest.
2417 5753 2583 5813 Fons.

1928 5779 1977 5819 c.
2008 5767 2070 5815 de
2097 5778 2212 5833 neg.
2246 5767 2375 5830 gest.
2418 5767 2583 5813 rens.

3397 333 3502 387 620
3588 340 3597 350 '
