3988 6178
457 306 558 363 6H

1692 303 1763 360 Μ.
1805 302 2081 360 AUREUI
2121 303 2520 363 CASSlODORl

3631 304 3740 360 εις

457 420 698 479 moribus
725 436 886 493 quam
913 422 1024 478 suis
1048 419 1349 490 triumphis.
1381 421 1723 499 QuaprOpter
1751 417 2049 472 salutantes
2078 424 2123 478 Α
2151 419 2294 472 enim
2333 419 2547 476 Herulis
2582 420 2902 487 Gothorum,
2933 419 3044 476 Deo
3081 418 3326 490 juvante,
3370 415 3590 472 solatia.
3631 415 3740 473 Nos

459 529 558 571 vos
574 514 744 582 gratia
769 512 1119 584 competenti,
1144 511 1439 566 indicamus
1468 526 1568 565 nos
1596 510 1934 566 venientibus
1963 511 2043 565 le-

457 606 598 674 gatis
623 605 814 660 vestris
845 603 1215 674 impretiabilis
1239 603 1456 673 quidem
1481 603 1581 666 rei,
1609 602 1704 657 sed
1736 617 1886 657 more
1913 617 2048 672 gen-

461 698 594 751 tium
638 697 941 766 suscepisse
987 697 1160 767 pretia
1209 697 1506 763 destinata,
1537 710 1707 765 equos
1733 705 1988 765 argenteo
2017 706 2045 734 δ

459 789 642 844 colore
671 789 914 856 vestitos,
947 788 1136 858 quales
1158 787 1336 843 decuit
1355 803 1474 842 esse
1501 787 1783 856 nuptiales.
1807 785 2046 853 Quorum

461 886 679 948 pectora
709 878 794 932 vel
821 893 977 932 crura
1004 878 1226 948 sphmris
1248 877 1460 932 carneis
1484 877 1741 931 decenter
1767 884 2045 941 ornantur;

460 976 624 1023 costae
652 969 705 1021 in
731 968 1018 1039 quamdam
1049 968 1386 1022 latitudinem
1409 967 1786 1037 porriguntur;
1821 967 1972 1032 alvus
1995 967 2047 1020 iu

462 1059 724 1113 brevitate
770 1059 1186 1126 constringitur;
1227 1066 1390 1128 caput
1429 1062 1700 1113 cervinam
1730 1056 1906 1111 reddit
1931 1056 2048 1110 elli-

461 1150 620 1217 giem,
675 1149 946 1204 imitantes
991 1149 1339 1204 velocitatem
1386 1147 1537 1216 cujus
1565 1147 1813 1202 videntur
1850 1147 2051 1202 habere

461 1241 883 1296 similitudinem.
931 1239 998 1294 Hi
1039 1247 1167 1294 sunt
1193 1240 1292 1297 sub
1333 1239 1659 1310 pinguedine
1705 1238 1868 1294 nimia
1897 1255 2052 1292 man-

461 1333 620 1395 sueti,
667 1344 858 1400 magna
906 1330 1053 1386 mole
1099 1330 1387 1395 celerrimi,
1442 1329 1750 1399 aspectibus
1803 1328 2050 1397 jucundi,

463 1425 648 1480 usibus
689 1424 980 1494 gratiores;
1031 1423 1291 1479 incedunt
1329 1424 1474 1478 enim
1516 1422 1770 1487 molliter,
1813 1436 2056 1477 sessores

464 1530 591 1570 suos
619 1514 820 1568 insanis
859 1511 1291 1569 festinationibus
1320 1527 1429 1567 non
1473 1510 1730 1580 fatigant;
1761 1510 2056 1579 quiescitur

465 1605 643 1676 potius
668 1605 720 1658 in
749 1604 879 1674 ipsis
906 1619 1068 1673 quam
1090 1603 1394 1668 laboretur;
1421 1609 1478 1656 et
1505 1601 1788 1671 compositi
1813 1599 2056 1655 delecta-

464 1697 557 1753 bili
601 1695 996 1760 moderatione,
1045 1693 1288 1762 agilitate
1318 1699 1518 1747 norunt
1556 1691 1812 1747 continua
1858 1688 2057 1760 perdu-

2148 531 2299 572 arma
2323 514 2416 571 tibi
2432 515 2675 570 dedimus
2689 531 2703 582 ;
2716 524 2903 584 gentes
2913 522 3091 570 autem
3103 513 3230 569 olim
3243 512 3500 566 virtutum
3517 509 3738 581 pignora

2148 609 2533 682 praestiterunt.
2565 606 2877 661 Salutantes
2902 605 3129 676 proinde
3162 603 3334 673 gratia
3380 601 3734 670 competenti,

2150 701 2362 771 reliqua
2389 715 2486 770 per
2511 699 2658 754 illum
2689 706 2744 753 et
2772 697 2918 753 illum
2949 697 3153 765 legatos
3177 703 3392 750 nostros
3421 693 3596 764 patrio
3617 706 3738 746 ser-

2149 805 2312 846 mone
2341 789 2675 855 mandamus,
2700 788 2791 857 qui
2818 787 2970 842 vobis
2997 788 3204 842 litteras
3232 792 3445 840 nostras
3465 782 3742 838 evidenter

2149 890 2443 952 exponant,
2475 891 2530 935 et
2551 879 2618 934 ad
2639 879 3062 934 conﬁrmandam
3097 878 3328 948 gratiam
3352 890 3472 945 qua:
3509 883 3634 930 sunt
3664 873 3746 927 di-

2151 973 2319 1027 cenda
2341 971 2682 1041 subjungant.

2726 1057 3062 1114 EPISTOLA
3098 1057 3183 1112 Ill.

2151 1167 2370 1208 SENABIO
2394 1163 2416 1192 θ
2457 1166 2579 1206 V180
2629 1167 2900 1216 ιιιυδτκι,
2939 1165 3122 1205 εοιιιτι
3146 1190 3160 1215 ,
3207 1163 3572 1204 τηεουοιυουε
3608 1164 3742 1204 ιει.

2153 1241 2243 1295 Illi
2269 1245 2532 1314 confertur
2557 1241 2783 1313 dignitas
2806 1241 3058 1314 comitiali:
3084 1241 3405 1310 patrimonii,
3436 1249 3485 1293 et
3513 1255 3748 1293 summo-

2739 1329 2860 1382 pere
2887 1310 3147 1364 laudatur.

2226 1400 2306 1454 Ad
2350 1409 2598 1456 ornatum
2645 1400 2830 1472 palatii
2871 1400 3138 1456 credimus
3178 1400 3449 1470 pertinere
3485 1409 3640 1471 aptas
3665 1400 3756 1455 di-

2153 1492 2444 1562 gn'tatibus
2488 1507 2748 1562 personas
2791 1491 2992 1561 eligere
3025 1508 3038 1544 :
3068 1493 3193 1561 quia
3240 1493 3308 1548 de
3348 1491 3596 1548 claritate
3634 1507 3756 1549 ser-

2157 1584 2411 1639 vientium
2441 1586 2638 1639 crescit
2681 1583 2821 1638 fama
2867 1584 3228 1640 dominorum.
3260 1584 3419 1641 Tales
3445 1586 3589 1641 enim
3616 1601 3754 1656 pro-

2155 1673 2354 1727 vehere
2383 1672 2678 1742 principem
2704 1672 2878 1739 decet,
2911 1681 2971 1728 ut
3005 1675 3222 1742 quoties
3269 1689 3548 1744 procerem
3590 1690 3755 1730 suum

468 1803 610 1842 rare.
637 1786 834 1841 Verum
884 1785 1047 1848 hunc,
1087 1783 1332 1853 quamvis
1377 1783 1770 1838 nobilissimum
1816 1795 2054 1851 gregem,

2161 1765 2317 1822 fuerit
2361 1767 2612 1836 dignatus
2652 1766 2894 1838 aspicere
2918 1804 2934 1832 ,
2983 1765 3141 1822 toties
3175 1781 3234 1822 se
3284 1775 3572 1836 cognoscat
3601 1779 3756 1825 recta

465 1877 779 1944 belluasque
801 1875 1117 1942 morigeras,
1147 1873 1234 1928 vel
1261 1872 1366 1928 alia
1395 1887 1515 1942 qua:
1535 1872 1807 1928 direxistis
1834 1873 2052 1940 eximia,

465 1967 609 2022 victa
636 1964 962 2033 cognoScitis
994 1981 1010 2018 :
1041 1963 1256 2033 quando
1275 1963 1456 2019 omnia
1498 1962 1621 2033 jure
1666 1975 1905 2033 superat,
1936 1980 2056 2034 qum

465 2055 632 2112 decus
669 2055 828 2124 regia:
865 2053 1147 2125 potestatis
1175 2060 1421 2108 exornat.
1449 2051 1846 2109 Destinavimus
1871 2063 1928 2110 et
1957 2071 2057 2110 nos

466 2147 703 2217 quidem,
751 2161 871 2216 qua
915 2144 1226 2216 principalis
1270 2145 1406 2200 ordo
1444 2145 1745 2216 poscebat;
1786 2145 1881 2200 sed
1925 2146 2058 2200 nihil

467 2237 642 2306 majus
689 2235 1064 2306 persolvimus,
1105 2249 1269 2304 quam
1315 2235 1464 2303 quod
1501 2250 1598 2291 vos
1647 2243 1808 2290 tanta:
1847 2235 2058 2290 femine

467 2326 650 2381 decori
677 2325 1066 2395 copulavimus.
1089 2322 1280 2378 Adsint
1298 2333 1478 2380 vestro
1499 2324 1678 2379 divina
1705 2324 1976 2394 coniugio,
2002 2332 2060 2379 ut

467 2418 606 2472 sicut
632 2432 731 2471 nos
757 2431 918 2470 causa
943 2417 1122 2485 junxit
1146 2414 1466 2482 affectionis,
1494 2415 1569 2470 ita
1597 2423 1653 2471 et
1671 2424 1918 2487 posteros
1956 2430 2057 2470 no-

469 2517 625 2564 stros~
641 2506 841 2575 obliget
867 2507 1038 2574 gratia
1067 2505 1378 2575 parentalis.

1049 2595 1380 2652 EPISTULA
1415 2595 1480 2650 ΙΙ.

738 2703 862 2744 REGI
897 2701 1223 2742 ηειιυιοιιυιι
1253 2702 1618 2743 τηεουολιουε
1655 2703 1782 2742 REX.

469 2778 696 2848 Adoptat
725 2794 840 2858 eum
869 2778 923 2831 in
943 2777 1242 2858 ﬁliumyer
1268 2793 1436 2858 arma,
1465 2786 1516 2830 et
1543 2777 1632 2858 dot
1655 2777 1750 2858 illi
1770 2791 1943 2858 equos,
1967 2792 2060 2831 en-

618 2864 720 2914 ses,
751 2850 955 2918 clypeos
983 2856 1032 2900 et
1061 2846 1260 2918 reliqua
1288 2847 1536 2901 bellorum
1561 2848 1922 2901 instrumenta.

541 2939 646 2996 Per
665 2955 814 2994 arma
842 2937 870 2977 δ
898 2938 1013 2994 fieri
1037 2953 1198 3009 posse
1242 2937 1426 3005 ﬁlium,
1456 2938 1659 3008 grande
1706 2939 1849 2993 inter
1873 2945 2061 3006 gentes

471 3037 685 3086 constat
723 3043 842 3084 esse
885 3027 1252 3098 praeconium:
1280 3027 1406 3096 quia
1455 3042 1567 3083 non
1613 3035 1697 3082 est
1722 3027 1833 3098 σο
1868 3026 2060 3095 dignus

471 3122 714 3193 ad0ptari
739 3161 755 3184 ,
803 3120 904 3176 nisi
941 3119 1034 3190 qui
1082 3117 1402 3175 fortissimus
1443 3128 1682 3175 meretur
1726 3119 1964 3188 agnosci.
1999 3117 2058 3172 in

470 3211 660 3268 sobole
703 3209 1016 3281 frequenter
1062 3208 1317 3264 fallimur.
1349 3208 1531 3278 lgnavi
1556 3218 1739 3265 autem
1790 3225 1912 3266 esse
1957 3225 2057 3266 ne-

471 3305 668 3371 sciunt,
695 3319 832 3374 quos
847 3303 1049 3373 judicia
1076 3311 1420 3374 pepererunt.
1452 3302 1520 3357 Hi
1539 3304 1682 3359 enim
1701 3304 1926 3373 gratiam
1949 3318 2060 3360 non

471 3395 540 3452 de
569 3403 780 3460 natura,
804 3393 900 3450 sed
927 3394 995 3449 de
1021 3394 1154 3450 solis
1198 3394 1406 3449 meritis
1443 3393 1666 3462 habent,
1705 3393 1923 3463 quando
1951 3393 2063 3449 vin-

469 3487 595 3544 culo
623 3487 787 3542 animi
813 3486 1117 3555 obligantur
1141 3487 1418 3554 extranei;
1449 3495 1506 3541 et
1528 3494 1682 3541 tanta
1709 3487 1764 3541 in
1805 3487 1912 3542 hoc
1935 3493 2062 3541 actu

471 3579 556 3634 vis
583 3587 684 3645 est,
717 3587 776 3633 ut
798 3578 944 3650 prius
963 3592 1022 3632 se
1052 3577 1218 3632 velint
1242 3578 1399 3640 mori,
1443 3583 1606 3647 quam
1652 3577 1852 3646 aliquid
1899 3591 2060 3646 aspe-

472 3686 592 3726 rum
620 3671 860 3740 patribus
874 3669 1156 3723 videantur
1184 3667 1368 3736 infligi.
1386 3667 1452 3720 Et
1477 3668 1599 3722 ideo
1620 3682 1774 3723 more
1795 3667 2060 3735 gentium,

474 3769 530 3816 et
557 3758 870 3814 conditione
897 3759 1056 3832 virili,
1083 3757 1247 3811 filium
1295 3765 1350 3812 te
1390 3757 1640 3827 praesenti
1669 3771 1892 3812 munere
1932 3772 2060 3826 pro-

473 3864 750 3913 creamus;
779 3855 838 3902 ut
861 3856 1232 3917 competenter
1252 3862 1350 3917 per
1375 3863 1524 3901 arma
1548 3847 1807 3913 pascaris,
1838 3848 1927 3917 qui
1949 3849 2062 3903 hel-

472 3939 670 3994 licosus
695 3952 814 3992 esse
841 3937 1192 4006 dignosceris.
1243 3936 1444 3992 Damus
1481 3937 1698 4007 quidem
1727 3937 1824 3991 tibi
1870 3952 2059 4008 equos,
2109 3983 2112 3986 .

474 4043 650 4092 enses,
681 4027 919 4097 clypeos,
953 4034 1009 4080 et
1036 4027 1243 4094 reliqua
1271 4027 1624 4081 instrumenta
1650 4027 1943 4092 bellorum;
1968 4028 2062 4084 sed

473 4131 593 4186 qua:
621 4125 750 4170 sunt
790 4116 1112 4172 omnimodis
1159 4116 1408 4186 fortiora,
1459 4118 1716 4187 largimur
1742 4119 1839 4174 tibi
1876 4129 2062 4175 nostra

467 4205 688 4274 judicia.
713 4204 965 4260 Summus
996 4205 1136 4260 enim
1166 4207 1305 4261 inter
1322 4215 1512 4276 gentes
1538 4223 1658 4264 esse
1685 4209 1946 4278 crederis,
1969 4212 2061 4279 qui

476 4295 797 4353 Theodorici
838 4297 1106 4352 sententia
1135 4299 1522 4375 comprobaris.
1568 4298 1732 4356 Sume
1762 4301 1943 4370 itaque
1971 4317 2063 4356 ar-

472 4401 584 4452 ma,
613 4387 744 4443 mihi
768 4388 970 4458 tibique
999 4389 1298 4460 profutura.
1344 4388 1438 4444 llle
1465 4404 1497 4443 a
1527 4397 1582 4445 te
1609 4390 1952 4446 devotionem
1975 4407 2066 4463 pe.

471 4480 555 4544 tit,
584 4479 674 4548 qui
723 4485 778 4534 te
822 4481 994 4548 magis
1031 4479 1313 4536 defensare
1364 4481 1601 4552 disponit
1632 4499 1645 4535 :
1673 4483 1866 4553 probat
1908 4493 2056 4539 tuum

470 4545 729 4632 animum,
756 4577 811 4624 et
832 4545 967 4641 opus
995 4586 1102 4626 non
1131 4571 1351 4627 habebit
1374 4545 1708 4642 obsequium.
1738 4573 1973 4645 Adoptat
2003 4586 2054 4631 te
2091 4545 2136 4604 θ

471 4655 612 4721 talis,
634 4657 701 4712 de
724 4658 876 4726 cujus
899 4669 1062 4730 gente
1091 4670 1147 4715 tu
1187 4661 1367 4732 potius
1405 4661 1727 4722 formideris.
1760 4663 1897 4721 Nota
1926 4677 2052 4722 sunt

541 4856 569 4922 ξ
599 4845 670 4902 Ut
695 4847 881 4922 luteus
897 4851 1047 4922 color
1073 4853 1272 4921 nuptiis
1299 4851 1505 4910 dicatus
1537 4856 1653 4922 fuit,
1683 4859 1820 4914 sicut
1848 4875 1915 4915 cx
1943 4861 2050 4915 Ca-

469 4917 602 4999 tullo
621 4927 679 4972 et
697 4919 922 4988 Apuleio
951 4917 1165 4999 eximia}
1185 4922 1446 4999 doctrina;
1463 4927 1544 4979 vir
1566 4917 1802 4983 Turneb.
1835 4931 2045 4999 probat,

467 4987 562 5041 lib.
588 4987 792 5068 ‘xxvui,
824 4990 1028 5068 cap._2,
1074 4991 1383 5068 Adversarq
1434 4995 1506 5049 ita
1545 5005 1599 5051 et
1624 4987 1909 5066 argenteus
1950 4987 2047 5058 seu

467 5057 743 5136 candidus,
772 5069 828 5136 ut
847 5060 1046 5136 ex_hoc
1076 5060 1194 5136 loco
1225 5057 1478 5136 constat:
1514 5057 1740 5136 Apuleio
1765 5068 1856 5124 lib.
1885 5087 1950 5125 vu
1980 5076 2048 5127 de

469 5126 878 5203 _A_sino;_.Vulcr.
910 5129 1052 5203 Max.
1082 5131 1178 5203 lib.
1203 5147 1257 5195 ιι,
1286 5149 1405 5203 cap.
1436 5135 1498 5199 l;
1533 5126 1800 5194 Plutarch.
1831 5141 1882 5194 iu
1913 5126 2046 5196 Proé

469 5195 631 5276 hiem.
661 5196 808 5276 unde
827 5200 888 5276 _in
909 5200 1052 5276 luctu
1076 5195 1512 5276 interdicebatur,
1555 5205 1704 5262 l’aul.
1733 5209 1824 5262 lib.
1857 5226 1873 5264 ι
1903 5195 2044 5268 εθιιι.

468 5267 550 5318 tit.
576 5267 670 5320 ult.
702 5267 803 5348 Qui
826 5269 988 5348 luget,
1012 5271 1202 5340 inquit,
1230 5267 1682 5348 abstinere—debet
1709 5293 1738 5331 a
1763 5267 2044 5345 coiiviviis,

466 5340 798 5416 ornamentis
824 5347 880 5394 et
908 5339 1027 5416 alba
1056 5339 1224 5416 veste.
1258 5340 1542 5416 Eschines
1572 5350 1819 5404 oratione
1855 5339 2043 5406 contra

467 5402 708 5491 ςξξξξὶιῆιε
749 5411 1041 5491 exprobrat
1069 5411 1468 5491 ‘Demostheni,
1511 5419 1660 5491 quod
1711 5402 2049 5491 triduo—post

469 5471 789 5594 ggfnunica:
819 5471 1022 5534 obitum
1069 5483 1243 5542 λευκὴν
1282 5471 1468 5545 ἐσθῆτά
1510 5471 1679 5544 λὶεώφ
1707 5471 2044 5548 εθήοιέίιῖεεῖιῖίλ

511 5556 632 5597 οιιιι.

539 5611 1029 5702 bfeparmaj'nfr.
1063 5621 1155 5702 lib.
1184 5639 1311 5702 vm,_
1326 5625 1488 5695 epist.
1514 5627 1538 5680 i
1564 5635 1623 5702 et
1651 5628 1704 5683 9.
1723 5629 1813 5702 De
1855 5648 1959 5702 qua
1990 5649 2048 5689 re

470 5684 851 5769 neuquidquam
879 5688 965 5769 hic
995 5691 1232 5769 amplius
1247 5684 1520 5769 aduotem,
1560 5684 1826 5768 impedior
1844 5684 2046 5758 doctis:

466 5754 592 5807 simi
617 5756 718 5811 viri
740 5754 952 5825 Pithoei,
983 5754 1309 5830 sagacissimi
1339 5754 1520 5822 reruni
1550 5754 1906 5839 antiquarum
1918 5754 2045 5843 per-

2151 1861 2351 1930 judicia
2376 1859 2646 1916 habuisse.
2662 1859 2899 1914 Moribus
2913 1857 3056 1914 enim
3078 1858 3240 1915 debet
3263 1874 3384 1915 esse
3403 1861 3758 1931 conspicuus,

2156 1953 2249 2024 qui
2277 1953 2436 2007 datur
2464 1951 2776 2008 imitandus.
2819 1950 3002 2006 Facile
3041 1959 3125 2007 est
3168 1953 3600 2024 qualemcunque
3645 1955 3761 2024 sibi

2157 2042 2390 2110 deligere
2414 2059 2428 2107 ;
2475 2041 2656 2096 multis
2688 2048 2869 2095 autem
2910 2041 3140 2096 electum
3170 2041 3353 2097 vivere
3383 2041 3511 2114 [ed.,
3541 2041 3760 2114 videre]

2159 2131 2336 2188 decet.
2367 2130 2514 2201 Cape
2544 2131 2704 2200 igitur
2731 2147 2828 2202 per
2850 2131 3194 2188 indictiouem
3225 2141 3471 2203 quartam
3502 2132 3624 2204 (An.
3653 2133 3758 2188 Cll.

2160 2223 2286 2294 5H)
2315 2224 2533 2278 illustris
2553 2225 2818 2279 comitivae
2847 2223 3055 2280 nostrid
3081 2227 3387 2295 patrimonii
3409 2227 3759 2296 dignitatem,

2160 2330 2321 2386 quam
2353 2316 2445 2371 tibi
2497 2332 2604 2372 non
2644 2317 2914 2372 immerito
2959 2318 3147 2372 tribuit
3192 2319 3389 2387 regalis
3435 2319 3759 2376 auctoritas.

2161 2408 2260 2463 Diu
2292 2423 2523 2478 namque
2545 2409 2745 2464 nostris
2783 2409 3213 2466 ordinationibus
3237 2412 3507 2478 geminum
3539 2421 3766 2468 mutua-

2163 2507 2250 2555 tus
2269 2499 2606 2569 obsequium,
2625 2507 2681 2554 et
2704 2499 2914 2555 consilii
2941 2501 3212 2570 particeps
3239 2515 3379 2565 eras,
3411 2510 3466 2555 et
3493 2501 3764 2570 disposita

2162 2589 2414 2644 laudabili
2437 2589 2804 2658 assumptione
2825 2590 3151 2660 complebas.
3167 2588 3387 2645 Subiisti
3409 2606 3552 2661 saepe
3571 2593 3765 2648 ardua:

2161 2680 2447 2749 legationis
2493 2678 2769 2746 cilicium;
2802 2681 3046 2736 restitisti
3077 2681 3293 2750 regibus
3324 2699 3428 2737 non
3460 2683 3642 2754 impar
3675 2700 3765 2739 as~

2161 2779 2356 2836 sertor,
2387 2779 2606 2826 coactus
2643 2769 2908 2840 justitiam
2954 2781 3194 2828 nostram
3223 2781 3279 2828 et
3323 2773 3427 2829 illis
3465 2776 3766 2832 ostendere

2161 2863 2254 2932 qui
2280 2863 2544 2919 rationem
2559 2864 2646 2918 vix
2670 2873 2920 2935 poterant
2942 2866 3106 2921 cruda
3135 2867 3498 2924 obstinatione
3526 2871 3763 2927 sentire.

2162 2952 2280 3008 Non
2309 2959 2364 3008 te
2392 2954 2582 3009 terruit
2607 2954 3042 3010 contentionibus
3075 2955 3403 3012 inﬂammata
3433 2959 3634 3026 regalis
3665 2975 3764 3015 au-

2163 3043 2384 3100 ctoritas
2431 3063 2446 3100 :
2495 3043 2793 3114 subjugasti
2837 3045 3078 3116 quinimo
3126 3045 3404 3102 audaciam
3431 3049 3682 3118 veritati,
3710 3059 3767 3105 et

2163 3140 2454 3196 obsecutus
2507 3139 2932 3196 ordinationibus
2982 3140 3180 3197 nostris
3231 3141 3288 3196 in
3360 3143 3761 3198 conscientiam

2163 3245 2314 3286 suam
2343 3231 2604 3286 barbaros
2631 3232 2927 3301 perculisti.
2966 3231 3106 3300 Quid
3131 3234 3367 3290 studium
3415 3245 3565 3290 tuum
3592 3235 3767 3305 longa

2160 3322 2537 3380 lucubratione
2565 3322 2874 3390 sollicitum,
2919 3332 2976 3380 et
3001 3325 3243 3380 continui
3284 3325 3482 3381 laboris
3509 3327 3770 3399 inculpa-

2159 3415 2268 3470 bile
2295 3414 2593 3470 referamus
2619 3415 2975 3484 obsequium?
3004 3413 3144 3470 Usus
3170 3429 3232 3472 es
3274 3417 3374 3470 sub
3414 3417 3769 3486 exceptionis

2160 3501 2340 3559 cilicio
2360 3503 2663 3572 eloquentis
2686 3503 2903 3572 ingenio
2931 3522 2944 3557 :
2971 3505 3185 3560 favebat
3211 3504 3325 3574 ipse
3346 3506 3427 3560 sui
3455 3503 3768 3561 delectatus

2162 3595 2397 3663 auditor,
2426 3595 2551 3649 dum
2581 3594 2803 3650 meliora
2835 3595 3058 3661 faceres,
3092 3610 3213 3650 cum
3245 3595 3424 3667 [forte,
3446 3595 3644 3668 quam]
3677 3613 3767 3653 re-

2161 3685 2330 3740 citare
2357 3685 2632 3755 ctepisses.
2659 3683 3034 3740 Pronuntiatio
3065 3695 3154 3740 tua
3180 3696 3421 3742 nostrum
3445 3687 3769 3745 delectabat

2151 3775 2484 3830 arbitrium:
2516 3776 2641 3846 quia
2690 3784 2897 3832 tantum
2943 3777 3261 3833 dictantium
3307 3777 3593 3835 reficiebas
3642 3783 3765 3837 ani-

2163 3881 2330 3932 mum,
2361 3875 2618 3937 quantum
2645 3882 2706 3923 se
2744 3867 2946 3923 lassare
2974 3876 3190 3939 poterat
3217 3885 3344 3924 cura
3372 3871 3766 3939 cogitantium.

2163 3955 2285 4010 Fuit
2309 3971 2524 4026 quoque
2558 3957 2612 4011 in
2645 3966 2700 4012 te
2745 3973 2870 4028 pars
2916 3959 3087 4014 altera
3111 3961 3235 4015 vita:
3275 3961 3581 4028 laudabilis,
3619 3965 3768 4034 quod

2163 4062 2359 4103 arcana
2388 4057 2572 4104 nostra
2593 4045 2803 4105 morum
2828 4051 3094 4121 probitate
3121 4052 3428 4118 claudebas,
3458 4055 3766 4111 multorum

2163 4139 2426 4206 conscius,
2460 4154 2560 4195 nec
2582 4147 2796 4207 tamen,
2827 4156 2948 4196 cum
2978 4142 3131 4212 plura
3161 4157 3366 4207 nosses,
3399 4143 3605 4198 elatus.
3639 4145 3769 4200 Col~

2165 4229 2297 4298 legis
2342 4230 2535 4298 gratia,
2579 4231 2945 4304 superioribus
2985 4232 3289 4289 humilitate
3335 4233 3620 4304 placuisti.
3672 4235 3766 4292 Sic

2165 4321 2406 4376 omnium
2457 4337 2558 4392 pro
2606 4331 2661 4378 te
2708 4323 2881 4379 factus
2928 4333 3012 4380 est
3039 4341 3177 4382 unus
3227 4326 3438 4383 animus
3462 4342 3532 4382 ex
3555 4343 3766 4400 magna

2165 4410 2473 4468 diversitate
2519 4413 2773 4470 sociatus.
2822 4413 3025 4485 Carpes
3061 4426 3208 4472 certe
3252 4417 3495 4486 probatae
3528 4418 3768 4476 institu-

2167 4501 2326 4558 tionis
2353 4503 2713 4571 gratissimum
2736 4503 2986 4570 fructum,
3036 4505 3250 4575 quando
3294 4515 3590 4577 provectus
3640 4518 3766 4564 tuus

2162 4594 2235 4648 ita
2298 4595 2475 4663 potuit
2534 4611 2725 4652 omnes
2782 4596 2933 4652 lmtos
2995 4595 3230 4664 efﬁcere,
3290 4605 3349 4654 ut
3407 4600 3657 4656 universi
3709 4601 3764 4657 in

2159 4693 2212 4739 te
2263 4684 2504 4754 judicent
2528 4702 2624 4741 sua
2678 4687 2943 4744 desideria
2990 4689 3303 4760 profecisse.
3341 4689 3543 4748 'Tuere
3596 4692 3764 4763 igitur

2157 4878 2498 4944 scrutatoris,
2528 4877 2802 4951 diligentia
2835 4897 2847 4934 :
2877 4881 2968 4951 qui
2998 4882 3141 4951 hunc
3168 4881 3327 4937 ritum
3351 4882 3446 4938 lib.
3480 4884 3756 4942 [Advm

2157 4955 2440 5003 exsecutus
2461 4957 2559 5002 est.
2594 4949 2684 5003 Sic
2712 4949 3023 5006 investitura
3067 4950 3230 5006 fiebat
3271 4954 3442 5009 baculi
3477 4963 3535 5010 et
3566 4955 3759 5010 annuli

2157 5017 2461 5090 traditione,
2495 5033 2614 5090 cap.
2633 5017 2666 5070 4
2686 5019 2749 5073 de
2773 5036 3001 5075 concess.
3021 5021 3247 5090 praben.
3276 5023 3365 5078 Sic
3391 5026 3757 5080 manumissio

2155 5087 2295 5160 apud
2325 5086 2704 5160 Lougobardos
2732 5105 2828 5160 per
2848 5086 3116 5159 sagittam,
3151 5091 3300 5146 Paul.
3336 5093 3564 5148 Diacou.
3603 5095 3701 5149 lib.
3737 5109 3755 5148 t

2153 5154 2394 5278 aggest.
2448 5154 2786 5228 Longobard.
2816 5154 2936 5215 Sed
2956 5161 3073 5216 haec
3118 5161 3254 5216 alias
3295 5161 3526 5219 fortasse
3556 5163 3755 5219 fusius.

2196 5240 2319 5280 οιιιι.

2229 5307 2251 5370 f
2283 5295 2440 5370 llunc
2465 5313 2592 5353 mox
2619 5297 2749 5370 dicit
2775 5314 2917 5370 stepe
2959 5301 3188 5356 subiisse
3228 5301 3406 5357 ardua:
3453 5302 3758 5370 legationis

2153 5364 2415 5432 cilicium,
2460 5376 2516 5422 et
2558 5369 2774 5432 regibus
2803 5364 3084 5426 restitisse.
3133 5370 3285 5428 Unde
3313 5364 3550 5426 arbitro}
3597 5372 3751 5427 illum

2155 5435 2585 5512 esse_Senariun_i_
2605 5435 2672 5492 de
2699 5455 2816 5512 quo
2841 5441 2893 5512 iu
2943 5443 3120 5512 prisco
3147 5444 3390 5498 carmine
3435 5443 3753 5512 seirelogio

2154 5505 2299 5582 quod
2346 5516 2520 5582 exstat
2546 5505 2734 5582 vetor:
2777 5505 3055 5582 Epigram.
3091 5513 3180 5566 lib.
3214 5529 3268 5567 ιιι
3293 5552 3307 5577 ,
3330 5526 3464 5582 pag.
3499 5511 3634 5566 108.
3667 5505 3755 5566 λιι

2153 5575 2302 5650 hunc
2321 5577 2484 5650 etiam
2513 5577 2694 5633 scribit
2720 5575 2940 5650 epistf?
2966 5581 3124 5649 hujus
3155 5575 3302 5636 libri.
3317 5575 3437 5638 ibi.

2225 5644 2340 5719 ξίιιι
2395 5648 2486 5702 illo
2530 5644 2960 5719 vetusto'elogio
3009 5644 3218 5707 senarii
3265 5652 3502 5708 dicitur:
3548 5652 3755 5709 Aulio:

2153 5715 2352 5787 quippe
2379 5732 2562 5774 comes
2587 5719 2700 5774 rexi
2725 5715 3049 5790 patrimonia
3071 5721 3268 5778 clarus.
3296 5721 3417 5779 Jun.
