3988 6178
212 308 321 361 dii?

786 421 1112 482 EPISTOLA
1141 424 1226 479 IX.

223 527 361 569 usuin
393 510 479 584 [ed
510 550 526 576 ,
558 510 730 582 osum]
759 529 881 570 vino
913 531 1173 581 ILLUSTM,
1207 530 1408 577 centri,
1444 526 1805 571 rueooomcus

948 600 1071 639 REX.

225 674 490 745 Constituit
520 679 576 745 ut
615 673 658 724 si
682 673 769 745 qui
797 671 1089 745 Meurentio
1124 684 1171 727 et
1206 674 1388 729 Paula:
1416 677 1578 745 patris
1605 678 1802 731 auxilio

290 741 481 824 orbatis
525 742 663 795 litem
696 741 1023 797 intenderim
1050 784 1061 803 ,
1112 758 1199 798 eos
1246 745 1316 797 ad
1362 741 1560 799 curiam
1607 749 1803 817 regiam

289 820 474 867 mittat.

286 903 614 959 innocentia:
637 903 903 972 professio
934 914 1017 958 est
1050 914 1287 977 nostram
1320 900 1549 973 elegisse
1579 920 1808 975 praesen-

231 995 340 1047 tiam
377 1012 392 1047 :
428 993 519 1047 ubi
550 1008 649 1048 nec
676 993 950 1048 violentia:
997 994 1146 1049 locus
1193 996 1372 1062 datur,
1423 1011 1524 1051 nec
1567 997 1807 1051 avaritiae

229 1085 339 1136 vitia
387 1083 763 1137 formidantur.
816 1080 1150 1138 Mani-nntius
1193 1093 1353 1155 atque
1404 1084 1586 1153 Paula,
1637 1088 1807 1157 patris

230 1175 414 1229 auxilio
440 1173 652 1240 nudati,
672 1173 961 1228 multorum
985 1188 1042 1227 se
1073 1175 1278 1239 injuriis
1302 1185 1565 1231 testantur
1577 1177 1801 1245 exponi:

230 1281 445 1336 quorum
476 1264 839 1319 adolescentia
881 1264 1062 1333 pervia
1112 1264 1328 1337 videtur
1372 1266 1728 1321 incommodis
1757 1276 1805 1333 ε,

231 1373 335 1411 cum
364 1355 526 1410 facile
549 1356 723 1425 possit
751 1355 955 1424 subripi
988 1355 1072 1409 vel
1109 1355 1397 1423 juvenibus
1424 1357 1710 1411 destitutis.
1741 1355 1807 1410 Et
1869 1408 1885 1417 ,

230 1446 335 1502 ideo
366 1455 613 1500 nostrum
642 1454 913 1501 merentur
941 1446 1265 1517 praesidium,
1297 1448 1540 1518 aquibus
1567 1463 1625 1503 se
1655 1449 1806 1503 calli-

231 1538 353 1592 ditas
383 1553 492 1590 non
524 1537 755 1592 abstinet
800 1532 1188 1607 improborum.
1232 1536 1467 1594 Proinde
1510 1539 1808 1597 sublimitas

234 1636 395 1680 vestra
430 1637 674 1681 tenorem
705 1627 982 1697 praesentis
1007 1625 1265 1695 jussionis
1295 1642 1611 1696 agnoscens,
1645 1646 1806 1701 snpra

233 1729 551 1772 memoratos
580 1718 809 1784 adultos,
854 1719 899 1774 si
928 1721 1048 1789 quis
1073 1719 1403 1789 iurgantium
1446 1723 1662 1791 pulsare
1691 1738 1808 1778 ma-

235 1805 398 1871 luerit,
446 1808 513 1862 ad
557 1818 799 1864 nostrum
844 1810 1157 1864 comitatum
1207 1813 1417 1866 noverit
1463 1814 1806 1884 dirigendos:
1845 1801 1884 1858 Β
1914 1780 2086 1884 [⁷⁷³³³⁸]
2114 1777 2479 1884 νοῗθξηΓέῗΡε

238 1898 314 1953 ubi
339 1906 393 1952 et
443 1899 755 1953 innocentia
801 1899 1120 1972 perfugium,
1165 1910 1221 1957 et
1266 1902 1682 1961 calumniatores
1723 1904 1811 1975 jus

238 1999 446 2057 possunt
476 1990 719 2045 invenire
744 1991 1064 2047 districtum.

802 2113 1138 2179 EPISTOLA
1176 2120 1243 2176 X.

238 2230 400 2270 JOANNI
447 2230 570 2272 V130
596 2231 878 2283 SENATORI,
917 2232 1205 2293 οομευιΑιιι
1240 2232 1537 2279 ϐΛΙΙΡΔΝΙᾹΞ,
1573 2235 1810 2276 ἸΊΙΕΟΒΟ-

866 2302 1015 2341 lllCUS
1042 2303 1166 2340 REI.

240 2372 468 2449 Deseruit
506 2384 560 2428 ut
590 2376 810 2449 edictum
840 2375 1137 2449 jn'omitlget_
1167 2377 1220 2449 in
1260 2393 1345 2430 eos
1387 2380 1471 2447 qui
1517 2386 1694 2449 sponte
1740 2379 1810 2432 ad

298 2446 617 2519 pignorandi
639 2462 695 2499 se
748 2446 1301 2519 studiacontulerint;
1339 2446 1553 2519 et’jubet
1588 2458 1646 2501 ut
1670 2451 1810 2519 quis-

296 2515 429 2584 quis,
458 2523 592 2586 quod
622 2524 856 2588 repetere
873 2515 1143 2588 debuisset,
1169 2515 1477 2588 pignoraudi
1501 2515 1805 2588 gratia'f'or-

299 2588 449 2658 tussis
477 2586 760 2658 inuaserit,
811 2601 929 2658 uoce
968 2587 1105 2658 juris
1153 2586 1377 2658 amittat.
1420 2586 1569 2651 Quod
1608 2589 1652 2641 si
1692 2586 1807 2658 quis

296 2655 537 2710 solvendo
562 2670 665 2710 non
696 2666 782 2722 stt,
810 2656 862 2709 in
887 2655 1001 2710 eum
1021 2657 1123 2711 vult
1146 2657 1363 2728 fustibus
1392 2655 1751 2712 animadverti.

296 2766 519 2824 Fmdum
547 2776 631 2823 est
667 2768 807 2824 inter
826 2767 949 2838 jura
989 2769 1203 2839 publica
1235 2770 1457 2840 privatis
1482 2769 1621 2825 odiis
1648 2770 1804 2825 lieen-

230 2859 349 2915 tiam
373 2860 527 2923 dare,
566 2873 668 2914 nec
685 2858 753 2914 ad
781 2859 1058 2915 arbitrium
1089 2862 1364 2931 proprium
1381 2860 1699 2931 iudicandus
1722 2872 1805 2917 est

232 2950 561 3008 inconsultus
589 2954 770 3007 fervor
797 2952 1119 3007 animorum.
1158 2952 1399 3021 Iniquum
1424 2953 1624 3022 quippe
1651 2952 1808 3009 nimis

227 3054 309 3100 est
322 3044 475 3115 quod
494 3044 730 3100 delectat
747 3044 967 3098 iratum.
984 3043 1395 3112 Furentesjusta
1417 3059 1522 3099 non
1548 3045 1803 3109 sentiunt,

227 3134 346 3202 quia
382 3134 518 3189 'dum
544 3134 802 3189 commoti
831 3135 1011 3189 animo
1056 3134 1110 3188 in
1133 3134 1416 3188 vindictam
1444 3135 1690 3200 saeviunt,
1720 3150 1806 3191 re-

224 3239 338 3279 rum
368 3224 788 3301 tower-entiam
814 3238 923 3279 non
970 3224 1278 3294 requirunt.
1294 3223 1430 3278 Hine
1450 3234 1534 3280 est
1560 3222 1707 3294 quod
1729 3224 1807 3279 le-

225 3326 346 3381 gum
367 3323 587 3386 reperta
608 3302 695 3375 est
717 3328 869 3369 sacra
911 3314 1236 3379 reverentia,
1294 3321 1355 3368 ut
1395 3314 1527 3368 nihil
1567 3326 1730 3369 manu
1749 3311 1806 3379 δ,

223 3405 352 3460 nihil
382 3406 613 3476 proprio
643 3398 894 3473 ageretur
935 3404 1189 3475 impulsu.
1218 3403 1357 3471 Quid
1386 3406 1529 3459 enim
1557 3420 1587 3459 a
1613 3405 1806 3462 bellica

224 3496 546 3552 confusione
587 3510 694 3566 pax
720 3495 1005 3564 tranquilla
1031 3495 1270 3565 distabit,
1305 3495 1351 3550 si
1378 3512 1474 3566 per
1500 3495 1608 3549 vim
1638 3494 1805 3565 liligia

224 3588 588 3641 terminentur
634 3584 751 3659 [τηε.
784 3585 874 3652 A.,
906 3598 1004 3659 per
1031 3584 1156 3655 jura
1194 3585 1362 3655 litigia
1383 3601 1491 3641 non
1514 3585 1808 3640 terminen-

223 3676 372 3748 tur]?
406 3676 832 3732 Provincialium
877 3676 1038 3744 igitur
1064 3676 1372 3746 Campaniae
1398 3685 1561 3745 atque
1599 3674 1805 3730 Samnii

221 3770 572 3842 cognatione
592 3770 978 3840 comperimus,
1007 3763 1311 3833 nbnnullos,
1344 3770 1585 3839 neglecta
1605 3777 1808 3839 tempo-

219 3850 347 3939 ἡ,
376 3860 686 3929 ὥκίριίηδ,
717 3857 784 3912 ad
815 3859 1127 3927 pignorandi
1161 3869 1182 3894 α
1215 3874 1274 3913 se
1299 3858 1475 3913 studia
1505 3858 1807 3914 transtulis-

221 3956 389 4031 δαίμ
408 3950 570 4019 quasi
599 3948 775 4005 edicto
797 3950 982 4012 misso,
1006 3964 1103 4019 per
1128 3949 1314 4017 vulgus
1358 3948 1630 4005 licentiam
1684 3963 1804 4005 cre-

290 4133 317 4162 ἰ
348 4123 800 4196 Circumscriptio
831 4126 1230 4196 adolescentem
1261 4125 1486 4196 Lmtoria
1523 4126 1654 4196 lege
1678 4136 1808 4196 pro-

214 4193 416 4265 hibita,
440 4194 618 4250 Cicer.
649 4193 702 4251 ui
722 4196 871 4249 Ol‘lie.
898 4205 954 4250 et
978 4196 1046 4249 de
1075 4193 1800 4265 .‘iat.demj.Jul.Capitolio.

216 4264 268 4315 in
300 4264 551 4333 Antonio
574 4265 920 4333 Philosophe,
944 4265 1049 4319 [ἓ.
1076 4264 1136 4319 C.
1169 4263 1371 4319 Theod.
1398 4266 1471 4319 De
1499 4263 1685 4319 donat.
1709 4264 1802 4320 lib.

214 4333 298 4411 tit.
332 4332 427 4411 ig.
464 4332 675 4390 Insidias
702 4335 834 4389 fiunt
855 4335 1306 4411 adolescentibus,
1333 4336 1367 4388 l.
1405 4334 1452 4400 l,
1487 4334 1556 4390 de
1583 4334 1806 4389 Minori-

210 4402 532 4548 [T031332
534 4445 927 4548 ληαηιιλχειεῶν
952 4477 1101 4546 νὸμῳ,
1129 4473 1181 4527 id
1209 4480 1291 4548 est
1314 4474 1382 4528 vi.
1410 4471 1671 4548 Pompon.
1690 4472 1725 4525 l.
1743 4472 1796 4537 2,

1485 305 1842 367 VAIJARUM
1889 304 2087 358 LIBER
2125 305 2209 357 IV.

1827 429 1878 486 Α
1904 425 2045 476 visse
2064 433 2333 476 Vitiorum.
2360 419 2451 475 llis
2475 421 2643 477 multo
2663 421 2940 478 acerbiora
2960 422 3266 494 jungentes,
3291 426 3481 486 alienis

3384 310 3487 365 6l8

1907 512 2100 566 debitis
2126 512 2188 565 ad
2212 511 2532 567 solutionem
2561 512 2694 567 alios
2723 514 2883 578 trahi,
2933 515 3213 585 solamque
3258 535 3476 574 causam

1907 602 2235 670 probabilem
2263 603 2451 668 videri,
2483 604 2529 657 si
2554 604 2730 671 aliqua
2758 603 2986 659 debitori
3016 608 3192 676 potuit
3223 608 3275 661 in
3299 611 3490 667 civita-

1907 697 1962 743 te
1988 690 2258 759 conjungi.
2295 690 2339 743 Ο
2368 691 2605 758 iniquum
2658 692 3021 760 persuasionis
3051 695 3185 765 (lege
3224 698 3491 764 pervasio-

1910 779 2008 832 nis.
2038 778 2256 851 Juner.]
2280 795 2538 835 errorem.
2589 779 2910 837 Dividuntur
2947 797 3127 839 causa:
3166 787 3439 855 germanis
3469 802 3486 843 :

1908 869 2046 925 illius
2070 873 2485 939 obligationibus
2502 872 2528 909 ἀ
2549 873 2806 941 paternis,
2829 874 2872 928 si
2903 890 3011 928 non
3032 876 3100 929 sit
3124 875 3314 943 haeres,
3343 880 3492 934 exui-

1910 970 2020 1027 tur;
2047 977 2186 1017 uxor
2234 963 2571 1018 maritalibus
2621 964 2835 1029 debitis,
2870 966 2970 1020 nisi
3015 981 3112 1034 per
3132 970 3491 1026 successionis

1907 1054 2139 1117 vincula,
2161 1068 2269 1109 non
2294 1062 2536 1117 tenetur;
2564 1062 2619 1108 et
2647 1054 2869 1109 audacia
2882 1056 3206 1111 solutionem
3224 1058 3492 1114 trabitex-

1911 1156 2144 1210 traneos,
2160 1160 2281 1200 cum
2300 1145 2581 1200 absolvant
2603 1145 2722 1213 jura
2746 1146 3081 1214 eonjunetos.
3103 1145 3217 1202 Hoc
3230 1150 3491 1207 hactenus

1911 1235 2023 1289 fieri
2039 1235 2210 1289 nostri
2230 1234 2530 1301 ignorantia
2546 1232 2774 1289 fortasse
2798 1236 3094 1303 pertulerit,
3117 1254 3255 1294 nunc
3270 1256 3490 1299 necesse

1909 1337 1991 1381 est
2024 1326 2318 1381 remedium
2345 1326 2415 1379 de
2449 1325 2654 1393 legibus
2682 1326 2893 1391 habeat,
2927 1329 3072 1396 quod
3112 1340 3351 1389 nostram
3400 1348 3492 1402 p0-

1904 1420 2009 1473 tuit
2039 1422 2239 1473 intrare
2263 1418 2528 1472 notitiam.
2582 1417 2816 1473 Proinde
2847 1420 3090 1474 edictalis
3120 1436 3489 1490 programma-

1911 1512 1976 1563 tis
1991 1518 2180 1563 tenore
2203 1516 2484 1578 comperto
2497 1507 2866 1578 spectabilitas
2890 1519 3067 1564 vestra
3086 1510 3152 1565 ad
3171 1522 3487 1569 cunctorum

1908 1596 2074 1651 faciat
2095 1597 2342 1650 notitiam
2364 1596 2669 1666 pervenire,
2703 1603 2762 1650 ut
2781 1597 3022 1667 quisquis
3065 1600 3212 1669 quod
3241 1611 3491 1671 repetere

1908 1688 2198 1754 debuisset,
2216 1688 2540 1759 pignorandi
2569 1687 2748 1744 studio
2779 1688 3022 1747 fortassis
3049 1691 3324 1759 invaserit,
3358 1709 3492 1751 voce

2509 1780 2739 1847 amittat,
2763 1795 2866 1835 nee
2905 1781 3063 1836 liceat
3091 1784 3344 1852 cuiquam
3393 1801 3489 1841 sua

1912 1879 2127 1941 sponte,
2158 1870 2260 1926 nisi
2306 1869 2600 1939 obligatum
2656 1870 2901 1935 forsitan,
2953 1871 3143 1941 pignus
3170 1874 3400 1930 auferre.
3433 1874 3489 1932 Si

1912 1975 2040 2016 vero
2061 1962 2290 2016 alterum
2319 1975 2416 2030 pro
2438 1960 2627 2024 altero,
2649 1961 2790 2028 quod
2822 1960 2972 2016 nefas
2998 1961 3145 2017 dictu
3166 1975 3269 2029 est,
3303 1967 3491 2035 pignoo

1909 2064 2031 2105 rare
2053 2051 2321 2114 maluerit,
2348 2050 2399 2103 in
2425 2049 2645 2118 dupldm
2676 2049 2760 2104 cui
2807 2050 2911 2103 vim
2945 2051 3073 2105 fecit
3097 2052 3304 2122 direpta
3337 2056 3490 2112 resti~

1911 2148 2025 2194 tuat
2051 2158 2062 2192 :
2096 2139 2219 2208 quia
2245 2140 2449 2195 scelera
2473 2141 2667 2194 damna
2695 2139 2817 2209 plus
2838 2141 3113 2210 cohibent,
3145 2153 3200 2197 et
3242 2145 3356 2199 sola
3404 2146 3489 2202 de-

1912 2230 2160 2284 trimenta
2190 2230 2426 2299 cogitant
2454 2230 2543 2298 qui
2571 2229 2791 2298 pudoris
2815 2229 2990 2285 fecere
3007 2232 3292 2301 jacturam.
3318 2234 3488 2302 Quem

1912 2335 2041 2376 vero
2071 2321 2138 2375 ab
2168 2321 2269 2374 hac
2297 2320 2661 2375 redhibitione
2708 2320 2841 2394 [alii,
2874 2321 3234 2397 redimitione]
3287 2324 3487 2382 foedum

1908 2410 2266 2481 patrocinium
2290 2410 2564 2464 tenuitatis
2588 2417 2833 2478 excusat,
2861 2426 2960 2480 pro
2980 2412 3196 2468 admissi
3226 2415 3489 2485 qualitate

1895 2501 2162 2557 facinoris
2184 2501 2237 2555 in
2266 2516 2392 2559 eum
2427 2498 2688 2556 fustuario
2717 2502 2981 2572 supplicio
3024 2503 3346 2560 vindicetur.
3371 2505 3487 2562 Non

1908 2593 2051 2648 enim
2082 2592 2316 2663 patimur
2339 2592 2659 2662 impunitum
2687 2591 2831 2661 quod
2855 2593 3102 2649 nolumus
3130 2608 3250 2651 esse
3272 2596 3489 2665 permis-

1908 2696 2025 2737 sum
2034 2722 2045 2734 .

2482 2791 2809 2849 EPISTOLA
2841 2795 2928 2850 XI.

1980 2901 2200 2942 SENARIO
2230 2900 2349 2941 VIBO
2369 2902 2633 2949 lLLL'STllI,
2659 2902 2858 2949 COMITI,
2891 2903 3255 2943 TIlEODOBlCUS
3290 2906 3415 2945 REX.

1911 2973 2145 3030 Remittit
2196 2975 2265 3027 ad
2292 2991 2406 3028 eum
2446 2991 2655 3027 causam
2684 2975 2819 3027 inter
2869 2992 3190 3044 possessores
3225 2977 3488 3033 Votienses

1980 3055 2132 3117 atque
2162 3045 2379 3117 curiales
2402 3044 2634 3114 diligenti
2680 3045 2918 3097 examine
2947 3046 3343 3114 discutiendam,
3396 3066 3488 3104 nec

1977 3113 2082 3170 non
2109 3123 2160 3169 et
2181 3113 2481 3184 ﬁniendam.

1835 3168 1881 3231 ς’
2168 3168 2253 3264 est
2302 3216 2448 3264 certa
2476 3208 2722 3275 remedii,
2780 3218 2904 3265 vota
2935 3212 3234 3281 supplicum
3263 3215 3327 3270 ad
3357 3231 3487 3286 pru-

1908 3300 2085 3357 dentis
2105 3298 2376 3354 remisisse
2397 3297 2692 3366 judicium;
2732 3306 2792 3353 ut
2820 3313 2919 3370 per
2945 3301 3300 3360 ordinationis
3321 3305 3488 3363 bene-

1910 3391 2120 3453 ficium,
2175 3388 2506 3449 confusionis
2561 3389 2853 3457 abrogetur
2890 3391 3177 3448 incertum.
3252 3394 3487 3456 Proinde

1910 3483 2222 3555 magnitudo
2267 3490 2377 3548 tua,
2424 3481 2579 3550 cujus
2601 3480 2926 3538 ordinationi
2960 3483 3171 3541 \idetur
3197 3489 3480 3558 subjacere

1913 3577 2216 3650 provincia,
2244 3575 2388 3630 inter
2412 3589 2755 3645 possessores
2811 3574 3091 3633 Velienses
3117 3586 3282 3648 atque
3305 3583 3484 3637 curia-

1910 3671 1991 3728 les
2028 3683 2244 3726 causam
2269 3667 2506 3736 diligenti
2558 3667 2968 3724 examinatione
2995 3668 3274 3740 discutiat,
3294 3681 3486 3740 quate-

1912 3778 2014 3818 nus
2039 3762 2178 3816 inter
2201 3773 2297 3815 eos
2325 3759 2569 3831 sopiatur
2588 3759 2809 3827 querela
2825 3800 2842 3826 ,
2869 3773 2898 3813 a
2921 3759 3078 3816 vobis
3101 3762 3371 3831 patefacta
3406 3763 3486 3833 ju-

1909 3856 2074 3912 stitia.
2097 3854 2213 3909 Non
2236 3854 2379 3909 enim
2395 3853 2549 3908 decet
2570 3861 2691 3924 post
2717 3853 3047 3911 audientiam
3070 3862 3303 3911 vestram
3327 3870 3488 3926 nego-

1910 3947 2045 4002 tium
2066 3945 2225 4013 trahi,
2254 3960 2283 3998 a
2313 3959 2421 4012 quo
2444 3953 2565 4013 post
2581 3944 2718 3999 alios
2740 3942 2949 4013 judices
2984 3944 3259 4003 debuisset
3286 3944 3482 4003 audiri.

1947 4138 2008 4178 ro
2054 4121 2244 4177 alienis
2295 4124 2639 4178 vicaneorum
2688 4121 2885 4179 debitis
2913 4133 3186 4191 teneatur;
3214 4124 3304 4180 lib.
3341 4122 3478 4180 χιε.

1975 4192 2236 4265 stinianns
2258 4192 2455 4246 novell.
2480 4191 2548 4246 52
2561 4200 2617 4245 et
2646 4192 2762 4254 152,
2794 4204 2849 4248 et
2873 4196 2979 4248 vim
3002 4210 3213 4249 onmem
3233 4213 3263 4249 a
3293 4197 3480 4265 repub.

1907 4262 2098 4342 abesse
2118 4260 2290 4342 jubet,
2339 4269 2398 4342 ut
2436 4275 2542 4314 non
2570 4274 2752 4342 manu,
2789 4265 2881 4318 sed
2912 4267 3124 4342 actione
3146 4260 3481 4342 experiatur.

1903 4331 2071 4402 quue
2111 4331 2219 4402 juri
2247 4340 2430 4385 nostro
2459 4340 2875 4402 consentaneum
2924 4342 3026 4397 est,
3062 4335 3096 4387 l.
3147 4331 3324 4387 exstat
3354 4344 3409 4388 et
3440 4333 3478 4386 l.

1906 4400 2204 4523 pep.rquod
2233 4409 2360 4455 met.
2405 4415 2579 4464 caus,
2607 4401 2640 4453 l.
2671 4401 2725 4462 9,
2768 4413 3043 4469 negantes,
3074 4419 3123 4457 c.
3154 4404 3216 4456 de
3243 4404 3402 4474 oblig.
3434 4413 3485 4456 et

1909 4487 1971 4523 ac
2000 4511 2012 4523 .
2080 4485 2201 4523 eun.

1909 4480 2012 4524 act.
2039 4480 2201 4523 FOBN.

206 4540 277 4612 de
322 4541 481 4609 orig.
508 4542 615 4610 jur.
654 4562 665 4596 :
698 4536 892 4597 'O'i'niiia
947 4536 1106 4597 manu
1165 4543 1305 4609 regis
1352 4536 1807 4612 gubern'abuntur.
1844 4541 1890 4597 Ι)
1985 4538 2015 4612 ’ξ
2036 4536 2571 4612 ΔιηΑᾳιιὶςαιὶοηὶὺ-ιιες,
2592 4547 2700 4612 ςειεΣ
2732 4537 2938 4612 Scribit
2954 4556 3091 4612 vero,
3112 4538 3309 4597 Sextus
3353 4540 3481 4595 Em-

204 4609 678 4683 fioreut.,ntanu
707 4630 737 4665 a
766 4613 988 4683 regibus.
1023 4613 1118 4683 Ms.
1142 4612 1294 4683 liber,
1315 4609 1792 4683 munumnlegibus.

204 4676 443 4743 Paulus,
484 4681 739 4737 adversus
762 4676 1049 4735 cx'traneos
1096 4681 1362 4748 homines,
1411 4684 1456 4736 si
1484 4682 1608 4745 quid
1626 4676 1797 4735 'manu

200 4751 617 4805 commiserint.
650 4752 803 4816 Quod
831 4765 998 4820 genus
1026 4752 1234 4821 dicendi
1263 4753 1354 4821 qui
1383 4754 1554 4821 minus
1580 4763 1797 4820 perspe-

197 4830 435 4881 xerant,
497 4822 609 4875 ausi
636 4827 759 4873 sunt
802 4818 1021 4888 integra:
1050 4818 1434 4875 Pandectarum
1464 4818 1801 4874 Florentina-

197 4905 323 4941 mm
378 4890 614 4944 lectioni
654 4889 996 4953 substituere,
1052 4891 1233 4954 modo,
1279 4906 1499 4951 manus;
1529 4889 1713 4948 modo.
1748 4889 1798 4942 in

190 4958 407 5023 alium;
448 4958 880 5025 modo,malnm.
910 4958 975 5013 Et
1003 4962 1052 5014 in
1086 4959 1258 5014 Photii
1283 4957 1685 5021 Nomocanone,
1718 4967 1797 5011 tu.

192 5028 247 5085 9.
300 5045 444 5097 cap.
484 5028 519 5079 Ἰ
548 5045 566 5100 νς
592 5027 648 5083 Si
678 5030 960 5100 episcopus
986 5032 1239 5084 adversus
1284 5029 1541 5097 collegam
1571 5031 1805 5100 dquvsrri-

192 5120 408 5152 σκοπσν
442 5097 725 5152 actionem
752 5097 955 5154 habens
976 5115 1081 5165 non
1106 5107 1249 5167 agat,
1276 5100 1368 5153 sed
1405 5113 1525 5167 cum
1568 5097 1803 5167 illoutra-

188 5177 330 5245 etet,
373 5173 542 5245 χιιρξ
562 5168 761 5245 πράξει,
786 5169 836 5222 id
858 5180 939 5224 est
967 5185 1126 5221 manu
1148 5165 1204 5220 et
1233 5168 1282 5221 vi
1312 5176 1452 5236 agat.
1484 5166 1621 5245 Diale
1662 5165 1806 5245 [len-

187 5228 343 5293 ricns
373 5228 653 5306 Kg'yleu's,
680 5228 1052 5319 ’ρςέιρςιεπτέισει3
1083 5228 1804 5319 conatusénendare,frus:

186 5317 293 5365 Ira.
336 5316 405 5359 ut
437 5299 527 5358 ἱὶ
553 5299 1109 5371 concilii'tjarthagin.
1138 5324 1257 5361 can.
1291 5306 1412 5371 12!,
1442 5315 1496 5360 et
1523 5304 1803 5358 Justiniani

184 5378 383 5430 novel.
448 5375 582 5432 1-5.
613 5378 962 5432 convincitur.
1008 5375 1102 5431 Vis
1145 5378 1317 5430 mnnis
1356 5377 1559 5443 legibus
1589 5375 1801 5435 infesta,

184 5462 315 5498 ωιιι
344 5447 598 5515 insuper
624 5446 807 5515 habito
838 5448 1182 5512 magistratus
1210 5447 1434 5515 imperio
1461 5445 1654 5515 privati
1703 5444 1804 5497 sibi

180 5515 269 5581 jus
292 5515 413 5586 ipsi
454 5510 668 5567 dicitnt.
701 5514 759 5568 L.
785 5510 1001 5586 nonest
1026 5516 1267 5584 singulis,
1289 5510 1364 5569 de
1388 5510 1497 5586 reg.
1526 5514 1629 5581 ju.,
1651 5517 1805 5585 ἀναρ-

228 5583 328 5641 ιητί
350 5586 850 5639 δανιιστῶννοῢὲιῑ.
879 5583 1203 5653 llarmennp.
1240 5585 1327 5639 lib.
1363 5601 1418 5639 ιη
1448 5583 1803 5654 Epitom.,tit.

181 5610 237 5715 ἐ,
268 5658 585 5715 ἀνάρχωςς
605 5650 884 5707 Justinian.
917 5656 1019 5715 leg.
1044 5654 1276 5715 Restim,
1304 5656 1384 5709 lit.
1410 5655 1462 5715 1,
1490 5657 1525 5708 Ι.
1556 5652 1608 5706 ϐ.
1638 5652 1801 5708 Fons.

354 5660 585 5723 ῑιρχως,
605 5650 884 5707 Justinian.
917 5656 1019 5722 leg.
1044 5650 1276 5721 Rustic.,
1304 5656 1384 5709 tit.
1410 5655 1462 5716 l,
1490 5650 1525 5708 l.
1556 5652 1608 5706 6.
1638 5652 1801 5708 Fons.
1838 5664 1849 5669 ’

260 5733 285 5763 ε
316 5722 793 5793 Piguofationes,
814 5730 881 5793 et
887 5738 1020 5789 quas
1042 5724 1370 5793 reprmsalias
1397 5726 1600 5787 dicunt,
1630 5724 1805 5791 probi-

176 5794 283 5849 bet
310 5786 746 5853 thcmloricus,
767 5801 820 5844 et
848 5786 990 5845 leno
1021 5794 1055 5845 Ι.
1089 5786 1202 5859 tim,
1230 5804 1284 5850 ιιι
1305 5796 1476 5853 nullus
1504 5809 1570 5850 ex
1600 5786 1801 5849 γῖοίιῑιίε

582 5886 849 5943 l'nuot.
881 5883 1110 5945 LXIX.

1903 4610 2115 4683 pyricus
2135 4608 2229 4662 lib.
2257 4606 2293 4668 ἱ.
2328 4624 2448 4683 cap:
2478 4606 2563 4672 Η,
2591 4609 2640 4662 in
2673 4608 2762 4661 fin.
2795 4610 3053 4683 Pyrrhon.
3079 4609 3481 4683 lty_pothes.,le-

1904 4676 2025 4749 gem
2054 4693 2173 4733 esse
2220 4678 2358 4748 apud
2406 4676 2696 4744 Romanos,
2736 4676 2907 4748 utqui
2954 4676 3190 4749 paternis
3215 4676 3483 4736 bonis'reo

1906 4748 2274 4829 nuntiat,"non_
2298 4748 2760 4829 persolvat_patris
2795 4748 3030 4815 nomina.
3063 4751 3214 4820 Apud
3245 4749 3482 4829 Rhodios

1908 4826 2085 4873 antem
2115 4817 2406 4872 dissolvere
2432 4832 2504 4871 tes
2539 4817 2767 4874 alienum
2796 4829 3078 4888 paternum
3106 4817 3479 4888 compellatur.

1909 4888 2162 4956 Quamvis
2207 4903 2314 4942 non
2344 4888 2519 4942 omnis
2549 4889 2687 4956 illius
2706 4897 2785 4943 est
2800 4888 2990 4955 hmres,
3023 4905 3121 4944 nec
3142 4891 3318 4944 statim
3349 4889 3485 4942 invi-

1909 4954 1994 5011 tus
2022 4957 2370 5023 obstringitur
2384 4956 2485 5027 atri
2517 4954 2693 5012 alieno
2721 4973 2751 5011 a
2795 4968 2945 5027 patre
2970 4954 3203 5014 conflato
3234 4977 3247 5011 :
3271 4974 3301 5013 a
3329 4958 3483 5027 cujus

1910 4974 1994 5011 ius
2022 4974 2370 5023 onsmngttur
2396 4974 2485 5009 mn
2517 4974 2693 5012 aneno
2721 4974 2751 5011 a
2831 4974 2945 5015 atre
2970 4974 3203 5014 eonuato
3234 4977 3247 5011 :
3271 4974 3301 5013 a
3329 4974 3482 5027 cujus

1910 5027 2218 5081 lnereditate
2233 5025 2399 5097 (quod
2430 5027 2585 5082 hodie
2606 5028 2749 5096 licet)
2768 4974 3098 5093 abstinuerit,
3130 5036 3226 5083 tot.
3250 5036 3482 5083 tractatu

1908 5099 1976 5166 de
1996 5097 2103 5166 jur.
2128 5096 2247 5150 del.
2267 5099 2299 5166 Ι,
2320 5096 2415 5166 12,
2446 5111 2564 5150 eum
2588 5112 2617 5149 a
2650 5108 2835 5162 matre,
2869 5097 2929 5153 C.
2961 5100 3027 5152 de
3069 5098 3148 5153 rei
3174 5098 3368 5153 vindic.
3395 5113 3410 5161 ;
3442 5098 3480 5153 ι.

1911 5164 2008 5227 15,
2027 5166 2148 5219 atris
2171 5182 2183 5229 ;
2208 5166 2243 5217 l.
2270 5164 2356 5231 24,
2389 5167 2431 5217 si
2456 5168 2615 5233 patri,
2644 5166 2703 5219 C.
2741 5168 2807 5221 de
2828 5169 3033 5229 donat,
3062 5183 3111 5221 c.
3140 5182 3242 5222 non
3291 5169 3478 5230 omnis,

1913 5234 1999 5315 52,
2025 5250 2079 5316 qr.
2111 5234 2167 5287 2.
2197 5233 2373 5316 Quare
2397 5233 2696 5316 alexander
2723 5238 2957 5316 ponti'ex
2987 5235 3142 5316 Rom.
3174 5236 3317 5316 quod
3339 5237 3482 5316 indi-

1910 5306 2103 5358 stincte
2132 5302 2568 5373 rescribiliﬁliunt
2599 5302 2766 5373 patris
2786 5306 2963 5359 debita
2986 5302 3265 5363 exsolvere
3287 5307 3481 5370 teneri,

1909 5390 1958 5429 c.
1985 5374 2009 5426 1
2041 5374 2104 5425 de
2127 5373 2307 5439 solut,
2352 5372 2401 5425 id
2425 5390 2532 5427 nou
2560 5374 2872 5443 simpliciter
2898 5374 2964 5429 de
2988 5375 3139 5443 ptilio,
3170 5377 3266 5432 sed
3289 5391 3483 5431 s--cun-

1908 5445 2033 5497 dum
2058 5458 2120 5497 ea
2146 5458 2267 5511 quae
2296 5444 2487 5511 saepius
2506 5441 2838 5508 contingunt,
2860 5444 2927 5498 de
2976 5441 3084 5499 filio
3114 5444 3482 5502 luereiitatem

1913 5522 2117 5566 tantum
2146 5509 2310 5581 patriis
2336 5509 2566 5581 adeunte
2594 5510 2958 5580 accipiendum
2986 5523 3089 5580 est,
3114 5527 3226 5581 urg.
3260 5515 3297 5567 Ι.
3331 5515 3383 5579 ι,
3428 5512 3479 5576 5,

1912 5584 1964 5657 ti.
1997 5578 2241 5657 delegib.
2272 5578 2339 5657 Ut
2369 5580 2652 5657 plurimum
2682 5578 2863 5636 existit
2898 5578 3293 5657 haeres'pat'ris,
3332 5578 3485 5657 cujus

1912 5650 2195 5706 hzereditas
2226 5651 2383 5704 tacita
2415 5653 2643 5718 quadam
2674 5661 2864 5705 natura
2898 5655 3079 5710 liberis
3106 5650 3480 5709 addicitur.'l..

1913 5721 2000 5779 ll,
2025 5720 2229 5791 insitis,
2251 5719 2317 5791 de
2344 5720 2429 5772 lib.
2458 5730 2513 5773 et
2542 5721 2840 5791 ῃοςιιιωιι.;
2871 5724 2902 5777 1.
2936 5724 3132 5791 7,cnm
3153 5723 3392 5791 ratio,D.
3419 5722 3486 5781 de

1910 5792 2034 5846 bon.
2060 5790 2238 5845 damn.
2270 5789 2501 5845 Fonnsn.

3054 5886 3129 5946 20
