3988 6178
284 240 378 295 6⁵21

1540 237 1892 294 VARIARUM
1938 236 2136 296 LIBER
2179 239 2266 294 lV.

3465 243 3566 300 622

285 353 612 410 functiones.
643 349 700 405 ln
729 349 858 421 ipsis
877 349 1210 438 eniminitiis
1229 351 1670 422 comprimendos
1688 364 1881 407 exces-
1911 354 1956 410 A
1986 351 2176 407 animis
2197 353 2510 423 impleatur;
2550 363 2814 423 quatenus
2842 363 2896 409 et
2924 355 3234 412 excessibus
3264 357 3484 415 tollatur
3507 363 3568 416 li-

279 463 375 504 sus
401 453 506 510 est,
539 460 612 500 ne
633 443 772 499 foeda
804 444 1054 508 imitatio,
1087 445 1242 514 quasi
1290 445 1464 514 turpis
1483 443 1712 506 scabies,
1737 458 1877 513 pau-

280 543 431 596 latim
460 541 700 608 reliquos
721 537 1169 608 comprehendat.
1209 537 1265 594 Si
1292 539 1413 608 quis
1441 550 1571 605 ergo
1598 537 1748 606 jussa
1777 552 1878 592 no-

277 641 391 687 stra
422 630 624 700 agresti
651 629 843 699 spiritu
869 629 1210 698 resupinatus
1237 629 1514 696 ahjeeerit,
1561 644 1716 684 casas
1760 626 1877 696 ejus

278 721 546 792 appositis
565 721 736 774 titulis
762 719 877 775 ﬁsci
907 721 1079 774 nostri
1098 718 1311 788 juribus
1333 718 1656 782 vindicabis,
1689 725 1748 772 ut
1785 717 1876 787 qui

271 825 421 884 juste
469 812 646 867 noluit
699 827 865 882 parva
914 812 1148 874 solvere,
1197 811 1592 866 rationabiliter
1632 809 1878 865 videatur

273 905 513 958 maxima
534 903 854 972 perdidisse.
885 901 989 969 Qui
1017 905 1160 957 enim
1190 901 1390 957 debent
1419 901 1486 956 ad
1518 901 1704 958 ﬁscum
1735 901 1877 956 cele-

275 995 395 1048 rius
424 1009 548 1049 esse
570 993 775 1059 devoti,
799 994 898 1048 nisi
929 994 1020 1062 qui
1050 995 1271 1064 capiunt
1289 994 1574 1049 commoda
1595 992 1876 1048 donativi?

271 1082 508 1150 Quando
529 1081 837 1152 ampliusde
856 1091 1044 1138 nostra
1067 1084 1403 1142 humanitate
1421 1084 1692 1154 recipiunt
1713 1099 1873 1154 quam

269 1173 532 1242 stipendii
558 1172 682 1242 jure
705 1181 1010 1243 praestetur.
1045 1171 1179 1228 Nam
1208 1175 1254 1230 si
1300 1173 1641 1229 liberalitatis
1673 1184 1876 1230 nostrm

269 1277 439 1320 causa
470 1271 756 1327 tractetur,
792 1279 890 1318 nos
914 1264 1096 1334 potius
1125 1265 1428 1319 voluntaria
1459 1265 1657 1321 tributa
1709 1264 1875 1321 solvi-

268 1370 418 1424 mus,
439 1355 534 1426 qui
556 1353 804 1411 fortunas
833 1356 1074 1410 omnium
1114 1356 1481 1412 sublevamus.

823 1484 1160 1542 EPISTOLA
1197 1485 1315 1542 XV.

439 1595 720 1636 BENENA'I‘O
747 1595 871 1636 V130
895 1595 1159 1636 SENATORI
1189 1594 1554 1636 τιιεουοιιιεῠε
1579 1595 1706 1638 REX.

269 1669 475 1743 Statuit
501 1681 558 1726 ut
578 1672 762 1743 viginti
781 1689 939 1725 unum
968 1672 1331 1726 dromonarios
1357 1671 1675 1743 robustosin
1703 1672 1872 1728 locum

441 1742 805 1814 defunctorum
844 1743 1026 1813 eligat,
1047 1743 1276 1814 viresque
1295 1758 1473 1796 eorum
1502 1742 1702 1814 probet.

336 1833 572 1890 lllustris
599 1844 654 1890 et
675 1834 944 1903 magniﬁci
963 1834 1060 1889 viri
1084 1835 1298 1890 comitis
1312 1833 1628 1892 Patrimonii
1653 1849 1873 1906 sugges-

270 1928 420 1983 tione
432 1928 796 1998 comperimus
819 1927 1195 1984 dromonarios
1207 1938 1230 1964 ἰ
1245 1927 1431 2000 viginti
1442 1927 1547 1998 65
1561 1935 1616 1982 et
1627 1944 1790 1982 unum
1805 1927 1874 1983 de

269 2019 574 2074 constituto
609 2034 834 2074 numero
862 2019 1054 2075 mortis
1096 2016 1442 2078 incommodo
1471 2019 1634 2073 fuisse
1660 2018 1874 2074 subtra-

269 2121 410 2166 ctos.
439 2108 593 2166 Unde
613 2110 1006 2181 providentiam
1030 2118 1290 2177 nostram,
1321 2109 1475 2181 cujus
1496 2119 1579 2166 est
1596 2111 1874 2183 proprium

269 2201 418 2270 quod
451 2216 580 2256 casu
609 2201 926 2257 subducitur
952 2215 1208 2272 reparare
1235 2201 1486 2263 consilio,
1529 2202 1632 2258 hoc
1655 2202 1874 2258 statuis-

268 2308 325 2348 se
346 2307 652 2363 cognosce;
680 2302 738 2348 ut
754 2293 1091 2364 supradictos
1112 2293 1486 2349 dromonarios
1507 2293 1739 2364 probare
1757 2294 1874 2349 sine

269 2385 457 2455 aliqua
487 2385 830 2442 dubitatione
868 2383 1111 2451 festines,
1138 2384 1230 2453 qui
1259 2392 1438 2438 tamen
1486 2383 1553 2437 ad
1605 2383 1710 2438 hoc
1739 2398 1875 2453 opus

272 2479 486 2548 possint
515 2478 694 2534 idonei
722 2479 971 2549 reperiri.
1005 2478 1291 2546 Remigum
1321 2477 1464 2532 enim
1494 2476 1649 2531 labor
1676 2491 1874 2546 opero-

271 2584 365 2624 sus
388 2569 637 2624 valentes
663 2570 846 2625 animo
872 2577 929 2624 et
954 2568 1160 2624 viribus
1187 2569 1398 2638 quaerit,
1444 2575 1504 2621 ut
1549 2566 1874 2622 conﬁdentia

272 2663 476 2718 mentis
526 2663 778 2733 procellis
819 2663 1041 2717 obviare
1070 2661 1242 2732 possit
1271 2661 1510 2716 undosis.
1543 2659 1682 2728 Quid
1729 2660 1874 2715 enim

271 2755 570 2810 audentius
598 2770 759 2825 quam
791 2755 924 2810 illud
955 2754 1178 2809 infidum
1226 2769 1291 2810 ac
1316 2753 1680 2810 vastissimum
1726 2767 1876 2808 mare

273 2845 486 2901 intrare
509 2861 676 2915 parvo
702 2846 934 2914 navigio,
968 2845 1112 2914 quod
1140 2844 1366 2900 eluctari
1395 2843 1524 2900 facit
1543 2845 1876 2915 desperatio-

270 2936 357 2992 nis
406 2937 526 2991 sola
578 2938 958 3007 prmsumptio?
998 2936 1341 3007 Quapropter
1380 2935 1544 3005 jussis
1596 2944 1650 2990 te
1677 2935 1876 2991 nostris

271 3028 415 3083 bam
462 3029 729 3084 cautelam
760 3031 1016 3086 convenit
1061 3029 1336 3096 adbibere,
1371 3037 1432 3084 ut
1477 3030 1758 3098 querelam
1804 3029 1873 3085 de

268 3122 626 3190 congregatis
639 3121 903 3177 debilibus
934 3138 1042 3178 non
1065 3123 1247 3189 facias,
1275 3138 1397 3178 cum
1427 3139 1525 3179 nos
1546 3120 1872 3196 [Imp.,uec|

270 3213 686 3270 robustissimos
714 3215 991 3284 quaesiisse
1011 3219 1326 3286 cegnoscas.

848 3331 1183 3390 EPISTULA
1210 3333 1352 3390 XVI.

493 3442 721 3482 SENATUI
745 3442 892 3482 UBBIS
940 3443 1098 3482 BONA-2
1145 3442 1509 3483 THEODORICUS
1532 3443 1658 3482 REX.

269 3517 565 3590 Renuntiat
589 3534 643 3590 se
667 3515 933 3590 Arigernoi
951 3521 1147 3585 comiti,
1175 3537 1324 3590 quem
1341 3518 1416 3575 'ob
1445 3522 1700 3588 prwclare
1729 3530 1873 3589 gesta

338 3588 551 3661 (trudat,
582 3586 832 3643 Romana:
852 3589 993 3661 urbis
1023 3586 1359 3661 disciplinam
1382 3586 1798 3655 coinmisissefet
1819 3601 1875 3646 ut

339 3659 427 3712 illi
451 3668 678 3728 pareant
706 3675 883 3713 omnes
904 3657 1073 3728 jubet.

345 3746 612 3805 Utilitatis
631 3749 860 3819 publica).
885 3765 1070 3816 causa,
1103 3765 1267 3820 quam
1293 3758 1480 3807 noster
1506 3753 1716 3808 animus
1743 3767 1876 3808 sem-

269 3853 374 3910 per
395 3847 629 3908 spectat,
655 3839 830 3894 virum
860 3839 1120 3897 illustrem
1150 3842 1403 3897 comitem
1430 3840 1775 3912 Arigernum,
1798 3843 1875 3899 cl-

269 3945 398 3986 vem
428 3945 569 3999 pene
600 3942 861 4000 vestrum,
891 3932 1094 3987 dudum
1119 3933 1188 3988 ad
1233 3931 1438 3990 Gallias
1491 3935 1878 3993 aestimavimus

268 4021 647 4090 dirigentium,
676 4031 737 4076 ut
763 4021 880 4092 ejus
924 4024 1240 4079 maturitate
1289 4025 1501 4081 consilii
1531 4025 1875 4081 titubantium

270 4112 583 4183 potuissent
626 4113 791 4168 corda
843 4111 1065 4169 ﬁrmari.
1096 4113 1404 4174 Novitatem
1433 4116 1634 4186 quippe
1676 4116 1877 4172 sollici-

269 4215 388 4260 tam
420 4205 714 4276 prudentes
742 4208 998 4261 convenit
1019 4207 1220 4263 habere
1244 4217 1508 4274 rectores,
1538 4220 1597 4262 ut
1618 4208 1880 4279 quemad-

269 4294 503 4350 modum
532 4295 694 4350 fuerit
719 4296 847 4351 vita:
873 4295 1138 4351 formatus
1158 4296 1314 4362 ordo,
1356 4298 1434 4353 sic
1461 4308 1642 4353 currat
1673 4299 1879 4354 institu-

269 4392 331 4438 ta
362 4383 610 4439 devotio.
634 4383 730 4440 His
758 4387 921 4441 rebus
950 4387 1015 4440 ad
1045 4393 1230 4441 nostra
1250 4395 1375 4441 vota
1427 4388 1762 4457 compositis,
1824 4396 1879 4443 et

1981 444 2179 506 centia,
2237 452 2286 500 et
2319 446 2462 515 quod
2513 454 2764 516 optamus
2812 449 3065 514 maxime,
3110 449 3289 505 locum
3335 464 3568 522 nequeat

1980 533 2222 590 invenire
2258 538 2518 592 vindicta.
2571 540 2628 594 Si
2675 554 2781 608 qua
2824 542 2984 595 etiam
3009 558 3105 612 per
3135 545 3249 614 ejus
3270 547 3568 604 absentiam

1978 626 2134 695 culpa
2175 629 2505 696 provenerit,
2554 630 2696 684 inter
2753 647 2847 685 vos
2869 620 3092 702 justitia:
3132 636 3571 695 consideratione

1979 717 2254 786 corrigite,
2286 718 2423 774 sicut
2453 720 2720 776 nobilitati
2743 731 2939 777 vestra:
2987 726 3241 780 convenit
3274 740 3454 796 agere,
3480 731 3570 786 cui

1979 819 2193 875 semper
2221 809 2460 878 probitas
2491 810 2668 880 placet
2697 830 2710 865 :
2737 816 2992 884 quoniam
3026 832 3124 872 nos
3151 818 3462 888 specialiter
3487 821 3570 875 iu-

1973 895 2216 966 junxisse
2255 903 2586 968 cognoscite,
2623 912 2680 958 ut
2707 920 2878 975 error,
2901 907 2992 976 qui
3030 909 3100 964 ab
3127 911 3438 966 auctoribus
3459 913 3571 968 suis

1981 990 2204 1043 minime
2229 990 2387 1046 fuerit
2427 994 2761 1061 emendatus,
2795 997 2970 1066 legum
2991 997 3327 1058 districtione
3353 1018 3567 1060 resece-

1979 1083 2084 1131 tur.
2135 1077 2396 1135 Pareatur
2423 1097 2574 1154 ergo,
2618 1083 2678 1138 P.
2712 1083 2800 1152 (3.,
2842 1089 2958 1142 viro
3013 1090 3196 1144 tuultis
3237 1095 3571 1164 temporibus

1975 1166 2086 1236 jam
2117 1169 2368 1240 probato,
2391 1173 2542 1243 cujus
2570 1190 2794 1232 necesse
2819 1185 2902 1233 est
2930 1179 3263 1249 praedicanda
3279 1185 3453 1254 sequi,
3475 1185 3567 1254 qui

1979 1273 2040 1314 se
2068 1259 2329 1318 hactenus
2357 1264 2458 1318 sub
2481 1273 2657 1320 vestra
2681 1269 2921 1324 omnium
2951 1271 3108 1326 laude
3132 1277 3399 1340 tractavit,
3432 1285 3488 1331 et
3515 1278 3568 1330 in

1978 1356 2128 1405 tanta
2148 1350 2453 1422 frequentia
2480 1355 2677 1412 nullius
2698 1360 2901 1429 reperit
2927 1363 3155 1418 adversa
3175 1363 3395 1434 judicia.

2507 1483 2840 1542 EPISTOLA
2868 1488 3034 1546 XVII.

2150 1587 2257 1630 IDE
2284 1588 2408 1630 vmo
2436 1589 2662 1642 SUBLIMI,
2693 1593 2834 1644 DUCI,
2856 1597 3224 1640 THEODORICUS
3255 1603 3383 1642 REI.

1979 1658 2232 1744 Prmcipit
2249 1674 2306 1718 ut
2333 1667 2562 1744 ecclesiis
2605 1666 2967 1728 Narbonensis
2992 1678 3342 1744 possessiones
3371 1681 3435 1736 ab
3465 1685 3567 1740 ali—

2012 1732 2192 1804 quibus
2240 1739 2602 1806 pervasaribus
2631 1751 2934 1813 occupatas,
2973 1732 3335 1810 restituendas

2048 1849 2334 1910 Deﬁnitam
2355 1870 2472 1911 rem
2503 1856 2571 1913 ab
2601 1858 2826 1928 antiquo
2854 1874 3004 1930 rege,
3033 1879 3194 1934 quam
3226 1874 3404 1924 tamen
3433 1883 3565 1925 con-

1976 1952 2086 2000 stat
2115 1947 2511 2004 rationabiliter
2541 1964 2662 2005 esse
2683 1949 2977 2018 decretam,
3003 1955 3148 2010 nulla
3171 1957 3416 2015 volumus
3453 1975 3567 2016 am-

1976 2033 2237 2103 biguitate
2259 2038 2519 2094 titubare:
2539 2040 2662 2110 quia
2685 2041 2846 2097 decet
2868 2043 3077 2100 firmum
3108 2061 3229 2104 esse
3255 2049 3402 2118 quod
3417 2066 3568 2107 com-

1977 2125 2262 2184 mendatur
2291 2128 2555 2198 probabili
2581 2132 2843 2200 jussioue.
2889 2134 2999 2191 Cur
3026 2138 3169 2192 enim
3199 2141 3375 2209 priora
3407 2158 3563 2212 quas-

1976 2232 2177 2284 scmus,
2213 2219 2303 2275 ubi
2329 2221 2465 2276 nihil
2486 2230 2570 2278 est
2610 2224 2756 2294 quod
2805 2227 3080 2298 corrigere
3115 2229 3444 2290 debeamus?
3473 2236 3563 2291 At-

1977 2325 2085 2381 que
2109 2311 2231 2367 ideo
2259 2313 2514 2383 praesenti
2536 2314 2632 2371 tibi
2655 2318 2980 2375 auctoritate
3000 2323 3341 2392 praecipimus
3361 2334 3420 2380 ut
3447 2342 3562 2396 pos-

1974 2401 2248 2457 sessiones
2275 2401 2643 2462 Narbonensis
2675 2407 2934 2475 ecclesim,
2967 2411 3262 2468 secundum
3294 2417 3562 2484 pnecelszn

1977 2493 2370 2549 recordationis
2410 2493 2609 2552 Alarici
2638 2507 2924 2570 praecepta,
2957 2516 2989 2555 a
3015 2503 3345 2572 quibuslibet
3372 2522 3562 2576 perva-

1976 2586 2192 2642 soribus
2215 2596 2492 2658 occupata:
2508 2597 2814 2657 teneantur,
2835 2593 3104 2664 aequitatis
3130 2595 3296 2653 facias
3325 2609 3564 2656 contem-

1965 2680 2218 2749 platione
2237 2682 2449 2737 restitui
2483 2701 2496 2736 :
2525 2685 2780 2764 quoniam
2827 2687 3034 2743 versari
3067 2686 3238 2762 [παθη
3268 2690 3566 2754 adversarii

1978 2773 2230 2830 nolumus
2256 2775 2309 2829 in
2339 2773 2591 2832 Ecclesiae
2627 2777 2910 2848 dispendio
2931 2781 3379 2852 praesumptiones
3405 2783 3565 2842 illici-

1978 2872 2085 2933 tas,
2110 2865 2236 2921 dum
2266 2874 2454 2922 nostra
2479 2867 2670 2924 deceat
2699 2877 2943 2939 tempora
2963 2870 3154 2926 sedare
3173 2871 3418 2928 confusa.
3434 2873 3562 2931 Esto

1979 2967 2168 3015 contra
2199 2959 2329 3014 talia
2358 2961 2579 3016 omnino
2611 2961 2967 3030 sollicitus,ut
2987 2963 3079 3033 qui
3109 2979 3168 3018 es
3190 2964 3333 3020 bello
3362 2966 3561 3031 clarus,

1981 3051 2243 3106 civilitate
2270 3066 2486 3122 quoque
2516 3053 2756 3108 reddaris
2775 3055 3023 3111 eximius.
3067 3056 3158 3112 Sic
3181 3065 3238 3113 et
3277 3073 3426 3114 artua
3449 3067 3566 3130 tua,

1980 3141 2093 3199 Deo
2131 3143 2378 3213 juvante,
2426 3146 2770 3213 corroboras,
2821 3148 2867 3202 si
2889 3148 3157 3217 justitiam
3202 3151 3565 3209 mediocribus

1976 3247 2194 3288 servare
2214 3232 2533 3289 contendas.
2565 3231 2829 3306 [mprobis
2852 3238 2993 3292 enim
3017 3240 3259 3308 potuisse
3285 3241 3564 3307 resistere,

1977 3341 2084 3382 non
2110 3327 2370 3396 prmvales
2397 3342 2678 3392 excusare,
2729 3329 2948 3398 quando
2974 3345 3163 3385 omnes
3193 3331 3288 3386 tibi
3335 3331 3566 3392 libenter

1976 3417 2194 3482 cedunt,
2218 3434 2380 3489 quem
2425 3419 2720 3488 gloriosum
2744 3420 2797 3474 in
2827 3421 3098 3477 bellorum
3121 3426 3420 3480 certamine
3466 3440 3564 3482 co-

1975 3517 2299 3578 gnoverunt.
2330 3509 2557 3579 lgnavus
2577 3510 2716 3565 forte
2735 3510 3028 3577 audacibus
3046 3511 3240 3582 jubere
3263 3515 3338 3570 nil
3360 3517 3564 3586 possit:

1979 3619 2138 3660 nemo
2167 3604 2287 3675 plus
2314 3601 2760 3676 prmsumentibus
2816 3603 3049 3674 imperat
3072 3618 3236 3673 quam
3263 3620 3428 3676 quem
3459 3622 3560 3663 sua

1979 3694 2117 3750 facta
2138 3694 2541 3752 commendant.

2461 3825 2819 3906 .EPISTOLA
2846 3827 3031 3884 xvm.

2047 3942 2201 3984 ΑΝΝΑΕ
2253 3941 2380 3983 γιιιο
2415 3940 2696 3990 SENATORI,
2740 3939 2942 3989 COIITI,
2977 3939 3344 3983 τηεουοωουε
3365 3943 3492 3984 REX.

1976 4041 2304 4117 Decernitqu
2331 4042 2602 4117 diligenter
2621 4041 2853 4113 inquirat
2880 4056 3004 4117 num
3031 4039 3336 4117 Laurentius
3358 4046 3567 4117 presby-

2049 4122 2145 4197 ter,
2170 4113 2374 4183 eﬁ'ouis
2397 4111 2716 4167 mortuorum
2744 4111 3015 4182 sepulcris,
3065 4112 3333 4168 thesauros
3359 4111 3568 4170 invene-

2050 4194 2139 4238 fil.

2049 4273 2400 4329 Consuetudo
2441 4281 2526 4328 est
2557 4281 2756 4328 nostra:
2789 4272 3112 4337 clementiae,
3141 4272 3382 4342 probata:
3412 4274 3567 4329 nobis

1980 4367 2103 4423 ﬁdei
2128 4366 2336 4436 agenda
2365 4366 2730 4431 committere,
2760 4373 2820 4420 ut
2847 4380 2969 4421 cum
2994 4365 3206 4436 judices
3249 4366 3563 4436 delegamus

267 4474 509 4544 gloriam
537 4475 810 4531 civilitatis
839 4476 1044 4544 retulit,
1074 4484 1130 4530 et
1181 4476 1327 4547 quod
1363 4476 1504 4531 inter
1554 4493 1652 4532 vos
1687 4475 1874 4534 didicit

1984 4461 2266 4533 praedictos
2297 4468 2529 4516 tractatu
2551 4468 2785 4530 maturo,
2810 4459 2987 4515 locum
3021 4474 3188 4529 prava
3219 4470 3456 4530 nequeat
3482 4462 3558 4516 in.

265 4567 566 4636 diligenter
606 4566 916 4634 ostendens,
965 4569 1232 4624 bellorum
1275 4567 1502 4637 insignia
1550 4569 1866 4639 reportavit.

267 4657 453 4726 Quem
482 4657 1017 4725 desideratum,sicut
1043 4671 1320 4730 putamus,
1347 4662 1512 4715 coetui
1540 4668 1720 4717 vestro
1749 4660 1870 4716 red-

264 4747 538 4814 didimus,
571 4757 630 4803 ut
657 4750 750 4819 qui
776 4751 932 4806 vobis
960 4751 1120 4820 longa
1144 4760 1303 4806 aetate
1331 4752 1552 4821 placuit,
1584 4767 1729 4808 nunc
1747 4766 1870 4822 gra-

269 4841 386 4895 tior
409 4840 522 4906 ﬁat,
554 4856 677 4896 cum
707 4857 830 4896 eum
853 4842 1063 4913 adjecta
1093 4844 1236 4900 bona
1279 4843 1676 4900 commendant.
1727 4845 1872 4911 Quae

266 4941 508 5003 propter
528 4933 822 5004 disciplina:
847 4951 907 4992 se
928 4936 1135 5006 praefati
1165 4937 1263 4991 viri
1295 4936 1572 4992 Romanus
1598 4936 1732 4992 ordo
1777 4951 1867 4990 re-

265 5024 491 5087 stituat,
543 5031 602 5078 ut
651 5027 797 5094 quod
849 5028 1042 5099 quietis
1090 5043 1275 5084 amore
1303 5027 1631 5099 ortecipitur,
1662 5027 1871 5083 devotis

353 5218 380 5244 ι
407 5206 709 5265 Dromones
737 5207 946 5277 navigia
975 5207 1254 5278 celerrima
1270 5208 1424 5278 quasi
1453 5209 1694 5264 cursoria
1724 5223 1753 5263 a
1775 5207 1870 5264 Ju-

267 5279 519 5333 stiniano
546 5289 808 5348 vocantur
851 5280 901 5333 in
940 5279 977 5333 l.
1011 5278 1066 5346 ὁ,
1087 5277 1150 5332 C.
1179 5280 1246 5333 de
1273 5277 1363 5332 oll'.
1393 5279 1542 5348 prml‘.
1577 5289 1728 5348 prtet.
1755 5279 1867 5345 aﬂ'.,

265 5364 420 5419 quos
443 5349 663 5419 celones
690 5347 864 5402 Latini
896 5351 1170 5419 appellant
1199 5365 1226 5402 a
1251 5347 1546 5414 celeritate,
1566 5347 1623 5404 ut
1645 5358 1875 5405 testatur

267 5417 752 5491 Noniumﬂilites,
783 5417 980 5487 inquit,
1005 5421 1304 5476 constituas
1340 5421 1430 5490 qui
1462 5422 1668 5490 possint
1695 5428 1752 5476 et
1789 5421 1873 5491 ip-

268 5504 403 5561 sum
429 5489 712 5561 trajectum
740 5504 979 5561 servare,
1001 5498 1071 5561 _et
1098 5491 1274 5543 omnia
1305 5489 1639 5560 qumctmque
1668 5491 1720 5544 in
1746 5489 1874 5561 par-

269 5558 429 5612 tibus
460 5556 732 5626 Hispania:
777 5561 860 5613 vel
899 5558 1104 5621 Galliae,
1133 5562 1243 5616 sive
1267 5556 1595 5617 Francorum
1625 5556 1873 5628 aguntur,

269 5628 404 5702 viro
434 5628 714 5696 spectabili
735 5628 872 5684 duce
900 5630 1241 5702 denuntiare:
1265 5632 1440 5702 inquo
1463 5630 1875 5702 trajecto_etiam

273 5695 833 5770 dromones‘quantos
860 5699 1176 5770 provideris,
1206 5695 1441 5761 ordinari
1471 5695 1654 5758 facias.
1685 5700 1874 5757 Isidor.

281 5765 361 5822 i9
394 5765 632 5828 Etvtnol.
655 5767 840 5825 Bnoss.

1977 4559 2165 4615 venire
2185 4557 2483 4629 subreptio.
2516 4555 2724 4612 Dudum
2749 4555 3013 4626 siquidem
3044 4554 3111 4610 ad
3142 4571 3241 4612 nos
3272 4557 3566 4613 multorum

1975 4653 2321 4722 suggestione
2345 4650 2615 4724 pervenit,
2647 4648 2993 4706 Laurentium
3013 4649 3386 4722 presbyterum
3413 4647 3570 4704 effos-

1976 4748 2054 4803 sis
2074 4746 2348 4804 cineribus
2370 4743 2611 4800 funestas
2634 4743 2848 4798 divitias
2868 4741 3009 4798 inter
3038 4742 3316 4798 hominum
3346 4741 3568 4796 cadave-

1975 4855 2036 4895 ra
2061 4844 2486 4910 perscrutatum,
2503 4834 3021 4904 concussionemque
3047 4833 3277 4889 mortuis
3297 4830 3564 4898 intulisse,

1977 4948 2137 5004 quem
2167 4938 2385 5003 oportet
2404 4929 2709 4985 viventibus
2736 4926 2918 4998 quieta
2943 4925 3258 4997 praedicare.
3298 4922 3419 4979 Non
3443 4922 3567 4979 abs-

1982 5025 2207 5081 tiuuisse
2233 5023 2546 5095 perhibetur
2576 5023 2601 5061 δ
2635 5031 2743 5080 tam
2772 5019 2974 5077 crudeli
3003 5018 3254 5089 contagio
3280 5017 3381 5089 piis
3418 5015 3568 5075 dica-

2048 5211 2350 5266 Dromones
2369 5215 2526 5264 erant
2553 5205 2764 5273 navigia
2791 5203 3071 5274 celerrima
3101 5203 3416 5274 etgexpediti
3441 5219 3566 5260 cur-

1975 5299 2087 5346 sus,
2114 5294 2342 5350 quorum
2365 5275 2608 5350 meminit
2636 5271 2769 5330 infra
2793 5275 2885 5329 lib.
2915 5271 3138 5350 v,epist.
3159 5272 3224 5350 [6
3330 5274 3418 5350 Π,
3443 5290 3566 5350 qua:

1978 5343 2102 5407 alibi
2125 5343 2289 5405 naves
2317 5347 2574 5416 cursoriae
2602 5353 2881 5409 vocantur,
2915 5352 2973 5399 ιιι
3001 5343 3142 5416 apud
3168 5343 3350 5400 Sidon.
3381 5343 3561 5416 Apoll.

1979 5424 2072 5476 lib.
2099 5436 2137 5479 t.
2166 5420 2324 5489 epist.
2353 5415 2402 5470 5.
2428 5416 2556 5471 Inde
2581 5417 2738 5489 igitur
2761 5415 3089 5470 dromonarii
3117 5415 3265 5483 dicti,
3290 5417 3380 5488 qui
3410 5425 3568 5472 erant

1982 5485 2214 5560 remiges
2235 5490 2576 5560 drontonum.
2602 5485 2720 5541 Jun.

2195 5571 2225 5612 b
2263 5558 2607 5628 Sepultorum
2636 5573 2754 5628 ossa
2777 5571 2973 5628 eruere
2995 5553 3146 5628 nefas
3166 5555 3326 5614 fuisse
3356 5564 3564 5628 testan-

1977 5640 2065 5686 tur
2086 5639 2316 5698 veteres,
2338 5625 2398 5684 ἐι
2427 5626 2612 5685 Horat.
2639 5627 2740 5684 ode
2767 5625 2834 5680 16
2861 5625 3054 5698 Epod.,
3087 5626 3231 5698 Virg.
3263 5643 3317 5684 tv
3346 5627 3564 5682 Eneid.

1978 5703 2168 5760 Bnoss.
