3988 6178
465 287 570 343 69.3

1660 271 1726 324 ll.
1769 264 2044 323 AURELII
2082 258 2480 319 CASSIODORI
3585 244 3676 304 ϐἳῑ

469 410 549 454 tas
570 391 1062 455 consecrationibus
1084 400 1291 450 manus,
1316 399 1503 439 aurum
1546 379 1866 435 exsecrabili
1892 392 2042 447 quae-
2069 379 2123 439 Α
2146 387 2441 444 pauperum
2468 366 2771 425 detestabili
2799 371 2979 420 mente
3007 369 3269 425 versetur,
3317 360 3677 455 praesenti-au.

464 487 626 545 siisse
645 483 812 540 fertur
840 478 1052 541 afl‘cctu,
1093 489 1253 543 quem
1283 488 1436 527 suam
1467 469 1734 525 decuisset
1762 466 2041 538 egentibus

473 582 602 635 dare
627 571 994 634 substantiam,
1025 567 1111 621 vel
1137 566 1236 620 sub
1254 564 1507 631 aequitate
1553 561 1855 616 collectam.
1888 556 2045 623 Quod

474 677 529 724 te
556 661 791 733 diligenti
820 656 1213 715 examinatione
1241 652 1581 722 praecipimus
1609 650 1882 715 indagare,
1916 654 1976 700 ut
2000 645 2045 700 si

478 752 691 807 veritati
714 750 857 803 dicta
887 744 1224 816 perspexeris
1252 740 1561 807 convenire,
1592 739 1826 794 hominis
1878 737 2048 791 ambi-

2146 463 2400 516 etoritate
2423 457 2759 514 decernimus
2785 464 2926 510 utea
2949 468 3065 523 qua:
3092 461 3239 507 retro
3268 449 3555 519 principum
3571 450 3687 507 eon-

2146 553 2381 610 stiterint
2407 548 2741 605 humanitate
2789 546 3062 614 deputata,
3094 555 3255 611 supra
3284 548 3569 595 memorata
3613 556 3690 598 ec-

2146 642 2307 697 clesia
2327 641 2441 694 sine
2471 638 2645 707 aliqua
2667 632 3038 691 imminutione
3059 630 3339 700 percipiat,
3355 638 3696 701 manentepm-

2151 745 2215 783 na
2240 730 2399 783 etiam
2424 725 2719 798 pervasori,
2740 724 2830 792 qui
2870 731 2926 777 et
2955 730 3199 776 veterum
3225 718 3365 774 dona
3393 727 3449 774 et
3477 722 3694 780 ecclesia:

479 853 591 896 tuin
617 856 683 895 eo
705 812 911 893 tantum
932 812 1033 889 ﬁne
1059 832 1370 893 concludas,
1404 845 1471 885 ne
1500 830 1668 899 possit
1706 843 1895 882 aurum
1923 842 2051 896 sup-
2150 820 2408 889 probatur
2429 817 2657 871 violasse
2683 812 3021 883 compendia.

482 935 728 1004 primere,
760 929 904 1001 quod
934 943 1055 983 eum
1083 943 1187 980 non
1221 924 1368 980 licuit
1397 922 1656 978 invenire.
1691 920 1880 975 Scelus
1907 918 2051 972 enim

485 1021 626 1090 quod
656 1036 754 1073 nos
781 1034 877 1087 pro
904 1014 1227 1071 sacerdotali
1256 1014 1461 1067 honore
1492 1010 1845 1079 relinquimus
1888 1008 2055 1076 impu-

488 1111 656 1163 uitum
674 1105 927 1174 ",majori
956 1104 1194 1174 pondere
1221 1102 1488 1156 credimus
1514 1098 1910 1154 vindicandum.

942 1218 1051 1289 σε
1092 1212 1420 1268 EPISTULA
1460 1210 1600 1265 XIX.

662 1324 907 1369 GEIIELLO
935 1323 1055 1365 γικο
1083 1320 1339 1361 SBNATORI
1370 1315 1734 1357 THEODORICUS
1755 1314 1881 1353 REX.

493 1402 683 1458 Scribit
709 1418 763 1455 se
792 1399 1048 1454 remisisse
1072 1396 1141 1448 ad
1168 1410 1396 1466 praesens
1425 1400 1623 1466 tempus
1651 1390 1956 1466 solutionem
1983 1389 2059 1466 si-

560 1471 789 1544 tiquatici
825 1471 877 1522 in
908 1460 1197 1549 frumentis,
1217 1467 1332 1518 vino
1354 1471 1402 1515 et
1431 1461 1563 1525 oleo,
1593 1468 1646 1513 ut
1669 1461 1871 1530 copiam
1898 1460 2063 1528 possit

569 1550 817 1614 prastare
844 1552 1138 1608 promncus.

564 1632 729 1685 Decet
757 1625 1107 1698 principalem
1129 1622 1519 1693 providentiam
1545 1619 1684 1676 fessa
1712 1618 1976 1683 refovere,
2007 1624 2068 1672 ut

2681 918 3013 975 EPISTOLA
3059 917 3197 973 XXI.

2330 1028 2574 1071 GEIELLO
2603 1026 2723 1067 V130
2748 1024 3007 1066 SENATORI
3033 1022 3394 1065 TBEODOBICUS
3420 1024 3542 1063 REX.

2155 1106 2408 1161 Admonet
2430 1113 2483 1158 ut
2510 1102 2579 1157 sit
2600 1102 2670 1155 ad
2698 1102 2938 1182 injuncta
2971 1101 3245 1182 sollicitus,
3269 1101 3565 1154 necessitate
3591 1112 3704 1157 rem-

2683 1170 2824 1241 poris
2871 1170 2927 1223 id
2952 1172 3206 1240 exigente.

2230 1263 2479 1331 Quamvis
2504 1258 2799 1316 eflicaciam
2826 1268 2968 1313 tuam
2991 1259 3238 1314 insistere
3264 1258 3710 1329 credamusiiuun-

2162 1355 2281 1418 etis,
2313 1364 2369 1408 et
2387 1351 2627 1407 studiose
2660 1348 2943 1405 deﬂectere
2971 1363 3089 1418 qua:
3110 1348 3263 1404 nobis
3282 1352 3591 1418 cognoveris
3615 1353 3711 1407 dis-

2163 1449 2384 1521 plicere,
2413 1456 2592 1502 tamen
2620 1444 2904 1501 sollicitum
2925 1442 3218 1499 admonitio
3248 1450 3430 1497 nostra
3450 1457 3553 1497 non
3580 1442 3715 1497 deses

2164 1543 2254 1608 rit,
2270 1549 2328 1597 ut
2348 1538 2655 1595 instructior
2680 1534 3075 1603 reddaris,dum
3102 1532 3235 1588 infra
3256 1532 3472 1603 scriptis
3489 1532 3716 1587 brevibus

2167 1633 2381 1689 deﬁnita
2402 1628 2721 1699 susceperis.
2753 1625 2984 1681 Proinde
3004 1625 3268 1681 o:dinatio
3296 1636 3480 1679 nostra
3503 1626 3625 1679 nulli
3648 1628 3719 1679 vi-

495 1724 839 1794 asperitatem
890 1733 1107 1774 casuum
1130 1718 1337 1786 mitiget
1359 1716 1553 1770 lenitas
1591 1714 1913 1784 jussionum.
1946 1707 2067 1767 Non

2185 1724 2283 1780 ieri
2309 1722 2469 1778 debet
2495 1720 2721 1789 ingrata,
2754 1733 2880 1802 eum
2904 1717 3197 1773 necessitas
3228 1717 3485 1785 temporis
3521 1726 3719 1771 excuset

495 1818 637 1872 enim
660 1814 888 1870 sentitur
902 1810 1316 1875 incommodum,
1338 1809 1385 1865 si
1410 1809 1552 1879 quod
1571 1824 1669 1878 per
1690 1807 2066 1862 adversitatem

497 1912 708 1962 constat
729 1917 1068 1973 oppressum,
1109 1915 1366 1956 concessa
1412 1899 1742 1969 prosperitas
1769 1896 2068 1954 ostenderit

446 2038 451 2043 η
496 1997 853 2054 sublevatum.
875 1991 1177 2063 Siliquatici
1205 2004 1438 2059 namque
1466 1990 1885 2058 praestationem,
1908 2001 2068 2055 quam

496 2086 658 2141 rebus
680 2084 928 2139 omnibus
956 2079 1311 2136 nundinandis
1330 2078 1552 2150 provida
1578 2076 1819 2132 definivit
1836 2075 2069 2144 antiqui-

500 2182 600 2240 tas,
633 2173 685 2227 in
705 2171 1003 2236 frumentis,
1035 2170 1162 2225 vino
1190 2176 1246 2224 et
1264 2168 1386 2224 oleo
1407 2168 1522 2222 dari
1549 2166 1797 2238 praesenti
1829 2174 2071 2236 tempore

500 2281 606 2321 non
628 2263 896 2334 iubemus,
922 2270 982 2319 ut
999 2262 1113 2317 haec
1137 2260 1389 2316 remissio
1418 2260 1698 2315 solutionis
1721 2259 1931 2329 copiam
1953 2272 2071 2327 pos-

498 2356 569 2410 sit
585 2362 841 2425 praestare
871 2353 1177 2421 provinciis,
1207 2359 1263 2406 et
1285 2350 1551 2420 respirent
1579 2349 1926 2419 aliquatenus
1945 2345 2072 2402 fessi

501 2442 776 2512 prmsentis
802 2441 1116 2496 salubritate
1140 2439 1358 2494 decreti.
1384 2438 1515 2504 Quis
1556 2438 1700 2492 enim
1739 2436 1808 2491 ad
1835 2436 2072 2492 venden-

505 2533 631 2586 dum
659 2546 767 2586 non
795 2531 1046 2585 incitetur
1091 2529 1307 2596 largius,
1336 2529 1423 2584 cui
1451 2527 1608 2583 solita
1640 2526 1918 2596 dispendia
1945 2526 2072 2581 sub-

510 2620 826 2675 trahuntur?
853 2616 1046 2674 Portus
1073 2626 1286 2672 nostros
1337 2620 1488 2672 navis
1516 2618 1734 2672 veniens
1771 2631 1877 2670 non
1907 2631 2071 2685 pave-

507 2719 642 2776 scat,
660 2719 720 2765 ut
743 2718 950 2765 certum
976 2706 1151 2763 nantis
1171 2708 1339 2777 possit
1366 2722 1483 2762 esse
1503 2706 1783 2776 refugium,
1813 2708 1857 2761 si
1886 2721 2074 2776 manus

501 2818 609 2857 non
635 2801 958 2856 incurrerlnt
977 2798 1325 2869 exigentium,
1364 2786 1500 2867 tinos
1520 2798 1826 2866 frequenter
1853 2796 1971 2867 plus
1994 2796 2073 2851 af-

502 2890 690 2962 ﬂigunt
718 2890 913 2945 damna
938 2903 1099 2959 quam
1122 2888 1298 2943 solent
1324 2888 1526 2942 nudare
1555 2887 1847 2955 naufragia.
1864 2886 1946 2941 Sit
1969 2887 2074 2941 hoc

502 2981 722 3040 forsitan
769 2981 867 3037 sub
916 2981 1097 3051 quiete
1125 2979 1477 3042 tolerandum,
1530 2993 1670 3033 nunc
1700 2987 1900 3044 autem,
1947 2977 2073 3033 dum

504 3072 918 3144 provincialibus
966 3079 1220 3141 praestare
1246 3070 1513 3141 cupimus,
1537 3069 1795 3125 mercium
1842 3068 2073 3125 dominis

505 3164 714 3219 interim
744 3162 1105 3219 consulamus;

1054 3248 1386 3306 EPISTOLA
1422 3249 1536 3306 XX.

682 3356 939 3395 GEBEBICB
967 3355 1088 3395 ἭΕο
1116 3354 1372 3394 SENA'IORI
1398 3354 1758 3396 τιιεουοιυωε
1783 3356 1909 3397 REI.

506 3432 747 3505 Decernit
786 3442 863 3505 ut
888 3448 1047 3505 unum
1064 3433 1245 3505 jugum
1281 3431 1514 3505 ecclesiis
1537 3429 1825 3488 Constantii
1851 3435 2076 3505 episcopi

574 3503 765 3575 pietate
786 3500 1077 3576 principum
1103 3500 1345 3557 collatum
1386 3511 1433 3555 et
1462 3500 1525 3557 ab
1567 3500 1958 3576 usurpatoribus
1986 3500 2076 3559 de-

576 3572 789 3641 tantum,
821 3572 1138 3626 restituatur.

575 3662 631 3717 Si
661 3662 1027 3717 desideramus
1052 3661 1227 3716 locum
1255 3661 1530 3717 beneficiis
1558 3663 1818 3731 invenire,
1851 3672 1911 3717 ut
1940 3665 2071 3718 titu-

507 3750 587 3810 los
612 3752 877 3823 possimus
904 3760 1102 3805 nostra:
1153 3751 1369 3820 pietatis
1391 3752 1618 3821 erigere,
1661 3761 1865 3822 quanto
1906 3755 2078 3822 magis

506 3846 678 3899 aliena
706 3840 975 3897 beneficia‘
989 3841 1445 3896 intactavolumus
1476 3839 1707 3905 defendi,
1740 3842 1830 3911 qui
1860 3844 2078 3913 propria

506 3933 752 4004 cupimus
776 3941 967 4001 sponte
999 3929 1195 3998 largiri,
1220 3932 1451 3985 maxime
1471 3931 1685 4001 quando
1712 3941 1764 3986 et
1793 3931 1921 3995 illud
1944 3949 2077 3988 con-

342 4008 343 4011 i
439 4014 444 4020 ’
507 4024 743 4079 scientia:
771 4031 966 4075 nostrae
995 4022 1291 4090 reponitur,
1310 4022 1450 4091 quod
1477 4022 1544 4077 de
1576 4022 1706 4077 tiseo
1734 4024 1833 4078 sub
1860 4026 2077 4093 antiqua

506 4111 848 4167 solemnitate
874 4109 1189 4180 prmstatur!
1220 4107 1453 4166 Proinde
1479 4112 1576 4166 viri
1604 4113 1924 4168 venerabilis
1973 4114 2082 4183 epi-

507 4201 654 4271 scopi
700 4199 996 4256 Constantii
1034 4199 1423 4268 supplicatione
1475 4203 1853 4273 comperimus,
1892 4217 2078 4256 sacro-

507 4299 707 4348 sancta:
749 4290 989 4346 ecclesia:
1024 4289 1187 4359 ipsius
1231 4305 1395 4346 unum
1421 4292 1627 4361 iugum,
1675 4301 1917 4348 veterum
1948 4293 2084 4362 prin-

509 4385 681 4454 cipum
716 4383 916 4453 pietate
962 4381 1236 4447 collatum,
1269 4390 1326 4437 et
1353 4398 1495 4438 nunc
1523 4383 1879 4452 quorumdam
1927 4399 2082 4438 usur-

2170 1827 2334 1868 onera
2369 1808 2646 1880 jussionis.
2692 1806 2819 1861 Esto
2869 1792 3050 1874 itaque
3098 1805 3165 1859 ad
3194 1804 3433 1872 injuncta
3460 1806 3721 1871 sollicitus,

2168 1904 2290 1973 quia
2311 1904 2436 1957 licet
2458 1901 2529 1956 sit
2556 1914 2767 1969 semper
2786 1897 3100 1961 adhibenda,
3133 1898 3363 1951 maxime
3397 1905 3571 1952 tamen
3594 1899 3724 1953 utilis

2169 2001 2250 2048 est
2275 1993 2327 2045 in
2352 1989 2671 2045 necessitate
2690 1986 2950 2043 custodia.
2972 1986 3189 2041 Parebis
3210 2001 3337 2055 ergo
3360 1988 3726 2052 commonitus,

2168 2092 2229 2138 ut
2246 2083 2325 2138 sic
2349 2082 2518 2152 possis
2541 2096 2661 2134 cum
2679 2077 3091 2150 provincialibus
3111 2092 3270 2147 agere
3289 2080 3725 2148 quemadmodum

2171 2189 2269 2228 nos
2297 2172 2375 2227 eis
2395 2170 2619 2240 respicis
2643 2169 2781 2225 velle
2819 2176 3089 2238 prmstare,
3140 2176 3410 2238 quatenus
3434 2185 3647 2225 securus
3670 2171 3729 2225 de

2170 2270 2354 2317 nostra
2379 2262 2548 2330 gratia
2576 2257 2940 2328 consequaris,
2968 2257 3219 2327 quidquid
3248 2258 3514 2313 sollicitus
3539 2258 3602 2313 de
3621 2276 3730 2330 pra-

2171 2368 2241 2407 vo
2261 2351 2433 2407 studio
2464 2350 2662 2404 habere
2684 2348 3088 2418 contempseris.

2697 2483 3023 2539 EPISTOLA
3045 2483 3202 2540 XXII.

2173 2593 2431 2635 Αιιϐοιιοο
2475 2592 2598 2633 VIBO
2628 2593 2888 2641 ILLUSTRI,
2921 2582 3212 2634 PMFBCTO
3251 2593 3426 2645 URBIS,
3460 2595 3737 2635 ΤΠΕΟΜΙῙ·

2835 2662 2928 2702 CUS
2957 2664 3081 2703 REX.

2175 2760 2378 2816 Narrat
2406 2778 2461 2815 se
2488 2761 2551 2813 ab
2575 2776 2634 2814 eo
2655 2760 2910 2824 accepisse
2930 2757 3177 2813 Basiliam
3196 2769 3349 2831 atque
3377 2759 3740 2814 Prwtextatum

2244 2833 2562 2903 magicorum
2587 2831 2776 2903 artium
2824 2831 2981 2899 fuisse
3002 2842 3287 2894 accusatos,
3320 2841 3375 2884 et
3420 2832 3647 2903 decernit
3691 2840 3741 2882 ut

2242 2900 2462 2974 quinque
2482 2900 2805 2974 senatoribus
2828 2914 2997 2974 secum
3031 2902 3327 2974 assumptis,
3366 2900 3601 2974 adhibito
3627 2916 3739 2968 quo-

2245 2969 2341 3041 que
2362 2969 2610 3042 Arigerno
2636 2972 2833 3033 comite,
2866 2969 2997 3042 lianc
3039 2986 3249 3022 causam
3269 2972 3413 3041 juris
3461 2972 3640 3024 ordine
3664 2985 3744 3042 Ctt-

2246 3040 2436 3096 stodito
2458 3040 2739 3100 examinet,
2766 3048 2816 3093 et
2844 3040 2897 3105 tsi
2946 3055 3059 3094 reos
3088 3040 3459 3110 compererint,
3490 3042 3653 3111 legum
3679 3040 3745 3092 di-

2101 3116 2146 3179 c
2244 3112 2511 3166 strictione
2532 3111 2776 3181 plectant.

2248 3199 2597 3255 Intolerabilis
2623 3213 2876 3254 excessus
2902 3206 2984 3253 est
3006 3208 3053 3264 ο,
3076 3197 3165 3268 qui
3187 3212 3445 3268 supernae
3468 3198 3748 3267 majestatis

2177 3289 2392 3345 affectat
2411 3289 2678 3359 injuriam,
2703 3298 2753 3344 et
2776 3287 2971 3343 oblitus
3000 3288 3236 3358 pietatis,
3262 3288 3512 3344 crudelia
3530 3298 3748 3343 sectatur

2177 3380 2395 3437 erroris.
2426 3378 2594 3447 Quem
2616 3379 2759 3435 enim
2799 3379 3033 3450 speravit
3063 3379 3231 3433 venize
3256 3379 3472 3444 locum,
3494 3380 3586 3449 qui
3612 3394 3753 3433 reve-

2178 3476 2401 3533 rendum
2451 3472 2772 3543 contempsit
2821 3472 3137 3527 auctorem?
3185 3472 3468 3527 Abscedat
3525 3473 3654 3525 ritus
3693 3469 3752 3523 de

2176 3567 2358 3621 medio
2376 3565 2484 3634 jam
2513 3563 2799 3633 profanus;
2849 3562 3176 3618 conticescat
3218 3562 3447 3633 poenale
3477 3577 3713 3616 murmur
3733 3571 3754 3598 ε

2179 3657 2497 3711 animarum.
2532 3652 2745 3708 Versari
2776 3669 2879 3707 non
2907 3652 3033 3708 licet
3056 3654 3106 3706 in
3139 3654 3368 3723 magicis
3398 3654 3606 3708 artibus
3635 3661 3754 3705 tein-

2178 3747 2396 3818 poribus
2423 3741 2737 3801 Christianis
2761 3743 2919 3816 (Vide
2945 3744 3135 3799 Baron.
3162 3746 3230 3799 ad
3259 3764 3362 3801 an.
3389 3747 3587 3802 Christi
3619 3743 3757 3811 504).

2179 3838 2554 3909 Magnitudinis
2585 3839 2764 3908 itaque
2791 3846 2895 3892 tua:
2920 3838 3179 3892 relatione
3208 3840 3590 3909 comperimus
3623 3837 3758 3890 Basi-

2179 3927 2305 3983 lium
2333 3935 2495 3998 atque
2527 3927 2925 3993 Prastextatum,
2958 3928 3087 3982 artis
3130 3928 3369 3983 sinistra:
3405 3928 3618 3997 jamdiu
3645 3942 3761 3981 con-

2181 4023 2393 4091 tagione
2417 4020 2671 4091 pollutos,
2692 4020 2745 4074 in
2767 4020 3163 4075 accusationem
3189 4021 3262 4074 tui
3286 4021 3567 4076 examinis
3597 4034 3762 4089 perso-

2179 4127 2369 4169 narum
2398 4110 2696 4166 intentione
2724 4108 3001 4164 deductos.
3020 4107 3197 4178 Super
3218 4124 3331 4178 qua
3365 4126 3432 4165 re
3461 4118 3698 4164 nostram
3720 4114 3764 4158 te

2179 4201 2375 4257 asseris
2395 4209 2638 4270 spectare
2657 4200 2683 4236 ἀ
2703 4199 3041 4261 sententiam,
3061 4206 3116 4253 ut
3133 4198 3518 4255 confidentius
3536 4194 3764 4267 ﬁatquod

2180 4291 2393 4362 pietatis
2414 4298 2608 4345 nostra:
2636 4290 2851 4347 mandat
2895 4292 3201 4344 auctoritas.
3251 4289 3375 4346 Sed
3403 4309 3528 4357 nos,
3574 4290 3666 4361 qui
3693 4301 3767 4341 ne-

2181 4381 2379 4437 scimus
2408 4396 2438 4434 a
2467 4380 2669 4447 legibus
2689 4379 3260 4450 discrepare,quorum
3282 4383 3447 4438 cordi
3481 4392 3569 4437 est
3597 4382 3647 4435 in
3675 4394 3768 4433 oni-

512 4475 726 4547 patione
771 4472 1004 4528 violenta
1048 4472 1287 4527 retineri.
1323 4472 1428 4527 Sed
1467 4476 1591 4542 quia
1622 4488 1720 4529 nos
1747 4474 1825 4528 uti
1873 4473 2076 4528 nullum
2105 4486 2157 4544 1)
2182 4472 2337 4529 nibus
2361 4471 2691 4528 moderatam
2722 4481 2903 4527 tenere
2924 4472 3202 4541 justitiam,
3242 4475 3521 4543 prmsenti
3544 4471 3764 4528 auctori-

516 4562 755 4617 volumus
780 4559 1054 4616 fraudibus
1078 4560 1207 4626 suis,
1231 4561 1524 4631 praesertim
1553 4576 1677 4615 cum
1718 4560 1770 4614 in
1801 4560 2078 4630 dispendio

586 4751 609 4777 ⁸
639 4739 730 4797 Sic
757 4741 810 4795 in
838 4741 1044 4810 legibus
1071 4739 1489 4808 Wisigotliorum
1528 4739 1619 4794 lib.
1665 4755 1736 4805 tv,
1769 4742 1851 4795 tit.
1885 4739 1937 4795 6.
1970 4741 2083 4798 Deo

513 4812 691 4880 potius
719 4810 1034 4880 vindicanda
1082 4810 1446 4880 relinquimus,
1478 4825 1640 4879 quam
1670 4820 1857 4866 nostro
1881 4814 2081 4866 rescin-

512 4878 685 4937 denda
708 4880 907 4949 judicio
934 4878 1247 4933 deﬁnimus.
1266 4878 1385 4933 Jun.

582 4949 756 5005 b'l‘ota
783 4949 896 5004 haec
915 4950 1139 5071 epistola
1164 4957 1247 5003 est
1268 4949 1337 5003 de
1364 4957 1479 5003 arte
1508 4951 1805 5017 magica,et
1826 4950 1875 5002 in
1899 4965 2082 5020 magos

582 5021 710 5071 ndos
738 5034 855 5071 esse
880 5019 947 5071 ini
974 5019 1079 5071 iees
1107 5017 1360 5071 declarat.
1380 5018 1651 5071 euoniam.
1682 5018 1873 5071 inuuit.
1902 5035 2075 5071 versa-

507 5018 710 5074 dandos
738 5034 855 5074 esse
872 5017 1079 5088 jndices
1107 5017 1360 5081 declarat,
1380 5018 1651 5085 quoniam,
1682 5018 1873 5086 inquit,
1902 5017 2075 5074 versa-

507 5088 553 5156 ri
578 5102 682 5141 non
709 5088 836 5144 licet
865 5087 915 5143 in
939 5087 1158 5156 magicis
1175 5089 1377 5143 artibus
1400 5088 1725 5156 temporibus
1736 5089 2069 5143 Christianis.

507 5155 642 5211 Cum
671 5167 849 5212 autem
896 5155 1046 5226 magi
1080 5159 1218 5226 apud
1249 5157 1437 5211 Persas
1472 5155 1806 5227 potissimum
1851 5159 2073 5212 deorum

508 5226 672 5281 cultui
715 5243 906 5282 vacare
950 5229 1206 5289 solerent,
1257 5228 1309 5281 in
1343 5226 1548 5280 tantum
1593 5236 1779 5295 postea
1809 5235 1963 5281 aucta
1992 5235 2077 5281 est

507 5311 693 5350 eorum
721 5299 949 5361 vanitas,
975 5306 1031 5350 ut
1060 5313 1164 5352 non
1195 5297 1366 5367 solum
1390 5295 1766 5367 observatione
1792 5297 1901 5367 67
1930 5296 2074 5352 side-

508 5381 622 5435 rum
651 5366 824 5423 futura
858 5367 1165 5435 praedicare,
1195 5365 1287 5420 sed
1315 5366 1519 5435 artibus
1542 5365 1938 5435 quibusdairﬂet
1958 5382 2074 5421 ma-

509 5434 693 5558 leﬁciis
722 5422 779 5490 et
811 5422 946 5491 seire
972 5452 1030 5490 se
1053 5422 1252 5501 omnia,
1282 5445 1337 5489 et
1375 5422 1731 5506 facere-posse
1750 5422 2073 5506 profiteren-

509 5514 613 5558 tur.
697 5520 839 5558 noss.

499 5514 613 5559 tur.
655 5514 839 5560 UROSS.

438 5568 447 5577 ’
583 5586 603 5611 ε
638 5573 965 5629 Justinianus
1009 5575 1203 5630 novell.
1255 5572 1376 5638 115,
1425 5577 1652 5640 γοητείαν
1695 5574 1847 5640 dixit,
1898 5574 1949 5629 id
1996 5583 2079 5630 est

508 5646 743 5714 magicos
787 5658 1051 5704 susurros,
1085 5646 1375 5713 interprete
1411 5644 1643 5712 Juliano,
1681 5646 1771 5714 qui
1800 5644 1931 5699 fiunt
1958 5662 2074 5699 ma-

511 5706 665 5767 nibus
694 5714 896 5780 accitis,
928 5714 962 5767 l.
994 5714 1047 5778 6,
1079 5714 1138 5769 C.
1173 5706 1241 5769 de
1266 5714 1492 5769 maleﬁc.
1521 5723 1577 5771 et
1619 5706 1876 5771 ma'tbein.
1905 5717 2075 5787 Aure-

2184 4569 2295 4617 tate
2315 4560 2727 4617 deeernimusut
2749 4562 2983 4633 quinque
3010 4563 3359 4618 senatoribus
3386 4575 3437 4628 θ,
3466 4564 3521 4618 id
3559 4575 3642 4618 est
3666 4575 3768 4614 ina-

2786 4682 2821 4713 Α
3639 4696 3651 4705 .

2185 4741 2287 4799 lius
2320 4742 2639 4801 Prudentius
2684 4744 2775 4800 lib.
2807 4760 2825 4800 ι
2853 4753 3040 4800 contra
3068 4745 3394 4819 Symmachi
3438 4748 3770 4808 relationem,

2339 4853 2588 4922 blurmure
2611 4867 2720 4922 nam
2739 4856 2926 4922 magico
2944 4863 3121 4903 tenues
3146 4856 3325 4922 excire
3350 4858 3565 4922 figuras,

2338 4914 2499 4976 Atque
2522 4914 2975 4976 sepulcrales'scire
3002 4926 3242 4965 incantare
3265 4914 3488 4968 favillas.

2253 5017 2525 5075 Cedrenus
2569 5021 2640 5092 de
2665 5020 2931 5092 Apollonii
2957 5021 3171 5092 Tyanzei
3194 5024 3503 5092 prmstigiis
3531 5035 3654 5091 pag.
3691 5018 3769 5092 55,

2180 5093 2410 5163 γοητείαν
2451 5093 2517 5146 ab
2543 5091 2745 5160 ejulatu
2775 5091 2841 5144 ad
2883 5091 3124 5158 sepulcra
3154 5090 3413 5153 deducit,
3470 5108 3665 5162 nempe
3688 5090 3775 5163 ὰπῤ

2181 5160 2278 5214 ’ἰῶν
2324 5161 2475 5231 γόων,
2518 5166 2601 5235 stari
2642 5165 2826 5235 θρήνων
2866 5168 2963 5214 τῶν
3000 5165 3277 5235 περὶ-’φὺς
3331 5167 3537 5235 τάφους
3586 5160 3775 5235 ’ἑοῖς-εδ

2182 5224 2396 5352 ἑοιαῦίτα
2420 5224 2774 5289 ἐτὲιτηδεύὸνσι
2799 5224 3084 5302 γινομέωνξ
3131 5230 3270 5285 infra
3301 5224 3426 5287 Hb.-
3453 5248 3532 5298 lx,
3583 5246 3670 5301 ει).
3696 5224 3772 5280 18-

2226 5314 2420 5352 οίωειι.

2226 5314 2420 5354 οεωειι.

2256 5372 2280 5405 α
2314 5369 2561 5437 Spertare
2599 5385 2700 5440 pro
2737 5377 3065 5440 respectare:
3089 5378 3147 5422 ut
3176 5377 3401 5440 contra,
3438 5372 3774 5440 exspectauit,

2183 5453 2282 5505 pro
2312 5432 2575 5508 spectant,
2600 5432 2637 5492 l.
2671 5439 2722 5503 '5,
2748 5438 2808 5493 C.
2831 5432 2900 5508 de
2930 5439 3043 5492 red.
3077 5448 3179 5493 act.
3209 5438 3379 5493 Paul.
3411 5441 3507 5495 lib.
3543 5432 3581 5505 i,
3616 5442 3694 5492 tit.
3716 5432 3773 5500 9;

2181 5508 2271 5561 lib.
2305 5506 2355 5564 νζ
2391 5508 2470 5561 tit.
2501 5509 2551 5568 ϐ,
2576 5508 2824 5562 Sentent.
2856 5506 3023 5561 Fons.

2256 5587 2277 5614 ε
2309 5576 2674 5647 Theudoricus
2721 5578 2823 5632 boe
2872 5577 2989 5631 loco
3030 5577 3181 5646 jubet
3210 5576 3545 5645 Argolicum
3601 5574 3778 5647 prmio-

2177 5656 2321 5700 ctum
2355 5645 2501 5711 Urbi,
2531 5648 2767 5715 quinque
2794 5645 3131 5701 senatoribus
3156 5648 3452 5716 adhibitis,
3476 5650 3545 5703 de
3568 5645 3777 5716 ti‘llllilie

2177 5717 2358 5771 Basilii
2382 5726 2543 5785 atque
2574 5715 2878 5771 Paetextati
2908 5730 3269 5785 cognoscere,
3334 5721 3435 5786 qui
3484 5720 3620 5775 artis
3661 5715 3775 5772 sini-
