3988 6178
251 293 353 349 625

1541 293 1896 354 VARIARUM
1934 294 2138 350 LIBER
2173 294 2261 350 ιν.

3431 296 3536 351 0Ξο

252 408 458 475 gniticis
484 417 541 464 et
553 409 796 479 patriciis
823 410 974 478 viris,
987 409 1334 483 Symmacho,
1348 410 1528 474 Decio,
1551 409 1845 466 Volusiano
1875 413 1924 470 A
1951 408 2170 478 squalor
2195 409 2476 465 vetustatis
2497 410 2843 481 obnupserat,
2873 409 3215 480 splendorem
3241 411 3538 481 reparatio-

255 507 415 568 atque
433 497 700 566 leiano,
726 516 827 556 nec
848 516 955 555 non
983 500 1174 556 illustri
1199 501 1314 557 viro
1339 499 1681 579 Maximiano,
1707 501 1850 555 hanc

261 605 477 645 causam
508 590 747 660 legitima
770 592 1171 648 examinatione
1211 592 1468 662 pensetis.
1500 589 1569 646 Et
1593 607 1690 661 per
1726 606 1849 646 om-

260 684 345 736 nia
366 682 502 752 juris
526 682 717 738 ordine
741 682 1034 750 custodito,
1072 682 1119 739 si
1158 682 1372 739 crimen
1390 682 1536 753 quod
1558 682 1849 738 intenditur

263 774 419 830 fuerit
445 774 883 845 comprobatum,
923 775 1156 845 ipsarum
1187 789 1405 845 quoque
1432 774 1610 842 legum
1639 773 1851 828 distric-

261 867 407 922 tione
437 867 743 939 plectatur,
771 874 833 922 ut
877 867 956 921 rei
984 866 1147 922 abditi
1193 874 1359 936 atque
1399 866 1592 922 secreti
1623 880 1721 936 per
1744 864 1852 920 hoc

258 958 510 1013 vindictae
557 971 729 1026 genus
781 973 812 1012 a
862 957 1033 1028 culpis
1058 957 1255 1012 talibus
1278 964 1583 1019 arceantur,
1614 971 1751 1026 quos
1779 955 1850 1010 ad

260 1050 407 1117 leges
455 1049 677 1105 trahere
723 1064 830 1103 non
863 1056 1041 1119 potest
1086 1049 1291 1104 incerta
1317 1047 1527 1104 notitia.
1555 1046 1629 1101 De
1657 1062 1762 1118 qua
1790 1062 1851 1102 re

262 1140 455 1196 illustri
481 1142 602 1196 viro
628 1142 810 1197 comiti
837 1139 1103 1211 Arigerno
1149 1149 1418 1212 praecepta
1446 1140 1759 1207 direximus,
1794 1148 1852 1195 ut

261 1233 506 1288 omnium
528 1233 766 1288 violenta
792 1232 1108 1289 defensione
1127 1234 1397 1296 submota,
1424 1232 1467 1288 si
1495 1248 1553 1288 se
1575 1233 1847 1298 occulunt,

261 1323 329 1378 ad
369 1323 637 1392 judicium
690 1325 973 1395 protrahat
1002 1324 1277 1394 impetitos
1303 1332 1349 1389 ι,
1404 1332 1459 1378 et
1489 1323 1765 1378 vobiscum
1797 1324 1852 1378 in

262 1417 363 1471 hac
392 1431 556 1471 causa
582 1415 845 1484 residens,
869 1430 971 1470 nec
990 1410 1229 1485 'opprimi
1260 1412 1421 1469 faciat
1449 1413 1716 1480 innoxios,
1749 1428 1852 1469 nec

262 1510 408 1581 leges
432 1510 575 1566 sinat
605 1509 836 1566 evadere
862 1508 1231 1565 criminosos.’

766 1656 1101 1714 EPISTOLA
1138 1656 1305 1712 XXIII
1324 1658 1373 1713 ι).

298 1766 564 1806 ARIGERNO
594 1766 715 1806 ἯἎο
743 1766 1006 1815 ιιιυετιιι,
1038 1765 1240 1817 COIITI,
1271 1763 1638 1804 THEODORICUS
1665 1764 1790 1802 REX.

272 1839 515 1910 Praecipit
557 1850 614 1893 ut
665 1840 915 1895 Basilium
953 1851 1003 1895 et
1048 1839 1425 1894 Prwtextatum
1468 1841 1684 1910 magico:
1720 1840 1847 1910 artis

331 1909 660 1966 insimulatus
706 1922 755 1966 et
787 1914 905 1983 fuga
933 1917 1137 1983 elapsos
1165 1920 1385 1982 quwrat,
1425 1921 1474 1963 et
1522 1909 1848 1983 repertoshad

322 1983 584 2053 judicium
611 1980 990 2053 quinqueuirale
1012 1980 1185 2047 ducat,
1217 1998 1315 2054 quo
1336 1997 1544 2035 causam
1566 1990 1706 2034 curet
1736 1980 1841 2034 dis-

329 2053 435 2105 cuti
463 2061 513 2106 et
542 2054 705 2123 ﬁniri.

329 2142 593 2209 Quamvis
621 2144 868 2212 oporteat
898 2143 1240 2198 commissam
1268 2142 1364 2197 tibi
1385 2142 1718 2213 disciplinam
1742 2141 1852 2196 Ro-

267 2250 432 2288 mana:
453 2234 687 2288 civitatis
709 2234 761 2288 in
785 2234 1033 2290 omnibus
1052 2233 1328 2300 custodiri,
1356 2242 1532 2287 tamen
1559 2233 1612 2287 in
1643 2234 1721 2287 eis
1743 2244 1852 2287 ma-

268 2328 407 2382 xime
447 2326 742 2381 ειυάἱορὶοι·
776 2341 897 2381 esse
944 2326 1140 2395 debes,
1169 2341 1289 2394 qua:
1319 2334 1502 2380 nostra
1533 2324 1626 2379 tibi
1666 2332 1853 2379 aucto-

266 2419 421 2472 ritate
450 2418 699 2485 delegata
724 2418 1037 2486 cognoscis;
1065 2426 1121 2472 ut
1149 2411 1291 2472 circa
1322 2424 1375 2471 te
1404 2423 1598 2485 augeat
1624 2416 1853 2484 gratiam

267 2507 535 2562 custodita
570 2506 877 2575 jnstitia,'et
920 2514 1208 2576 augmenta
1237 2521 1418 2560 sumas
1447 2506 1618 2561 nostri
1642 2505 1849 2575 judicii,

266 2601 350 2669 qui
379 2599 541 2654 nobis
572 2599 834 2654 hactenus
853 2598 919 2653 de
942 2600 1251 2668 integritate
1272 2599 1539 2669 placuisti.
1564 2596 1857 2657 Praefectus

267 2693 425 2761 igitur
456 2689 617 2746 Urbis
643 2705 740 2746 sua
784 2691 939 2746 nobis
961 2692 1225 2746 relatione
1253 2690 1565 2757 declaravit,
1598 2691 1854 2747 Basilium

265 2791 426 2852 atque
451 2781 832 2837 Prmtextatum
863 2782 1087 2851 magicis
1113 2782 1320 2837 artibus
1347 2782 1637 2845 involutos.
1669 2783 1855 2852 impeti

266 2874 618 2930 accusatione
663 2872 975 2938 multorum,
1013 2887 1152 2942 quos
1180 2872 1393 2942 elapsos
1422 2873 1633 2927 intimat
1660 2873 1856 2928 mentis

266 2967 598 3023 alienatione
625 2964 929 3021 custodum.
956 2963 1064 3020 Eos
1104 2972 1156 3020 te
1186 2964 1526 3036 praecipimus
1553 2963 1856 3034 ubicunque

267 3068 518 3128 repertos
545 3056 612 3111 ad
645 3055 904 3125 judicium
945 3055 1353 3126 quinqueviralc
1380 3053 1597 3122 ducere,
1628 3056 1772 3124 quod
1803 3056 1855 3110 in

1954 499 2036 553 nis
2061 508 2348 570 expetere;
2400 509 2459 555 ut
2486 502 2646 557 rebus
2674 503 2994 579 antiquitate
3021 501 3259 557 confusis
3285 504 3541 560 novitatis
3626 546 3633 547 κ
3659 514 3727 538 δ”

1953 589 2116 646 facies
2143 591 2322 645 adulta
2347 591 2632 658 reddatur;
2657 600 2712 648 et
2733 578 2996 649 beneticio
3026 602 3117 648 tuo
3141 594 3379 650 rediviva
3403 614 3537 651 con-

1951 691 2193 752 surgant,
2231 698 2351 752 qua:
2398 685 2704 740 annositate
2732 684 2982 742 inclinata
3014 695 3352 741 corruerant.
3381 687 3542 754 Quod

1950 785 2070 836 nos,
2095 781 2344 843 respectu
2394 775 2707 829 meritorum
2738 782 2973 839 tuorum,
3017 785 3074 830 et
3105 777 3331 846 impensi
3378 778 3540 847 longa

1950 863 2235 918 sedulitate
2253 864 2477 932 servitii,
2501 864 2686 919 libenti
2704 866 2881 919 animo
2903 864 3151 920 duximus
3171 868 3536 933 annuendum,

1952 961 2016 1008 ut
2035 962 2090 1009 et
2108 954 2250 1009 votis
2274 955 2418 1023 justa
2447 956 2782 1025 poscentium
2814 956 3082 1011 tribuatur
3109 956 3350 1024 elfectus,
3377 968 3431 1014 et
3457 960 3539 1015 ci-

1951 1046 2102 1101 vitati
2133 1047 2489 1116 reparationis
2516 1057 2725 1103 crescat
2753 1056 2994 1103 ornatus.
3039 1048 3215 1117 Atque
3243 1050 3363 1105 ideo
3403 1050 3543 1119 peti-

1952 1140 2087 1194 tioni
2133 1149 2237 1194 tuae
2283 1138 2448 1194 robur
2492 1140 2742 1210 praesenti
2789 1140 3123 1196 humanitate
3167 1141 3444 1210 largimur,
3483 1150 3543 1199 ut

1952 1229 2219 1298 porticum
2259 1244 2381 1283 cum
2403 1229 2583 1283 areola
2612 1238 2734 1299 post
2762 1229 2972 1283 Turasii
3003 1231 3259 1294 thermas,
3284 1232 3329 1287 si
3360 1241 3541 1288 tamen

1956 1319 2169 1389 publico
2197 1330 2218 1357 ε
2254 1322 2372 1373 u-ui
2412 1335 2519 1375 non
2551 1319 2801 1385 deservit,
2825 1322 3068 1379 absoluta
3100 1322 3423 1379 liberalitate
3441 1339 3546 1393 po-

1954 1411 2104 1465 tiaris
2128 1430 2140 1463 :
2166 1412 2291 1481 quia
2323 1412 2375 1465 in
2404 1411 2673 1467 licentiam
2704 1412 3059 1482 reparationis
3089 1413 3424 1484 accipiuntur
3450 1431 3537 1486 po-

1954 1503 2060 1557 tius
2102 1502 2318 1572 praemia
2354 1517 2515 1572 quam
2555 1501 2840 1557 donantur.
2876 1502 2987 1558 llac
3034 1503 3194 1572 igitur
3217 1505 3540 1560 auctoritate

1934 1594 2217 1679 ﬁsull'ultus,
2263 1595 2314 1649 in
2345 1594 2668 1664 supradictis
2708 1595 2859 1651 locis”
2881 1595 3174 1651 tediticandi
3222 1612 3374 1652 sume
3403 1595 3539 1651 fidu—

1954 1689 2127 1755 ciam;
2160 1702 2261 1743 nec
2288 1686 2524 1755 aliquam
2555 1686 2903 1755 imposterum
2936 1694 3143 1744 metuas
3164 1687 3539 1758 qumstiouem,

1880 1790 1927 1851 Β
1955 1793 2078 1834 cum
2102 1785 2156 1833 te
2184 1787 2240 1834 et
2259 1777 2493 1835 civitatis
2517 1786 2733 1834 tueatur
2759 1779 2980 1845 utilitas,
3026 1788 3083 1833 et
3105 1779 3364 1850 principis
3388 1793 3542 1836 reve-

1952 1869 2119 1926 renda
2149 1870 2416 1927 voluntas.

2474 2023 2808 2080 EPISTULA
2846 2023 3008 2078 XXV.
3050 2028 3057 2047 ’

1998 2132 2260 2175 ARGOLICO
2288 2131 2412 2173 VIRO
2440 2131 2716 2180 ILLUSTRI,
2750 2129 3043 2169 PREFECTO
3073 2128 3495 2177 UIlBlS,TllEODO-

2590 2201 2741 2241 RICUS
2773 2201 2899 2239 REX.

1956 2279 2152 2337 Statuit
2180 2288 2238 2333 ut
2275 2278 2459 2335 Petrus
2487 2295 2672 2352 genere
2693 2278 2864 2332 clarus
2891 2286 2943 2352 et
2968 2278 3246 2352 senatoria:
3272 2276 3543 2352 dignitatis

2024 2351 2355 2415 candidatus,
2385 2346 2592 2405 voti'sui
2625 2364 2833 2419 compos
2872 2348 2967 2418 ﬁat
2993 2346 3272 2401 secundant
3315 2348 3541 2417 priscam

2025 2422 2464 2477 consuetudinem.

2026 2514 2252 2570 Constat
2277 2528 2399 2569 eum
2427 2512 2495 2569 de
2530 2527 2591 2569 se
2640 2525 2989 2583 praesumere,
3016 2508 3107 2580 qui
3135 2509 3204 2566 ad
3232 2509 3369 2564 sacri
3399 2508 3544 2565 ordi-

1956 2605 2040 2661 nis
2080 2605 2228 2675 cupit
2266 2604 2473 2675 fastigia
2517 2603 2818 2674 pervenire.
2851 2601 3039 2657 Merita
3077 2600 3221 2657 enim
3249 2606 3546 2670 suggerunt

1944 2696 2113 2752 bona;
2151 2695 2470 2766 appetentiaz
2495 2693 2629 2767 [ed.,
2673 2690 3026 2763 apparentia]
3054 2691 3222 2756 nisus,
3249 2698 3306 2745 et
3333 2691 3387 2747 in
3413 2704 3546 2759 qna-

1957 2787 2110 2842 litate
2134 2785 2384 2841 desiderii
2430 2792 2610 2855 potest
2663 2798 2818 2838 mens
2855 2783 3081 2837 honesta
3107 2781 3383 2850 cognosci.
3416 2779 3548 2847 Quis

1959 2879 2104 2935 enim
2150 2878 2462 2948 palmstricae
2491 2877 2621 2931 artis
2659 2876 2878 2944 ignarus
2907 2875 2959 2928 in
2988 2873 3220 2928 stadium
3250 2874 3549 2931 luctaturus

1960 2968 2229 3025 introeat?
2258 2967 2365 3022 Aut
2384 2972 2503 3038 quis
2524 2965 2809 3021 certamini
2835 2965 3146 3030 misceatur,
3168 2964 3309 3033 quod
3338 2963 3548 3018 virtutis

1961 3061 2291 3118 conscientia
2320 3075 2428 3114 non
2454 3057 2676 3113 suadet?
2708 3057 2764 3113 lu
2792 3057 2924 3128 ipsis
2949 3055 3231 3111 conatibus
3258 3066 3400 3122 nigra
3430 3054 3549 3107 lan-

264 3146 527 3218 presenti
552 3146 771 3216 negotio
801 3154 985 3221 nostra
1031 3145 1298 3214 delegavit
1326 3146 1639 3206 auctoritas.
1664 3146 1751 3200 libi
1805 3154 1858 3200 te
1886 3173 1932 3236 Ο
1961 3163 2243 3226 ευθεοιιηι,
2291 3170 2411 3225 qua),
2456 3153 2771 3209 meritorum
2800 3149 3306 3222 pnnsumpljonjbus
3332 3164 3440 3202 non
3464 3148 3551 3217 ju-

263 3238 513 3294 residere
539 3251 848 3303 censemus;
893 3243 952 3291 ut
989 3235 1223 3291 violenta
1274 3237 1513 3292 omnium
1548 3233 1860 3292 defensione

265 3331 546 3395 submota,
572 3328 712 3383 hanc
741 3342 957 3382 causam
979 3326 1171 3382 discuti
1196 3327 1364 3383 facias
1390 3327 1598 3397 legibus
1619 3338 1674 3384 et
1700 3327 1857 3383 ﬁniri.

267 3422 333 3477 Et
360 3423 411 3479 si
442 3422 524 3477 rei
564 3421 821 3488 criminis,
851 3420 1005 3490 cujus
1033 3422 1387 3490 impeluntur,
1440 3422 1639 3477 fuerint
1666 3437 1865 3492 appro-

267 3514 403 3578 b..ti,
430 3512 759 3569 sententiam
784 3513 1032 3578 subeant,
1072 3527 1233 3581 quam
1263 3511 1401 3581 juris
1428 3511 1647 3568 definita
1670 3526 1864 3567 sanxe-

268 3618 415 3664 runt.
446 3607 510 3663 Si
538 3622 667 3663 vero
712 3607 1021 3662 innocentia
1074 3621 1263 3661 eorum
1291 3605 1590 3661 detestabili
1620 3605 1864 3676 pulsatur

269 3700 500 3766 invidia,
549 3698 778 3769 opprimi
806 3713 901 3753 eos
948 3697 1090 3751 nulla
1119 3697 1334 3752 ratione
1371 3696 1627 3764 patiaris:
1659 3696 1784 3766 quia
1809 3695 1863 3749 in

268 3789 532 3843 omnibus
559 3786 755 3852 causis,
785 3785 1219 3842 consideratione
1247 3784 1447 3847 divina,
1466 3773 1596 3838 illud
1626 3782 1740 3838 ﬁeri
1770 3800 1866 3837 vo-

268 3881 478 3945 lumus,
503 3877 646 3950 quod
673 3876 980 3948 opinionem
1006 3883 1204 3932 nostrae
1228 3876 1442 3946 pietatis
1468 3873 1793 3937 accumulat.

792 4012 1122 4069 EPISTULA
1157 4010 1346 4066 XXIV.

344 4125 567 4165 ELﬂDlO
588 4109 723 4182 [atii,
742 4106 1003 4178 assmulo]
1029 4121 1256 4161 utscono
1277 4120 1640 4162 THEODORICUS
1669 4120 1792 4158 uss.

267 4200 529 4255 Concedit
552 4201 849 4268 facultatem
871 4197 1169 4268 ludiﬁcandi
1192 4196 1495 4268 quibusdam
1516 4196 1571 4248 in
1591 4194 1715 4268 locis

338 4271 526 4326 letina:
552 4264 774 4324 ciuitatis
794 4269 909 4340 jam
930 4264 1179 4322 vetustate
1198 4264 1465 4338 confectis,
1488 4265 1641 4320 modo
1663 4264 1864 4335 publica

338 4342 465 4396 usui
496 4357 603 4394 non
632 4341 943 4395 deserviant.

336 4432 403 4487 In
436 4432 647 4487 lucrum
667 4430 865 4487 cedunt
886 4444 1003 4499 qua:
1036 4426 1382 4485 benemeritis
1401 4426 1781 4491 conferuntur;
1814 4434 1871 4480 et

1965 3258 2176 3306 vantur.
2229 3246 2629 3303 Pmconiorum
2671 3259 2799 3315 ergo
2827 3243 3095 3315 professio
3123 3250 3227 3307 est,
3265 3242 3551 3315 collegium

1962 3341 2295 3414 desiderasse
2331 3353 2703 3403 summorum;
2749 3337 3061 3403 bonumque
3103 3334 3172 3389 de
3197 3349 3257 3388 se
3288 3332 3553 3403 judicium

1964 3432 2146 3494 tradit,
2177 3429 2458 3500 qui'celsa':
2485 3427 2679 3499 gradus
2725 3427 2931 3495 expetit
2974 3425 3268 3493 dignitatis.
3305 3423 3397 3479 llis
3422 3437 3554 3492 ergo

1964 3522 2242 3579 desideriis
2266 3520 2443 3591 pietas
2464 3533 2525 3575 se
2550 3526 2734 3573 nostra
2759 3516 2989 3572 libenter
3002 3514 3261 3583 indulget,
3277 3514 3554 3583 quietiam

1966 3615 2021 3670 in
2048 3628 2200 3683 spem
2226 3612 2478 3681 erigimus
2505 3617 2634 3666 vota
2664 3607 2956 3664 marcentia
2981 3624 2996 3672 ;
3026 3615 3086 3661 ut
3112 3606 3238 3660 dum
3267 3594 3556 3677 provectus

1965 3704 2243 3776 quaeritur,
2274 3702 2556 3774 probitatis
2579 3700 2754 3756 studia
2787 3700 2905 3770 plus
2925 3707 3190 3754 amentur.
3225 3696 3460 3752 Proinde
3488 3697 3555 3751 il-

1967 3794 2148 3849 lustris
2174 3791 2570 3863 magniﬁcentia
2597 3797 2685 3844 tua
2707 3787 2951 3857 Petrum,
2973 3796 3259 3859 parentum
3288 3786 3408 3842 luce
3426 3802 3557 3841 con-

1967 3885 2232 3955 spicuum,
2264 3896 2468 3951 suaque
2491 3881 2753 3951 gravitate
2785 3879 2897 3949 jam
2938 3886 3268 3949 senatorem,
3294 3877 3346 3931 in
3376 3877 3556 3933 album

1967 3976 2107 4031 sacri
2128 3974 2329 4031 ordinis
2350 3972 2643 4029 secundum
2672 3970 2906 4044 priscam
2932 3958 3558 4041 consuetudittemcuret

1968 4065 2193 4131 referri;
2223 4064 2334 4136 68
2352 4070 2445 4119 aut
2470 4071 2526 4119 et
2555 4072 2706 4118 tanto
2735 4063 2897 4118 coetui
2940 4048 3481 4131 proficiatuumcrus,
3504 4068 3560 4115 et

1971 4140 2352 4212 candidato'de
2372 4169 2532 4213 sacro
2560 4153 2756 4210 ordine
2770 4163 2988 4210 crescat
3009 4161 3251 4209 ornatus.

2483 4267 2814 4336 EPISTOLA
2851 4279 3039 4335 xxw.

2018 4391 2288 4430 UNIVERSIS
2316 4387 2568 4428 ιλεςιιιιε
2598 4386 2949 4426 οοΝετιτυτιε
2980 4384 3352 4426 τηεοινοιιιουε
3377 4359 3505 4425 Βὶί.

1973 4464 2260 4536 Conﬁrmat
2310 4463 2687 4536 immunitatem
2726 4478 2757 4513 α
2784 4460 3100 4536 principibus
3128 4463 3337 4536 illorum
3359 4463 3557 4536 regioni

261 4525 335 4580 de
365 4525 496 4594 ipso
521 4537 745 4577 munere
782 4523 952 4589 magis
980 4519 1293 4591 acquiritur,
1325 4533 1445 4573 cum
1467 4516 1685 4587 optimis
1709 4516 1873 4585 digna
1900 4541 1943 4598 υ
1979 4516 2321 4598 "tamam
2364 4542 2412 4587 ει
2459 4533 2714 4603 promum
2759 4516 2814 4603 δὲ
2856 4516 2963 4584 σοι·
2989 4531 3052 4583 ab
3095 4533 3233 4585 omm-
3264 4516 3560 4602 φαυαῖηίηε

260 4623 624 4685 praestantur.
660 4612 941 4667 Petitiouis
979 4620 1084 4666 tute
1114 4608 1340 4680 proinde
1370 4616 1559 4663 tenore
1600 4606 1867 4675 comperi-

259 4719 418 4771 mus,
450 4705 573 4760 loca
618 4703 672 4758 in
700 4701 977 4774 Spoletina
1002 4701 1239 4770 civitate,
1278 4713 1396 4769 qurc
1430 4697 1541 4768 jam
1570 4697 1730 4767 longo
1758 4697 1867 4752 situ

256 4891 420 4946 ξιτατ,
476 4879 532 4934 id
559 4887 645 4934 est
669 4878 890 4947 magicae
928 4878 1007 4933 rei
1033 4875 1432 4947 deferebantur.
1464 4872 1872 4947 Valentinianus

253 4943 467 5013 etiam,
497 4958 552 5004 et
582 4943 779 5005 Valens
806 4950 859 5003 in
878 4949 916 5003 l.
940 4949 1006 5002 10
1025 4945 1088 5003 C.
1113 4943 1325 5002 Theod.
1357 4945 1423 5000 de
1447 4944 1720 5009 Inaleticis,
1746 4945 1871 5013 quia

253 5040 329 5078 ex
385 5019 589 5075 ordine
635 5019 910 5076 senatorio
976 5016 1361 5072 maleficiorum
1412 5015 1608 5069 invidia
1651 5015 1870 5078 quidam

2041 4606 2399 4669 liberaturum,
2428 4603 2730 4673 retaxatque
2754 4602 2829 4654 eis
2858 4617 3069 4655 censum
3121 4604 3390 4671 prwsentis
3410 4604 3557 4659 anni.

2042 4694 2256 4751 Libenti
2282 4693 2463 4749 animo
2489 4692 2710 4761 antiqua
2738 4690 2881 4746 circa
2907 4706 3005 4746 vos
3032 4690 3292 4747 beuelicia
3320 4688 3557 4746 custodi-

1976 4870 2119 4945 Sane
2145 4872 2181 4925 l.
2218 4871 2307 4945 15,
2329 4870 2454 4945 eod.
2477 4869 2562 4945 ρ.Δ
2581 4844 2785 4945 'l‘beqd.
2817 4867 2884 4924 de
2905 4883 3106 4945 a_ccus._,
3132 4846 3561 4945 ostenditetiam

1975 4932 2364 5013 quinquevirali
2397 4941 2601 5010 judicio
2634 4939 2771 4993 finiri
2797 4938 2938 5010 apud
2964 4939 3271 5008 praefectum
3298 4932 3431 4988 Urbi
3456 4935 3561 4988 cri-

1976 5028 2098 5066 tnen
2129 5014 2429 5067 institutum
2457 5013 2717 5065 adversus
2758 5018 3084 5071 senatorem,
3136 5014 3390 5072 vetatque
3437 5018 3561 5072 spe-

1976 5092 2151 5137 ctatos
2188 5083 2397 5148 judices
2422 5090 2615 5151 sponte
2643 5081 2886 5135 delectos
2912 5077 3173 5142 adhiberi,
3210 5076 3301 5129 sed
3351 5083 3560 5127 tantum

1974 5163 2121 5209 sorte
2146 5154 2356 5207 ductos.
2385 5152 2576 5206 Bnoss.

2048 5233 2074 5260 ι
2103 5221 2392 5291 lmpetitos,
2439 5221 2492 5276 id
2535 5229 2619 5276 est
2663 5227 3004 5291 accusatos;_
3027 5232 3150 5291 nam
3200 5214 3423 5291 epistola
3456 5229 3561 5291 _s_e-

1972 5293 2159 5361 quenti
2187 5283 2299 5356 'ait,
2335 5283 2516 5360 impoti
2548 5291 2913 5361 accusatione:
2966 5285 3031 5340 Et
3056 5283 3148 5339 lib.
3187 5283 3243 5350 v,
3273 5287 3428 5355 epist.
3456 5283 3557 5346 53;

1974 5357 2029 5417 et
2058 5364 2146 5415 lib.
2184 5378 2269 5416 λιν
2293 5361 2359 5415 de
2388 5357 2625 5416 accusat.
2657 5360 2719 5414 (ὲ.
2750 5357 2848 5412 Th.
2879 5357 3000 5410 Jun.

2047 5433 2071 5470 ιι
2101 5429 2251 5487 llanc
2266 5429 2547 5499 epistolam
2572 5438 2628 5485 et
2656 5424 3203 5499 przecedentenrcitat
3230 5424 3375 5480 card.
3400 5422 3563 5478 Baro-

1975 5503 2097 5558 nius
2126 5511 2259 5555 tom.
2288 5495 2352 5553 Vl
2376 5498 2570 5554 Annal.
2595 5495 2670 5553 ad
2689 5515 2778 5552 an.
2806 5497 2931 5551 Chr.
2965 5495 3089 5549 50$.
3268 5556 3271 5559 _

2053 5584 2074 5611 ο
2106 5570 2243 5626 Cum
2272 5570 2373 5623 hac
2402 5579 2584 5626 tamen
2612 5567 2953 5638 exceptione,
2982 5566 3039 5638 Si
3070 5565 3283 5638 publico
3304 5564 3561 5638 usuinon

1975 5642 2238 5713 deservit;
2267 5637 2414 5694 addit
2440 5649 2497 5694 et
2525 5633 2769 5713 alteram,
2800 5636 2876 5691 Ne
2905 5633 3093 5713 vicinci
3118 5638 3333 5713 quoque
3361 5633 3562 5713 obiciat

1975 5703 2300 5767 sedilitratunt
2327 5726 2483 5779 opus.
2533 5707 2592 5766 L.
2617 5707 2670 5776 2,
2720 5707 2779 5762 D.
2812 5724 2878 5764 ne
2909 5709 3035 5779 quid
3080 5703 3151 5762 iu'
3173 5707 3292 5763 loco
3322 5703 3562 5777 publico.

1976 5783 2216 5842 ι’ὐιιχεει.

252 5091 706 5160 stringebantur,
744 5089 866 5145 ideo
914 5089 1002 5143 illa
1034 5087 1247 5160 negotia
1296 5087 1872 5160 urbanzepnefectura:

248 5153 618 5234 discutienda
646 5153 930 5234 remittere
948 5174 1068 5234 sese
1090 5153 1336 5226 inquiunt
1359 5172 1374 5209 :
1407 5153 1560 5234 quod
1581 5156 1630 5234 si
1656 5153 1871 5234 quando

248 5230 546 5302 ejusmodi
568 5231 800 5302 quaestio
827 5229 1106 5292 incideret,
1128 5223 1260 5302 quae
1287 5223 1571 5302 commode
1600 5223 1810 5302 deliniri
1839 5239 1871 5277 a

250 5294 691 5376 pkufecthrbi
716 5308 1052 5376 nonposset,
1077 5299 1143 5376 ad
1158 5294 1866 5376 principem.recurrentium

247 5364 409 5433 Erat,
441 5377 507 5424 ut
532 5372 698 5441 liquet
694 5386 786 5441 ξι
894 5370 927 5423 Ι.
946 5369 1049 5441 ΑΙΟ.
1074 5368 1134 5424 C.
1161 5364 1229 5441 de
1249 5364 1524 5441 malelicis.
1553 5364 1664 5419 Lex
1688 5376 1869 5441 autem

248 5444 473 5499 ultima
513 5434 647 5494 Cod.
677 5434 887 5495 ’l‘lteod.
925 5439 993 5495 de
1016 5438 1209 5504 jurisd.
1237 5453 1382 5492 omn.
1410 5436 1670 5504 juilicum,
1697 5434 1870 5489 nomi-

247 5513 447 5569 natim
481 5518 635 5565 cavet
674 5508 983 5580 prmfectum
1018 5508 1145 5563 Urbi
1186 5525 1293 5580 non
1341 5523 1500 5580 posse
1543 5518 1871 5580 cognoscere

247 5585 325 5639 de
362 5595 549 5637 causa
577 5575 840 5635 criminali
865 5581 1152 5643 senatoris,
1190 5579 1293 5633 nisi
1323 5575 1630 5631 adhibuerit
1658 5575 1712 5630 in
1740 5589 1871 5630 con-

244 5654 461 5709 silium
497 5650 731 5719 quinque
759 5660 1040 5704 senatores
1077 5665 1183 5703 non
1212 5650 1436 5714 electos,
1465 5646 1561 5719 sed
1600 5643 1874 5719 sortedu-

246 5733 408 5787 cura,
474 5714 549 5789 ne
574 5714 844 5789 de'capite
873 5727 1037 5787 atque
1064 5719 1369 5781 innocentia
1404 5717 1627 5773 alterius
1669 5714 1871 5789 judicio

247 5785 436 5851 electi
455 5785 815 5858 judicent;'et
836 5785 980 5844 addit
1003 5789 1055 5845 id
1074 5789 1389 5864 jampridem
1409 5794 1669 5846 statutum
1685 5785 1869 5840 fuisse.
