3988 6178
365 263 381 276 ’
417 287 520 345 621

1639 291 1707 346 Μ.
1749 289 2027 347 AURELII
2066 287 2469 346 (ΞΑΒὸιοῦοω

3589 289 3692 348 628

346 397 354 443 ί
417 414 558 475 nius,
584 418 707 462 cum
757 419 898 460 nova
935 402 1254 463 utilitatibus
1302 403 1494 460 vestris
1541 413 1798 475 praestare
1825 406 2010 476 cupia-
2041 414 2081 469 Α
2112 419 2230 474 qua:
2259 403 2398 459 male
2426 403 2711 460 commissa
2737 401 3049 469 claruerint,
3078 403 3198 460 sine
3234 400 3413 472 aliqua
3434 401 3693 462 dilatione

417 513 553 553 inus.
584 495 815 553 Servare
841 496 1040 566 quippe
1067 497 1327 551 terminos
1355 497 1568 564 ignorat
1594 496 1916 563 humanitas,
1949 505 2007 552 et

417 589 644 646 novellis
667 589 823 643 decet
846 587 1075 643 blandiri
1104 587 1392 653 beneﬁciis,
1423 595 1544 659 post
1573 589 1730 659 longa
1759 591 2004 660 tempora

417 679 696 737 restitutis.
721 678 952 734 Proinde
1000 679 1391 734 immunitatem
1422 679 1594 743 vobis,
1633 693 1797 748 quam
1823 680 2006 748 regio-

417 784 541 827 nem
589 779 824 825 vestram
851 777 1064 826 constat
1107 770 1406 841 principum
1435 769 1713 841 privilegio
1739 785 2005 826 consecu-

417 868 549 928 tam,
571 859 676 916 bac
693 860 1011 916 auctoritate
1031 859 1306 930 largimur;
1331 861 1603 917 nec‘vobis
1629 861 1830 930 aliquid
1853 875 2008 916 novat

417 951 851 1022 pmsumptionis
877 951 1144 1022 patiemur
1163 952 1385 1022 imponi,
1417 966 1554 1021 quos
1582 952 1650 1008 ab
1678 952 1827 1007 omni
1855 951 2010 1007 volu-

416 1057 537 1100 mus
555 1043 866 1114 gravamine
885 1042 1165 1099 vindicari.
1187 1041 1420 1100 Censum
1448 1052 1703 1114 prasterea
1727 1043 2010 1113 praesentis

417 1134 544 1189 anni
575 1143 602 1172 σι
640 1133 850 1188 relaxat
901 1132 1053 1190 vobis
1097 1130 1462 1189 muniﬁcentia
1507 1133 1660 1204 princ
1680 1133 1837 1204 palis,
1864 1141 1925 1188 ut
1952 1140 2010 1189 et

418 1227 508 1283 illa
533 1226 751 1298 possitis
795 1227 1045 1296 accipere
1069 1239 1188 1295 qua:
1216 1237 1313 1281 vos
1337 1239 1445 1280 non
1473 1225 1698 1295 contigit
1737 1223 2006 1295 postulas-

417 1332 496 1374 se.
527 1317 645 1389 ipsa
674 1327 758 1374 est
776 1317 920 1372 enim
950 1315 1189 1388 perfecta
1226 1317 1419 1388 pietas,
1446 1330 1566 1386 qua:
1594 1322 1884 1386 antequam
1914 1312 2009 1372 lle-

419 1422 596 1471 ctatur
623 1413 895 1486 precibus,
923 1412 1074 1470 novit
1094 1411 1437 1468 considerare
1459 1410 1730 1484 fatigatos.

919 1540 1255 1602 EPISTULA
1291 1543 1503 1601 XXVII.

706 1675 986 1715 τΕΖυΤΖΔΤ
1023 1674 1199 1714 εΑιοκι
1239 1672 1604 1714 τυεοοοιιιουε
1631 1672 1760 1712 REX.

423 1769 514 1825 Illi
539 1772 806 1841 committit
831 1770 974 1825 Petri
1003 1771 1286 1835 tuitionem,
1311 1783 1467 1841 quam
1490 1769 1555 1822 αὖ
1581 1769 1778 1841 Antam
1805 1766 2007 1841 sajone,

490 1858 550 1896 eo
579 1841 714 1914 quod
743 1840 955 1914 Petrum
997 1836 1513 1914 valuisset__oc'cidere,
1546 1839 1718 1910 aufert
1729 1853 1749 1914 ί
1796 1845 1844 1891 et
1865 1836 2012 1914 jubet

491 1923 547 1966 ut
584 1907 846 1983 quidquid
877 1912 1131 1965 commodi
1160 1909 1378 1983 a_Pet_ro
1417 1907 1687 1983 acceperat
1713 1907 1928 1983 datura,
1957 1907 2011 1960 in

493 1977 705 2051 duplum
719 1977 1150 2051 'restituat,atque
1178 1979 1242 2033 de
1266 1980 1421 2049 plaga
1439 1977 1642 2049 inﬂicta
1668 1977 1738 2031 ad
1758 1977 2013 2050 judicium

491 2054 694 2107 comitis
725 2051 893 2106 Dudw
920 2052 1089 2106 veniat
1111 2051 1418 2104 audiendus.

495 2163 834 2220 Detestabilis
862 2173 944 2218 est
971 2161 1186 2233 quidem
1215 2161 1390 2216 omnis
1419 2157 1633 2229 injuria,
1672 2167 1729 2216 et
1755 2157 2012 2229 quidquid

419 2263 609 2310 contra
635 2254 780 2324 leges
801 2253 1102 2308 admittitur
1124 2251 1268 2320 justa
1295 2250 1672 2307 exsecratione
1694 2248 2008 2315 damnatur;

419 2344 514 2399 sed
556 2343 819 2398 malorum
849 2343 1087 2398 omnium
1114 2343 1371 2412 probatur
1401 2349 1724 2409 extremum,
1748 2340 1874 2396 inde
1906 2341 2006 2396 de-

423 2435 672 2490 trimenta
712 2433 1006 2503 suscipere,
1042 2432 1182 2488 unde
1205 2433 1562 2489 credebantur
1591 2429 1788 2486 auxilia
1815 2445 2013 2502 prove-

422 2526 559 2579 nire.
600 2519 899 2592 Exaggerat
941 2522 1083 2577 enim
1129 2521 1341 2592 culpam
1388 2521 1442 2575 in
1480 2521 1809 2576 contrarium
1853 2535 2010 2575 versa

417 2613 712 2668 crudelitas
730 2653 744 2678 ,
773 2620 828 2667 et
856 2611 1028 2681 majus
1048 2609 1218 2666 reatui
1253 2610 1465 2682 pondus
1491 2619 1594 2676 est,
1619 2609 1894 2680 inopinata
1915 2608 2011 2664 de-

421 2704 617 2773 ceptio.
644 2701 738 2757 Vir
765 2701 1072 2773 spectabilis
1096 2701 1275 2771 itaque
1297 2699 1489 2756 Petrus
1517 2698 1830 2754 admiranda
1854 2698 2010 2754 nobis

419 2802 568 2849 sorte
597 2795 922 2864 conquestus
949 2797 1033 2848 est
1063 2791 1267 2862 sajonis
1291 2791 1502 2846 Amarte
1529 2789 2008 2859 tuitionem,quam

420 2886 469 2941 ei
522 2894 710 2942 contra
736 2885 1004 2942 violentos
1054 2885 1393 2952 indulsimus,
1427 2885 1480 2939 in
1528 2898 1586 2940 se
1623 2882 1802 2954 potius
1846 2881 2009 2940 fuisse

417 2989 734 3047 grassatam;
761 2978 834 3033 ita
857 2984 918 3033 ut
940 2979 1102 3034 ictum
1122 2978 1284 3050 gladii
1307 2979 1363 3033 in
1385 2991 1446 3032 se
1471 2976 1775 3032 demersum
1803 2975 2009 3046 aliqua.-

415 3075 574 3129 ‘tenus
602 3074 833 3144 postiam
861 3072 1163 3128 retardaret
1190 3071 1424 3142 objectio
1451 3089 1463 3124 :
1493 3066 1735 3138 subjecta
1776 3075 1861 3124 est
1886 3067 2005 3123 vul-

2108 505 2417 566 componat.
2441 495 2748 550 Tuitionem
2770 493 2796 533 ¹³
2817 506 2948 550 vero
2974 495 3269 565 postulanti
3292 503 3482 551 contra
3509 496 3688 552 incivi-

2110 590 2189 644 les
2223 590 2453 658 impetus
2498 603 2565 642 ex
2595 593 2779 642 nostra
2819 580 3058 656 jussione
3083 587 3233 642 salva
3280 587 3537 642 ci-vilitate
3559 602 3692 656 prie-

2108 680 2296 744 stabis,
2328 695 2434 734 non
2463 678 2713 749 exemplo
2742 677 3006 745 accusati,
3028 677 3122 732 sed
3144 677 3578 736 consideratione
3603 680 3695 736 de-

2109 779 2298 826 center
2317 769 2500 826 electi.

2587 899 2924 959 EPISTOLA
2961 893 3199 958 XXVIII.

2194 1011 2348 1053 DUDB
2373 1011 2498 1052 VIRO
2526 1004 2810 1065 SENATORI,
2839 1011 3046 1064 COMITI,
3076 1010 3442 1052 THBODOBICUS
3462 1007 3589 1056 REX.

2113 1107 2272 1165 Illum
2304 1109 2570 1165 constituit
2608 1108 2840 1184 judicem
2872 1125 3044 1184 causa
3077 1110 3274 1180 sajonis
3321 1111 3565 1179 Amant,
3610 1114 3698 1184 qui

2595 1176 2948 1234 uulnerauerat
2974 1176 3208 1234 Petrum.

2184 1296 2581 1354 Conscientiam
2616 1295 2931 1366 probamus,
2957 1295 3044 1352 cui
3078 1295 3363 1366 judicanda
3404 1299 3697 1354 committi-

2114 1404 2234 1444 mus
2257 1405 2270 1441 :
2298 1389 2424 1458 quia
2444 1387 2637 1456 dignus
2663 1395 2748 1442 est
2770 1386 2910 1441 inter
2929 1386 3064 1442 alios
3085 1387 3358 1457 sequenda
3383 1387 3698 1461 decernere,

2113 1479 2207 1549 qui
2235 1478 2338 1534 sibi
2366 1477 2585 1533 modum
2605 1477 2750 1533 visus
2773 1487 2856 1533 est
2872 1465 3136 1546 legitimae.
3154 1477 3581 1537 conversationis
3606 1482 3702 1536 im-

2115 1583 2338 1640 ponere.
2370 1565 2561 1622 Petrus
2589 1566 2770 1635 itaque
2822 1567 2904 1620 vir
2937 1567 3246 1636 spectabilis
3273 1567 3525 1623 Amaram
3553 1570 3702 1639 sajo-

2117 1673 2240 1714 nem
2271 1666 2536 1723 nostrum,
2577 1657 2669 1728 qui
2697 1656 2973 1712 contrario
2997 1657 3178 1712 omine
3207 1673 3307 1727 pro
3336 1657 3452 1728 ejus
3474 1660 3705 1716 tuitione

2041 1786 2090 1848 Β
2116 1748 2354 1804 directus
2371 1755 2474 1814 est,
2506 1745 2701 1802 educto
2722 1745 2904 1816 gladio
2931 1762 2991 1803 se
3020 1747 3213 1803 asserit
3238 1748 3568 1810 vulnerasse,
3601 1750 3702 1807 de-

2115 1839 2493 1908 fensoremque
2521 1837 2736 1907 fecisse,
2757 1837 2909 1908 quod
2928 1839 3017 1894 vix
3047 1839 3295 1894 inimicus
3316 1843 3578 1911 potuisset
3601 1858 3706 1897 au-

2115 1930 2262 1987 dere.
2304 1929 2420 1986 lloc
2459 1939 2512 1985 te
2551 1938 2606 1986 et
2634 1931 2872 2000 legitima
2900 1931 3148 1986 volumus
3171 1932 3562 2005 disceptatione
3609 1951 3708 1990 co-

2113 2038 2396 2095 gnoscere,
2429 2029 2484 2078 et
2507 2020 2774 2093 probabili
2791 2023 3058 2077 sententia
3087 2022 3408 2091 terminare;
3436 2033 3710 2095 quatenus

2115 2117 2293 2173 nullus
2321 2125 2532 2176 tentare
2576 2131 2740 2173 ausus
2787 2117 2878 2183 sit,
2925 2115 3068 2188 quod
3097 2117 3255 2173 nobis
3295 2115 3582 2189 displicere
3616 2134 3710 2175 co-

2112 2208 2343 2280 gnoscit.

2615 2331 2945 2401 EPISTOLA
2983 2343 3176 2401 XXIX.

2135 2471 2397 2514 sacouco
2435 2473 2558 2514 vnto
2595 2445 2867 2521 lLLUSTRl,
2909 2469 3203 2535 ruerecro
3241 2473 3388 2515 πως
3428 2474 3688 2517 τιιεοοο-

2751 2544 2902 2585 RICUS
2940 2545 3066 2584 REX.

2115 2639 2459 2713 Reprehendit
2476 2656 2591 2696 eum
2609 2641 2746 2713 quod
2764 2641 3015 2713 mandata
3042 2641 3313 2711 principis,
3336 2641 3546 2713 proprio
3577 2660 3719 2697 com-

2179 2711 2336 2765 modo
2365 2711 2567 2776 ductus,
2601 2711 2830 2766 nondum
2857 2711 3167 2781 expleverit;
3198 2722 3349 2780 atque
3375 2711 3619 2767 decernit
3659 2725 3717 2768 ut

2119 2823 2122 2826 .
2171 2781 2324 2852 jussu
2351 2782 2464 2836 sine
2491 2797 2639 2836 mora
2668 2783 2913 2853 facessat.

2177 2895 2236 2952 Si
2262 2895 2366 2951 loci
2401 2895 2567 2950 vestri
2594 2895 2923 2964 cogitaretur
2966 2895 3281 2964 auctoritas,
3310 2895 3352 2950 si
3385 2899 3720 2954 reverentia:

2107 2999 2238 3042 cura
2277 2984 2533 3041 Romana:
2565 2996 2621 3052 6;
2653 2983 2794 3041 ultro
2823 2982 3131 3040 debueratis
3178 2993 3471 3055 expetere,
3502 2987 3561 3041 in
3594 2991 3722 3058 qui-

2111 3079 2212 3135 bus
2238 3071 2541 3147 arguimini.
2564 3076 2704 3144 Quid
2732 3076 2877 3133 enim
2899 3077 3151 3148 pratsenti
3178 3085 3424 3148 tempore
3439 3064 3723 3148 potuistis

420 3164 535 3219 neri
579 3179 798 3232 manus,
852 3179 974 3236 quae
1025 3172 1086 3219 ut
1124 3165 1178 3219 in
1204 3171 1376 3220 totum
1401 3170 1645 3218 truncata
1692 3176 1800 3216 non
1840 3161 2004 3216 cade-
2035 3156 2080 3220 C
2110 3170 2330 3229 culmini
2359 3165 2563 3225 urbano
2592 3168 2620 3207 ἀ
2652 3179 2762 3225 tam
2808 3170 3109 3240 proprium,
3139 3183 3302 3238 quam
3333 3179 3569 3227 senatus
3597 3187 3724 3228 cre-

419 3262 522 3321 ret,
549 3253 830 3324 januarum
858 3267 1113 3324 percussa
1141 3253 1338 3309 robora
1358 3252 1723 3323 praestiterunt
1748 3269 1759 3304 :
1785 3249 1874 3305 ubi
1903 3250 2009 3306 las-

419 3352 542 3400 sato
563 3343 726 3418 ματη
747 3341 952 3415 laxato]
975 3344 1178 3415 impetu
1198 3357 1424 3399 corusca
1451 3340 1577 3396 ferri
1597 3339 1740 3395 acies
1765 3338 2008 3410 corporis

418 3443 660 3491 extrema
707 3435 1038 3508 perstrinxit.
1071 3435 1117 3492 0
1160 3433 1548 3490 exsecrabilem
1575 3431 1792 3488 casum!
1824 3431 2004 3502 Impu-

419 3530 599 3597 gnavit
625 3525 916 3584 bominem‘
936 3527 1196 3584 auxilium
1221 3541 1402 3596 suum,
1439 3534 1500 3581 ut
1525 3525 1702 3580 solatii
1732 3523 2008 3594 prOSperi-

420 3630 530 3676 tate
574 3621 846 3676 subtracta
873 3621 1045 3676 crevit
1098 3633 1170 3674 ex
1213 3617 1528 3674 defensione
1572 3616 1880 3670 necessitas.
1914 3612 2008 3668 His

419 3709 588 3765 multo
615 3709 893 3764 acerbiora
939 3706 1285 3778 subjungens,
1331 3713 1391 3759 ut
1416 3703 1570 3774 quasi
1624 3702 1771 3757 ltesio
1801 3701 2008 3756 veniret

418 3799 487 3852 ad
539 3800 798 3870 pretium,
830 3799 903 3854 ita
931 3798 1110 3853 scelus
1138 3796 1415 3868 proprium
1461 3793 1672 3849 enormi
1719 3792 2006 3848 exactione

416 3900 661 3947 taxaturn
686 3899 790 3947 est.
814 3888 1128 3959 Atqueideo
1152 3887 1298 3959 juste
1341 3889 1393 3942 in
1423 3886 1543 3941 illos
1564 3885 1782 3956 pietatis
1801 3894 2002 3940 nostras

419 3983 499 4038 ira
525 3982 818 4051 consurgit,
865 3981 960 4051 qui
1006 3980 1238 4050 benigna
1261 3978 1409 4049 jussa
1439 3977 1579 4050 [Jun
1612 3977 1738 4049 legit
1775 3975 1919 4050 jura]
1951 3977 2004 4031 in

420 4072 723 4138 truculenta
768 4071 1062 4127 ministeria
1114 4077 1479 4126 mutaverunt.
1516 4067 1650 4123 Nam
1678 4075 1799 4138 qua:
1845 4075 2005 4124 erunt

419 4163 618 4234 refugis
649 4163 1092 4234 supplicantibus,
1123 4163 1169 4220 si
1199 4172 1254 4220 et
1285 4171 1468 4220 nostra
1515 4162 1774 4219 beneﬁcia
1814 4161 2002 4216 vulne-

419 4254 652 4310 rabant?
674 4253 906 4310 Proinde
929 4253 1177 4326 praesenti
1197 4253 1440 4325 jussione
1457 4267 1760 4318 censemus,
1777 4261 1836 4306 ut
1853 4251 2006 4320 quid-

417 4346 544 4418 quid
565 4346 958 4418 su—prascriptus
979 4347 1172 4400 Amara
1201 4344 1473 4402 commodi
1496 4345 1714 4399 nomine
1741 4342 1809 4398 de
1829 4343 2005 4399 causis

416 4439 698 4494 memorati
728 4438 1080 4510 supplicantis
1108 4438 1337 4508 accepit,
1369 4437 1520 4506 quasi
1551 4443 1890 4507 oppugnator
1917 4435 2002 4490 in-

2107 3272 2291 3321 menta
2317 3264 2575 3335 cogitare,
2607 3263 2822 3334 quando
2849 3263 3004 3319 famae
3023 3261 3263 3334 praesulis
3290 3262 3532 3334 prolicit,
3569 3263 3728 3333 quod

2107 3354 2243 3411 ordo
2263 3369 2416 3412 sacer
2435 3354 2706 3424 acquirit?
2735 3353 2840 3411 Sed
2863 3361 3121 3424 quantum
3150 3353 3254 3409 viri
3282 3353 3586 3410 clarissimi
3619 3355 3729 3410 Ar-

2107 3445 2358 3500 mentarii
2377 3453 2607 3500 testatur
2626 3445 2787 3500 missa
2807 3445 3100 3515 suggestio,
3123 3445 3176 3498 in
3199 3445 3545 3500 contrarium
3570 3443 3731 3502 {sedo

2107 3537 2311 3593 ambitu
2335 3537 2400 3593 de
2425 3552 2578 3594 mora
2601 3537 2841 3607 quaeritis
2869 3535 3173 3600 commoda,
3198 3535 3350 3606 cujus
3377 3551 3481 3592 vos
3520 3545 3734 3608 optare

2107 3625 2359 3684 debuisse
2387 3636 2600 3685 constat
2627 3633 2934 3696 augmenta.
2963 3625 3104 3694 Quid
3126 3626 3275 3682 enim
3323 3627 3576 3698 amplius
3601 3643 3737 3684 esse

2105 3721 2280 3793 possit
2330 3721 2723 3790 incongruum,
2770 3735 2932 3790 quam
2977 3719 3175 3775 nostris
3221 3719 3579 3789 jussionibus
3625 3735 3735 3774 ex-

2107 3813 2301 3884 peditis
2353 3812 2767 3885 supplicantium
2819 3821 2946 3867 vota
3003 3809 3334 3880 suspendere
3360 3849 3375 3874 ,
3447 3819 3514 3866 et
3599 3819 3739 3881 post

2106 3918 2273 3961 sacras
2301 3905 2676 3976 praeceptionis
2720 3901 2969 3968 allatum,
3005 3904 3050 3959 si
3096 3903 3200 3960 dici
3240 3902 3320 3957 las
3358 3911 3488 3972 est,
3537 3904 3736 3959 adhuc

2105 3997 2215 4070 69
2243 3998 2448 4068 regium
2489 3998 2830 4068 suspendisse
2877 3997 3138 4067 judicium
3167 3997 3190 4052 ?
3219 3995 3325 4051 Sed
3355 4012 3489 4064 nos,
3519 3998 3742 4067 quibus

2105 4090 2256 4146 cordi
2286 4099 2370 4146 est
2395 4097 2518 4161 post
2545 4091 2772 4160 primam
2795 4089 3006 4160 culpam
3036 4104 3145 4144 non
3173 4089 3354 4144 statim
3384 4088 3742 4145 desiderare

2103 4181 2416 4248 vindictam,
2455 4180 2523 4236 ad
2550 4180 2973 4236 admonitionem
3009 4179 3192 4250 potius
3230 4179 3382 4247 jussa
3422 4181 3743 4236 converti-

2102 4291 2224 4334 mus
2255 4293 2269 4329 :
2308 4290 2381 4330 ne
2423 4276 2494 4330 sit
2516 4283 2706 4332 nostra
2734 4274 2997 4330 districtio
3025 4273 3212 4341 nimia,
3239 4287 3405 4342 quam
3438 4273 3610 4329 lenis
3634 4289 3744 4345 pa-

2106 4367 2292 4422 tientia
2347 4382 2454 4422 non
2484 4365 2771 4436 praecedat.
2818 4364 3052 4436 ideoque
3089 4363 3342 4435 praesenti
3369 4366 3750 4421 auctoritate

2104 4455 2464 4523 decernimus,
2521 4464 2581 4512 ut
2622 4455 2956 4524 jussionibus
2985 4453 3182 4511 nestris
3225 4452 3372 4509 nulla
3415 4454 3746 4512 diiationis

415 4536 599 4597 gratus
621 4544 651 4582 a
676 4537 729 4584 te
756 4529 1100 4596 constrictus,
1119 4528 1170 4582 in
1191 4527 1352 4598 duplo
1375 4527 1423 4582 ei
1446 4534 1670 4596 cogatur
1689 4526 1995 4618 exsolvere:
2027 4535 2078 4596 ι)
2102 4546 2364 4604 calliditas
2389 4546 2673 4602 meum“
2703 4547 2828 4618 quia
2855 4560 2960 4602 non
2991 4544 3153 4601 habet
3172 4544 3346 4600 venia,
3375 4543 3620 4614 iocum,
3647 4545 3750 4617 qui

412 4621 540 4692 quia
587 4621 686 4676 sub
739 4635 899 4694 paena
955 4621 1163 4676 restitui
1201 4619 1416 4689 dignum
1439 4627 1541 4684 est,
1584 4617 1728 4687 quod
1755 4617 1998 4688 improba

414 4713 716 4769 temeritate
761 4720 973 4768 constat
1013 4699 1302 4768 extortum.
1365 4709 1442 4765 De
1486 4708 1642 4779 plaga
1672 4723 1800 4763 vero
1835 4722 1999 4778 quam

411 4806 604 4861 educto
633 4805 811 4876 gladio
841 4804 1158 4861 temerarius
1185 4809 1543 4874 praesumptor
1569 4798 1784 4868 inﬂixit,
1815 4799 1883 4854 ad
1911 4799 1999 4869 ju-

409 4894 607 4950 dicium
633 4895 846 4951 comitis
869 4893 1034 4949 Dudae
1061 4907 1202 4963 smpe
1223 4891 1400 4948 dictus
1419 4889 1534 4960 sajo
1557 4898 1610 4945 te
1637 4888 1997 4960 compellente

408 4989 589 5043 veniat
639 4986 968 5052 audiendus;
1001 4994 1059 5041 ut
1109 4981 1406 5041 secundum
1447 4981 1746 5038 edictorum
1789 4981 1986 5037 seriem

483 5176 510 5205 ⁸
532 5167 790 5226 Coneedit
818 5165 1180 5239 Theudoricus
1224 5160 1643 5239 Massiliensibus
1670 5172 1863 5216 census
1890 5157 1991 5239 im-

409 5240 759 5296 munitatem:
784 5237 999 5307 quando
1029 5245 1207 5307 autem
1233 5234 1458 5307 emperit
1485 5246 1698 5295 census,
1729 5234 1992 5307 nonsatis

410 5320 654 5376 constat;
701 5297 977 5363 alii-enim
1007 5322 1038 5360 a
1082 5305 1224 5361 Julio
1273 5297 1487 5360 (lassare
1532 5309 1741 5372 putant,
1795 5299 1885 5376 alii
1922 5297 1990 5352 ab

409 5369 672 5446 Augusto,
705 5389 761 5435 et
785 5379 976 5434 melius
1010 5391 1133 5432 meo
1173 5376 1394 5446 judicio,
1428 5381 1487 5446 ut
1510 5369 1776 5446 testantur
1803 5369 1994 5446 Florus

411 5395 491 5436 Au
531 5395 672 5445 usto,
705 5395 761 5435 ΘΙ.
785 5395 976 5434 melius
1010 5395 1133 5432 meo
1173 5395 1394 5446 jumcw,
1428 5395 1485 5427 Ut
1510 5395 1776 5427 leuantur
1803 5395 1990 5424 murus

411 5467 476 5506 ac
495 5395 715 5514 iivius;
742 5449 898 5520 idque
925 5447 1184 5520 accidisse
1211 5448 1440 5517 septimo
1463 5442 1684 5520 Augusti
1707 5439 1990 5520 consulatu

410 5537 481 5578 ex
511 5521 680 5576 Dione
698 5511 983 5590 discimus.
1019 5512 1187 5590 Hujus
1213 5511 1616 5590 autetncensus
1643 5511 1992 5590 duplex__mo-

411 5591 511 5646 dus
546 5610 559 5644 z
583 5592 834 5646 videntur
861 5589 1004 5643 enim
1032 5581 1292 5644 tributum
1317 5595 1372 5659 et
1397 5585 1652 5659 in'capita
1680 5581 1994 5659 contulisse,

411 5669 468 5716 et
494 5662 546 5715 in
577 5675 750 5730 agros,
787 5660 959 5727 lacus,
990 5659 1247 5730 pecudes,
1299 5653 1868 5730 alia_sque:__faculta_tes
1893 5667 1906 5702 :
1936 5653 1990 5702 in

412 5721 637 5798 capita:
658 5721 892 5801 inquam,
944 5721 1007 5782 ut
1045 5721 1331 5801 apudAm.
1368 5721 1731 5801 Marcellinum
1775 5721 1991 5801 l.ib.xv1

414 5792 604 5856 videre
626 5792 744 5867 esti
770 5799 824 5855 in
853 5792 1028 5870 agros,
1061 5792 1200 5871 apud
1227 5795 1635 5870 jurisconsultos
1662 5793 1744 5849 tit.
1772 5792 1840 5848 de
1860 5805 1988 5847 cen-

2103 4637 2366 4709 delinquit
2394 4637 2723 4693 admonitus.

2622 4761 2952 4826 EPISTOLA
3000 4766 3170 4822 XXX.

2154 4875 2343 4922 Λαὶηο
2368 4876 2491 4920 γιιιο
2519 4879 2783 4929 ιιιῠδτιιι,
2815 4877 3083 4926 ΡΑτιυοιο,
3115 4875 3517 4918 τηεουοιι-ιευε
3547 4878 3696 4919 ιιι-ιι.

2100 4977 2192 5036 Illi
2220 4979 2516 5035 conceditur
2555 4975 2724 5031 cut-ine
2764 4977 2990 5045 porticus
3025 4973 3256 5040 licentia,
3300 4981 3359 5024 ut
3401 4989 3597 5046 super
3626 4992 3754 5030 earn

2091 5156 2574 5291 δὼέιεῶῗῗίξιῗὲπι,
2615 5221 2914 5291 Nostrates,
2958 5216 3296 5291 ιααυςρσεάε,
3349 5228 3627 5286 vocant,
3679 5219 3754 5276 de

2092 5313 2199 5369 qua
2228 5297 2363 5352 infra
2391 5287 2606 5369 quoque
2636 5293 2727 5347 lib.
2757 5307 2852 5357 vn,
2882 5290 3038 5369 form.
3180 5287 3373 5369 fouit.

2171 5379 2193 5406 ο
2228 5356 3137 5437 Aliquflegunt,reverentiacurite
3166 5356 3472 5437 Romanis.

2167 5439 2193 5476 ά
2229 5427 2558 5492 Prw-lectura
2583 5427 2803 5489 urbana:
2832 5431 3063 5498 dignitas
3093 5440 3281 5498 omnes
3300 5427 3599 5498 urbanos
3621 5445 3755 5486 usa-

2095 5511 2349 5580 gistratus
2377 5505 2685 5580 superabat.
2716 5493 2950 5580 ιέλδιζ),
2977 5501 3046 5554 de
3069 5493 3165 5555 cli";
3185 5493 3360 5580 prati-1
3379 5494 3547 5555 Urb.
3578 5497 3757 5573 Sym-

2099 5564 2274 5634 inach.
2311 5579 2398 5633 lib.
2445 5564 2484 5642 ἰ,
2535 5571 2812 5646 θρὶδιχᾷίὶ.
2845 5564 3131 5646 Urbanum
3162 5564 3482 5646 [ir-resultant
3543 5564 3756 5628 uoster

2095 5649 2341 5707 Cassiod.
2374 5637 2667 5715 superioris
2693 5643 2787 5698 lib.
2806 5641 3043 5715 epist.__l‘l
3073 5637 3406 5715 dignitatem
3425 5637 3756 5715 _ho_t_|orum

2093 5704 2253 5779 vocat
2283 5738 2295 5773 :
2329 5721 2394 5776 de
2429 5704 2531 5789 quo
2560 5715 2698 5771 infra
2724 5704 2941 5785 quoque
2966 5712 3059 5768 lib.
3087 5704 3162 5776 vi,
3194 5704 3364 5760 lorln.
3410 5707 3480 5765 4.
3520 5709 3719 5774 Fetus.
