3988 6178
233 274 334 330 629

296 452 521 530 publica:
548 470 653 508 non
683 452 910 523 alliciant
932 461 1021 506 aut
1048 452 1240 507 decori.

300 571 470 628 Decet
492 567 715 639 quidem
739 574 969 623 cunctos
994 565 1183 636 patriae
1211 579 1322 620 sua:
1349 569 1637 632 augmenta
1676 559 1828 627 cogi-

231 672 371 729 tare,
397 659 496 717 sed
524 673 621 714 eos
660 658 899 713 maxime
926 671 1066 726 quos
1095 656 1313 727 respub.
1345 655 1447 712 sibi
1480 652 1703 711 summis
1732 652 1832 707 ho-

230 756 454 813 noribus
482 750 741 821 obligavit
766 767 780 803 :
810 750 937 820 quia
969 751 1108 805 ratio
1136 764 1317 804 rerum
1347 756 1452 810 est,
1483 753 1544 801 ut
1570 760 1697 801 eum
1732 758 1830 798 ne-

229 859 389 902 cesse
416 843 486 898 sit
509 840 632 913 plus
660 838 884 904 debere,
907 838 1000 908 qui
1028 835 1175 894 visus
1191 844 1279 892 est
1306 834 1511 904 majora
1532 833 1827 903 suscipere.

229 937 490 993 Porrecta
511 934 696 1003 itaque
716 930 1114 1002 supplicatione
1135 938 1365 989 testatus
1384 944 1462 994 es,
1477 927 1657 1007 eui-ba:
1679 924 1755 1000 [Ν
1759 928 1826 981 iv.

229 1038 276 1084 et
312 1026 494 1091 Cum,
518 1020 705 1093 curitej
730 1022 972 1093 porticus
993 1035 1113 1090 quae
1131 1020 1286 1091 juxta
1297 1021 1517 1075 domum
1534 1017 1829 1073 Palmatam

228 1121 432 1193 posita,
462 1117 639 1174 forum
670 1116 726 1171 in
756 1114 975 1169 modum
1005 1129 1145 1169 areae
1170 1113 1428 1169 decenter
1450 1110 1696 1176 includit,
1742 1125 1833 1165 sn-

228 1207 677 1283 perimponendis
724 1202 939 1262 fabricis
990 1204 1266 1262 licentiam
1302 1204 1627 1269 condonari;
1674 1211 1736 1258 ut
1777 1210 1833 1258 et

228 1302 565 1373 privatarum
594 1297 790 1353 mdium
820 1297 1084 1352 habitatio
1110 1298 1483 1368 protendatur,
1512 1305 1567 1352 et
1595 1296 1832 1365 antiquis

229 1391 501 1448 manibus
530 1387 784 1444 novitatis
824 1395 1036 1447 crescat
1078 1392 1351 1458 aspectus.
1407 1379 1486 1442 Ita
1514 1386 1571 1441 lit
1601 1395 1658 1441 ut
1686 1384 1832 1456 quod

229 1497 328 1554 per
352 1480 618 1538 incuriam
649 1487 863 1550 poterat
905 1480 1033 1548 labi,
1065 1479 1399 1535 manentium
1430 1480 1676 1535 videatur
1714 1478 1834 1532 dili—

231 1576 413 1643 gentia
442 1572 697 1629 sustineri
731 1571 899 1642 :quia
939 1570 1111 1628 facilis
1153 1581 1237 1628 est
1277 1569 1625 1627 aediﬁciorum
1654 1570 1829 1638 ruina,

232 1665 533 1721 incolarum
564 1663 841 1719 subtracta
878 1660 1155 1729 custodia;
1180 1662 1240 1718 et
1278 1665 1387 1719 cito
1417 1660 1705 1728 vetustatis
1738 1661 1834 1716 de-

1524 262 1883 320 VARIARUM
1920 259 2116 316 LIBER
2155 261 2245 317 IV.

297 387 464 458 possit
492 400 652 438 novas
684 380 909 458 [caricas
947 388 1266 458 construere,
1298 377 1575 433 dummodo
1606 376 1823 430 utilitati
1857 379 1906 435 A

3417 259 3521 316 650

2004 375 2260 429 Joannem
2287 372 2382 426 sub
2402 373 3025 445 emissionechirographi
3053 373 3211 443 fuisse
3228 370 3523 445 depositas;

2004 455 2054 498 et
2076 445 2322 515 praecipit
2339 452 2393 496 ut
2417 460 2629 498 uxorem
2655 441 2875 515 Joannis
2901 441 3163 515 ﬁlianiqae
3189 441 3301 515 ejus
3330 441 3524 515 Janung

2003 513 2138 569 rium
2167 515 2459 581 conveniat,
2487 524 2536 567 et
2566 515 2666 568 nisi
2710 513 2867 567 libere
2912 524 3004 568 eas
3050 513 3388 575 restituerint,
3426 514 3526 582 ipsi

2004 586 2214 709 geniaint
2260 583 2330 638 ad
2372 584 2699 639 consularem
2738 582 3041 654 Campania:
3076 585 3235 655 juxta
3259 583 3399 655 leges
3427 601 3526 637 au-

2044 672 2126 709 ten
2169 673 2205 709 ι.

2044 672 2205 710 tonat.

2005 746 2141 803 Cum
2171 746 2225 801 in
2252 745 2502 802 omnibus
2530 746 2708 803 causis
2733 745 2962 801 velimus
2985 743 3247 814 justitiam
3270 743 3530 800 custodiri

1936 838 2082 909 (quia
2112 837 2263 908 regni
2291 837 2455 895 decus
2480 845 2564 893 est
2588 837 2860 906 aequitatis
2883 835 3153 909 allectus),
3186 837 3240 892 in
3260 837 3340 893 eis
3359 838 3532 893 niaxi-

1934 944 2022 986 me
2049 945 2169 1002 quae
2197 928 2314 985 ﬁsci
2342 929 2513 986 nostri
2548 928 2770 985 nomine
2797 936 3206 1000 proponuntur:
3238 942 3311 984 ne
3337 942 3531 997 quent-

1935 1014 2455 1092 quam'detestabilis
2474 1021 2746 1077 calumnia
2775 1021 2832 1076 in
2859 1019 3117 1076 invidiam
3145 1017 3420 1095 regyantis
3448 1017 3531 1074 ai-

1934 1112 2101 1183 lligat.
2135 1113 2378 1169 Patimur
2410 1113 2555 1170 enim
2583 1113 2830 1184 superari
2852 1113 2996 1169 salva
3024 1114 3282 1186 aequitate
3316 1127 3413 1184 per
3452 1113 3532 1167 le-

1935 1222 2051 1278 ges,
2080 1215 2140 1262 ut
2185 1206 2326 1262 inter
2358 1220 2509 1261 arma
2556 1221 2774 1277 semper
2812 1205 3080 1276 possimus
3116 1220 3238 1263 esse
3274 1206 3527 1260 victores.

1935 1297 2070 1353 Nam
2093 1313 2257 1367 quem
2292 1297 2521 1354 licenter
2561 1296 2837 1367 subjectus
2866 1305 3106 1368 superat,
3144 1312 3258 1354 non
3297 1296 3533 1353 debellat

1936 1390 2212 1446 adversus.
2259 1389 2451 1445 Marini
2498 1392 2680 1460 itaque
2726 1391 2993 1446 relatione
3035 1391 3403 1463 comperimus
3440 1406 3530 1446 res

1937 1480 2137 1553 Tupba:
2166 1481 2309 1552 apud
2338 1481 2601 1537 Joannem
2629 1482 2902 1551 quondam
2951 1482 3055 1538 sub
3094 1481 3386 1538 emissione
3413 1482 3531 1537 ubi-

1938 1570 2193 1641 rograpbi
2237 1570 2404 1627 fuisse
2442 1571 2739 1643 depositas.
2790 1571 2859 1626 Et
2885 1572 3012 1641 quia
3043 1572 3201 1627 nobis
3220 1580 3532 1643 competere

1938 1660 2283 1717 manifestum
2308 1669 2393 1717 est
2431 1663 2579 1732 quod
2606 1663 2673 1719 ad
2715 1664 3074 1734 proscriptum
3119 1672 3337 1734 poterat
3363 1665 3532 1735 perti-

234 1758 487 1813 coctione
518 1765 545 1794 ι
576 1754 894 1821 resolvitur,
927 1753 1072 1825 quod
1103 1753 1382 1810 hominum
1414 1752 1698 1825 praesentia
1726 1768 1832 1807 non
1870 1761 1916 1821 Β
1944 1765 2077 1807 nere
2097 1761 2143 1818 ο,
2172 1750 2296 1807 ideo
2308 1753 2561 1823 praesenti
2588 1741 2913 1808 auctoritate
2937 1754 3299 1824 praecipimus,
3324 1763 3383 1809 ut
3397 1769 3536 1810 uxo-

236 1857 438 1904 tuetur.
486 1844 642 1903 Unde
680 1862 800 1913 nos,
836 1845 930 1916 qui
960 1844 1160 1903 Urbem
1192 1845 1367 1902 nitore
1393 1846 1642 1917 cupimus
1671 1840 1834 1900 fabri-

239 1953 424 1993 carum
453 1934 789 2004 surgentium
818 1934 1092 2006 componi,
1136 1932 1440 1990 facultatem
1490 1929 1836 1991 concedimus

239 2024 565 2099 postulatam
596 2043 609 2078 :
644 2024 718 2079 ita
749 2031 951 2089 tamen,
978 2024 1141 2111 siLres
1170 2025 1336 2096 petita
1364 2032 1460 2080 aut
1488 2023 1704 2081 utilitati
1732 2041 1834 2097 pu-

240 2115 390 2171 blica:
418 2131 530 2171 non
560 2113 730 2171 oﬂlcit
757 2122 851 2169 aut
878 2106 1083 2171 decori.
1115 2113 1459 2186 Quapropter
1504 2114 1667 2172 rebus
1709 2130 1837 2187 spe-

241 2211 368 2263 ratis
415 2223 642 2264 securus
688 2207 948 2275 innitere;
981 2217 1041 2262 ut
1077 2208 1269 2278 dignus
1312 2204 1569 2265 Romanis
1624 2208 1840 2265 fabricis

241 2299 517 2355 habitator
543 2314 830 2369 appareas,
859 2298 1268 2371 perfectumque
1310 2316 1447 2373 opus
1474 2316 1626 2356 suum
1658 2300 1842 2356 laudet

242 2398 541 2445 auctorem.
564 2386 722 2445 Nulla
751 2390 895 2445 enim
917 2405 1004 2445 res
1033 2398 1134 2456 est,
1165 2404 1264 2461 per
1291 2406 1453 2461 quam
1482 2392 1676 2445 melius
1716 2406 1842 2462 pos-

243 2482 308 2536 sit
344 2482 573 2552 agnosci
602 2490 659 2537 et
712 2482 990 2554 prudentis
1042 2482 1336 2553 ingenium,
1367 2490 1423 2539 et
1451 2483 1715 2552 largitatis
1762 2478 1841 2539 ef-

246 2571 443 2629 fectus.

744 2699 1094 2764 'EPISTOLA
1132 2707 1322 2763 XXXI.

248 2836 518 2877 ιῑιιιιιιιιεο
536 2836 660 2877 VIBO
682 2838 1017 2886 VENEBABILI,
1044 2837 1310 2889 EPIS’COPO,
1328 2834 1693 2879 THEODORICUS
1714 2838 1836 2880 REX.

248 2931 413 2986 Illum
436 2933 678 2987 hortatur
696 2940 753 2986 ut
778 2934 1019 3007 perﬁciat
1034 2933 1403 3007 aquaeductum
1426 2951 1579 3007 quem
1615 2938 1844 2991 auctori-

562 3011 667 3058 tate
694 3005 831 3075 regis
858 3012 1153 3074 susceperat
1184 3004 1541 3074 reﬁciendum.

316 3111 417 3206 Αιι
435 3110 599 3168 ﬁnem
622 3112 784 3168 debet
809 3112 1129 3206 perducere,
1166 3129 1287 3206 qum
1315 3115 1636 3206 prudentum
1662 3118 1840 3172 inten-
1870 3139 1922 3206 ε

245 3202 323 3259 tio
363 3202 484 3257 visa
531 3209 614 3258 est
654 3201 998 3273 suscepisse:
1030 3203 1156 3273 quia
1183 3204 1325 3260 sicut
1352 3203 1589 3275 perfecta
1632 3205 1844 3262 laudem

245 3298 496 3369 pariunt,
524 3297 598 3352 ita
624 3304 682 3353 et
718 3296 1169 3369 vituperationem
1198 3307 1476 3366 generant,
1507 3313 1627 3368 quae
1659 3300 1711 3355 in
1734 3315 1848 3355 me-

246 3389 351 3444 diis
381 3388 669 3445 conatibus
693 3400 837 3458 aegra
864 3387 1204 3444 deseruntur.
1230 3388 1479 3446 Defectus
1499 3391 1643 3445 enim
1666 3405 1848 3446 rerum

247 3488 344 3536 aut
397 3480 686 3536 consilium
725 3480 982 3547 titubare,
1040 3489 1136 3536 aut
1180 3480 1326 3537 vires
1371 3482 1548 3550 arguit
1593 3481 1844 3538 defuisse.

248 3573 602 3647 Quapropter
627 3573 886 3631 sanctitas
912 3581 1093 3629 vestra
1123 3589 1171 3629 ar
1198 3574 1294 3629 tali
1324 3573 1672 3632 oblocutione
1700 3574 1847 3631 refu-

249 3665 427 3734 giens,
459 3678 583 3734 quae
602 3664 656 3719 in
678 3663 997 3734 aquaeduetu
1023 3663 1317 3722 reﬁciendo
1345 3666 1614 3737 probabili
1635 3682 1763 3723 cura
1784 3681 1851 3723 ex

251 3765 443 3812 nostra
473 3757 799 3813 auctoritate
824 3756 1082 3827 suscepit,
1115 3755 1371 3813 celeriter
1397 3758 1465 3813 ad
1490 3754 1739 3814 eli‘ectum
1767 3757 1850 3813 fa-

251 3848 363 3901 ciat
406 3845 711 3917 pervenire.
767 3845 905 3901 Nam
933 3844 1063 3916 quid
1112 3846 1289 3917 aptius
1341 3861 1504 3916 quam
1534 3856 1609 3921 ut
1647 3847 1852 3903 sitienti

254 3937 408 4010 plebi
432 3936 717 4009 provideat
754 3951 923 4007 aquas
950 3936 1323 3994 sanctissimus
1350 3938 1441 3993 ille
1469 3938 1750 4005 sacerdos;
1799 3946 1857 3995 et

254 4030 502 4086 limans
530 4028 868 4098 providentia
896 4027 1081 4097 satiet,
1109 4043 1248 4098 quos
1269 4029 1434 4085 etiam
1461 4030 1733 4086 miraculis
1758 4046 1855 4101 pa-

252 4134 421 4175 scere
433 4116 746 4174 debuisset?
766 4117 997 4174 lmitaris
1008 4118 1153 4175 enim
1168 4118 1598 4190 antiquissimum
1610 4119 1829 4192 Moysen
1838 4162 1855 4189 ,

253 4213 351 4282 qui
385 4208 681 4266 Israelitico
706 4209 909 4282 populo
929 4208 1091 4278 longa
1126 4208 1381 4265 ariditate
1400 4211 1627 4277 siccato,
1653 4211 1723 4268 de
1741 4213 1858 4268 saxi

252 4302 553 4360 sterilitate
575 4303 830 4374 copiosos
851 4301 1038 4359 latices
1054 4301 1239 4358 eduxit
1260 4301 1322 4369 ιις
1347 4310 1404 4358 et
1431 4303 1498 4358 ad
1524 4303 1857 4375 implendum

253 4395 606 4465 miraculum,
641 4394 768 4450 inde
794 4392 926 4450 fecit
947 4408 1168 4450 currere
1192 4393 1442 4450 buniidos
1479 4394 1736 4464 liquores,
1767 4396 1859 4452 ubi

254 4497 385 4545 erat
411 4488 557 4545 sicea
576 4486 821 4544 durities.
853 4484 937 4541 Tu
955 4493 1138 4541 autem
1158 4485 1207 4541 si
1233 4485 1411 4542 fontes
1442 4486 1673 4556 irriguos
1694 4503 1857 4544 saxo—

254 4595 386 4636 rum
425 4578 836 4637 constructione
874 4575 978 4650 [ed.
1011 4575 1138 4633 Niv.
1161 4586 1211 4632 et
1244 4575 1421 4641 Gam.,
1453 4578 1859 4653 constitutione]

254 4671 513 4741 deducis,
556 4672 661 4728 hoc
701 4671 887 4727 labore
915 4678 1009 4726 tuo
1046 4678 1270 4742 praestas
1313 4669 1546 4742 populis,
1596 4671 1743 4743 quod
1770 4672 1863 4728 ille

254 4763 564 4820 miraculis.

766 4894 1104 4954 EPISTOLA
1140 4895 1355 4951 XXXII.

618 5025 775 5066 bona;
795 5024 976 5066 suum
998 5023 1363 5066 rnonomcus
1391 5014 1518 5065 uer.

257 5123 557 5196 Signiﬁcat
599 5141 656 5179 se
697 5126 960 5197 accepisse
1008 5139 1093 5179 res
1151 5121 1347 5194 Tuplue
1387 5123 1684 5195 proscripti,
1725 5126 1866 5193 apud

341 5307 373 5335 ⁸
405 5294 596 5351 Omnia
646 5295 1209 5367 tentpns-depastjtur,
1241 5291 1464 5367 aedilicia
1503 5308 1740 5367 quoque,
1774 5295 1868 5353 Vi-

256 5369 487 5424 truvius
524 5368 620 5421 lib.
653 5384 699 5432 ι,
731 5363 780 5422 (ι’.
811 5365 863 5420 8.
899 5363 1038 5419 Plin.
1064 5364 1153 5435 36,
1183 5377 1301 5435 cap.
1335 5364 1402 5435 li;
1433 5364 1468 5418 Ι.
1501 5363 1859 5435 15,,siquan.

254 5440 362 5493 do.
396 5437 435 5492 ‘2
479 5438 539 5492 C.
576 5438 644 5493 de
682 5453 833 5506 oper.
880 5436 1110 5506 public.,
1141 5433 1304 5506 I._58,
1334 5433 1548 5504 domus,
1577 5434 1645 5490 de
1674 5433 1775 5505 lég.
1810 5438 1862 5492 l.

256 5507 535 5563 Paulinus
560 5508 612 5563 in
643 5503 908 5562 lo'Natali
937 5504 1149 5561 Felicis.
1179 5503 1418 5561 FORNER.

342 5579 374 5619 δ
410 5578 551 5634 Psal.
577 5594 703 5634 cxiii
731 5596 744 5630 :
781 5577 884 5642 Qui
912 5576 1162 5630 convertit
1189 5585 1389 5649 peter
1418 5577 1473 5629 in
1493 5583 1681 5646 stagna
1709 5595 1871 5649 aqua—

255 5666 415 5713 rum,
439 5658 491 5703 et
517 5665 697 5717 rupem
725 5649 778 5701 in
810 5650 978 5719 fontes
1003 5644 1275 5717 mm.
1307 5644 1543 5701 Fonnsn.
1582 5644 1589 5646 ἡ
1756 5644 1767 5649 ’

262 5791 277 5799 _
346 5729 376 5758 ε
412 5717 845 5799 Proscriptorum
877 5717 1021 5799 bona
1052 5715 1179 5799 ἰξεοο
1202 5716 1557 5799 ιιριιιὶυιιιιιιιςζ
1606 5717 1867 5775 Authent.

262 5791 425 5847 bona
454 5784 853 5845 damnatorum.
882 5785 945 5843 C.
975 5785 1043 5844 de
1063 5784 1189 5843 bon.
1222 5784 1484 5861 proscrip.
1518 5786 1703 5846 Bnoss.

1938 1855 2055 1896 rem
2083 1840 2376 1912 supradicti
2397 1840 2618 1899 Joannis
2645 1841 2920 1915 ﬁliumque
2946 1842 3062 1913 ejus
3081 1842 3397 1902 Januarium
3418 1861 3536 1903 mo-

1938 1930 2126 1987 derata
2152 1933 2504 1990 exsecutione
2528 1935 2841 1991 convenias.
2885 1934 2989 2002 Qui
3035 1938 3081 1992 si
3104 1936 3377 1994 intestata
3405 1938 3535 2011 led"

1940 2022 2227 2095 intentata]
2278 2024 2477 2095 injuste
2522 2040 2585 2083 se
2611 2026 2847 2083 retinere
2874 2037 3225 2096 cognoscunt,
3268 2031 3538 2100 aequitatis

1940 2113 2374 2171 consideratione
2389 2116 2676 2173 restituant
2694 2134 2710 2171 :
2732 2116 2977 2173 minusve
2995 2118 3074 2191 [id
3091 2128 3188 2186 est,
3212 2120 3297 2179 sin
3310 2118 3533 2193 ruinas],

1945 2206 2274 2271 competenti
2302 2204 2595 2274 sponsione
2614 2205 2994 2275 praemissa,“
3017 2208 3354 2271 consularem
3376 2208 3538 2267 Cam-

1945 2294 2120 2366 pania:
2159 2294 2382 2352 veniant
2416 2295 2623 2368 legibus
2644 2297 2935 2366 audiendi;
2966 2307 3026 2354 ut
3065 2315 3249 2359 coram
3297 2302 3539 2372 partibus

1946 2387 2159 2459 positis,
2188 2396 2244 2444 te
2287 2387 2626 2459 imminente,
2650 2389 2797 2460 quod
2824 2388 2997 2447 forma
3024 2391 3266 2449 continet
3300 2393 3537 2449 sanctio-

1947 2496 2075 2537 nun
2102 2481 2381 2547 divslium,
2412 2490 2720 2539 censeatur.
2749 2482 2830 2539 Ita
2856 2492 3060 2553 tamen,
3087 2491 3150 2543 ut
3174 2479 3324 2543 nullo
3343 2483 3538 2555 pmju-

1947 2573 2112 2641 dicio,
2143 2574 2291 2631 nulla
2312 2574 2526 2645 injuria,
2551 2575 2702 2632 nullo
2728 2575 2949 2640 damno,
2976 2576 3288 2635 innocentia
3313 2590 3540 2648 praten-

1952 2673 2144 2723 vetor:
2173 2682 2245 2722 ne
2270 2666 2461 2723 aliena:
2491 2667 2850 2724 accusationis
2890 2667 3147 2725 Invidiam“
3173 2677 3321 2725 tuam
3362 2668 3541 2727 beate

1952 2759 2186 2816 videaris
2215 2759 2477 2817 oﬂ'ensam
2506 2761 2559 2815 ά.
3314 2782 3320 2787 ·

2382 2896 2491 2966 70
2516 2893 2852 2951 EPISTOLA
2889 2895 3127 2951 xxxni.

1956 3002 2225 3042 INIVERSIS
2242 3003 2435 3043 ωοιιε
2449 3003 2639 3044 689⁸οΕ
2659 3003 3006 3044 CONS'I'I'I‘UTIS
3025 3003 3389 3044 τηεοιιοιιιοιιε
3410 3006 3537 3045 REX.

2000 3128 2016 3141 ,
2063 3077 2352 3150 Conﬁrmat
2384 3079 2655 3151 privilegia
2680 3095 2797 3152 φιω
2818 3079 2892 3134 eis
2919 3081 3055 3151 leges
3085 3079 3409 3135 indulserunt

2019 3189 2273 3246 Custodia
2302 3190 2480 3261 legum
2508 3191 2780 3248 civilitatis
2803 3199 2887 3248 est
2909 3192 3185 3260 indicium,
3217 3200 3273 3249 et
3293 3209 3542 3251 reveren-

1951 3282 2025 3337 tia
2057 3282 2296 3353 priorum
2322 3283 2627 3355 principum
2656 3294 2856 3341 nostrae
2882 3300 3098 3356 quoque
3119 3294 3346 3342 testatur
3372 3287 3541 3344 devo-

1952 3372 2113 3429 tionis
2135 3375 2459 3445 exemplum.
2484 3373 2624 3442 Quid
2643 3376 2786 3431 enim
2809 3377 2999 3431 melius
3018 3393 3181 3447 quam
3206 3378 3421 3449 plebem
3442 3381 3543 3451 sub

1952 3474 2223 3538 prmcepto
2251 3466 2448 3535 degere
2478 3467 2615 3523 velle
2650 3466 2895 3536 justitite,
2928 3477 2987 3524 ut
3013 3479 3312 3526 conventus
3341 3472 3544 3526 inulto-

1952 3573 2070 3612 rum
2098 3556 2567 3630 disciplinabilium
2595 3556 2667 3614 sit
2693 3557 2949 3613 adunatio
2975 3567 2997 3597 ο
3029 3558 3401 3615 voluntatum?
3419 3559 3546 3617 Hcce

1953 3648 2094 3704 enim
2120 3649 2348 3722 populos
2376 3647 2445 3703 ab
2470 3648 2671 3717 agresti
2695 3648 2806 3704 vita
2836 3649 2888 3704 in
2915 3648 3163 3703 humanae
3182 3650 3546 3705 conversatio-

1955 3740 2039 3797 nis
2062 3739 2302 3809 regulam
2327 3738 2692 3808 congregavit.
2726 3736 2851 3791 lizec
2876 3741 3015 3792 ratio
3039 3753 3071 3792 a
3094 3735 3307 3793 feritate
3326 3737 3543 3793 divisit:

1956 3846 2027 3887 ne
2054 3830 2280 3887 arbitrio
2306 3830 2507 3887 casuali
2535 3837 2879 3901 vagarentur,
2910 3843 3048 3898 quos
3074 3829 3187 3898 regi
3215 3828 3443 3886 consilio
3464 3827 3548 3885 di-

1960 3923 2081 3980 vina
2111 3924 2415 3979 voluerunt.
2447 3923 2638 3979 Oblata
2663 3923 2845 3992 itaque
2872 3921 3264 3993 supplicatione
3297 3923 3551 3994 deposci-

1959 4017 2028 4073 tis
2054 4016 2331 4088 privilegia
2359 4017 2513 4072 vobis
2538 4016 2738 4073 debere
2766 4016 2991 4082 servari,
3030 4030 3152 4087 quae
3187 4010 3423 4071 Judaicis
3466 4014 3552 4070 iti-

1960 4109 2163 4165 stitntis
2191 4108 2367 4178 legum
2404 4105 2630 4179 provida
2653 4105 2894 4163 decrevit
2920 4106 3212 4176 antiquitas
3237 4123 3249 4158 :
3282 4102 3427 4176 quod
3454 4119 3555 4160 nos

1962 4198 2192 4253 libenter
2216 4197 2525 4263 annuimus,
2556 4197 2647 4269 qui
2672 4197 2794 4267 jura
2824 4205 3066 4252 veterum
3096 4195 3163 4251 ad
3190 4205 3431 4252 nostram
3454 4210 3553 4252 cu-

1962 4290 2139 4362 pimus
2165 4288 2525 4345 reverentiam
2573 4287 2858 4344 cnstodiri.
2905 4288 3082 4359 Atque
3129 4285 3253 4341 ideo
3305 4286 3555 4357 praesenti

1964 4382 2287 4438 auctoritate
2314 4396 2629 4447 censemus,
2678 4388 2737 4435 ut
2782 4393 3114 4451 quaecunque
3143 4379 3320 4448 legum
3355 4385 3556 4433 statuta

1966 4481 2311 4539 monuerunt,
2356 4472 2501 4530 circa
2546 4488 2646 4530 vos
2691 4472 2896 4528 illibata
2926 4480 3242 4539 serventur;
3291 4480 3557 4541 quatenus

1966 4564 2112 4639 quod
2139 4565 2208 4621 ad
2235 4564 2507 4622 civilitatis
2536 4564 2707 4639 [mss.,
2739 4561 2995 4635 civitatis]
3026 4578 3180 4619 usum
3206 4571 3420 4621 constat
3439 4578 3561 4620 esse

1969 4667 2263 4729 repertum,
2294 4658 2503 4729 perpeti
2525 4657 2816 4714 devotione
2847 4665 3115 4713 teneatur.

2458 4788 2791 4846 EPISTOLA
2829 4782 3068 4846 XXXIV.

2315 4898 2469 4938 ιιιιΜς
2499 4898 2672 4939 ελιοιθι
2702 4898 3070 4939 τηεουοιιιουε
3095 4899 3221 4938 κεί.

1977 4970 2218 5029 Decernit
2246 4981 2304 5027 ut
2329 4974 2443 5029 loca
2472 4974 2626 5028 adeat
2641 4973 2727 5028 ubi
2752 4974 2977 5029 thesauri
2998 4975 3179 5039 (atem,
3210 4981 3278 5039 et,
3301 4973 3350 5027 si
3369 4973 3559 5027 inreuti

2344 5045 2554 5116 fuerint,
2585 5042 2713 5116 ﬁsco
2739 5044 2949 5099 addicat
2969 5043 3190 5115 publica.

2044 5133 2495 5192 Prudentize'nios
2517 5144 2601 5191 est
2628 5136 2684 5190 in
2729 5136 2993 5190 humanos
3022 5149 3149 5189 usus
3185 5130 3341 5189 terris
3382 5131 3560 5187 abdita

2046 5302 2072 5341 ἀ
2106 5303 2174 5360 Ut
2195 5305 2358 5371 judex
2388 5306 2527 5361 male
2549 5304 2862 5375 judicantlo,
2895 5304 3041 5359 litem
3084 5319 3236 5375 suam
3278 5301 3456 5375 (acere
3484 5302 3563 5356 di-

1971 5375 2128 5498 ;itnr.
2165 5374 2382 5432 Publius
2405 5374 2635 5432 Mimos:
2667 5375 2838 5429 Amici
2858 5375 2986 5428 vitia
3012 5374 3055 5429 si
3083 5374 3241 5440 feras,
3281 5374 3417 5429 facis
3449 5382 3559 5428 tua.

2018 5460 2140 5498 nan.

2018 5460 2140 5499 ()RN.

2048 5527 2070 5552 ε
2099 5515 2300 5570 Gellius
2327 5516 2417 5570 lib.
2450 5530 2506 5581 ιι,
2529 5530 2649 5585 cap.
2679 5512 2768 5579 29,
2794 5513 3030 5569 adunare
3058 5529 3309 5580 messem,
3335 5522 3561 5570 tractum

1975 5600 2003 5637 a
2031 5584 2576 5658 Grteco,_qui_eodem
2604 5584 2778 5658 sensti
2796 5588 3045 5656 ἡνωμένην
3069 5595 3124 5640 et
3160 5606 3434 5658 συνημενον
3464 5600 3562 5637 vo—

1973 5663 2118 5727 cant,
2170 5656 2204 5709 ι.
2237 5656 2324 5717 50,
2360 5654 2605 5727 ῐὶῡιιιιιιἈ
2635 5656 2695 5727 D.
2749 5654 2817 5727 de
2860 5654 3080 5727 usucap.
3114 5658 3260 5711 unita
3291 5654 3518 5727 corpora
3546 5671 3561 5720 ;

1975 5725 2199 5782 Seneca:
2225 5727 2316 5783 lib.
2349 5741 2405 5793 ιι,
2436 5741 2555 5797 cap.
2580 5724 2633 5793 2,
2652 5726 2771 5781 Nat.
2794 5724 2994 5792 Qumst.
3028 5724 3197 5783 Fons.
