3988 6178
472 292 569 347 651

1682 291 1753 345 Μ.
1796 289 2074 345 AURELll
2113 288 2506 347 CASSIODORI

3623 285 3729 345 632

468 406 668 462 talenta
694 421 970 471 revocare,
1001 405 1492 474 commerciumque
1523 404 1817 459 viventium
1840 420 1943 459 non
1968 404 2045 458 di-
2073 410 2126 468 Α
2150 403 2470 460 beneficium
2498 404 2645 472 leges
2663 404 3037 471 sacratissimis
3066 403 3448 475 praestiterunt,
3492 403 3728 474 nihilque

465 513 592 555 cere
615 505 948 553 mortuorum
979 514 991 548 :
1033 496 1158 565 quia
1186 503 1240 550 et
1270 494 1425 550 nobis
1452 495 1504 548 in
1535 493 1674 549 fossa
1709 502 1955 562 pereunt,
1993 500 2049 547 et

466 589 572 645 illis
600 590 654 643 in
683 588 828 642 nulla
857 595 1011 656 parte
1046 586 1328 658 profutura
1357 586 1668 656 linquuntur
1696 585 1833 658 [alii,
1869 585 2050 638 locan-

467 678 597 749 tur].
625 676 960 732 Metellorum
982 674 1181 745 quippe
1221 676 1452 731 ambitus
1475 674 1665 732 solatia
1708 682 1834 731 sunt
1875 674 2050 729 homi-

470 784 615 825 num.
647 767 779 822 Nam
804 767 982 822 divitis
1012 767 1127 821 auri
1156 782 1291 822 vena
1317 767 1505 821 similis
1528 776 1609 822 est
1631 766 1848 836 reliqua:
1872 773 2049 833 terrae,

466 862 512 916 si
537 861 748 930 jaceat:
782 876 897 926 usu,
930 859 1123 915 crescit
1168 858 1236 913 ad
1265 859 1515 928 pretium,
1560 857 1776 928 quando
1814 867 1869 912 et
1912 856 2052 927 apud

468 951 620 1006 vivos
648 949 854 1020 sepulta
882 956 1026 1012 sunt,
1059 963 1178 1017 quae
1208 948 1475 1003 tenacium
1503 947 1748 1003 manibus
1770 947 2051 1003 includun-

468 1048 577 1096 tur.
606 1041 780 1110 Atque
805 1037 926 1094 ideo
946 1036 1220 1093 moderata
1244 1037 1486 1107 iussione
1512 1036 1871 1103 decernimus,
1895 1044 1955 1092 ut
1987 1036 2054 1091 ad

468 1131 617 1185 illum
647 1130 825 1185 locum
854 1129 908 1182 in
948 1142 1057 1197 quo
1082 1127 1252 1183 latere
1279 1128 1508 1198 plurima
1548 1136 1927 1197 suggeruntur,
1955 1127 2054 1181 sub

471 1219 688 1289 publica
714 1216 1094 1275 testificatione
1122 1218 1446 1295 convenias;
1480 1225 1535 1272 et
1564 1218 1607 1272 si
1652 1232 1861 1283 aurum,
1891 1226 1950 1270 ut
1974 1217 2056 1272 di-

469 1312 631 1381 citur,
658 1311 743 1366 vel
772 1318 1050 1382 argentum
1081 1308 1242 1365 fuerit
1270 1318 1360 1365 tua
1389 1310 1440 1364 in
1463 1309 1733 1378 lagatione
1760 1309 2053 1376 detectum,

473 1401 791 1473 compendio
817 1401 1033 1471 publico
1065 1400 1292 1456 tideiter
1313 1400 1606 1456 vindicabis
1635 1417 1648 1452 :
1681 1399 1755 1454 ita
1788 1408 1968 1454 tamen
1998 1408 2056 1453 ut

471 1493 742 1549 abstineas
811 1506 1003 1546 manus
1032 1506 1062 1544 a
1088 1489 1358 1546 cineribus
1386 1498 1743 1552 mortuorum,
1790 1488 1916 1557 quia
1955 1503 2057 1543 no-

471 1582 645 1637 lumus
685 1583 828 1637 lucra
853 1582 1019 1651 qumri
1051 1595 1172 1651 qua:
1213 1595 1310 1651 per
1344 1578 1554 1635 funesta
1588 1590 1814 1651 possunt
1853 1580 2056 1635 scelera

472 1673 711 1744 reperiri.
745 1671 989 1727 Edilicia
1017 1667 1201 1742 tegant
1227 1671 1458 1739 cineres,
1490 1671 1771 1737 columnae,
1798 1671 1880 1726 vel
1910 1686 2055 1725 mar-

472 1780 619 1821 mora
649 1772 844 1820 ornent
870 1764 1148 1834 sepulcra;
1194 1762 1394 1818 talenta
1437 1778 1543 1818 non
1573 1771 1809 1829 teneant,
1840 1763 1930 1832 qui
1970 1763 2053 1816 vi-

473 1856 630 1911 vendi
660 1855 981 1910 commercia
1006 1854 1358 1924 reliquerunt.
1389 1852 1593 1907 Auru’m
1625 1853 1768 1908 enim
1798 1853 2059 1923 sepulcris

474 1946 612 2015 iuste
633 1944 952 2022 detrahitur,
968 1944 1057 2003 ubi
1073 1942 1331 2000 dominus
1347 1958 1455 1997 non
1476 1944 1734 1998 habetur:
1753 1943 1862 1998 imo
1890 1943 2059 2013 culpa:

474 2049 642 2105 genus
676 2042 780 2104 est,
823 2034 1085 2089 inutiliter
1111 2032 1304 2089 abditis
1338 2031 1483 2107 [Con
1517 2032 1696 2103 Gam.,
1723 2031 1929 2105 abdita]
1974 2048 2061 2090 re-

475 2127 716 2197 linquere
758 2136 1114 2192 mortuorum,
1149 2125 1290 2181 unde
1314 2140 1373 2181 se
1400 2125 1510 2180 vita
1539 2133 1722 2197 potest
1760 2134 2063 2182 sustentare

477 2217 794 2273 viventium.
845 2216 963 2272 Non
1023 2224 1109 2272 est
1165 2217 1309 2272 enim
1355 2216 1620 2288 cupiditas
1664 2218 1893 2289 eripere,
1943 2234 2063 2289 qum

476 2307 654 2363 nullus
679 2322 741 2363 se
766 2307 1015 2363 dominus
1044 2308 1360 2376 ingemiscat
1386 2308 1629 2366 amisisse
1652 2317 1700 2363 ⁸⁸.
1731 2308 1894 2364 Primi
1921 2310 2064 2363 enim

477 2397 730 2452 dicuntur
754 2411 944 2453 aurum
981 2394 1175 2465 Eacus,
1205 2405 1485 2467 argentum
1522 2396 1682 2454 ludus
1709 2414 1806 2454 rex
1833 2398 2065 2471 Scythiae

481 2489 765 2560 reperisse,
796 2496 853 2545 et
879 2490 1115 2544 humano
1157 2490 1272 2545 usui
1321 2505 1529 2546 summa
1577 2490 1735 2546 laude
1765 2490 2061 2546 tradidisse.

485 2579 642 2647 Quod
670 2594 771 2635 nos
816 2580 871 2634 in
895 2581 1226 2637 contrarium
1255 2581 1524 2650 negligere
1556 2597 1663 2637 non
1691 2581 1966 2647 debemus,
2000 2596 2067 2636 ne

482 2670 621 2727 sicut
666 2670 885 2725 latentia
908 2686 1030 2726 cum
1077 2670 1237 2726 laude
1282 2679 1409 2725 sunt
1452 2671 1685 2742 prodita,
1732 2673 1806 2727 ita
1847 2673 2066 2729 inventa

485 2774 611 2816 cum
634 2759 1031 2831 vituperatione
1056 2759 1343 2815 videantur
1370 2776 1489 2815 esse
1520 2762 1784 2830 negléeta.

998 2888 1323 2946 EPISTOLA
1360 2889 1575 2947 XXXV.

773 2997 1060 3039 Αετοιιωυε
1087 2998 1260 3036 Αιιιιθιι
1288 2996 1649 3039 ἠιεουοιιιουε
1673 2997 1799 3037 REX.

493 3072 754 3129 Permittit
776 3082 832 3127 ut
860 3071 995 3127 bona
1014 3072 1207 3137 Albini,
1240 3073 1283 3126 si
1297 3089 1387 3141 per
1405 3081 1606 3127 (etatem
1627 3071 1798 3140 liceat,
1818 3071 2071 3141 sulcisque

2153 505 2235 551 est
2262 495 2408 566 quod
2446 495 2570 565 jure
2612 504 2803 551 contra
2832 494 3123 560 referatur;
3174 504 3464 565 patronum
3494 503 3728 551 vestrum

2150 586 2463 641 solemniter
2482 600 2643 641 causa
2663 585 2877 653 cognita
2922 585 2975 639 in
3004 586 3270 653 integrum
3313 583 3520 640 restitui
3547 593 3729 640 nostra

2151 692 2366 749 quoque
2392 676 2656 747 permittit
2678 676 2993 732 auctoritas.
3037 674 3118 730 Ita
3146 684 3325 730 tamen
3356 683 3416 729 ut
3439 674 3617 729 omnia
3646 689 3731 729 se-

2151 765 2388 821 cundum
2430 766 2692 836 justitiam
2741 765 2992 834 legesque
3037 773 3398 835 peragantur,
3478 764 3601 834 quia
3655 764 3733 819 sic

2152 856 2577 928 supplicantibus
2610 855 2895 912 consulere
2921 856 3188 919 volumus,
3228 863 3288 909 ut
3314 869 3499 910 eorum
3542 853 3727 909 adver-

2153 945 2325 1001 sarios
2352 960 2451 1017 per
2468 945 2783 1014 iujustitiam
2810 960 2919 1000 non
2942 958 3242 1013 gravemus.

2578 1084 2683 1152 71
2712 1079 3047 1135 EPlSTOLA
3074 1077 3308 1133 xxxvr.

2260 1186 2461 1227 FAUSTO
2486 1186 2778 1227 PREFECTO
2806 1185 3085 1226 PBETOBIO
3114 1184 3473 1224 THEODORICUS
3500 1186 3623 1224 REX.

2158 1263 2438 1336 Signiﬁcat
2481 1280 2536 1319 se
2576 1260 2977 1336 provincialibus
3005 1262 3212 1336 Alpium
3240 1262 3525 1318 Cottiarum
3566 1281 3736 1319 assem

2228 1333 2487 1417 publicum
2514 1333 2605 1404 per
2625 1350 2681 1416 ut
2696 1333 3026 1387 indictionem
3052 1334 3336 1400 relaxasse,
3361 1350 3576 1404 quorum
3616 1345 3738 1387 sata

2231 1412 2483 1458 transiens
2511 1412 2766 1458 exercitus
2787 1412 3091 1458 vastaverat.

2229 1513 2688 1569 Providentissimi
2734 1514 2989 1584 principis
3033 1522 3119 1570 est
3162 1513 3413 1582 graviter,
3443 1512 3744 1569 imminutis

2157 1605 2463 1674 relinquere
2491 1604 2823 1658 tributariam
2852 1603 3201 1671 iunctionem,
3246 1613 3304 1658 ut
3330 1604 3582 1661 redivivis
3620 1617 3741 1661 stu-

2159 1692 2261 1747 diis
2298 1692 2364 1746 ad
2409 1692 2680 1762 implenda
2728 1691 2985 1747 solemnia
3031 1701 3373 1761 recreentur,
3426 1694 3518 1762 qui
3566 1695 3743 1765 pressi

2090 1778 2131 1837 ll
2159 1782 2475 1835 damnorum
2506 1780 2798 1835 acerbitate
2826 1780 3152 1861 defecerant.
3199 1780 3332 1835 Nam
3379 1782 3424 1836 si
3452 1781 3607 1837 fessis
3633 1783 3743 1837 mi-

2160 1871 2305 1925 nime
2326 1870 2596 1926 relevetur
2620 1885 2776 1937 onus,
2808 1870 3132 1926 necessitate
3152 1872 3389 1943 cernitur
3411 1878 3591 1942 jacere
3612 1890 3743 1944 pro-

2160 1972 2381 2021 stratus.
2415 1964 2601 2020 Melius
2629 1972 2712 2020 est
2739 1965 2883 2019 enim
2921 1964 3205 2034 praasentia
3252 1962 3446 2019 damna
3495 1975 3744 2021 contem-

2163 2069 2312 2121 nere,
2359 2070 2519 2123 quam
2559 2054 2753 2124 exiguo
2781 2056 2999 2123 qumstu‘
3029 2061 3290 2124 perpetua
3318 2055 3600 2133 commoda
3632 2072 3744 2112 non

2161 2146 2378 2201 habere.
2416 2144 2595 2215 Atque
2639 2145 2761 2201 ideo
2788 2145 3010 2201 illustris
3040 2145 3433 2214 magnificentia
3475 2154 3566 2202 tua
3612 2164 3745 2218 pro-

2164 2236 2478 2292 vincialibus
2507 2236 2722 2307 Alpium
2766 2235 3064 2292 Cottiarum
3116 2252 3291 2292 assem
3339 2238 3608 2307 publicum
3650 2254 3743 2309 per

2166 2328 2378 2384 tertiam
2408 2328 2751 2384 indictionem
2785 2329 2861 2400 (id
2887 2340 2983 2393 est,
3015 2347 3105 2384 an.
3141 2328 3265 2384 Chr.
3293 2328 3423 2400 5l0)
3472 2346 3572 2385 nos
3601 2331 3746 2386 relao

2168 2433 2326 2474 xasse
2378 2426 2698 2487 cognoscat;
2746 2434 2881 2489 quos
2932 2420 3195 2474 transiens
3237 2428 3422 2475 noster
3471 2421 3749 2476 exercitus

2168 2523 2320 2564 more
2344 2507 2596 2577 ﬂuminis,
2627 2508 2754 2564 dum
2789 2510 2990 2579 irrigat,
3019 2510 3304 2581 oppressit.
3329 2509 3462 2566 Nam
3491 2512 3619 2567 licet
3649 2528 3749 2584 pro

2169 2599 2404 2671 generali
2446 2600 2736 2655 securitate
2765 2598 3010 2656 frementi
3040 2600 3372 2656 adunatione
3415 2602 3750 2673 proruperit,

2169 2689 2485 2760 praeteriens
2514 2697 2692 2745 tamen
2721 2689 2944 2746 istorum
2974 2691 3119 2746 culta
3147 2691 3394 2746 vastavit.
3425 2690 3587 2746 Radit
3607 2692 3751 2747 enim

2170 2795 2385 2850 semper
2404 2777 2595 2835 fluvius
2625 2780 2836 2836 alveum
2876 2795 3060 2846 suum;
3094 2789 3149 2836 et
3175 2781 3301 2836 licet
3333 2782 3567 2836 molliter
3592 2796 3752 2851 egre-

2171 2869 2322 2925 diens
2350 2871 2521 2925 vicina
2549 2868 2820 2939 fecundet,
2851 2870 2981 2926 illud
3004 2881 3180 2926 tamen
3211 2870 3384 2926 reddit
3411 2872 3622 2940 sterile,
3646 2888 3753 2944 quo

2173 2959 2429 3015 collectus
2460 2956 2747 3015 inﬂuxerit.
2781 2958 2933 3043 Unde
2959 2975 3184 3016 necesse
3210 2959 3328 3027 fuit,
3374 2961 3541 3017 civica
3568 2972 3754 3017 vasta-

2177 3052 2323 3106 tione
2350 3051 2571 3121 dejectis
2599 3052 2874 3125 porrigere
2902 3051 3145 3107 dextram
3171 3053 3482 3121 salutarem,
3532 3069 3641 3109 nec
3670 3055 3756 3109 in-

564 3143 763 3206 iustitia
783 3151 832 3197 et
860 3143 1054 3213 legibus
1081 3145 1133 3197 in
1155 3144 1408 3219 integrum
1434 3142 1863 3219 restituantur,_in
1889 3142 2069 3219 quibus
2097 3151 2142 3213 Ο
2172 3147 2310 3216 grati
2338 3147 2519 3202 dicant
2548 3162 2606 3203 se
2635 3148 2858 3218 periisse
2886 3149 3031 3205 solos
3059 3164 3158 3219 pro
3185 3147 3499 3205 defensione
3526 3158 3757 3205 cuncto-

564 3230 654 3280 per
673 3229 856 3284 pravos
885 3212 1175 3267 contractus
1198 3212 1379 3282 gravia
1406 3228 1589 3280 passus
1615 3221 1728 3265 erat
1756 3212 2046 3279 dispendia.

569 3326 829 3383 Consulto
856 3328 1078 3397 provida
1098 3327 1335 3383 decrevit
1356 3326 1667 3397 antiquitas,
1694 3325 1928 3381 Minores
1953 3342 2076 3382 con-

497 3427 700 3473 tractus
745 3418 944 3474 liberos
970 3434 1077 3474 non
1106 3418 1304 3474 habere
1336 3417 1386 3485 δ,
1419 3425 1479 3474 ut
1505 3425 1561 3473 et
1595 3417 1958 3473 insidiantium
1997 3418 2077 3472 la-

499 3511 625 3582 quei
654 3521 674 3549 ε
707 3510 1110 3578 frustrarentur,
1152 3518 1208 3566 et
1242 3510 1406 3580 lapsis
1432 3518 1564 3565 tetas
1591 3509 1793 3566 lubrica
1823 3509 2076 3565 subveni-
2150 3518 2153 3521 ‘

494 3610 597 3659 ret.
611 3593 938 3660 Obruerctur
949 3601 1147 3674 quippe
1167 3602 1493 3668 innocentia,
1507 3600 1551 3655 si
1568 3600 1901 3655 relaxaretur
1921 3600 2078 3654 auda-

495 3695 621 3761 cia,
677 3704 924 3763 essetque
978 3693 1185 3749 cunctis
1232 3689 1449 3746 fallendi
1501 3691 1757 3755 studium,
1822 3689 1867 3745 si
1930 3689 2075 3744 fraus

496 3782 875 3853 subreptitium
930 3782 1232 3837 lucraretur
1276 3778 1547 3834 eil‘ectum.
1602 3777 1669 3832 Et
1718 3777 1838 3832 idvo
1888 3779 2075 3848 prisca:

496 3871 898 3928 consuetudinis
935 3868 1326 3939 supplicatione
1365 3873 1614 3938 porrecta
1653 3866 1936 3934 suggeritis
1975 3880 2074 3936 pa-

497 3973 712 4019 tronum
741 3971 978 4016 vestrum
1008 3963 1061 4015 in
1092 3960 1246 4016 annis
1281 3957 1578 4013 minoribus
1620 3956 1993 4023 constitutum,
2019 3955 2074 4010 in

498 4050 844 4107 facultatibus
872 4052 983 4105 suis
1011 4050 1190 4120 potius
1219 4061 1536 4117 aggregasse
1581 4045 1856 4116 dispendia
1889 4063 1903 4114 ;
1948 4044 2075 4101 dum

497 4144 681 4213 ignara
708 4143 939 4214 pueritia
963 4141 1233 4197 contraria
1269 4140 1425 4209 gerit,
1456 4152 1577 4208 quae
1604 4137 1879 4209 profutura
1919 4147 2075 4208 puta-

494 4235 663 4301 verit;
695 4243 751 4290 et
805 4249 945 4290 nunc
989 4232 1042 4288 id
1071 4240 1285 4302 tempus
1328 4231 1501 4286 aetatis
1549 4242 1730 4299 agere,
1761 4244 1869 4300 quo
1911 4229 2074 4299 lapsis

496 4328 762 4398 possimus
790 4341 888 4397 per
925 4326 1281 4394 ignorantiam
1302 4324 1626 4380 subvenire:
1657 4325 1967 4393 allegantes,
2014 4332 2076 4379 ut

495 4419 641 4491 quod
664 4420 794 4490 jura
825 4420 1143 4483 tribuerunt,
1191 4424 1375 4474 nostra
1402 4431 1618 4488 quoque
1658 4416 1917 4471 beneficia
1966 4415 2076 4470 lar-

495 4512 730 4583 giantur.
777 4512 951 4581 Atque
979 4513 1123 4579 ideo,
1150 4511 1194 4566 si
1223 4510 1412 4581 petitio
1439 4518 1616 4564 vestra
1644 4524 1671 4561 a
1711 4508 1938 4562 veritate
1964 4522 2070 4562 non
2105 4534 2152 4592 ι)

494 4602 692 4667 deviat,
730 4610 786 4656 et
836 4604 972 4656 intra
1019 4616 1281 4656 annorum
1330 4598 1501 4669 spatia
1542 4598 1717 4665 deget,
1749 4597 1941 4665 quibus
1970 4595 2074 4650 hoc

569 4746 594 4774 α
622 4739 666 4791 Α
685 4736 807 4806 jure
833 4732 1422 4806 tractnmaThesa‘urus
1442 4732 1603 4806 enim,
1630 4729 1844 4806 favente
1876 4727 2065 4793 Paulo,

494 4816 578 4864 est
601 4799 757 4862 vetus
785 4805 1026 4875 quaedam
1067 4803 1335 4875 depositio
1362 4802 1641 4875 pecunige,_
1656 4799 1806 4866 cujus
1844 4814 1950 4875 non
1975 4814 2069 4875 ex-

493 4886 602 4935 stat
626 4869 904 4937 memoria,
931 4884 989 4929 ut
1002 4873 1115 4943 jam
1132 4869 1402 4943 dominum
1429 4886 1536 4943 non
1559 4869 1751 4943 habeat
1776 4886 1790 4934 ;
1822 4869 1901 4943 sic
1925 4869 2067 4943 enim

493 4950 555 5001 iit
578 4949 699 5017 ejus
725 4946 816 5017 qui
845 4938 1073 5017 invenit.
1095 4942 1238 5017 quod
1282 4957 1388 4995 non
1435 4939 1658 5017 alterius
1684 4939 1754 4992 sit
1786 4956 1797 4990 :
1832 4938 2068 5017 alioquin

496 5019 541 5074 si
568 5007 687 5087 quis
715 5007 913 5087 aliquid
939 5014 1040 5087 vel_
1060 5007 1192 5066 lu'cri
1227 5026 1413 5076 causa,
1436 5010 1521 5065 vel
1548 5017 1741 5087 metus,
1774 5007 1858 5062 vel
1884 5015 2069 5087 custo-

493 5078 601 5143 dite'
639 5078 938 5143 condiderit
963 5082 1062 5138 sub
1089 5091 1250 5145 terra,
1293 5096 1398 5135 non
1427 5088 1508 5133 est
1547 5078 1871 5133 thesaurus:
1918 5078 2071 5147 cujus

493 5158 656 5214 etiam
684 5155 882 5210 furtum
912 5154 987 5206 tit.
1021 5152 1081 5207 L.
1109 5151 1197 5219 5i,
1230 5164 1519 5218 nunquam,
1562 5148 1622 5201 D.
1653 5147 1720 5202 de
1754 5148 2070 5219 acqui.rer.

493 5228 642 5283 dum.
677 5224 919 5282 Scmvola
950 5223 1041 5279 lib.
1075 5238 1092 5276 I
1121 5217 1454 5291 responsoin,
1495 5238 1526 5272 ει
1558 5226 1734 5291 tutore
1762 5217 1946 5291 pupilli
1975 5217 2074 5291 do-

494 5313 643 5351 mum
671 5302 943 5352 mercatus
980 5292 1047 5347 ad
1088 5287 1574 5361 ejus'refectionem
1605 5287 1811 5342 fabrum
1840 5287 2069 5361 induxit.

495 5367 546 5437 is
573 5367 854 5437 pecuniam
895 5365 1098 5437 invenit
1118 5357 1146 5414 ἐ
1171 5359 1528 5437 _q_u'.critur_ad
1574 5373 1732 5437 quem
1784 5357 2071 5437 pertineat:

497 5426 793 5506 Respondit
819 5434 1053 5506 Scaevola
1105 5451 1117 5486 :
1167 5426 1374 5506 Sinon
1418 5429 1652 5483 thesauri
1680 5426 1934 5506 fuerunt,
1977 5427 2071 5481 sed

497 5497 721 5577 pecunia
750 5505 890 5561 forte
911 5505 1143 5577 perdita,
1165 5501 1249 5556 vel
1271 5514 1621 5577 pererret-em
1644 5498 1711 5577 ab
1733 5512 1799 5551 eo
1820 5497 1886 5550 ad
1909 5511 2070 5564 quem

499 5566 799 5646 pertinebat
841 5566 947 5646 non
976 5573 1150 5646 ablata
1191 5589 1204 5624 :
1257 5566 2073 5646 tiiliiiotttinus_ejuseamnesse

500 5635 663 5725 cuan
681 5646 870 5725 fuerat.
890 5645 939 5706 ,l.
971 5642 1061 5706 67,
1086 5658 1118 5725 a
1139 5651 1335 5725 tutore,
1367 5640 1431 5693 Β.
1461 5638 1528 5725 de
1555 5637 1634 5692 rei
1659 5636 1856 5725 vindic.
1903 5635 1942 5689 F
1946 5650 2070 5725 91W.

572 5710 598 5754 ῖι
631 5717 760 5770 Dion
776 5715 963 5784 Chrys.
976 5754 991 5780 ,
1006 5715 1394 5791 ﬂtpléﬁtdtwg
1413 5717 1521 5791 rei;
1536 5710 1796 5791 γεωτέροές
1815 5710 2072 5791 magism

859 5787 870 5801 1

510 5787 622 5829 in?”
644 5789 793 5829 mina:
821 5773 905 5829 m3;
935 5788 989 5829 ἒῆ
1014 5773 1336 5829 σ’λαθὰλλίιν-
1362 5783 1428 5829 ὡς
1454 5773 1866 5829 ﬁnieram-056w.
1904 5774 2047 5829 FORN

502 5787 622 5840 ὅτὼν
644 5789 793 5859 νόμος
821 5787 906 5840 οὐκ
934 5788 992 5856 ἐᾷ
1014 5784 1338 5853 σ’λμϐἁλλιιν,
1362 5784 1428 5840 ὡς
1454 5784 1684 5839 ἀπίστοις
1710 5784 1866 5832 οὖσιν.
1904 5784 2069 5829 Fons.

2177 3254 2295 3292 rum
2322 3255 2333 3291 :
2367 3240 2693 3294 misceantur
2720 3240 2898 3310 potius
2922 3239 3137 3307 lmtitize,
3167 3242 3259 3309 qui
3290 3240 3429 3295 viam
3458 3240 3632 3295 italia:
3666 3241 3759 3296 de.

2179 3328 2482 3385 fensoribus
2523 3330 2900 3400 praestiterunt.
2942 3327 3163 3386 Tributa
3214 3331 3356 3385 enim
3408 3346 3514 3386 non
3555 3331 3761 3386 debent

2178 3420 2358 3475 tristes
2383 3421 2546 3489 exigi,
2578 3435 2673 3491 per
2697 3435 2833 3489 quos
2860 3421 3170 3474 tributarios
3201 3418 3426 3476 feliciter
3473 3420 3761 3490 acquisivi.

2178 3510 2330 3567 Dicat
2356 3527 2456 3582 pro
2484 3513 2588 3571 illis
2630 3521 2814 3567 noster
2837 3513 3063 3579 animus,
3113 3512 3257 3582 quod
3288 3513 3397 3581 regi
3434 3529 3539 3567 non
3575 3522 3762 3582 potest

2179 3604 2442 3674 imputare
2484 3604 2775 3674 subjectus.
2806 3603 3043 3658 Emimus
3092 3614 3276 3660 nostro
3325 3600 3611 3676 dispendio
3638 3620 3764 3675 pro-

2176 3695 2486 3765 speritatem
2528 3693 2826 3751 Gothorum
2860 3714 2873 3748 :
2916 3711 3017 3751 nos
3062 3696 3361 3752 necessaria
3409 3696 3763 3766 praebuimus,

2176 3796 2236 3842 ut
2263 3787 2432 3843 hostis
2454 3785 2762 3843 vinceretur
2788 3785 3008 3842 illaesus.

2644 3917 2976 3979 EPISTOLA
3012 3920 3272 3976 XXXVII.

2234 4029 2630 4072 TREODAGUNDE
2659 4028 2905 4069 ιιωετιιι
2932 4026 3143 4066 FEIINB
3173 4025 3537 4069 THBODOIUCUS
3568 4027 3706 4066 REX.

2176 4105 2374 4162 Notum
2402 4106 2529 4184 facit
2557 4103 2816 4184 lignatum
2842 4110 3170 4184 conquestum
3198 4115 3337 4184 esse,
3363 4116 3475 4184 eum
3499 4100 3768 4184 judicium

2245 4169 2426 4231 contra
2456 4175 2772 4246 Inquilinam
2801 4169 3088 4246 meruisset,
3107 4169 3337 4246 stupidum
3367 4169 3537 4246 tamen
3570 4170 3766 4246 aduer-

2245 4246 2374 4300 sarii
2408 4240 2611 4299 cessare
2640 4244 2980 4297 calumniam:
3011 4252 3061 4295 et
3098 4241 3243 4311 jubet
3267 4249 3325 4293 ut
3353 4240 3627 4311 negotium
3651 4241 3767 4311 jam

2244 4317 2448 4385 [initum
2475 4317 2528 4368 in
2555 4331 2651 4368 sua
2692 4322 2832 4366 curet
2871 4308 3116 4385 firmitate
3152 4308 3473 4377 permanere,
3511 4310 3566 4362 si
3610 4308 3767 4362 modo

2233 4382 2498 4457 fuquilina
2514 4385 2636 4454 jure
2661 4399 2765 4438 non
2786 4382 3153 4452 provocaverit.

2244 4498 2412 4553 Decet
2440 4495 2733 4567 prudentia:
2755 4502 2951 4549 nostrae
2976 4506 3159 4547 curam
3188 4489 3561 4559 subiectorum
3598 4500 3772 4554 neges

2182 4591 2269 4646 tiis
2292 4587 2544 4643 adhibere
2584 4585 2901 4651 custodiam,
2933 4584 3057 4652 quia
3087 4581 3243 4637 nobis
3271 4578 3658 4635 ordinantibus
3684 4578 3775 4632 illa

2241 4723 2366 4779 Huic
2407 4731 2592 4777 narrat
2638 4718 2850 4789 Ulpian.
2888 4718 2991 4789 lib.
3027 4734 3080 4772 χι
3129 4716 3195 4771 ad
3222 4715 3488 4789 edictum.
3549 4716 3649 4769 ubi
3678 4715 3776 4789 ait

2170 4794 2439 4850 infirmum
2468 4807 2587 4845 esse
2616 4784 2920 4858 hujiismodi
2966 4796 3192 4858 aetatum
3222 4786 3527 4858 consilium,
3575 4784 3769 4858 multis

2171 4863 2509 4941 captionibus
2537 4855 2896 4941 suppositum,
2926 4858 3148 4941 multum
3178 4855 3384 4941 insidiis
3410 4856 3773 4941 espositum‘;

2172 4922 2295 4990 ideo
2321 4932 2572 4988 auxilium
2604 4922 2681 4984 eis
2710 4922 3110 5000 practoredicto
3139 4924 3408 5000 pollicitus
3440 4922 3553 4992 est,
3590 4933 3651 4979 et
3680 4922 3776 4977 ad-

2171 5018 2361 5074 versus
2381 5002 2658 5074 captiones
2680 4998 3112 5074 opitulationem;
3144 4998 3333 5074 Bsoss.

2249 5086 2272 5113 ε
2306 5062 2514 5128 Insidiae
2538 5086 2635 5139 pro
2663 5062 2810 5139 dolo,
2847 5068 2897 5139 1.7
2918 5067 3037 5130 ult.,
3068 5066 3129 5122 C.
3161 5066 3228 5120 de
3255 5080 3325 5139 re
3340 5062 3504 5139 milit._
3525 5062 3631 5139 lib.
3666 5078 3772 5139 xu;

2176 5145 2214 5200 l.
2246 5157 2370 5215 pen.
2405 5142 2457 5195 tl.
2488 5131 2554 5215 de
2576 5140 2701 5215 j_ur._
2723 5131 2837 5215 dot.
2887 5138 2924 5215 l_.
2969 5147 3243 5215 antepen._,
3284 5132 3346 5188 C.
3378 5133 3594 5215 dendo}.
3634 5150 3652 5214 ξ
3684 5131 3776 5213 ubi

2216 5202 2320 5269 uod
2348 5219 2493 5276 ante,
2525 5202 2752 5273 indiciis,
2784 5208 3061 5277 legebatur
3089 5202 3283 5277 passim
3320 5202 3512 5277 merito
3545 5202 3607 5277 in
3639 5203 3745 5255 insi

2216 5229 2320 5269 ιιοα
2348 5229 2493 5276 ante,
2525 5229 2752 5273 InalCllS,
2784 5229 3061 5277 tegebatur
3089 5229 3283 5275 passu“
3320 5229 3512 5257 manus
3547 5229 3607 5256 ιιι
3639 5229 3745 5255 sum

2176 5229 2301 5358 aiis,
2331 5281 2476 5358 do_ct_i
2505 5279 2603 5358 viri
2625 5276 3106 5358 mutuataldeoque
3132 5272 3409 5358 probanda
3429 5273 3601 5358 est‘l.
3620 5287 3775 5358 pe‘ng

2177 5353 2240 5409 C.
2268 5342 2336 5407 de
2375 5350 2485 5422 dol.
2505 5348 2674 5422 ⁸εῐθξιιι.
2714 5348 2873 5402 Fabri
2914 5342 3095 5422 lectio,
3129 5342 3216 5414 qui
3243 5343 3384 5422 quod
3415 5342 3631 5422 postea
3658 5342 3780 5422 aliis

2176 5419 2612 5493 placere_vi_deo,
2664 5434 2861 5493 nonex
2911 5412 3159 5493 indiciis,
3188 5412 3775 5493 sedinsidiisnlegit:

2178 5479 2323 5561 quod
2369 5489 2487 5543 libri
2516 5479 2861 5561 manuscripti
2889 5486 3228 5561 continuant,
3259 5479 3781 5561 etﬁconsimiles‘js-

2180 5549 2255 5617 ris
2286 5561 2390 5616 loci
2422 5560 2456 5612 l.
2490 5558 2611 5622 ult.,
2642 5557 2702 5612 C.
2734 5549 2800 5611 de
2827 5572 2886 5611 re
2914 5556 3067 5609 milit.
3101 5555 3153 5609 in
3185 5554 3275 5608 lin.
3312 5551 3375 5605 D.
3399 5551 3465 5604 de
3487 5549 3629 5622 jure
3653 5549 3780 5622 dot.

2177 5630 2318 5755 ginc
2346 5629 2547 5685 insidiae
2572 5618 2818 5693 fortunat,
2850 5626 2887 5681 Ι.
2920 5626 3044 5695 ult.,
3072 5622 3133 5679 C.
3165 5624 3232 5679 de
3250 5635 3455 5678 access.
3485 5618 3624 5675 her.
3651 5620 3785 5675 inst.

2225 5718 2347 5755 orm.

2225 5718 2347 5757 ORN.
