3988 6178
339 221 444 289 635

336 442 590 496 sentiam.
635 442 722 498 Sic
751 447 894 498 enim
927 448 1216 515 credimus,
1260 451 1382 520 quia
1425 468 1634 508 memor
1661 456 1920 510 natalium

337 543 553 588 tuorum
585 550 616 588 a
646 544 696 590 te
720 537 940 605 abjicias
965 556 1125 596 omne
1153 544 1428 610 vitiosum,
1457 555 1513 600 et
1541 547 1628 601 illa
1659 547 1772 602 sola
1803 548 1921 602 dili-

335 637 462 691 gere
487 626 663 693 possis
691 642 811 695 quae
840 638 894 683 et
921 646 1018 685 nos
1047 647 1230 689 amare
1257 639 1558 704 cognoscis.
1591 637 1919 696 Proavorum

338 717 560 774 forsitan
590 721 970 779 oblitterentur
998 729 1264 797 exempla,
1296 730 1342 785 si
1372 731 1516 800 longi
1560 735 1772 801 generis
1817 737 1919 790 mi-

337 824 436 864 nus
463 808 604 863 facta
635 812 974 878 recolantur;
1004 817 1206 872 similes
1227 827 1407 873 autem
1433 821 1524 875 lilii
1547 830 1756 891 patrum
1786 839 1921 894 pra:-

336 899 493 952 conia
543 915 668 954 mox
698 913 1013 972 sequuntur.
1047 906 1284 965 Renatus
1333 910 1515 979 itaque
1557 912 1720 968 ﬂebili
1767 913 1920 968 nobis

334 989 572 1046 aditione
598 1003 927 1062 conquestus
957 1007 1056 1060 est,
1085 1000 1237 1054 nobis
1273 1000 1644 1071 delegantibus
1671 1007 1916 1073 cognito-

335 1095 419 1134 res
435 1081 734 1148 judicatum
757 1101 815 1140 se
839 1097 1024 1142 contra
1041 1087 1360 1158 Inquilinam
1389 1095 1602 1149 nomine
1624 1105 1745 1164 post
1762 1097 1920 1166 longa

335 1173 593 1240 temporis
623 1175 902 1230 intervalla
928 1179 1218 1253 meruisse;
1258 1189 1312 1236 et
1338 1185 1577 1239 excubiis
1604 1184 1918 1256 damnisque

333 1262 578 1320 confecto
607 1277 839 1321 vestram
871 1271 1084 1325 tandem
1116 1276 1453 1344 prospexisse
1484 1277 1746 1345 justitiam
1775 1298 1787 1333 :
1821 1296 1920 1335 nec

336 1361 512 1408 tamen
541 1356 824 1423 litigatoris
856 1359 1153 1429 improbam
1183 1381 1396 1420 cessare
1426 1368 1769 1436 calumniam,
1793 1372 1916 1425 dum

333 1443 584 1500 redivivis
613 1445 798 1502 litibus
847 1451 1163 1506 tenuitatem
1205 1455 1504 1525 insequitur
1533 1460 1914 1528 supplicantis;

333 1541 388 1587 ut
419 1550 526 1589 non
557 1544 668 1591 tam
695 1539 940 1595 vincendi
969 1552 1154 1598 votum
1185 1555 1232 1612 ³,
1287 1563 1446 1616 quam
1495 1551 1785 1607 adversarii
1832 1555 1915 1608 vi-

332 1623 520 1678 deatur
543 1628 815 1695 quiesiisse
861 1630 1262 1689 detrimentum.
1313 1636 1654 1710 Quapropter
1682 1642 1726 1696 si
1764 1644 1918 1699 nobis

1612 249 1964 307 VARIARUM
2006 255 2203 312 LIBER
2243 259 2330 314 IV.

338 352 452 406 ﬁeri
482 352 681 407 debent
709 370 827 424 qua:
875 358 1077 426 regiam
1109 370 1334 428 possunt
1360 361 1731 418 demonstrare
1776 382 1918 434 prte-
1947 378 1995 429 Α

3504 278 3606 356 est

2095 377 2436 467 ejus‘su‘mrna
2466 396 2578 460 cum
2605 383 2796 467 injuria
2826 385 3017 466 fuerint
3059 400 3348 467 occupatae;
3397 407 3445 448 et
3469 416 3605 467 prte-

2095 447 2218 512 cipit
2243 457 2318 527 ut,
2349 447 3048 528 imminente'Duda'sajane,
3083 447 3284 528 direpta
3313 447 3604 521 omniaad-

2095 525 2179 593 rel_
2207 518 2319 593 sine
2348 520 2520 587 aliqua
2546 536 2695 593 mora
2728 518 2924 577 restitui
2955 542 2971 577 :
2998 528 3043 578 si
3071 518 3240 582 tamen
3288 518 3605 593 iuvasoriiuis

2094 585 2217 666 quid
2244 590 2411 666 facere
2433 585 2726 651 crediderit,
2756 594 3058 666 instructam
3088 615 3360 666 personam

2059 658 2063 667 '
2096 656 2269 744 aulam
2299 658 2534 744 imperat3
2567 676 2665 727 quo
2713 663 2943 730 partibus
2973 656 3212 738 utrinque
3253 656 3604 744 auditis?

2095 726 2292 794 feratur
2313 726 2587 780 sententia.

2093 815 2236 869 Inter
2264 824 2484 871 cmteras
2509 821 2700 888 quibus
2739 826 3026 878 humanum
3076 840 3242 894 genus
3291 834 3604 891 sollicitatur

2021 907 2340 976 illecebras,
2387 914 2654 981 praecipue
2700 915 2916 970 vitanda
2958 929 3038 972 est
3086 922 3376 979 alienarum
3424 944 3600 984 rerum

2021 999 2193 1067 turpis
2221 1000 2444 1054 ambitio
2471 1017 2484 1053 :
2518 1003 2640 1070 quia
2672 1004 2722 1058 in
2755 1005 3072 1061 immensum
3097 1010 3299 1076 jactata
3329 1018 3432 1087 72
3458 1022 3602 1087 rapi-

2022 1097 2128 1155 tur,
2167 1092 2210 1144 si
2236 1090 2456 1160 justitia:
2483 1095 2810 1162 ponderibus
2852 1115 2958 1152 non
2991 1115 3284 1170 prematur.
3312 1105 3600 1163 Avaritiam

2020 1179 2281 1248 siquidem
2309 1182 2541 1237 radicem
2580 1200 2696 1239 esse
2727 1189 2967 1243 omnium
3005 1193 3267 1248 malorum
3296 1195 3322 1233 δ
3347 1206 3401 1250 et
3442 1199 3601 1253 lectio

2020 1270 2197 1325 divina
2216 1280 2599 1343 testatur,qu:e
2622 1279 2711 1332 tali
2729 1289 2873 1334 sorte
2896 1284 3076 1351 punita
3097 1285 3265 1356 [mss.,
3283 1290 3475 1362 potita]
3499 1303 3598 1354 est,

2022 1370 2080 1416 ut
2109 1379 2228 1416 cum
2273 1365 2438 1418 multa
2469 1369 2661 1436 rapiat,
2707 1387 2920 1440 semper
2957 1385 3146 1441 egeat:
3177 1393 3334 1446 quam
3383 1392 3602 1452 propter

2020 1454 2346 1510 vicinitatem
2387 1461 2598 1525 generis
2630 1463 2795 1516 nostri
2827 1465 2903 1519 sic
2939 1465 2990 1518 in
3021 1467 3211 1521 animis
3237 1473 3434 1528 vestris
3470 1489 3599 1528 eoa-

2021 1545 2228 1601 lescere
2275 1548 2522 1603 nolumus
2571 1552 2715 1623 [mss.
2753 1553 2818 1607 R.
2846 1564 2895 1608 et
2935 1557 3022 1621 A.,
3072 1571 3416 1630 quapmpter,
3469 1574 3598 1632 etc.,

2021 1637 2308 1709 volumus],
2342 1649 2402 1693 ut
2446 1641 2520 1694 illi
2568 1658 2668 1698 nec
2707 1644 2853 1698 initia
2883 1647 3259 1705 concedamus.
3294 1651 3428 1718 Quid
3459 1656 3598 1708 enim

330 1711 641 1782 iubentibus
679 1717 915 1787 judicata
961 1725 1306 1790 cognoscitis,
1352 1743 1454 1782 nec
1481 1739 1696 1784 constat
1721 1731 1916 1786 adver-
1949 1747 1995 1804 B
2021 1728 2222 1784 faciunt
2236 1730 2425 1786 sordes
2449 1733 2746 1788 animorum
2775 1735 2827 1788 in
2849 1737 3132 1805 splendore
3154 1742 3450 1796 natalium?
3471 1743 3600 1798 Illud

332 1805 529 1858 mrium
574 1823 899 1875 provocasse
936 1811 1196 1880 legaliter,
1230 1814 1437 1870 ﬁnitum
1481 1817 1602 1887 jure
1643 1822 1916 1888 negotium

331 1895 382 1948 in
410 1911 507 1950 sua
535 1895 696 1953 facias
725 1900 976 1956 firmitate
1004 1920 1222 1960 manere
1247 1923 1261 1959 :
1289 1923 1356 1962 ne
1385 1909 1542 1978 longa
1571 1913 1796 1981 qumstio
1823 1913 1918 1967 liti-

310 1987 568 2053 -gantium
618 2005 728 2043 non
775 1998 885 2044 tam
937 2002 1130 2062 augeat
1187 1998 1507 2066 patrimonia
1549 2015 1914 2069 quamiever-

331 2084 442 2142 tat;
471 2088 527 2131 et
550 2079 690 2148 quod
716 2081 774 2135 ﬁt
799 2082 1002 2138 ambitu
1029 2084 1181 2153 lucri,
1210 2101 1372 2143 causa
1399 2089 1640 2145 videatur
1665 2106 1782 2148 esse
1805 2093 1910 2148 dis-

287 2235 306 2238 __
328 2168 527 2237 pendii.

799 2305 1130 2362 EPISTOLA
1167 2308 1449 2366 XXXVIII.

429 2409 633 2449 ιτΑυετο
661 2411 953 2453 ΡΒΛΕΡΕΟΤΟ
980 2415 1257 2455 ΡΒΞΤΟΚΙΟ
1281 2417 1645 2458 τιιεοιιοιιιῦυε
1672 2420 1798 2457 REX.

326 2482 609 2554 Signiﬁcat
655 2483 1004 2565 Qravasianos
1045 2498 1203 2565 atque
1250 2489 1568 2565 Pontonates
1608 2503 1911 2565 conquestos

392 2571 506 2607 esse
531 2571 588 2608 se
617 2573 649 2634 ᾳ
674 2555 932 2634 Januario
958 2567 1006 2611 et
1033 2555 1206 2634 Probo
1237 2561 1441 2634 iniquis
1462 2555 1912 2634 oneribus'ingra-

392 2579 506 2607 esse
531 2579 588 2608 se
617 2579 649 2608 ιι
674 2579 932 2610 Januario
958 2579 1005 2611 et
1033 2579 1206 2613 1’1'000
1245 2579 1319 2613 rm
1358 2579 1435 2614 uis
1462 2579 1704 2616 onerwus
1740 2581 1908 2634 ingra-

391 2633 568 2705 e‘atos;
606 2625 929 2705 decernilque
955 2638 1010 2680 ut
1040 2628 1168 2680 nihil
1193 2579 1563 2686 aliudqsolvant
1601 2650 1754 2705 quam
1773 2635 1908 2705 quod

397 2689 651 2748 Odoacris
677 2689 902 2767 tempore
931 2708 1322 2754 consueverant.
1603 2732 1608 2736 -

393 2783 530 2840 Cum
561 2802 749 2843 omnes
776 2789 1084 2859 reipublicae
1113 2799 1310 2846 nostra:
1353 2799 1533 2860 partes
1577 2795 1910 2864 atquabiliter

322 2877 686 2934 desideremus
714 2881 919 2948 augeri,
945 2890 1219 2937 crementa
1243 2892 1420 2940 tamen
1453 2885 1711 2942 liscalium
1739 2890 1909 2944 tribu-

323 2979 499 3022 torum
523 2968 820 3036 justissimo
872 2979 997 3025 sunt
1042 2973 1318 3042 pensanda
1365 2974 1566 3044 judicio
1599 2979 1762 3048 :quia
1789 2995 1904 3035 ser-

320 3059 580 3114 vientium
629 3059 934 3117 imminutio
982 3071 1064 3118 est
1113 3063 1272 3132 hujus
1334 3065 1588 3122 illationis
1631 3069 1902 3135 accessio;

317 3160 687 3220 quantumque
736 3169 861 3223 pars
889 3155 977 3208 illa
1006 3155 1239 3225 proﬁcit,
1274 3165 1484 3212 tantum
1511 3176 1571 3216 se
1597 3160 1713 3217 haec
1755 3178 1784 3216 a
1816 3161 1906 3216 ﬁr-

316 3243 506 3295 mitate
532 3243 794 3298 subducit.
819 3243 924 3300 Sed
955 3260 985 3299 a
1014 3246 1187 3308 nobis,
1221 3248 1312 3315 qui
1341 3247 1451 3303 ﬁsci
1484 3250 1766 3304 utilitatem
1797 3259 1904 3304 sta-

315 3331 412 3385 bili
441 3334 688 3388 volumus
715 3334 1065 3390 diuturnitate
1107 3338 1423 3401 consistere,
1471 3340 1799 3394 excludenda
1824 3348 1907 3395 est

314 3421 662 3492 dispendiosa
684 3430 898 3494 semper
925 3427 1217 3481 enormitas
1247 3444 1259 3480 :
1294 3443 1362 3482 ne
1382 3437 1670 3496 augmento
1699 3446 1798 3484 suo
1823 3438 1902 3484 tu-

315 3529 472 3568 mens
500 3529 706 3569 summa
733 3515 966 3582 deﬁciat,
994 3517 1319 3587 incipiatque
1339 3521 1508 3587 magis
1536 3520 1746 3587 deesse,
1776 3523 1902 3591 quia

314 3603 626 3658 immaniter
651 3606 764 3660 visa
808 3615 890 3660 est
917 3609 1234 3664 accrevisse.
1267 3607 1498 3665 Proinde
1539 3610 1759 3666 illustris
1789 3627 1906 3665 ma-

311 3693 537 3762 gnitudo
565 3702 654 3748 tua
674 3694 1032 3751 Gravasianos
1058 3706 1218 3767 atque
1239 3697 1566 3755 Pontonates
1593 3701 1748 3756 nobis
1775 3717 1900 3771 sup-

314 3785 543 3853 plicasse
571 3797 879 3853 cognoscat,
911 3803 941 3841 a
968 3788 1223 3844 Januario
1250 3790 1346 3845 sed
1387 3799 1442 3845 et
1472 3790 1650 3847 Probo
1697 3793 1902 3848 discus-

311 3875 544 3939 scribus,
575 3875 769 3944 iniquis
794 3891 852 3930 se
880 3877 1132 3933 oneribus
1162 3879 1503 3946 ingravatos;
1549 3896 1669 3935 cum
1703 3884 1901 3937 sterili-

313 3972 394 4020 tas
411 3963 596 4033 jejuna
625 3966 864 4022 locorum
894 3969 1034 4022 nulla
1061 3970 1162 4023 sibi
1183 3981 1465 4039 augmenta
1497 3971 1612 4028 ﬁeri
1642 3976 1894 4044 patiatur.

313 4053 668 4124 Repugnaute
696 4057 958 4126 siquidem
1006 4067 1215 4126 natura,
1259 4063 1511 4130 quaelibet
1549 4065 1691 4120 cedit
1738 4066 1895 4120 indu-

311 4148 470 4212 stria;
503 4163 606 4204 nec
628 4151 846 4217 prodest
873 4150 1104 4206 studium
1134 4151 1335 4208 laboris
1371 4154 1702 4223 impendere,
1735 4173 1895 4227 quem

313 4237 529 4293 ubertas
579 4239 681 4294 loci
731 4257 839 4296 non
885 4244 1227 4311 cognoscitur
1272 4243 1548 4313 adjuvare.
1591 4246 1668 4301 Ibi
1717 4257 1895 4318 potest

310 4342 502 4384 census
526 4329 670 4394 addi,
693 4331 781 4384 ubi
809 4332 1016 4386 cultura
1047 4332 1351 4401 profecerit.
1387 4333 1515 4390 Inde
1540 4344 1594 4390 et
1620 4338 1765 4390 varia
1799 4339 1892 4392 tri-

308 4421 457 4486 buta,
492 4421 617 4492 quia
658 4437 765 4476 non
796 4431 878 4477 est
921 4436 1170 4491 agrorum
1201 4439 1304 4477 una
1352 4424 1669 4480 fecunditas.
1713 4426 1890 4496 Atque

309 4515 433 4570 ideo
452 4515 898 4570 consuetudinem
927 4517 1006 4570 eis
1035 4516 1314 4586 pristinam
1333 4532 1616 4573 censemus
1641 4535 1762 4574 esse
1793 4536 1878 4574 re-

305 4607 633 4673 vocandam;
683 4615 741 4660 ut
763 4608 901 4662 sicut
922 4605 1181 4664 Odoacris
1211 4617 1452 4679 tempore
1486 4611 1682 4666 tributa
1710 4613 1886 4668 solve—

302 4707 446 4764 runt,
495 4699 568 4753 ita
599 4708 656 4754 et
682 4716 824 4756 nunc
851 4701 919 4756 ab
947 4703 1027 4756 eis
1053 4702 1281 4772 publicis
1322 4703 1642 4760 utilitatibus
1681 4707 1886 4760 servia-

301 4801 419 4859 tur;
453 4802 508 4847 et
535 4795 578 4849 si
609 4794 736 4862 quid
765 4795 992 4864 amplius
1029 4796 1288 4866 probatur
1317 4796 1607 4865 adjectum,
1637 4798 1886 4854 conside-

301 4885 512 4938 ratione
561 4883 888 4940 defectarum
937 4887 1125 4941 virium
1172 4887 1570 4944 submovcmus.
1627 4889 1887 4945 Nolumus

298 4976 444 5028 enim
477 4973 584 5028 tale
613 4975 815 5044 aliquid
847 4977 1026 5042 indici,
1057 4978 1202 5047 quod
1231 4979 1302 5032 sit
1332 4994 1554 5034 necesse
1598 4981 1884 5035 removeri.

792 5110 1126 5167 EPISTOLA
1164 5111 1401 5168 XXXIX.

435 5216 788 5256 THEODAIIADO
819 5219 939 5257 νιιιο
968 5219 1211 5258 ιιιιυειιιι
1236 5220 1598 5259 τηεοιιοιιιουε
1629 5223 1751 5259 REX.

295 5287 494 5343 Scribit
537 5291 892 5346 Domitianum
931 5295 1314 5364 expostulasse,
1360 5295 1494 5366 quod
1542 5298 1887 5366 possessiones

368 5487 394 5514 ι
426 5474 705 5545 Papinian.
739 5474 993 5541 Videtur,
1042 5474 1233 5542 inquit,
1282 5473 1480 5527 haaredi
1511 5475 1748 5529 succurri
1795 5474 1887 5529 de-

291 5546 462 5609 bere,
518 5560 639 5598 cum
689 5547 898 5599 animus
936 5545 1190 5612 litigantis
1258 5551 1314 5597 et
1377 5545 1653 5598 obtinendi
1701 5554 1883 5599 votum

295 5619 434 5670 hanc
465 5616 774 5683 opinionem
798 5615 1062 5681 admittat,
1096 5615 1130 5667 l.
1157 5614 1242 5680 II,
1276 5613 1328 5668 in
1356 5615 1584 5680 ratione,
1618 5615 1684 5669 ad
1707 5615 1742 5668 ι.
1770 5614 1886 5669 Fal-

331 5687 396 5737 'I.
433 5685 602 5738 Fons.

293 5703 391 5794 mh
427 5757 705 5810 Scelerum
749 5755 985 5811 omnium
1035 5763 1206 5812 mater
1253 5755 1572 5830 appellatur.
1605 5753 1789 5810 Claud.
1825 5754 1878 5809 9..

2017 1829 2073 1876 te
2094 1823 2272 1890 potius
2291 1823 2447 1878 decet
2474 1825 2693 1894 eligere,
2710 1827 2852 1894 quod
2882 1843 2980 1884 nos
3005 1832 3175 1899 possit
3195 1849 3408 1889 ornare.
3428 1834 3600 1890 Amali

2017 1912 2289 1980 sanguinis
2310 1913 2481 1968 virum
2507 1930 2613 1968 non
2642 1915 2798 1970 decet
2827 1917 3044 1987 vulgare
3073 1919 3393 1977 desiderium
3428 1941 3441 1976 :
3473 1926 3600 1992 quia

2015 2017 2184 2072 genus
2208 2021 2363 2060 suum
2391 2006 2655 2075 conspicit
2695 2022 2814 2062 esse
2844 2017 3214 2078 purpuratum.
3259 2011 3601 2082 Corrigamus

2014 2097 2196 2167 itaque
2225 2106 2278 2152 te
2315 2114 2412 2168 per
2456 2099 2805 2154 incitamenta
2845 2103 3120 2170 przeconii,
3171 2104 3225 2157 in
3270 2120 3379 2173 quo
3425 2106 3600 2161 adhuc

2011 2203 2122 2242 non
2151 2188 2406 2243 debemus
2429 2205 2547 2244 esse
2571 2190 2820 2246 districti.
2867 2191 3131 2247 Domitius
3159 2194 3340 2263 itaque
3366 2197 3445 2250 vir
3471 2213 3596 2267 spe-

2010 2277 2221 2334 etabilis
2249 2277 2374 2332 data
2405 2279 2560 2334 nobis
2585 2281 2978 2351 supplicatione
2999 2295 3327 2354 conquestus
3349 2297 3448 2351 est,
3473 2304 3597 2358 pos-

2009 2368 2276 2424 sessiones
2294 2368 2432 2437 juris
2458 2370 2560 2434 sui,
2584 2369 2635 2424 id
2661 2379 2745 2424 est
2765 2371 2911 2426 illam
2937 2381 3099 2443 atque
3127 2375 3293 2438 illam,
3320 2377 3389 2432 ab
3418 2378 3596 2432 homi-

2011 2457 2168 2512 nibus
2197 2459 2389 2514 vestris
2416 2459 2675 2527 neglectis
2719 2459 2924 2528 legibus
2952 2461 3117 2518 fuisse
3164 2479 3438 2534 pervasas,
3469 2467 3596 2524 dum

2009 2547 2238 2603 civiliter
2264 2551 2562 2620 oportuerit
2589 2549 2777 2619 recipi,
2826 2551 2870 2605 si
2912 2551 3035 2620 jure
3081 2553 3323 2610 videatur
3352 2557 3589 2626 exposci.

2007 2635 2114 2692 Sed
2141 2638 2266 2706 quia
2295 2639 2362 2693 de
2388 2639 2543 2694 vobis
2581 2655 2689 2693 non
2720 2640 2952 2709 patimur
2997 2641 3197 2697 diutius
3247 2644 3476 2699 obscura
3513 2646 3594 2715 ja-

2007 2729 2162 2796 ctari,
2211 2729 2303 2797 qui
2329 2729 2541 2797 generis
2565 2729 2812 2784 claritate
2857 2730 3090 2799 fulgetis,
3125 2721 3374 2801 prafsenti
3404 2743 3594 2789 aucto;

2007 2817 2167 2872 ritatc
2194 2833 2494 2882 censemus,
2543 2826 2602 2872 ut
2650 2819 2968 2875 imminente
2996 2819 3148 2874 Duda
3174 2821 3359 2890 sajone
3387 2830 3592 2887 nostro',

2007 2907 2053 2962 si
2081 2909 2339 2962 momenti
2383 2917 2626 2978 tempora
2661 2909 3019 2978 suffragantur
3045 2921 3091 2976 ε,
3137 2920 3397 2980 occupata
3424 2928 3593 2982 nuper

2007 3012 2130 3053 cum
2155 2999 2404 3053 omnibus
2432 3015 2552 3068 quze
2597 3000 2804 3070 direpta
2836 3010 2981 3068 sunt,
3033 3002 3355 3070 supplicanti
3388 3001 3593 3057 faciatis

1935 3108 1979 3170 ρ
2009 3089 2124 3142 sine
2152 3089 2328 3157 aliqua
2357 3089 2615 3144 dilatione
2643 3091 2870 3145 restitui.
2906 3089 2971 3143 Et
2999 3092 3042 3144 si
3072 3091 3196 3160 quid
3235 3093 3476 3160 partibus
3501 3108 3589 3146 ve-

2008 3182 2132 3236 stris
2155 3181 2224 3236 de
2253 3183 2458 3250 legibus
2485 3183 2700 3238 creditis
2729 3200 2888 3252 posse
2916 3193 3246 3254 competere,
3278 3187 3591 3241 instructam

2007 3288 2293 3342 personam
2332 3273 2397 3326 ad
2427 3280 2668 3328 nostrum
2694 3276 3008 3328 comitatum
3037 3275 3309 3329 destinare
3333 3291 3429 3330 vos
3457 3293 3591 3330 cou-

2005 3365 2182 3428 venit;
2213 3373 2273 3418 ut
2299 3366 2686 3421 intentionibus
2712 3369 2942 3436 partium
2975 3368 3076 3440 sub.
3114 3370 3366 3437 :equitate
3394 3369 3591 3424 discus-

2005 3453 2100 3518 sis,
2149 3454 2356 3509 feratur
2383 3457 2672 3521 sententia,
2723 3472 2884 3526 quam
2920 3457 3055 3525 juris
3083 3459 3248 3512 dictat
3274 3461 3587 3516 auctoritas.

2003 3542 2308 3600 Generosos
2350 3546 2550 3615 quippe
2575 3546 2722 3602 viros
2749 3547 2929 3600 omnia
2976 3549 3226 3602 convenit
3273 3549 3372 3602 sub
3401 3549 3588 3604 mode-

2003 3645 2118 3690 rata
2142 3637 2396 3691 civilitate
2425 3651 2684 3706 peragere
2716 3657 2729 3691 :
2761 3639 2886 3708 quia
2911 3635 3116 3693 tantum
3154 3641 3464 3710 potentibus
3493 3641 3588 3696 lse-

2001 3727 2169 3783 sionis
2196 3730 2392 3784 crescit
2422 3730 2640 3796 invidia,
2663 3740 2921 3798 quantum
2949 3733 3119 3800 premi
3151 3747 3312 3803 posse
3330 3732 3585 3799 creditur,

2001 3817 2093 3886 qui
2121 3817 2333 3872 fortuna
2361 3818 2582 3875 inferior
2608 3820 3014 3889 comprobatur.

2548 3976 2880 4033 EPISTOLA
2918 3977 3027 4034 XL.

2259 4083 2550 4123 ACTORIBUS
2579 4084 2783 4123 PROBINI
2812 4085 3175 4125 'I'IIEODORICUS
3199 4087 3325 4128 REX.

1997 4154 2177 4230 Monet
2203 4173 2259 4230 se
2279 4157 2486 4226 jamdiu
2513 4161 2839 4230 prwcepisse,
2869 4159 3151 4230 utBasilio
3180 4165 3432 4230 possessio
3454 4163 3584 4217 Are-

2069 4227 2308 4300 ciretina,
2331 4245 2483 4300 quam
2510 4227 2573 4279 ab
2602 4245 2764 4300 uxore
2785 4231 2893 4300 ejus
2909 4229 3132 4300 Agapita
3165 4227 3416 4286 Probinus
3443 4250 3579 4286 eme-

2066 4306 2168 4359 rat,
2217 4297 2740 4370 reddereturagmodo
2761 4297 2904 4368 jubet
2944 4297 3000 4352 ut
3025 4297 3270 4353 Basilius
3304 4303 3413 4370 ipse
3441 4306 3583 4357 novis

2065 4375 2351 4436 emplorum
2379 4368 2666 4421 rationibus
2689 4369 3066 4438 quamprimum
3096 4368 3420 4439 respondeat.

1918 4480 1968 4540 ι)
2063 4476 2365 4531 Districtius
2395 4477 2571 4547 aliqua
2600 4477 2786 4546 jubere
2814 4478 3191 4547 compellimur
3215 4495 3400 4536 amore
3423 4480 3582 4550 justi-

1991 4567 2097 4632 tite,
2146 4566 2270 4620 dum
2316 4567 2456 4620 circa
2487 4568 2722 4620 minores
2770 4564 3014 4624 fortunas
3055 4569 3405 4625 clementiora
3458 4582 3582 4628 sunt

1991 4658 2159 4712 nostri
2205 4658 2441 4727 pectoris
2489 4657 2749 4713 instituta.
2781 4657 2970 4712 Trahit
3000 4661 3142 4713 enim
3174 4661 3241 4715 ad
3271 4663 3578 4718 misericor-

1990 4748 2154 4812 diam,
2213 4749 2303 4818 qui
2351 4749 2526 4818 potuit
2554 4749 2740 4816 subdi;
2793 4757 2848 4804 et
2895 4751 2997 4807 hoc
3050 4752 3214 4809 habet
3259 4753 3578 4810 beneﬁcium

1991 4839 2377 4895 mediocritatis
2419 4854 2547 4902 suae,
2597 4847 2656 4894 ut
2698 4841 3017 4910 probatione
3042 4844 3188 4897 salva
3217 4844 3428 4898 interim
3457 4859 3578 4897 mo-

1991 4939 2113 4984 veat
2140 4930 2205 4984 ad
2253 4930 2493 4985 dolorem
2526 4949 2538 4984 :
2572 4932 2696 5000 quia
2743 4932 3032 4988 crudelitas
3077 4933 3184 5007 [ed.
3214 4933 3339 4988 Niv.
3381 4945 3430 4988 et
3455 4935 3572 5000 Ac.,

1990 5017 2298 5091 credulitas]
2327 5020 2572 5075 sublevat
2604 5020 3065 5092 humiles,premit
3094 5023 3290 5077 invidia
3312 5023 3572 5092 potiores.

1993 5110 2140 5166 Datis
2165 5113 2346 5180 itaque
2377 5098 2628 5182 precibus
2674 5113 2916 5180 allegatis
2943 5113 3194 5168 Basilium
3230 5114 3402 5168 virum
3451 5129 3576 5184 spe-

1993 5204 2239 5258 ctabilem
2283 5213 2463 5259 nostra
2493 5204 2689 5259 dudum
2722 5211 2988 5274 prmcepta
3033 5207 3314 5274 meruisse,
3367 5215 3426 5260 ut
3450 5222 3550 5277 pos

1991 5295 2161 5352 sessio
2191 5295 2543 5364 Areciretina,
2591 5311 2751 5365 quam
2799 5304 3055 5365 patronus
3087 5305 3266 5352 vester
3291 5312 3321 5352 a
3347 5296 3576 5366 conjuge

1995 5474 2112 5546 Slil.
2149 5475 2366 5546 Petro_n.
2401 5475 2618 5546 arbiter.
2645 5473 2869 5546 glarean.
2923 5475 3015 5530 lib.
3045 5493 3102 5532 ιιι
3145 5485 3199 5546 et
3223 5493 3314 5532 vn.
3349 5477 3571 5546 Proper.

1992 5544 2052 5619 δε
2080 5545 2249 5619 7.015.
2285 5543 2479 5619 'I‘ibpll.
2514 5545 2682 5619 I:_‘IO.
2716 5545 2869 5619 Mart.
2918 5548 3008 5619 lib.
3043 5564 3134 5619 3m.
3164 5545 3354 5619 Juven.
3392 5543 3570 5619 Satyr.

1993 5614 2078 5667 i4.
2110 5613 2342 5687 ()vid.
2369 5614 2734 5687 Fast._llorat.
2768 5615 2942 5687 Satyr.
2979 5618 3001 5669 ‘l
3035 5617 3208 5672 Serm.
3242 5618 3430 5672 Iinoss.

2065 5696 2088 5724 ο
2121 5683 2408 5739 Interdicta
2451 5685 2592 5739 enim
2623 5695 2746 5739 sunt
2788 5683 3020 5753 annalis,
3062 5689 3298 5744 Aniauus
3328 5688 3379 5743 in
3405 5688 3488 5742 tit.
3519 5687 3571 5752 ϐ,

1989 5754 2077 5811 lib.
2116 5773 2166 5824 v,
2198 5755 2440 5811 Sentcrt.
2476 5753 2624 5810 I’aul.
2659 5754 2824 5810 Fons.
