3988 6178
430 286 533 342 035

1621 282 1692 336 Μ.
1733 278 2004 336 AURELII
2043 275 2446 334 CASSIODORI

3578 269 3682 325 6'56

427 402 544 472 ejus
565 401 790 472 Agapita
807 401 942 472 juris
969 401 1144 456 fuerat
1169 399 1512 455 solemnitate
1537 406 1826 461 mercatus,
1851 403 2005 466 post—
2033 398 2081 455 Α
2109 393 2243 449 nihil
2273 393 2389 449 ﬁeri
2426 392 2676 449 volumus
2702 391 2932 456 incivile,
2984 389 3136 458 cujus
3161 385 3507 458 quotidianus
3532 382 3684 439 labor

426 493 599 562 posita
630 491 885 546 dilatione
912 505 1034 544 cum
1080 490 1414 544 documentis
1453 488 1701 544 omnibus
1749 487 2002 557 praedicto

427 582 642 650 conjugi
688 581 1020 647 redderetur,
1061 579 1187 633 dum
1215 595 1246 633 a
1274 580 1384 634 suis
1409 579 1771 649 penetralibus
1806 579 2004 634 sollici-

429 678 596 727 tatam
645 669 972 740 lacrymabili
1017 671 1313 739 quaastione
1364 679 1680 741 quereretur
1737 685 2001 724 uxorem:

432 759 687 825 addentes
715 774 868 814 more
895 768 1090 814 nostra:
1125 759 1345 828 justitiae
1374 770 1559 829 postea
1595 758 1756 815 fuisse
1797 774 2003 831 praece-

429 856 602 918 ptum,
632 855 692 902 ut
731 847 775 902 si
802 849 1012 918 patroni
1042 849 1201 904 vestri
1227 849 1293 904 de
1321 865 1496 905 causae
1520 851 1776 922 qualitate
1802 868 2006 921 przesu-

431 948 661 1008 merent,
703 939 770 994 ad
813 947 1054 996 nostrum
1104 940 1416 995 comitatum
1451 943 1602 996 ocius
1639 941 2003 1007 destinarent;

433 1037 492 1082 ut
518 1043 637 1096 quae
676 1029 887 1085 ratione
930 1031 1206 1085 conveniri
1246 1040 1514 1102 poterant,
1559 1033 1707 1088 velut
1734 1050 1764 1088 a
1786 1033 2008 1102 justitia:

431 1117 666 1174 fontibus
711 1128 1037 1174 emanarent.
1090 1119 1428 1191 Quapropter
1455 1122 1500 1176 si
1548 1123 1698 1177 nullo
1727 1122 2008 1177 mendacio

429 1209 688 1264 vitiantur
711 1219 937 1276 asserta,
966 1225 1065 1281 per
1091 1212 1325 1268 officium
1365 1221 1563 1267 nostras
1585 1212 1731 1268 sedis
1755 1213 2009 1268 Basiliam

433 1301 769 1358 decernimus
797 1304 1105 1368 admoneri;
1137 1313 1196 1359 ut
1224 1305 1270 1361 si
1309 1306 1439 1360 nihil
1466 1313 1550 1360 est
1595 1305 1739 1376 quod
1769 1321 1868 1375 pro
1896 1306 2009 1361 suis

432 1394 673 1464 partibus
715 1395 886 1466 possit
932 1411 1228 1468 Opponere,
1269 1396 1554 1466 quominus
1599 1397 1653 1450 in
1699 1395 1801 1450 hac
1847 1403 2010 1450 causa

431 1483 692 1552 pulsetur,
717 1484 909 1538 vestris
937 1484 1322 1538 intentionibus
1357 1499 1712 1553 responsurus
1741 1492 2008 1550 occurrat,

431 1588 527 1627 seu
555 1572 620 1625 ad
642 1573 954 1628 comitatum
976 1573 1182 1640 venire,
1207 1587 1302 1627 seu
1330 1573 1381 1626 in
1411 1573 1739 1642 competenti
1762 1571 1880 1627 foro
1895 1572 2013 1641 jur-

431 1675 558 1730 gare
587 1662 835 1716 maluerit
861 1678 874 1714 :
899 1662 1024 1731 quia
1053 1663 1214 1716 nullis
1241 1663 1616 1718 necessitatem
1647 1661 2010 1731 longinquita-

432 1753 500 1806 tis
528 1753 870 1822 imponimus,
901 1753 1001 1806 nisi
1025 1752 1117 1820 qui
1151 1752 1262 1806 suis
1303 1751 1408 1805 hoc
1434 1751 1733 1806 commodis
1757 1751 2011 1820 expedire
2040 1766 2088 1824 Β

431 1850 781 1910 cognoscunt.
825 1841 885 1895 In
933 1842 1110 1896 locum
1153 1840 1415 1910 siquidem
1473 1840 1721 1895 beneﬁcii
1769 1849 2010 1896 nostram

431 1936 769 2006 puesentiam
790 1937 1010 2002 damus;
1043 1944 1098 1992 et
1123 1937 1243 1992 ideo
1267 1951 1374 1991 non
1397 1935 1553 1991 decet
1580 1936 1763 1994 invitis
1784 1937 2007 2008 imponi,

432 2027 576 2096 quod
604 2037 843 2084 meretur
871 2030 1068 2100 optari.

971 2157 1303 2218 EPISTOLA
1339 2161 1475 2218 XLI.

701 2288 881 2330 JOANNI
909 2291 1209 2332 ARCHIATRO
1233 2291 1596 2333 THEODORICUS
1619 2292 1744 2333 REX.

435 2385 681 2442 Dectarat
706 2406 761 2443 se
787 2389 990 2444 abolere
1025 2392 1329 2445 sententiam
1355 2407 1388 2445 a
1425 2393 1614 2446 vicario
1651 2391 1791 2447 urbis
1837 2390 2017 2446 Roma:

503 2470 684 2533 contra
730 2477 845 2533 eunt
885 2462 1106 2533 artiﬁcio
1142 2461 1353 2533 Viviani
1381 2463 1781 2533 promulgatum,
1825 2472 2016 2517 etcum

502 2529 674 2606 reddit
699 2530 884 2606 patria:
911 2529 1451 2606 rebusqueontnibus,
1483 2529 1866 2606 communitque
1901 2549 2017 2586 eum

503 2600 836 2668 intposterum
863 2601 1078 2652 tuitione
1103 2601 1278 2653 Albini
1307 2603 1533 2668 patricii.

505 2713 848 2783 Propositum
875 2715 1057 2783 regale
1076 2723 1159 2769 est
1183 2716 1379 2784 pressis
1400 2715 1522 2771 labe
1547 2716 1777 2772 fortuna:
1804 2717 2020 2788 pietatis

437 2808 674 2864 remedio
703 2808 1005 2874 subvenire,
1039 2816 1094 2863 et
1116 2809 1342 2864 acerbos
1369 2825 1525 2864 casus
1551 2809 1755 2879 injuriae
1795 2811 2020 2866 meliore

437 2910 582 2954 sorte
621 2907 849 2954 mutare.
880 2899 1014 2953 Data
1053 2899 1316 2969 siquidem
1361 2901 1750 2972 supplicatione
1778 2917 2021 2974 conque-

438 2991 591 3057 reris,
620 2991 792 3044 virum
831 2992 1177 3061 spectabilem
1217 2991 1498 3048 Vivianum
1546 2994 1725 3062 legum
1771 2995 2020 3063 artiﬁcio,

2107 498 2186 544 est
2213 502 2313 558 pro
2340 487 2577 556 generali
2603 486 2784 556 quiete
2806 493 3052 539 tractare.

2640 597 2971 653 EPISTULA
3005 596 3162 650 XLII.

2247 705 2508 746 ARGOLICO
2534 704 2826 744 ινιιιεεετο
2855 703 3002 742 υιωιε
3029 700 3386 741 τιιεουοιιιευς
3414 701 3538 738 REX.

2105 781 2259 836 lubet
2301 793 2358 836 ut
2401 783 2738 836 restituantur
2786 777 3059 833 Marciano
3102 787 3252 847 atque
3295 776 3529 831 Maximo
3555 778 3684 847 ﬁliis

2190 853 2458 906 Volusiani
2487 855 2640 906 turris
2668 851 2790 904 circi
2821 860 2972 919 atque
2991 849 3130 903 locus
3156 848 3540 919 amphitheatri,
3569 863 3681 918 qua:

2176 924 2273 978 sibi
2302 931 2510 992 erepta,
2561 922 2684 974 dum
2711 917 2964 989 deﬂenda
3010 917 3166 972 morti
3207 920 3370 988 patris
3411 917 3681 986 vacarent,

2177 993 2634 1064 conquerebantur.

2180 1083 2326 1137 Bene
2370 1081 2678 1152 principalis
2723 1080 3007 1136 clementia
3053 1078 3310 1148 suscipit,
3340 1093 3475 1148 quos
3516 1081 3687 1146 pietas

2107 1184 2332 1246 paterna
2373 1173 2634 1240 destituit,
2662 1173 2784 1243 quia
2813 1172 2909 1227 sub
2937 1181 3157 1242 parente
3180 1171 3391 1240 publico
3423 1181 3445 1209 ο
3474 1171 3685 1238 genito-

2110 1267 2184 1319 ris
2225 1263 2444 1318 minime
2472 1261 2660 1318 sentiri
2688 1262 2849 1317 debet
2878 1261 3113 1316 amissio.
3167 1259 3247 1314 Ad
3286 1275 3385 1315 nos
3424 1258 3689 1328 siquidem

2105 1359 2227 1428 jure
2256 1357 2484 1413 recurrit
2512 1356 2732 1412 infantia
2761 1357 3043 1422 destituta,
3079 1356 3272 1424 quibus
3318 1355 3689 1410 universorum

2111 1448 2384 1504 hominum
2409 1446 2689 1516 proliciunt
2714 1447 3062 1501 incrementa.
3080 1442 3504 1499 Clarissimorum
3529 1443 3694 1512 igitur

2114 1541 2423 1595 adultorum
2463 1538 2716 1593 Marciani
2753 1546 2916 1606 atque
2957 1536 3171 1591 Maximi
3207 1552 3305 1591 nos
3329 1536 3546 1605 querela
3573 1535 3694 1606 pul-

2113 1632 2282 1696 savit,
2309 1645 2430 1686 cum
2474 1629 2812 1699 paschalibus
2839 1629 3027 1684 diebus
3073 1629 3280 1698 paterni
3307 1629 3480 1683 luctus
3508 1637 3694 1682 essent

2114 1723 2336 1776 vulnere
2357 1721 2600 1786 sauciati,
2631 1728 2685 1776 et
2708 1721 2757 1774 in
2781 1721 2894 1792 ipso
2923 1721 3117 1775 lzetitize
3145 1728 3389 1790 tempore
3416 1719 3515 1774 soli
3543 1734 3695 1788 coge-

2114 1820 2299 1866 rentur
2327 1811 2599 1864 tristitiam
2641 1811 2923 1875 snstinere,
2965 1811 3250 1864 utilitatem
3287 1824 3440 1863 suam
3477 1809 3566 1878 pio
3592 1823 3694 1864 ne-

2113 1902 2344 1972 glexisse
2373 1909 2704 1970 contemptu,
2735 1915 2858 1954 cum
2887 1900 2971 1954 vel
3002 1899 3166 1954 ﬁrmm
3184 1899 3328 1954 :etati
3359 1899 3498 1954 inter
3517 1898 3696 1969 lacry-

2113 2007 2230 2046 mas
2275 1989 2374 2044 ista
2416 1988 2673 2058 cogitare,
2722 2001 2890 2056 genus
2916 1988 3191 2043 videretur
3217 1989 3454 2044 insaniae.
3506 1986 3696 2044 Cessat

2114 2082 2258 2138 enim
2284 2082 2419 2136 lucri
2447 2081 2706 2147 ambitus,
2737 2095 2859 2135 cum
2901 2087 3125 2135 vacatur
3167 2079 3234 2134 ad
3283 2080 3554 2150 planctus;
3594 2096 3699 2136 nec

2115 2157 2266 2233 mens
2292 2176 2569 2247 quodlibet
2588 2174 2731 2229 aliud
2754 2175 2917 2244 capit,
2945 2189 3066 2228 cum
3087 2188 3205 2228 eam
3227 2172 3456 2244 qualitas
3482 2173 3699 2244 pietatis

2117 2269 2434 2340 impleverit.
2485 2267 2597 2322 liac
2625 2265 2829 2321 crudeli
2855 2266 3202 2335 subreptione
3230 2273 3442 2336 captata
3490 2273 3698 2321 turrem

2117 2362 2243 2416 circi
2272 2371 2434 2429 atque
2464 2360 2642 2414 locum
2659 2357 3036 2427 amphitheatri
3067 2356 3288 2412 illustris
3308 2357 3702 2414 recordationis

2097 2451 2287 2524 ‘patris
2328 2464 2515 2506 eorum
2540 2448 2844 2505 detestabili
2871 2449 3073 2502 ambitu
3114 2461 3145 2501 a
3184 2447 3381 2502 vestris
3408 2456 3702 2516 suggerunt

2119 2543 2348 2599 fascibus
2374 2543 2687 2613 expetitum.
2714 2540 2952 2608 Quorum
2980 2539 3345 2594 insidiatorem
3375 2554 3478 2594 non
3511 2540 3703 2594 huma-

2118 2635 2303 2690 nitatis
2330 2634 2467 2689 ullus
2512 2632 2786 2688 revocavit
2834 2628 3088 2696 affectus,
3121 2644 3228 2684 non
3271 2629 3459 2684 similis
3513 2629 3705 2683 terruit

2119 2741 2276 2782 casus
2308 2744 2320 2779 :
2350 2726 2593 2794 gravavit
2633 2723 2944 2791 infantiam,
2974 2722 3060 2777 cui
3107 2737 3214 2776 non
3245 2721 3565 2789 subvenire,
3597 2736 3704 2776 me-

2119 2817 2224 2871 rito
2252 2815 2472 2884 pudoris
2494 2815 2791 2870 aestimatur
2815 2828 2932 2868 esse
2955 2813 3188 2883 jactura.
3221 2811 3328 2866 Sed
3356 2826 3474 2876 nos,
3498 2813 3598 2882 qui
3623 2827 3704 2867 re-

2119 2907 2272 2975 gulas
2304 2913 2569 2970 veterum,
2600 2905 2694 2975 qui
2723 2919 2998 2960 servamus
3037 2910 3308 2958 momenta
3339 2902 3594 2972 pietatis,
3621 2917 3705 2955 sa-

2121 2999 2260 3055 lubri
2289 2998 2624 3055 ordinatione
2649 3011 2960 3062 censemus;
2986 3004 3044 3050 ut
3069 2995 3116 3052 si
3140 2995 3408 3066 quondam
3448 2995 3704 3064 patricius

437 3099 544 3152 quo
592 3085 755 3139 callet
801 3083 943 3156 [Con
976 3082 1150 3149 Genu,
1199 3083 1398 3156 calet],
1445 3087 1642 3141 elatum
1668 3128 1684 3154 ,
1732 3102 2018 3158 personam
2049 3128 2093 3190 ρ
2125 3097 2286 3159 atque
2331 3087 2647 3158 magnificus
2691 3088 2773 3142 vir
2817 3086 3136 3142 Volusianus
3188 3093 3342 3155 pater
3405 3087 3706 3154 supplicum

439 3185 585 3229 tuam
611 3175 837 3245 objectis
863 3177 1324 3233 criminationibus
1359 3178 1688 3243 insecutum;
1737 3186 1793 3236 et
1837 3194 1904 3235 eo
1934 3197 2019 3235 ns-

439 3281 545 3334 que
573 3276 912 3337 perventum,
939 3278 999 3322 ut
1033 3267 1342 3324 indefensus
1367 3279 1555 3326 contra
1597 3270 1734 3342 juris
1774 3273 2020 3329 ordinem

442 3356 624 3412 vicarii
653 3357 797 3412 urbis
823 3357 1008 3413 Roma:
1043 3361 1309 3415 sententia
1338 3361 1669 3419 damnareris
1700 3381 1712 3417 :
1746 3380 1890 3420 nunc
1927 3381 2023 3420 au-

442 3455 550 3500 tem
577 3448 838 3518 religiosa:
861 3450 1058 3506 mentis
1078 3450 1271 3508 aﬁ‘ectu
1287 3453 1408 3510 odia
1431 3455 1697 3511 mundana
1713 3457 2022 3526 damnasse,

442 3540 758 3609 auctorique
785 3557 884 3598 suo
912 3550 1062 3598 tuum
1085 3544 1419 3614 displicuisse
1447 3549 1759 3620 periculum.
1783 3549 1852 3606 Et
1876 3551 2019 3615 ideo,

442 3631 489 3686 si
517 3632 676 3688 nullis
705 3633 1194 3704 impugnationibus
1221 3648 1546 3695 enervantur
1578 3650 1806 3712 asserta,
1851 3642 2024 3698 hesio-

443 3737 568 3778 nem
598 3738 706 3777 non
736 3725 970 3794 patimur
1005 3726 1215 3782 miseris
1240 3728 1526 3798 inhaerere,
1555 3747 1717 3802 quam
1757 3732 1868 3788 suis
1893 3747 2027 3788 con-

445 3813 647 3867 stiterit
666 3815 1121 3873 machinatoribus
1142 3817 1445 3888 displicere.
1463 3820 1803 3892 Quapropter
1822 3824 1876 3879 in
1896 3825 2028 3882 abo-

445 3903 600 3958 litum
649 3904 809 3960 missa
855 3908 1141 3973 sententia,
1193 3923 1310 3979 quae
1337 3925 1368 3964 a
1411 3911 1612 3967 vicario
1651 3912 1796 3969 urbis
1840 3914 2028 3970 Romae

447 4010 612 4066 super
640 3997 739 4052 hac
767 4005 922 4066 parte
951 4001 1196 4054 noscitur
1244 4003 1598 4071 promulgata,
1631 4005 1818 4074 patria:
1858 4015 1912 4062 te
1938 4023 1998 4063 re

449 4090 655 4158 busque
677 4090 925 4146 omnibus
955 4100 980 4127 ⁸
1011 4101 1196 4146 nostra
1225 4094 1399 4149 reddit
1433 4097 1756 4166 auctoritas;
1798 4113 1900 4155 nec
1919 4100 2030 4157 ullo

451 4191 696 4252 tempore
719 4183 1043 4238 calumniam
1081 4201 1244 4256 super
1271 4185 1374 4244 bac
1403 4196 1556 4259 parte
1602 4188 1878 4247 formides.
1921 4191 2030 4247 Sed

449 4288 518 4327 ne
561 4271 876 4342 cujusquam
923 4272 1146 4330 forsitan
1195 4276 1476 4347 plectenda
1522 4282 1798 4337 temeritas
1828 4281 1854 4320 δ
1884 4283 1937 4338 in
1979 4292 2033 4340 te

449 4362 681 4432 impetus
728 4377 980 4433 reparare
1025 4366 1197 4434 possit
1245 4366 1521 4434 audaciae,
1572 4370 1784 4440 patricii
1829 4370 2028 4437 Albini,

448 4452 612 4508 salvis
638 4451 871 4521 legibus,
918 4455 1072 4511 tuitio
1120 4463 1173 4511 te
1212 4456 1467 4527 deputata
1512 4460 2032 4530 communietzquia

524 4661 550 4690 ι
574 4650 928 4727 Senten_tiam_
953 4654 1094 4722 passi
1138 4655 1449 4727 restitutio:
1483 4655 1574 4727 lib.
1614 4671 1816 4726 super.,
1855 4658 2027 4727 epist.

452 4721 540 4787 46,
573 4722 874 4791 exemplum
903 4721 1057 4777 famae
1078 4725 1334 4778 restituta:
1358 4725 1472 4778 fuit.
1507 4721 1826 4790 Antoninus,
1853 4721 2031 4782 Resti-

455 4801 547 4876 tuo
578 4800 630 4846 te
660 4791 735 4873 in_
761 4792 1044 4876 integrum
1075 4795 1363 4876 provincias
1407 4804 1540 4860 ture;
1586 4805 1645 4876 et
1691 4796 1926 4876 adjecit:
1965 4797 2032 4852 Ut

455 4870 632 4916 autem
661 4862 800 4916 scias
827 4864 953 4930 quid
982 4865 1052 4918 sit
1076 4862 1132 4917 in
1180 4865 1445 4932 integrum
1491 4867 1775 4920 restituere
1799 4905 1815 4932 ,
1869 4867 2032 4922 hono-

454 4934 618 4997 ribus,
647 4941 704 4987 et
723 4932 896 4987 ordini
924 4942 1037 5000 tuo,
1065 4942 1120 4988 et
1138 4937 1345 4989 caneris
1373 4935 1620 4990 omnibus
1646 4937 1889 5000 restituo,
1912 4939 1948 4991 l.
1975 4937 2025 4992 1.

455 5001 516 5056 C.
542 5003 608 5074 de
647 5012 786 5056 sent.
819 5018 958 5072 pass.
986 5013 1040 5058 et
1074 5006 1246 5058 restit.
1277 5002 1520 5060 Julianus
1547 5005 1734 5074 imper.
1759 5005 2031 5061 Zenonem

457 5072 721 5127 medicum
769 5074 1041 5142 religionis
1069 5089 1228 5128 causa
1255 5076 1590 5130 exsulantem
1622 5072 1926 5142 revocans,
1956 5078 2030 5132 ita

455 5143 744 5226 rescripsit,
776 5147 940 5226 κάηιθι
967 5147 1132 5226 τρξνυν
1159 5146 1409 5226 incripta,
1440 5150 1520 5200 sui
1547 5147 1864 5226 ’τὲ-πρότερον
1889 5153 2032 5226 Em»

455 5215 674 5284 ἀξίωμα.
705 5214 973 5284 Ammian.
1003 5214 1241 5270 Marce“.
1274 5214 1364 5268 lib.
1397 5231 1541 5269 xxxx.
1577 5214 1815 5270 Illi'ver'o
1841 5214 2032 5272 exsilio

455 5293 514 5355 et
535 5283 853 5355 pecuniariis
878 5283 1061 5339 amicti
1090 5285 1380 5352 dispendiis
1417 5285 1576 5355 paulo
1606 5295 1791 5354 postea
1824 5287 2030 5340 reddita

454 5353 554 5425 sibi
603 5355 958 5425 militiaksunt
1003 5355 1278 5420 revocati,
1320 5353 1670 5424 dignitatibus
1712 5356 1933 5425 integris
1977 5366 2035 5411 et

455 5423 759 5492 Splendore.
785 5422 952 5479 Fons.

529 5496 554 5530 υ
585 5493 678 5548 Gr.
713 5503 768 5548 et
794 5493 940 5563 Cuj.,
967 5495 1226 5549 seueritas.
1253 5494 1389 5558 Jur.,
1417 5494 1572 5560 forte,
1607 5499 1861 5550 securitas.

532 5574 554 5600 ο
587 5563 952 5636 Theodericus
998 5581 1095 5620 rex
1135 5580 1255 5620 sese
1284 5575 1570 5635 parentem
1619 5568 1890 5636 publicum
1921 5581 2040 5622 esse

463 5635 680 5705 asserit,
694 5641 750 5686 et
768 5633 1052 5705 aliquoties
1079 5633 1348 5705 principes
1368 5633 1753 5692 dicuntur'esse
1770 5638 1876 5690 nati
1896 5638 2039 5691 bono

458 5703 785 5776 reipublicze,
815 5712 870 5756 et
895 5703 1273 5776 imperatorem
1296 5705 1362 5760 ad
1389 5706 1616 5761 salutem
1645 5707 1912 5776 publicam
1943 5722 2039 5774 ge-

461 5775 634 5830 nitum
660 5773 909 5844 legimus;
941 5773 1062 5831 ideo
1091 5775 1299 5832 Seneca
1334 5786 1481 5833 vocat
1514 5773 1778 5850 principes
1806 5787 1861 5832 et
1888 5791 2042 5846 rcges

2123 3186 2545 3233 commemorata
2598 3177 2715 3232 loca
2767 3177 3038 3232 communi
3090 3173 3212 3244 jure
3260 3173 3522 3244 possedit,
3592 3174 3708 3229 ﬁliis

2123 3269 2300 3338 perire
2327 3282 2435 3323 non
2472 3267 2735 3333 debeant;
2767 3267 3060 3337 praesertim
3089 3279 3209 3320 cum
3238 3278 3458 3334 germen
3489 3272 3710 3320 senato-

2125 3362 2263 3416 rium
2301 3360 2329 3399 ά
2359 3361 2514 3416 novis
2541 3360 2818 3430 cupiamus
2839 3357 3113 3414 beneﬁciis
3139 3357 3401 3422 enutrirc,
3427 3369 3546 3411 non
3575 3354 3710 3409 inter

2126 3455 2240 3526 ipsa
2262 3455 2410 3510 initia
2437 3469 2589 3525 spem
2617 3453 2812 3508 adultae
2828 3451 3002 3507 relatis
3031 3451 3206 3519 aliqua
3228 3447 3444 3505 laesione
3474 3445 3712 3517 compri-

2127 3562 2294 3602 mere.
2324 3546 2500 3616 Atque
2528 3545 2649 3602 ideo
2692 3545 2912 3601 illustris
2947 3539 3342 3613 magniﬁcentia
3373 3548 3487 3609 tua,
3521 3535 3712 3608 siquid

2127 3639 2234 3693 tale
2257 3639 2454 3695 factum
2473 3653 2594 3694 esse
2607 3637 2869 3700 meminit,
2893 3637 3036 3692 illico
3059 3635 3270 3692 noverit
3293 3631 3711 3703 corrigendum:

2128 3743 2198 3784 ne
2222 3728 2580 3785 venerandum
2610 3743 2838 3784 examen
2865 3726 3123 3783 senatorii
3151 3725 3354 3782 ordinis
3377 3723 3568 3793 iniqua
3593 3734 3724 3793 pra!—

2127 3823 2431 3894 sumptione
2459 3830 2772 3877 temeretur.

2638 3953 2971 4010 EPISTOLA
3006 3953 3182 4010 XLIII.

2360 4063 2583 4103 SENATUI
2611 4063 2760 4102 URBIS
2785 4064 2941 4103 ROIhE
2973 4061 3334 4103 TIIEODOBICUS
3361 4063 3490 4101 REX.

2135 4137 2445 4210 Decernitut
2465 4139 2692 4210 inquirat
2714 4139 2766 4192 in
2795 4155 2882 4193 eos
2909 4139 2994 4210 qui
3011 4137 3311 4192 seditionem
3333 4145 3720 4210 commoverant

2202 4218 2251 4261 et
2291 4205 2590 4262 Judworu'm
2617 4205 2939 4278 synagogani
2963 4215 3450 4290 concremaverunt;
3484 4218 3644 4290 atque
3669 4209 3722 4290 in

2202 4286 2436 4332 auctores
2473 4277 2684 4348 paucos,
2734 4277 2857 4348 quos
2903 4279 3125 4346 potuerit
3167 4278 3416 4342 invenire,
3474 4277 3717 4333 animad-

2202 4356 2384 4402 vertat.

2208 4451 2365 4512 Urbis
2413 4456 2670 4512 Romanae
2705 4457 2934 4512 celebris
2973 4457 3153 4527 opinio
3199 4470 3300 4511 suo
3343 4453 3722 4513 coaservanda

2137 4667 2342 4713 tutores
2365 4665 2536 4712 status
2563 4657 2779 4726 publici.
2809 4656 3122 4710 Ammianus
3159 4652 3511 4726 Marcellinus
3537 4651 3723 4708 scribit

2137 4746 2165 4782 a
2209 4729 2392 4798 salute,
2420 4725 2708 4798 principis,
2747 4727 2892 4781 velut
2919 4726 3007 4798 ﬁlo
3035 4725 3270 4798 pendere
3305 4731 3511 4798 statum
3540 4737 3724 4778 rerum

2136 4799 2303 4865 orbis,
2346 4793 2756 4868 Iiiliilque'aliud
2787 4811 2905 4851 esse
2922 4793 3237 4868 imperium,
3269 4793 3368 4868 nisi
3398 4809 3597 4848 curam
3638 4807 3728 4849 sa-

2137 4869 2259 4923 lntis
2286 4863 2514 4922 alienaef
2533 4866 2641 4922 Nec
2686 4869 2781 4922 abs
2806 4881 2865 4921 re
2909 4863 3193 4920 Christiani
3223 4864 3453 4917 orabant
3483 4879 3590 4932 pro
3618 4876 3729 4932 ma-

2134 4939 2444 5005 gistratibus
2483 4937 2914 5007 principibusque
2945 4936 3122 5007 etiam
3166 4933 3425 5007 paganis,_
3459 4931 3525 4987 ut
3565 4931 3727 5007 refert

2135 5003 2452 5062 Tertulliani.
2486 5003 2555 5061 'in
2586 5003 2899 5076 Apologfet
2927 5004 3220 5076 Arnobius;
3263 5003 3528 5076 quoniam
3581 5003 3726 5056 salus

2134 5078 2389 5149 principis
2410 5070 2737 5149 privatorum
2759 5070 2974 5149 quoque
2993 5071 3417 5149 salus_est_._Vide
3429 5070 3725 5149 Senecam.

2135 5141 2227 5219 lib.
2277 5141 2430 5219 uide
2461 5141 2926 5219 Tranquillfvjtaq
2957 5160 3076 5219 cap.
3237 5141 3628 5219 Mamertinum
3677 5141 3728 5219 in

2132 5217 2502 5271 Genethliaco.
2537 5211 2684 5269 I’anl.
2732 5217 2782 5269 in
2814 5216 2850 5268 l.
2894 5215 2946 5277 5,
2998 5211 3058 5268 fi.
3101 5213 3192 5267 oii.
3239 5211 3388 5280 prtef.
3426 5211 3615 5279 vigil.,
3657 5211 3730 5260 ait

2133 5287 2360 5341 salutem
2390 5286 2693 5355 reipublicae
2724 5287 2858 5339 tueri
2902 5284 3032 5355 nulli
3059 5284 3225 5351 magis
3267 5282 3603 5355 convenire,
3633 5292 3730 5331 nec

2135 5357 2296 5410 alium
2319 5350 2567 5410 sufficere
2595 5357 2646 5410 ei
2677 5356 2752 5409 rei
2780 5371 2936 5424 quam
2968 5350 3252 5424 Ca‘sarem.
3285 5350 3479 5424 Buoss.

2213 5428 2238 5464 ά
2265 5427 2587 5480 Senatorum
2633 5415 3174 5497 velntfpaternarum
3219 5421 3435 5497 laudum
3489 5415 3729 5497 hzeredes

2143 5497 2338 5572 eximit)
2385 5483 2941 5572 quodammobilitiatis
2963 5497 3179 5572 honore
3194 5491 3584 5572 censebantur,
3616 5483 3730 5572 L12.

2143 5567 2178 5620 ι.
2211 5568 2261 5628 7,
2294 5551 2596 5629 Senatoris;
2629 5566 2664 5619 l.
2695 5564 2746 5629 9,
2779 5566 2934 5625 filius,
2961 5565 3019 5617 D.
3053 5563 3120 5618 de
3149 5559 3535 5622 Senatoribus;
3555 5551 3607 5629 il.
3640 5551 3728 5629 ξς),

2142 5623 2408 5710 exemplo,
2440 5635 2502 5690 C.
2531 5623 2599 5690 de
2628 5623 3008 5710 decnr._n|ulta
3036 5633 3201 5696 Bud.;
3305 5631 3399 5683 ult.
3536 5628 3607 5682 de
3636 5623 3731 5710 Se-

2142 5699 2422 5761 nator-ibus
2451 5723 2463 5758 :
2498 5705 2736 5758 nonnihil
2767 5707 2928 5761 etiam
2959 5721 3057 5760 nos
3081 5701 3392 5763 notavimus,
3449 5699 3488 5754 l.
3538 5715 3576 5765 l,
3611 5707 3732 5765 (τῳ.

2146 5777 2231 5844 12,
2261 5779 2448 5833 εειρυι.
2481 5776 2713 5832 Fonssn.
