3988 6178
279 219 386 275 637

1512 223 1875 282 VARIARUM
1916 224 2120 281 LIBER
2161 226 2254 283 IV.

3462 242 3568 300 638

276 347 366 392 est
392 334 743 390 nihilominus
771 334 1046 403 instituto;
1080 351 1180 394 nec
1210 337 1336 393 vilia
1377 339 1658 410 peregrina
1698 340 1866 408 capit,
1902 353 1944 406 Α
1973 357 2195 412 remque
2234 352 2472 400 vestrum
2503 346 2639 420 [alii,
2671 347 2934 420 nostrum]
2967 351 3124 420 longa
3149 361 3310 409 aetate
3351 370 3568 425 posses-

275 440 402 495 quae
447 439 665 494 semper
691 439 752 478 se
779 424 848 479 de
874 440 1085 480 morum
1115 427 1387 497 probitate
1427 427 1674 497 jactavit.
1721 428 1880 484 Levi-

278 527 422 574 tates
447 517 646 588 quippe
677 517 1001 573 seditionum
1019 558 1034 584 ,
1065 527 1123 574 et
1159 519 1366 575 ambire
1390 521 1622 592 propriae
1648 521 1880 577 civitatis

279 606 634 670 incendium.
684 623 792 662 non
838 617 925 664 est
976 610 1116 666 velle
1161 611 1485 668 Romanum.
1536 612 1770 684 ideoque
1824 615 1879 669 in

278 698 594 754 auctoribus
637 697 762 754 facti
809 699 990 768 legum
1030 709 1113 756 est
1151 702 1414 757 servanda
1452 703 1719 759 districtio
1752 721 1766 756 :
1811 721 1880 761 ne

279 788 621 843 detestabilis
650 799 904 859 aspectus
944 790 1181 848 incendii
1209 793 1276 847 ad
1306 793 1662 850 imitationem
1694 795 1880 852 nefan-

277 879 404 934 dam
429 879 576 949 vulgi
596 889 818 950 pectora
845 883 1286 952 comprehendat.
1313 883 1423 940 Viri
1453 885 1671 942 illustris
1699 887 1881 956 itaque

277 971 498 1027 cornitis
523 971 773 1041 Arigerui
802 975 1146 1044 suggestione
1169 976 1550 1046 comperimus,
1573 976 1880 1034 Judzeormn

277 1062 506 1133 querela
525 1078 584 1118 se
607 1061 772 1120 fuisse
800 1065 1088 1134 pulsatum,
1113 1066 1256 1135 quod
1285 1067 1338 1122 in
1371 1066 1712 1125 dominorum
1736 1070 1882 1125 caede

277 1153 593 1224 proruperit
627 1155 842 1211 servilis
887 1156 1109 1213 audacia
1144 1175 1157 1212 :
1190 1159 1244 1213 in
1294 1159 1490 1229 quibus
1536 1176 1660 1217 cum
1691 1160 1884 1218 fuisset

277 1263 380 1317 pro
411 1247 758 1305 districtione
786 1249 1002 1320 publica
1032 1261 1354 1319 resecatam,
1387 1255 1566 1309 statim
1597 1255 1766 1325 plebis
1794 1255 1880 1311 in-

277 1336 560 1391 ﬂammata
607 1339 885 1394 contentio
913 1354 1239 1411 synagogam
1286 1344 1573 1400 temerario
1613 1343 1884 1400 duxerunt

275 1427 539 1483 incendio
564 1429 1040 1496 concremandam,
1071 1432 1258 1502 culpas
1289 1431 1567 1488 hominum
1599 1447 1620 1470 υ
1647 1435 1880 1490 fabrica-

275 1533 402 1572 rum
461 1518 676 1574 excidio
731 1519 1070 1576 vindicantes
1102 1538 1116 1575 :
1144 1520 1272 1576 dum
1321 1523 1366 1578 si
1411 1525 1532 1593 quis
1577 1523 1879 1580 Judatorum

275 1610 610 1679 probaretur
629 1610 918 1680 excedere,
931 1612 1046 1682 ipse
1060 1611 1336 1668 debuisset
1355 1613 1564 1684 injuria:
1575 1615 1874 1684 subjacere,

1981 448 2118 499 sam,
2147 443 2274 490 ante
2302 435 2404 491 hos
2435 438 2543 492 fere
2570 454 2762 494 novem
2791 455 3002 495 menses
3033 444 3100 496 ab
3130 443 3437 500 hominibus
3466 445 3567 502 Ec-

1981 523 2191 592 clesim,
2248 526 2333 580 cui
2375 528 2710 596 prtesidetis,
2765 530 3020 600 despecto
3067 534 3340 590 civilitatis
3382 539 3573 595 ordine

1979 616 2144 674 fuisse
2165 635 2468 689 pervasam.
2502 623 2657 690 Quod
2685 627 2731 680 si
2760 627 2832 681 ita
2859 627 3058 683 factum
3092 628 3118 667 ι’
3148 645 3267 686 esse
3292 636 3574 703 cognosci-

1983 706 2072 773 tis,
2095 723 2213 763 eam
2230 709 2454 779 justitia:
2481 715 2914 773 consideratione
2941 722 3200 775 momenti
3227 720 3348 789 jure
3366 733 3389 762 ο
3417 725 3574 779 resti-

1985 797 2116 852 tuite
2142 800 2486 869 supplicanti.
2516 803 2680 860 Decet
2703 806 2846 860 enim
2876 822 2906 860 a
2933 808 3085 864 vobis
3111 811 3327 878 corrigi,
3369 813 3514 882 quod
3540 829 3571 868 a

1979 891 2174 946 vestris
2199 890 2553 949 familiaribus
2580 911 2689 950 non
2714 895 2987 953 debuisset
3024 899 3252 957 admitti.
3284 902 3572 958 Verumta-

1980 996 2104 1036 men
2128 981 2172 1036 si
2195 983 2436 1052 partibus
2460 987 2656 1041 vestris
2688 988 2739 1042 in
2767 1003 2928 1044 causa
2948 992 3305 1060 possessionis
3333 1007 3574 1049 momen-

1982 1075 2118 1130 taria
2156 1077 2244 1131 vel
2272 1077 2554 1147 principali
2602 1077 2630 1115 ἀ
2669 1079 2931 1149 justitiam
2985 1083 3175 1139 adesse
3220 1086 3572 1154 cognoscitis,

1982 1174 2214 1222 tractato
2260 1169 2409 1238 prius
2448 1168 2748 1238 diligenter,
2793 1173 3142 1243 inspectoque
3178 1175 3397 1242 negotio
3427 1174 3575 1247 (quia

1982 1258 2318 1314 sacerdotem
2343 1269 2366 1297 θ
2393 1276 2500 1315 non
2521 1261 2678 1316 decet
2698 1263 3021 1331 protendere
3051 1265 3350 1335 improbam
3377 1264 3570 1336 litem),

1981 1349 2297 1406 instructam
2326 1352 2534 1421 legibus
2565 1353 2632 1407 ad
2666 1355 2981 1411 comitatum
3026 1367 3270 1414 nostrum
3309 1360 3576 1416 destinate

1981 1452 2313 1509 personam:
2347 1442 2435 1495 ubi
2483 1443 2714 1512 qualitas
2762 1446 2964 1513 negotii
3006 1448 3228 1515 agnosci
3273 1448 3468 1504 debeat
3522 1459 3576 1504 et

1981 1527 2143 1584 ﬁniri.
2176 1529 2514 1602 Quapropter
2534 1534 2836 1589 sanctitatis
2866 1545 3056 1592 vestrm
3083 1539 3293 1593 animus
3322 1555 3428 1594 non
3454 1553 3576 1608 gra-

1959 1628 2156 1685 vetur,
2199 1637 2300 1676 nec
2343 1636 2402 1677 se
2447 1623 2726 1679 fallacibus
2783 1626 2956 1681 verbis
2999 1627 3181 1683 doleat
3221 1637 3559 1685 accusatum:

273 1717 389 1757 non
422 1711 602 1756 autem
625 1701 828 1772 justum
859 1702 957 1759 fuit
985 1705 1052 1758 ad
1081 1705 1407 1761 seditionum
1436 1707 1575 1761 fmda
1603 1709 1872 1775 concurri,
1908 1710 1954 1768 B
1979 1711 2150 1766 multo
2179 1713 2352 1780 major
2377 1722 2460 1768 est
2480 1715 2666 1783 opinio
2693 1727 2939 1785 purgata,
2965 1732 3126 1788 quam
3147 1720 3193 1776 si
3213 1719 3577 1776 desinentibus

275 1802 373 1847 aut
398 1793 467 1847 ad
497 1793 818 1849 fabricarum
845 1795 1093 1851 incendia
1119 1795 1380 1853 festinari.
1399 1797 1505 1853 Sed
1526 1814 1646 1866 nos,
1663 1800 1876 1868 quibus,

275 1884 398 1938 Deo
427 1884 783 1953 propitiante,
813 1886 966 1940 cordi
997 1894 1080 1942 est
1125 1902 1411 1958 perperam
1440 1889 1723 1944 commissa
1751 1888 1880 1944 diri—

272 1988 434 2043 gere,
481 1982 542 2028 ut
579 1975 786 2032 cunctis
834 1976 1006 2046 possit
1048 1977 1274 2047 placatis
1295 1978 1537 2034 moribus
1565 1979 1877 2047 convenire,

271 2066 534 2138 pruenti
575 2067 898 2122 auctoritate
942 2067 1302 2135 decernimus,
1349 2078 1411 2123 ut
1452 2084 1668 2125 causam
1716 2085 1879 2141 supra

269 2167 640 2214 memoratam
668 2157 906 2229 legitima
940 2157 1278 2215 discussione
1326 2161 1589 2228 noscatis,
1623 2167 1678 2216 et
1701 2161 1755 2215 in
1779 2176 1877 2215 an-

271 2252 526 2307 ctoribus
554 2250 767 2320 paucis,
799 2265 938 2319 quos
964 2251 1248 2321 potueritis
1290 2250 1452 2320 hujus
1479 2250 1714 2307 incendii
1753 2266 1882 2307 reos

271 2342 547 2413 reperire,
583 2341 768 2396 habita
793 2341 1130 2397 districtione
1151 2343 1410 2397 resecetis
1435 2360 1448 2394 :
1477 2342 1602 2410 quia
1630 2341 1880 2397 nolumus

274 2433 486 2504 aliquid
514 2433 834 2489 detestabile
878 2432 995 2489 ﬁeri
1014 2477 1028 2501 ,
1077 2434 1220 2490 unde
1251 2433 1492 2490 Romana
1521 2435 1755 2504 gravitas
1781 2435 1882 2490 de-

278 2528 412 2580 beat
462 2525 728 2580 accusari.
781 2525 915 2581 lllud
960 2526 1079 2596 pari
1126 2527 1339 2582 ratione
1384 2536 1694 2593 censentes,
1729 2535 1790 2582 ut
1834 2526 1881 2582 si

278 2616 488 2687 aliquid
528 2616 631 2672 sibi
676 2627 863 2673 contra
911 2616 1126 2680 {adesos
1177 2618 1880 2699 rationabiliterqnispiam

282 2709 578 2763 crediderit
621 2709 934 2778 sullragari,
991 2709 1060 2764 ad
1113 2719 1350 2766 vestrum
1391 2711 1653 2782 judicium
1702 2715 1884 2770 veniat

280 2800 617 2868 audiendus;
650 2808 711 2856 ut
736 2816 897 2870 quem
927 2809 1108 2859 reatus
1137 2803 1454 2873 involverit,
1496 2820 1722 2861 censura
1751 2822 1883 2862 con-

280 2895 525 2948 deumet.
558 2891 676 2949 Hoc
699 2893 843 2948 enim
872 2893 1030 2950 nobis
1054 2895 1405 2951 vehementer
1428 2895 1764 2966 displicuisse
1790 2914 1887 2955 co-

281 3000 521 3055 gnosce,
553 2994 613 3040 ut
652 2985 982 3044 intentiones
1019 2987 1322 3043 vanissima:
1364 2989 1684 3059 populorum
1714 3005 1885 3060 usque

281 3077 349 3132 ad
399 3078 713 3134 eversiones
755 3079 1102 3149 pervenerint
1145 3078 1498 3149 fabricarum,
1555 3081 1648 3137 ubi
1704 3089 1879 3138 totum
1907 3081 1954 3144 C
1985 3077 2174 3157 ἀρέεςε
2205 3101 2442 3168 faciatis;
2469 3077 2748 3172 “quam”,
2796 3077 3131 3175 provin'ciam

278 3169 510 3241 pulchre
537 3169 787 3225 volumus
813 3184 935 3228 esse
963 3172 1346 3242 compositum.

755 3300 864 3374 74
891 3299 1226 3358 EPISTULA
1263 3299 1446 3358 XLIV.

279 3430 519 3471 ANTONIO
570 3430 689 3471 νιιιο
717 3430 1063 3475 VENERABILI.
1098 3430 1312 3471 POLENSI
1353 3428 1604 3470 EPISCOPO
1637 3428 1880 3470 ⁸1³1110υο-

926 3502 1077 3541 ωευδ
1105 3501 1230 3539 REX.

282 3596 488 3652 Scribit
514 3597 837 3668 Stephanum
865 3606 1400 3668 conquestumicasam
1429 3598 1508 3651 sui
1528 3597 1668 3668 juris
1697 3614 1730 3651 α
1756 3597 1875 3651 sub-

355 3669 481 3721 ditis
532 3665 812 3733 Ecc‘lesiaa,
842 3669 926 3721 cui
971 3665 1312 3738 prasidebat,
1349 3665 1878 3738 fuisse_'occupatam,

353 3755 510 3807 quam
549 3737 695 3808 jubet
738 3747 792 3792 ut
842 3735 1080 3792 restituat
1115 3735 1447 3808 supplicanti.
1493 3735 1714 3802 Quodsi
1754 3738 1880 3806 quid

354 3808 748 3888 occupatoribus
775 3808 1246 3890 suﬁ‘ragetur,.vult
1274 3811 1582 3862 instructam
1603 3824 1880 3880 personam

355 3882 489 3932 mitti
517 3880 586 3932 ad
615 3881 814 3947 aulam,
843 3880 931 3934 ubi
959 3889 1220 3949 negotium
1247 3879 1485 3949 ﬁniatur.
1866 3936 1873 3942 ,

355 3892 489 3932 mu“
517 3892 586 3932 ad
615 3892 814 3947 aulam,
843 3892 931 3934 ιιοι
959 3892 1220 3951 negotium
1247 3892 1485 3949 [ιηιαιην.

353 3990 621 4045 Invidiosa
650 3999 734 4046 est
763 4001 955 4046 contra
984 4005 1109 4046 eum
1136 3990 1356 4060 querela
1380 4029 1396 4056 ,
1436 3991 1525 4046 cui
1575 3997 1702 4045 sunt
1728 4004 1885 4046 reve-

281 4081 476 4138 rentia:
514 4079 638 4149 jura
680 4079 944 4136 servanda
977 4097 990 4134 :
1022 4081 1147 4153 quia
1186 4082 1372 4140 nescio
1415 4080 1543 4151 quid
1587 4081 1882 4136 admissum

280 4186 450 4241 grave
489 4171 746 4237 creditur,
782 4171 872 4227 ubi
913 4180 1103 4227 contra
1131 4170 1266 4228 tales
1295 4171 1567 4227 silentium
1599 4187 1706 4227 non
1735 4180 1885 4226 tene-

280 4275 390 4319 tur.
422 4261 732 4334 Stephanus
761 4263 1025 4333 siquidem
1070 4262 1238 4318 llebili
1281 4263 1518 4318 aditione
1556 4270 1884 4332 conquestus

279 4365 395 4424 est,
444 4369 625 4411 casam
666 4355 750 4410 sui
790 4353 930 4426 juris
974 4362 1102 4410 ante
1147 4351 1488 4412 decessorem
1517 4355 1882 4426 praedecesso-

355 4621 381 4648 ι
411 4613 592 4680 Γνώμη
615 4605 806 4682 eadem
832 4603 1158 4682 ah_llonorio
1214 4671 1228 4682 ‘
1253 4611 1310 4682 et
1335 4600 1564 4682 Arcadio
1587 4611 1869 4682 usurpata:

278 4683 437 4737 Sicut
466 4671 726 4735 sacriﬁcia
756 4676 1076 4745 templorum
1113 4671 1491 4745 prohibemus,
1525 4671 1595 4745 ita
1625 4671 1875 4745 volumus

278 4753 620 4823 publicorum
650 4742 883 4823 operum
920 4742 1237 4823 ornamenta
1266 4744 1492 4823 servari.
1540 4742 1622 4823 Ac
1657 4757 1727 4796 ne
1771 4742 1874 4796 sibi

279 4813 464 4892 aliqua
486 4813 810 4892 auctori—tate
833 4816 1196 4892 blandiantur,
1227 4813 1317 4883 qui
1340 4828 1418 4892 ea_
1434 4821 1704 4892 conantur
1726 4827 1876 4867 ever-

279 4882 420 4956 tere,
445 4899 554 4946 etc.
580 4889 639 4943 L.
674 4888 726 4952 ὅ,
759 4887 818 4940 C.
847 4885 915 4941 de
948 4900 1142 4956 pagan.
1169 4893 1224 4956 et
1245 4882 1429 4956 sacrit”.
1463 4891 1518 4938 et
1543 4882 1728 4956 templ.
1763 4898 1871 4956 non

280 4953 479 5017 essein
505 4957 812 5016 innocentia
850 4953 1092 5020 aadilicia,
1123 4954 1214 5009 sed
1246 4954 1441 5008 civium
1473 4968 1596 5020 reos
1624 4953 1871 5006 animad-

279 5032 621 5104 vertendum.
667 5028 855 5104 Exstat
880 5018 1123 5081 Belisarii
1155 5024 1381 5104 epistola
1523 5018 1775 5104 'l'oltiloam,
1806 5038 1874 5104 ne

279 5103 560 5174 Romanos
581 5113 762 5174 muros
781 5098 1020 5174 diruerat
1045 5114 1064 5174 :_
1082 5093 1638 5174 qua’lecta'statimab
1661 5093 1874 5174 incepto

279 5171 541 5226 moenium
569 5169 779 5224 excidio
819 5167 987 5221 hostis
1017 5163 1293 5220 abStinuit.
1351 5163 1772 5232 Procopiuslib.
1817 5179 1874 5217 ιιι

278 5242 351 5296 de
375 5241 526 5297 Bello
560 5239 810 5295 Gothico.
844 5237 1116 5291 Interdum
1140 5247 1318 5288 tamen
1349 5231 1563 5287 reorum
1591 5231 1734 5287 sedes
1757 5233 1875 5288 solo

278 5313 655 5379 aquuanlur,
690 5310 774 5364 vel
820 5315 968 5362 certe
999 5307 1127 5379 lisco
1156 5301 1721 5379 vindicantur,__veluti
1753 5318 1875 5372 per-

277 5373 541 5436 duellium
595 5373 964 5450 tyrannorum,
991 5376 1138 5455 falsa:
1167 5383 1395 5455 moneta:
1424 5373 1686 5455 artiﬁcum
1708 5415 1723 5440 ,
1767 5389 1871 5455 cre-

279 5446 660 5520 terorumque,
692 5464 922 5520 quorum
951 5447 1108 5516 culpa
1136 5446 1371 5520 gravior,
1403 5453 1510 5520 aut
1529 5446 1867 5499 contumacia

281 5522 336 5576 in
359 5513 664 5592 exemplum
676 5513 1031 5592 iaidiliciorum
1045 5513 1340 5592 eversione
1366 5513 1745 5592 vindicantur;
1778 5522 1870 5592 aut

280 5607 407 5665 cum
441 5590 494 5646 id
523 5581 753 5665 publica
783 5589 982 5665 utilitas
1010 5588 1220 5640 videtur
1259 5585 1551 5665 postulare,
1582 5581 1757 5665 λιβρι,

281 5661 350 5714 de
380 5653 559 5728 premi
614 5661 648 5713 Ι.
679 5658 776 5718 20,
807 5659 849 5714 si
894 5661 936 5712 is
967 5675 1089 5714 cum
1115 5653 1335 5728 quo,'l).
1371 5670 1566 5728 eorum.
1597 5653 1804 5728 divid._;_
1825 5653 1862 5708 l.

285 5729 339 5796 ἰ,
372 5724 468 5804 ssi
496 5732 607 5802 quis
638 5731 866 5796 nemine;
896 5728 931 5784 l.
965 5727 1086 5797 ult.,
1113 5724 1174 5784 Ι).
1207 5745 1276 5787 ne
1296 5725 1423 5800 quid
1453 5727 1508 5782 in
1534 5727 1655 5782 loco
1681 5724 1863 5796 publ.;

1981 1803 2215 1872 querelis
2235 1819 2344 1858 non
2375 1805 2535 1860 fuerit
2562 1807 2823 1876 impetita.

2516 1979 2854 2036 EPlSTOLA
2891 1982 3049 2038 XLV.

1981 2107 2297 2158 COIITIBUS,
2355 2109 2742 2150 DEFENSORIBUS
2796 2113 2865 2151 ΕΤ
2919 2113 3227 2155 ρυιιιλιιιιυε
3290 2117 3574 2156 TICINENSIS

2358 2177 2642 2233 CIVITA'I'IS,
2671 2181 3033 2224 τιιεοιιοιιιουε
3062 2179 3190 2224 REX.

1979 2274 2133 2329 lubet
2157 2284 2214 2328 ut
2239 2285 2484 2346 praestent
2514 2276 2726 2333 Herulis
2753 2296 2935 2334 narem
2960 2299 3118 2354 usque
3149 2283 3219 2336 ad
3247 2283 3422 2338 urbem
3467 2284 3574 2339 Ra-

2193 2361 2433 2412 vennam,
2451 2356 2501 2401 et
2525 2365 2764 2404 annonas
2793 2368 2888 2421 pro
2913 2353 3090 2406 diebus
3118 2356 3357 2426 quinque.

2052 2457 2132 2512 Ad
2177 2458 2492 2514 comitatum
2538 2463 2811 2532 supplices
2861 2459 3110 2530 Herulus,
3159 2477 3380 2523 auctore
3430 2468 3574 2534 Deo,

1979 2549 2184 2605 nostris
2211 2551 2396 2605 venire
2419 2551 2676 2620 jussimus
2709 2556 3045 2622 constitutis,
3078 2558 3272 2627 quibus
3319 2562 3469 2614 navis
3495 2569 3576 2618 est

1980 2645 2266 2714 praebenda
2296 2646 2576 2703 subvectio
2609 2664 2622 2701 :
2654 2662 2722 2704 ne
2752 2649 2804 2704 in
2833 2651 3005 2721 patria
3037 2658 3220 2707 nostra
3251 2651 3424 2709 adhuc
3451 2667 3578 2724 pro-

1983 2735 2172 2789 vincia:
2208 2750 2320 2790 suae
2347 2735 2596 2793 laborare
2641 2738 2926 2796 videantur
2965 2742 3164 2813 inopia.
3215 2741 3399 2813 Itaque
3442 2760 3576 2816 pra:-

1982 2827 2122 2881 senti
2146 2827 2387 2897 jussione
2412 2832 2749 2901 commoniti,
2779 2842 2834 2888 et
2859 2836 3012 2893 navis
3039 2837 3118 2892 eis
3143 2853 3296 2893 usum
3323 2854 3491 2911 usque
3509 2839 3573 2895 ad

1986 2917 2356 2976 Ravennatem
2386 2921 2594 2989 urbem,
2623 2929 2678 2978 et
2703 2939 2944 2979 annonas
2963 2925 3169 2980 dierum
3199 2928 3436 2998 quinque
3461 2929 3577 2984 sine

1986 3011 2166 3082 aliqua
2185 3011 2442 3067 dilatione
2468 3018 2742 3082 praestate,
2768 3029 2868 3070 nec
2887 3015 3087 3085 aliquid
3111 3018 3189 3073 eis
3215 3020 3576 3076 necessarium

3179 3122 3239 3163 se
3275 3107 3577 3164 deseruisse

1983 3191 2221 3261 jejunam
2246 3194 2313 3248 de
2339 3193 2510 3263 capite
2536 3194 2849 3252 inventione
2877 3206 3243 3265 cognoscant,
3275 3199 3452 3270 sitque
3476 3199 3578 3257 illis

1989 3283 2204 3339 uberior
2226 3285 2510 3354 peregrina
2533 3292 2676 3340 terra
2697 3301 2857 3356 quam
2887 3287 3076 3357 patria.

2481 3435 2815 3494 EPISTOLA
2850 3437 3032 3497 XLVI.

2152 3566 2430 3607 IARABADO
2457 3565 2581 3607 VIRO
2625 3565 2871 3606 ιιιυδτιιι
2901 3567 3263 3608 τιιεουοιιιςυε
3288 3569 3410 3609 REX.

1986 3661 2201 3720 Iudicat
2244 3662 2507 3718 Liberium
2537 3664 2851 3736 suggessisse
2891 3665 3162 3734 conjugem
3188 3682 3334 3718 suam
3361 3667 3411 3718 in
3429 3667 3581 3736 judi-

2053 3736 2133 3790 cio
2163 3736 2330 3806 fuisse
2367 3732 2767 3806 prwgrav'a’tam.
2805 3732 2955 3798 Quod
2982 3732 3148 3806 una
3177 3747 3274 3796 est,
3325 3732 3575 3805 permittit

2053 3815 2131 3873 ut,
2158 3804 2249 3859 aut
2278 3804 2341 3858 ab
2371 3805 2546 3859 electis
2572 3804 2782 3858 arbitris
2825 3821 2982 3858 causa
3011 3804 3338 3870 discutiatur,
3389 3818 3477 3859 aut
3505 3808 3576 3860 ad

2057 3877 2231 3931 aulam
2251 3874 2555 3946 judicanda:
2581 3884 2753 3944 partes
2781 3877 3008 3930 veniant.

2056 3985 2323 4042 Convenit
2367 3986 2622 4056 pietatem
2664 3993 2904 4041 nostram
2951 3986 3237 4057 petitiones
3277 3989 3579 4058 supplicqu

1986 4077 2187 4133 salubri
2239 4075 2580 4132 ordinatione
2635 4076 2923 4147 disponere
2975 4095 2988 4131 :
3043 4079 3168 4148 quia
3215 4079 3577 4149 subjectoruut

1985 4170 2148 4225 animi
2178 4170 2502 4235 releventur,
2534 4169 2746 4240 quoties
2774 4170 3116 4225 mmrentium
3159 4173 3380 4240 querela
3429 4190 3580 4228 eont-

1987 4263 2224 4333 ponitur.
2257 4261 2348 4314 Vir
2374 4259 2682 4331 spectabilis
2704 4259 2885 4327 itaque
2906 4257 3149 4315 Liberius
3168 4261 3394 4316 dolenda
3426 4265 3578 4320 nobis

1990 4354 2228 4408 aditione
2274 4351 2560 4420 suggessit,
2591 4348 2879 4420 conjugem
2908 4363 3058 4404 suam
3088 4350 3142 4404 in
3172 4359 3352 4406 vestro
3373 4351 3578 4421 judicio

1986 4599 2024 4655 l.
2053 4599 2092 4674 _l
2107 4599 2159 4674 l_,
2190 4598 2312 4655 lidei
2336 4615 2558 4674 _cor_nm.,
2592 4599 2620 4672 §
2651 4601 2762 4672 quis
2790 4599 2982 4674 illiciti,
3016 4600 3078 4657 Ι).
3110 4604 3178 4658 de
3202 4603 3304 4674 leg.
3330 4605 3382 4658 5.
3409 4604 3573 4660 Fonn.

2053 4669 2079 4708 δ
2108 4668 2309 4726 Omnes
2335 4671 2389 4726 in
2418 4668 2681 4739 integrum
2713 4672 3080 4742 restitutiones
3107 4668 3280 4730 causa
3301 4676 3512 4742 cognita
3543 4691 3572 4728 a

1979 4749 2214 4812 pnntore
2252 4743 2720 4812 promittebantur,
2755 4749 2813 4796 ut
2849 4741 3076 4799 Modest.
3109 4745 3323 4808 scribit,
3369 4741 3574 4800 scilicet

1980 4819 2038 4864 ut
2063 4811 2328 4880 justitiam
2351 4827 2533 4868 earum
2561 4811 2856 4878 examinet,
2879 4828 2944 4866 an
2971 4831 3112 4869 verte
3141 4817 3266 4878 sint,
3300 4822 3405 4868 etc.
3431 4813 3489 4867 L.
3518 4817 3572 4878 5,

1975 4880 2044 5004 ll}.
2096 4881 2164 4936 de
2215 4883 2270 4937 in
2315 4884 2480 4952 integ.
2523 4882 2725 4948 restit.;
2755 4898 2938 4954 supra,
2970 4887 3128 4955 epist.
3180 4884 3248 4937 40
3293 4883 3448 4954 hujus
3477 4885 3569 4940 lib.

2018 4967 2213 5004 causa.

2018 4967 2213 5007 ORNER.

2052 5033 2075 5094 εξ
2105 5022 2298 5094 S_upra,
2334 5022 2492 5090 hujus
2520 5023 2614 5078 lib.
2638 5025 2798 5094 epist.
2820 5023 2906 5077 40.
2938 5023 3108 5079 Fons.

2049 5089 2074 5130 ἀ
2110 5089 2420 5165 Principali,
2451 5095 2505 5165 iit
2521 5104 2606 5165 est
2626 5089 2988 5165 proprietatis,
3013 5104 3072 5147 ut
3093 5101 3574 5165 vocaturasancto

1978 5161 2238 5233 Gregorio
2271 5163 2463 5232 Magno
2495 5163 2588 5218 lib.
2621 5161 2935 5229 vtlfindict.
2966 5167 3020 5226 2,
3051 5179 3173 5232 cap.
3205 5163 3291 5227 45,
3321 5162 3409 5226 44,
3448 5163 3574 5233 illi),

1985 5231 2151 5304 illi;
2187 5235 2328 5304 quod
2363 5231 2586 5304 ide_jnre
2629 5236 2762 5304 dicit
2805 5231 3239 5304 Symmaclnlib.
3276 5251 3329 5300 ι,
3359 5250 3446 5304 ep.
3479 5231 3569 5289 bl.

1981 5302 2112 5356 Vide
2143 5301 2234 5356 lib.
2260 5319 2312 5366 ι,
2343 5303 2409 5357 de
2434 5301 2610 5358 Judic.
2638 5304 2702 5358 C.
2731 5301 2852 5358 Jun.

2054 5383 2078 5444 ft
2109 5371 2430 5427 Sacerdotes
2451 5374 2704 5444 improbe
2730 5373 2942 5444 litigare
2972 5388 3078 5428 non
3111 5373 3268 5430 modo
3313 5374 3571 5438 dedecet,

1979 5442 2073 5496 sed
2102 5444 2189 5496 vix
2233 5444 2395 5512 etiam
2447 5442 2686 5511 litigare,
2731 5443 2832 5498 nisi
2872 5460 2972 5512 per
3017 5453 3428 5512 procuratores,
3477 5445 3569 5512 qui

1978 5511 2311 5581 apocrisiarii
2339 5513 2703 5567 nominantur.
2736 5511 2941 5568 Novell.
2970 5511 3092 5579 125,
3126 5531 3226 5568 nec
3250 5511 3568 5582 ﬁdejubere,

1998 5599 2075 5657 iro
2105 5583 2224 5638 aliis
2265 5582 2554 5657 postulare,
2604 5593 2715 5657 etc.
2761 5583 2823 5657 ρ.
2858 5583 2883 5636 1
2912 5624 2927 5648 ,
2965 5585 3044 5657 de
3073 5583 3324 5657 lidejuss.
3353 5586 3573 5657 ⁸ἐγγύας·

1998 5601 2075 5636 πο
2105 5601 2224 5638 ams
2265 5601 2554 5651 POStlllﬂre,
2604 5601 2712 5638 etc.
2761 5601 2823 5637 ιι.
2858 5601 2883 5636 ι
2912 5624 2927 5648 ,
2978 5601 3044 5640 (ιε
3086 5601 3324 5654 nuejuss.
3381 5601 3573 5657 enim:

1975 5601 2219 5718 iiscum,
2250 5666 2378 5726 can.
2398 5652 2473 5726 ιω
2495 5652 2739 5726 Apostol.
2767 5653 2978 5725 Synesii
2998 5656 3155 5726 epist.
3190 5654 3579 5726 l2l.”0ptatus

1977 5725 2103 5780 Al‘cr
2130 5725 2221 5780 lib.
2254 5739 2291 5778 ι.
2325 5721 2977 5796 ΡιιοιὶυείΝοιῐιοοίιιιοηο,
3002 5721 3084 5783 tit.
3119 5727 3174 5793 8,
3203 5741 3253 5782 c.
3284 5721 3572 5785 15.190“.
