3988 6178
383 294 488 350 63‘)

1551 292 1618 346 Μ.
1667 291 1938 345 AURELII
1962 290 2377 349 ‘CASSIODORI

3556 260 3662 339 om

382 408 732 478 contra‘juris
760 410 1002 465 ordinem
1050 415 1454 480 pmgravatam.
1497 407 1649 475 Quod
1678 409 1723 461 si
1764 409 1835 461 ita
1866 414 1967 471 est,
1999 411 2045 465 Α
2074 423 2225 463 suam
2255 408 2436 479 prodit
2479 407 2721 477 quisquis
2750 422 2930 464 secum
2975 407 3144 463 multa
3182 407 3509 477 portaverit,
3565 417 3665 458 nec

381 501 603 558 remotis
625 501 963 571 praeiudiciis,
987 501 1127 571 apud
1148 500 1398 566 arbitros,
1430 515 1565 571 quos
1586 501 1818 570 partium
1840 516 1971 554 con-

381 606 570 645 sensus
597 591 852 659 elegerit,
885 598 939 644 te
985 590 1300 645 imminente
1318 628 1333 653 ,
1360 605 1521 645 causa
1549 591 1758 660 legibus
1785 591 1973 645 alidia—

382 688 488 733 tur.
516 679 669 744 Quod
692 681 735 734 si
764 679 874 734 illic
903 681 1022 734 linis
1051 680 1253 749 negotii
1277 681 1579 750 nequiverit
1601 680 1846 747 inveniri,
1874 696 1973 751 per

382 769 672 823 instructas
696 783 975 838 personas,
994 770 1039 824 si
1059 778 1236 823 tamen
1260 771 1387 838 ipsa:
1409 771 1590 824 venire
1615 785 1721 824 non
1747 770 1969 838 eligunt,

381 868 569 915 nostro
597 860 874 915 comitatui
904 861 1262 914 concurrendi
1291 860 1571 915 licentiam-
1591 860 1836 929 partibus
1864 876 1971 915 non

383 967 643 1021 negamus
678 970 691 1006 :
727 952 817 1006 uLi
848 966 950 1006 nec
976 952 1279 1022 redemptio
1306 952 1377 1006 sit
1405 951 1543 1006 forte
1571 961 1840 1021 suspecta,
1871 966 1973 1006 nec

384 1043 639 1098 insidiosa
669 1040 814 1114 [Νίυ.
845 1051 895 1096 et
923 1041 1100 1109 Cum,
1147 1042 1429 1115 invidibsa]
1456 1042 1628 1113 possit
1655 1056 1854 1097 nocere
1880 1056 1976 1096 ca-

385 1135 606 1190 lumnia.

880 1226 1227 1305 EPISTOLA‘
1248 1248 1457 1305 XLVII.

436 1378 652 1419 GUDISAL
684 1362 788 1436 [ed.
820 1360 1166 1433 GODlSCALCO]
1195 1378 1369 1419 suom
1399 1378 1762 1419 rneonomcus
1790 1379 1919 1418 axx.

383 1473 668 1545 Signiﬁcat
696 1491 751 1528 se
798 1474 1057 1545 accepisse
1084 1489 1117 1525 a
1141 1473 1325 1542 legatis
1365 1475 1472 1528 suis
1501 1474 1709 1528 veredos
1738 1476 1976 1545 frequen-

458 1546 579 1598 tiori
608 1560 761 1597 cursu
784 1544 1041 1615 fatigari;
1064 1553 1111 1596 et
1154 1561 1280 1615 quos
1307 1546 1361 1598 in
1410 1545 1688 1597 utilitatem
1718 1544 1976 1615 publicam

448 1614 681 1684 jusserat
711 1613 978 1678 custodiri,
1011 1614 1081 1684 _in
1109 1613 1257 1684 usam
1302 1616 1555 1684 privatum
1599 1613 1975 1684 assumirldeo

454 1674 685 1738 decernit
701 1694 756 1737 ut
778 1674 974 1738 nullum
997 1680 1219 1736 Gothum
1238 1674 1315 1737 vel
1337 1683 1628 1737 Romanum
1644 1674 1789 1737 exire
1811 1683 1977 1738 Roma

455 1757 707 1823 patiatur,
739 1755 840 1808 nisi
879 1769 1027 1824 quem
1056 1757 1330 1824 praefectus
1358 1756 1602 1823 prmtorio
1643 1764 1694 1807 et
1731 1757 1978 1822 magister

456 1825 735 1894 ofﬁciorum
773 1824 1091 1887 dimiserint;
1134 1834 1189 1876 ut
1238 1827 1325 1894 qui
1374 1841 1533 1878 unum
1580 1842 1762 1895 equum
1800 1826 1976 1879 invitis

458 1896 566 1948 illis
609 1894 787 1961 quibus
838 1896 948 1948 Itwc
1000 1910 1123 1946 cura
1176 1895 1424 1947 mandata
1472 1905 1566 1955 est,
1618 1894 1974 1964 assumpserit.

458 1973 661 2018 centum
689 1964 886 2035 solidos
925 1967 1131 2017 mulcto:
1159 1966 1621 2035 nomineﬂcogatur
1649 1966 1878 2033 inferre;
1922 1973 1978 2017 ut

458 2036 615 2088 etiam
641 2051 788 2088 nemo
832 2034 1111 2105 plusquam
1132 2042 1333 2088 centum
1362 2034 1612 2105 librarum
1654 2052 1815 2090 onera
1848 2051 1976 2105 equo

460 2106 712 2174 imponat.

459 2219 683 2274 Assidua
712 2218 1073 2275 sollicitudine
1096 2216 1389 2274 refovenda
1412 2225 1539 2272 sunt
1564 2231 1684 2286 qua:
1711 2216 1980 2272 continuis

394 2311 666 2368 exercitiis
686 2309 965 2380 subjacere
992 2318 1310 2366 noscuntur.
1342 2308 1804 2376 Quemadmodum
1833 2309 1978 2363 enim

387 2403 613 2472 subjecti
663 2402 982 2458 veredorum
1024 2402 1330 2459 necessario
1374 2401 1645 2457 sufﬁciant
1692 2401 1884 2469 labori,
1931 2402 1980 2456 si

390 2494 734 2564 permittatur
760 2493 949 2549 excedi
995 2494 1071 2547 ﬁ?
1122 2493 1533 2549 lncitamentum
1574 2492 1836 2561 siquidem
1880 2492 1979 2546 im-

388 2584 573 2655 probas
602 2584 1033 2654 praesumptionis
1060 2593 1161 2649 est,
1187 2583 1433 2653 neglecta
1462 2583 1726 2639 custodia.
1753 2582 1981 2651 Legato—

390 2690 510 2730 rum
537 2675 719 2744 itaque
756 2682 1063 2732 nostrorum
1101 2674 1442 2743 suggestione
1468 2674 1826 2743 comperimus
1853 2688 1977 2728 cur—

388 2764 567 2820 suales
605 2779 774 2833 equos
809 2763 1075 2834 frequenti
1106 2765 1456 2835 usurpatione
1481 2764 1727 2834 fatigari;
1760 2777 1817 2820 et
1843 2779 1980 2834 quos

389 2871 490 2912 nos
535 2856 947 2914 necessitatibus
995 2857 1221 2928 publicis
1277 2858 1522 2928 cupimus
1575 2859 1874 2921 custodiri,
1923 2859 1978 2913 in

391 2962 546 3013 usum
575 2948 924 3014 cognovimus
969 2948 1193 3019 privatas
1218 2948 1509 3003 voluntatis
1537 2948 1758 3004 assumi.
1801 2948 1980 3019 Atque

391 3036 512 3094 ideo
542 3036 594 3092 in
633 3040 762 3093 urbe
790 3038 962 3093 Roma
991 3040 1330 3095 ordinatione
1358 3039 1593 3110 prmfecti
1644 3042 1896 3112 prtetorio
1925 3053 1981 3099 et

2075 498 2277 566 cogitat
2301 498 2370 554 de
2390 498 2668 554 celeritate
2695 499 2785 567 qui
2814 499 3041 554 delicata
3064 513 3128 554 se
3156 497 3407 553 maluerit
3434 512 3663 553 conver-

2074 587 2285 642 satione
2325 595 2576 643 tractare.
2616 587 2789 643 Grues
2829 588 3060 658 denique
3089 588 3310 659 pelagus
3341 589 3661 655 transiture,

2074 691 2271 747 parvos
2315 677 2527 746 lapillos
2565 678 2720 733 uncis
2750 677 2979 746 pedibus
3017 677 3435 748 amplectuntur,
3464 685 3526 732 ut
3562 691 3666 734 nec

2076 781 2263 820 eorum
2295 767 2487 821 levitas
2514 767 2682 821 nimio
2719 775 2883 821 vento
2904 768 3162 837 rapiatur,
3193 784 3296 824 nec
3324 769 3501 823 nativa
3522 770 3668 825 celeo

2075 856 2207 911 ritas
2230 856 2425 927 iniquis
2452 857 2782 926 ponderibus
2823 850 3150 926 ingravetur.
3183 858 3297 914 Hoc
3339 859 3534 913 imitari
3570 875 3668 914 ne-

2074 958 2281 1017 queunt
2318 949 2409 1017 qui
2438 963 2499 1002 se
2524 948 2592 1003 ad
2619 948 2865 1018 publicas
2915 949 3265 1005 necessitates
3301 949 3507 1005 electos
3549 965 3669 1006 esse

2077 1048 2429 1107 cognoscunt.
2456 1038 2523 1092 Et
2554 1039 2676 1095 ideo
2691 1039 3079 1109 quinquaginta
3101 1039 3397 1095 solidorum
3412 1039 3667 1094 mulctam

2069 1129 2183 1199 jam
2218 1145 2325 1184 non
2368 1129 2716 1196 veredarius,
2763 1129 2862 1186 sed
2908 1130 3271 1185 catabulensis
3313 1126 3342 1166 ά
3391 1129 3666 1195 incurrat,

2075 1219 2317 1287 quisquis
2344 1218 2483 1272 ultra
2508 1227 2725 1273 centum
2769 1217 2934 1272 libras
2965 1217 3287 1287 parhippum
3316 1226 3342 1254 °
3382 1216 3673 1271 crediderit

2075 1310 2427 1365 onerandum.
2461 1309 2557 1365 His
2586 1319 2771 1365 autem
2810 1310 2903 1379 qui
2929 1309 3414 1381 suprascriptarum
3440 1309 3670 1378 dignita-

2077 1412 2192 1459 tum
2217 1404 2423 1460 vicibus
2452 1405 2506 1459 in
2535 1403 2681 1459 Urbe
2710 1410 2949 1474 praesunt
2967 1446 2982 1471 ,
3016 1411 3070 1457 te
3098 1404 3390 1458 observare
3426 1400 3673 1470 praecipi-

2079 1512 2227 1563 mus;
2259 1506 2526 1567 quatenus
2554 1506 2825 1560 escessus,
2854 1495 2946 1566 qui
2989 1494 3057 1549 ab
3086 1494 3193 1549 illis
3217 1493 3461 1548 detectus
3488 1490 3670 1553 fuerit,

2080 1587 2430 1642 exsecutione
2457 1595 2545 1640 tua
2579 1586 2887 1656 supradicta
2914 1584 3367 1640 condemnatione
3392 1581 3670 1654 puniatur.

2081 1677 2296 1747 Siquos
2335 1686 2514 1732 autem
2546 1677 2911 1747 intemperans
2934 1674 3091 1745 culpa
3132 1673 3448 1745 perculerit,
3499 1670 3673 1726 colle-

2009 1782 2054 1841 Β
2080 1778 2222 1826 ctam
2241 1758 2594 1838 quantitatem
2617 1784 2713 1837 per
2740 1768 2883 1823 vices
2908 1774 3133 1835 agentes
3154 1758 3528 1833 mancipibusf
3552 1775 3676 1813 mu-

2082 1863 2345 1917 tationum
2368 1862 2616 1916 volumus
2642 1860 2933 1931 applicari;
2960 1867 3021 1914 ut
3039 1856 3301 1913 cursualis
3320 1863 3520 1910 tractus
3548 1851 3676 1907 inde

2081 1953 2279 2008 habeat
2307 1953 2625 2017 remedium,
2659 1952 2801 2008 unde
2828 1952 3089 2007 hactenus
3117 1949 3345 2020 sumpsit
3371 1948 3675 2003 incommo-

2050 2045 2226 2117 .dum.
2275 2044 2560 2099 Mundanis
2596 2036 2863 2113 siqui'dem
2894 2044 3055 2097 rebus
3082 2041 3394 2109 frequenter
3434 2037 3676 2093 nascitur

2080 2133 2405 2188 adversitate
2434 2133 2798 2203 prosperitas;
2831 2140 2888 2186 et
2915 2132 3164 2186 homines
3193 2144 3315 2184 cum
3353 2127 3551 2183 ltedere
3576 2142 3676 2183 cu-

2081 2226 2254 2296 piunt,
2284 2223 2546 2279 beneﬁcia
2569 2224 2878 2295 frequenter
2905 2223 3233 2295 impertiunt.
3258 2221 3364 2277 Sed
3385 2220 3566 2275 omnia
3590 2218 3675 2274 sic

2080 2317 2374 2372 efﬁcaciter
2399 2331 2465 2371 ac
2489 2314 2776 2384 diligenter
2809 2315 3086 2385 implebis,
3116 2320 3177 2368 ut
3212 2311 3490 2383 provocati
3514 2309 3675 2365 bonis

2080 2406 2287 2462 actibus
2311 2406 2582 2462 devotioni
2608 2416 2713 2461 tuae
2758 2405 2964 2476 majora
2993 2405 3331 2461 committere
3358 2401 3669 2457 debeamus.

2570 2514 2901 2571 EPISTOLA
2933 2514 3164 2601 1:}.an

2278 2623 2494 2664 EUSEBIO
2521 2624 2641 2664 ἫΒο
2670 2615 2915 2663 ιιιιῐετιιι
2942 2620 3309 2662 τηεουοιιιαῠε
3324 2621 3453 2659 REX.

2116 2701 2380 2756 Permittit
2401 2709 2456 2753 ut
2504 2717 2595 2769 per
2621 2709 2735 2754 octo
2766 2714 2964 2753 menses
2983 2701 3039 2753 in
3072 2697 3360 2752 Lucaniam
3406 2695 3635 2762 secedat,

2505 2780 2685 2839 postea
2713 2769 2935 2825 Romam
2964 2769 3243 2824 rediturus.

2152 2861 2279 2918 Post
2319 2861 2659 2917 tumultuosae
2689 2859 2848 2915 Urbis
2883 2859 3275 2916 sollicitudines
3305 2857 3572 2924 taediosas,
3606 2865 3669 2914 et

2082 2953 2519 3009 Observationum
2548 2951 2824 3006 molestias
2846 2952 3208 3021 ingravantes,
3238 2949 3550 3017 magnitudo
3580 2958 3673 3003 tua

2081 3042 2393 3114 provinciali
2413 3042 2683 3098 desiderat
2704 3043 3015 3099 ammnitate
3034 3042 3284 3108 recreari,
3315 3056 3564 3097 asserens
3588 3057 3674 3097 oc-

391 3132 632 3200 magistri
652 3130 972 3197 ofﬁciorum,
988 3148 1268 3203 quousque
1284 3132 1484 3188 utilitas
1501 3132 1710 3202 publica
1727 3135 1976 3201 suaserit,
2005 3157 2051 3217 ρ
2083 3133 2431 3202 cupationum
2454 3132 2546 3187 tibi
2576 3148 2767 3189 causas
2786 3131 3141 3204 praesentibus
3160 3130 3444 3187 emersisse
3464 3140 3676 3200 tempo-

392 3234 447 3278 te
474 3223 711 3279 residere
739 3240 1052 3290 censemus;
1096 3234 1156 3279 ut
1183 3224 1386 3279 nullum
1415 3223 1713 3280 Gothorum
1753 3226 1836 3281 vel
1872 3225 1981 3282 Ro-

393 3329 670 3369 manorum
700 3314 894 3370 exinde
924 3316 1105 3384 egredi
1134 3316 1373 3384 patiaris,
1408 3315 1507 3370 nisi
1536 3331 1673 3387 quos
1701 3316 1982 3385 praedicta-

393 3418 511 3458 rum
563 3404 882 3473 dignitatum
931 3407 1073 3461 vices
1115 3415 1335 3475 agentes
1377 3404 1516 3462 forte
1556 3406 1874 3461 dimiserint.
1914 3406 1982 3460 Et

394 3495 535 3565 quod
565 3496 719 3551 nobis
747 3496 1058 3566 frequenter
1094 3507 1407 3567 usurpatum
1439 3513 1558 3553 esse
1586 3498 1907 3567 suggeritur,
1937 3498 1983 3551 si

395 3578 512 3655 quis
542 3586 720 3643 invitis
763 3587 847 3643 his
874 3587 1068 3659 quibus
1117 3588 1232 3643 haec
1261 3588 1366 3659 75
1398 3605 1525 3643 cura
1574 3588 1828 3643 mandata
1868 3596 1977 3653 est,

395 3680 622 3760 veredos
651 3679 679 3719 δ
716 3697 1041 3752 prtesuuiere
1072 3681 1314 3735 fortassis
1355 3681 1731 3750 assumpserit,
1764 3678 1982 3748 cujusli—

394 3773 485 3829 bet
510 3774 744 3829 nationis
774 3773 933 3828 l'uerit
952 3774 1037 3828 vel
1064 3773 1308 3841 honoris,
1336 3788 1433 3842 per
1455 3788 1618 3827 unum
1639 3787 1835 3841 equum
1857 3786 1985 3827 cen-

396 3874 509 3921 tum
557 3865 759 3920 solidos
806 3865 1019 3920 mulctte
1070 3865 1290 3919 nomine
1337 3871 1564 3930 cogatur
1618 3860 1843 3929 inferre;
1875 3877 1983 3917 non

395 3957 540 4026 quod
569 3958 702 4011 tanti
743 3964 826 4011 est
854 3957 1009 4010 unius
1051 3956 1362 4011 aestimanda
1387 3955 1617 4024 jumenti
1667 3954 1835 4019 laesio,
1889 3953 1986 4009 sed

396 4049 520 4119 quia
572 4047 760 4116 grandi
787 4049 986 4103 damno
1014 4046 1351 4116 reprimenda
1393 4056 1476 4102 est
1517 4048 1820 4116 importuna
1852 4063 1986 4116 prae-

396 4138 649 4206 sumptio.
681 4136 896 4190 Nullum
924 4147 1184 4206 prmtcrea
1213 4137 1460 4206 sajonum
1488 4137 1760 4191 discursus
1808 4136 1987 4192 facere
2070 4204 2089 4216 .

397 4229 649 4300 patiaris;
682 4228 776 4283 sed
821 4229 888 4282 ad
937 4243 1153 4283 causam
1196 4242 1355 4297 quam
1386 4227 1621 4282 directus
1649 4227 1825 4291 fuerit,
1876 4243 1984 4282 uno

400 4327 605 4373 tantum
636 4320 828 4374 itinere
857 4320 1200 4389 permittatur
1230 4318 1488 4374 accedere
1514 4319 1598 4373 vel
1628 4318 1821 4372 redirc.
1853 4318 1984 4385 Qui-

397 4411 497 4466 bus
520 4411 571 4464 in
601 4411 932 4480 superiorem
959 4410 1210 4464 mulctam
1241 4408 1399 4464 cadat
1427 4408 1708 4463 interdicta
1738 4407 1987 4478 frequen-

2085 3223 2252 3288 ribus,
2303 3224 2496 3292 quibus
2545 3223 2809 3292 expeditis
2860 3222 3024 3277 rurali
3071 3221 3346 3277 desideras
3404 3222 3675 3276 suavitate

2082 3313 2334 3382 gaudere.
2380 3312 2451 3366 Et
2474 3313 2601 3382 quia
2624 3327 2754 3368 vera
2792 3313 2882 3367 illa
2911 3313 3172 3368 securitas
3198 3321 3302 3379 est,
3326 3327 3446 3382 quae
3472 3311 3677 3367 nostris

2079 3409 2410 3478 jussionibus
2437 3409 2613 3475 datur,
2643 3425 2765 3465 cum
2795 3422 3008 3478 tempus
3037 3407 3132 3462 tibi
3160 3406 3321 3462 fuerit
3367 3405 3677 3475 occupatio-

2083 3501 2168 3554 nis
2198 3515 2475 3555 emensum
2499 3499 2639 3573 [Ac.,
2666 3497 2976 3571 emersum].
3004 3507 3127 3553 octo
3149 3498 3410 3552 mensium
3433 3496 3677 3552 inducias

2084 3591 2137 3645 in
2168 3590 2415 3646 Lucania:
2440 3590 2626 3646 dulces
2654 3605 2896 3645 recessus
2920 3599 2943 3636 ε
2976 3597 3161 3644 nostra
3195 3587 3516 3642 auctoritate
3545 3602 3678 3641 cuu-

2086 3682 2349 3746 cedimus,
2398 3691 2457 3736 ut
2502 3697 2571 3736 ex
2614 3681 2707 3736 illo
2754 3689 2998 3750 tempore
3046 3684 3426 3751 supputentur,
3469 3693 3591 3732 cum
3622 3685 3679 3732 te

2087 3773 2270 3841 egredi
2291 3788 2361 3828 ex
2381 3771 2526 3828 Urbe
2545 3772 2727 3828 divino
2751 3772 2937 3828 favore
2985 3771 3290 3840 contigerit.
3323 3770 3525 3837 Quibus
3552 3785 3679 3840 pcr-

2087 3864 2226 3920 actis
2253 3864 2545 3919 multorum
2570 3863 2840 3919 desiderio
2879 3863 2946 3917 ad
2988 3862 3265 3917 Romanas
3308 3861 3463 3916 sedes
3489 3860 3679 3915 venire

2087 3954 2303 4019 festina,
2333 3954 2624 4010 conventui
2655 3953 2935 4022 nobilium,
2968 3960 3022 4008 et
3063 3952 3225 4021 digna
3281 3952 3386 4007 tuis
3436 3953 3679 4007 moribus

2088 4046 2505 4101 conversatione
2531 4044 2855 4101 reddendus.

2615 4174 2951 4231 EPISTOLA
2974 4175 3157 4231 XLIX.

2091 4305 2360 4346 UNIVERSIS
2389 4303 2820 4344 PROVINCIALIBUS
2847 4304 2916 4343 ΕΤ
2946 4304 3257 4344 οΑΡιιιΑτιε
3281 4286 3329 4349 1³,
3359 4301 3680 4341 υενεδςιοωι

2161 4376 2253 4415 BUS
2280 4376 2350 4414 ET
2379 4374 2686 4413 CURIALIBUS
2713 4374 2764 4414 IN
2793 4374 2977 4415 SUAVIA
2999 4373 3461 4424 CONSISTENTIBUS,
3505 4372 3679 4410 τιίεο-

2159 4445 2313 4485 RICUS
2341 4446 2468 4483 REX.

397 4505 491 4557 tia.
522 4504 906 4573 Parhipporum
936 4504 1228 4572 quinetiam
1277 4519 1442 4557 onera
1485 4511 1698 4557 centum
1729 4504 1978 4558 librarum

2094 4519 2331 4574 lnsinaat
2360 4536 2415 4574 se
2441 4526 2691 4573 rectorem
2718 4535 2895 4588 eorum
2942 4518 3223 4587 provinc'w
3249 4532 3454 4571 creasse
3486 4514 3676 4569 1³τίάὶ-

401 4596 577 4650 nullus
604 4595 849 4650 excedat.
881 4593 1174 4665 Expeditos
1203 4595 1345 4649 enim
1375 4609 1666 4664 properare
1696 4594 1981 4648 mittenda-

397 4687 508 4743 rios
555 4682 802 4743 volumus
852 4698 897 4752 ο,
941 4703 1050 4741 non
1094 4687 1322 4755 migrare
1372 4702 1671 4742 censemus.
1730 4686 1981 4741 Inertiam

471 4849 495 4877 "
520 4838 613 4894 Gr.
662 4848 716 4893 et
742 4838 887 4907 Cuj.,
917 4856 1029 4909 quae
1065 4840 1135 4894 ad
1171 4841 1379 4895 modum
1420 4841 1644 4896 subvecti
1685 4843 1979 4899 veredorum

398 4912 693 4980 necessario
723 4910 1059 4979 suﬁiciat...”
1096 4913 1291 4965 excedi.
1325 4913 1458 4966 Vide
1485 4928 1570 4980 ep.
1604 4910 1636 4962 5
1658 4912 1748 4966 lib.
1782 4929 1832 4967 v.

471 4980 498 5018 ι)
533 4979 985 5034 Veredidicuntur
1014 4982 1135 5048 equi
1159 4998 1347 5036 cursus
1367 4979 1711 5045 velocissimi,
1738 4982 1984 5050 qualibus

403 5050 606 5119 antiqui
638 5052 925 5104 utebantur
952 5052 1003 5103 in
1027 5052 1329 5105 venatione.
1356 5051 1583 5105 Martial.
1611 5053 1683 5107 lib
1710 5069 1794 5107 xw
1823 5071 1834 5106 :

524 5186 748 5248 Stragula
774 5201 872 5234 soci
894 5189 1009 5235 inrti
1041 5197 1213 5234 \‘enalo
1268 5200 1407 5235 sume
1433 5190 1607 5237 veredi
1632 5204 1642 5213 '

542 5280 551 5291 .
599 5248 719 5297 Nam
744 5250 869 5297 solet
894 5265 917 5295 a
944 5248 1069 5296 IIUlIO
1091 5262 1298 5310 surgere
1326 5251 1443 5297 licus
1465 5263 1606 5311 equo.

406 5368 624 5442 Veredis
650 5371 810 5425 etiam
842 5379 1064 5426 utuntur
1090 5372 1386 5442 principum
1431 5373 1716 5436 tabellarii,
1747 5375 1835 5441 qui
1862 5392 1980 5429 mu-

403 5440 529 5493 tatis
553 5455 652 5509 per
669 5443 929 5513 stationes
955 5440 1123 5511 equis,
1150 5440 1308 5511 quam
1337 5443 1674 5497 velocissime
1696 5440 1801 5513 quo
1831 5447 1982 5500 insti-

401 5517 620 5585 tuerunt
646 5512 987 5585 perveniunt,
1015 5512 1105 5582 qui
1123 5513 1259 5585 inde
1310 5514 1471 5585 etiam
1505 5512 1763 5568 veredarii
1798 5518 1979 5585 appel-

403 5578 666 5651 latisunt'.
697 5578 803 5636 Jul.
826 5578 1093 5651 Firmicus
1121 5583 1211 5636 lib.
1245 5597 1321 5648 ιιι,
1353 5583 1556 5651 Regum
1586 5586 1802 5639 nuntios
1833 5578 1980 5640 vere-

403 5649 690 5723 dariosque
711 5650 932 5723 reddent
956 5653 1044 5723 :jn
1065 5668 1168 5721 qua
1191 5655 1351 5707 etiam
1382 5649 1766 5723 signiﬁcatione
1789 5672 1974 5710 vocem

405 5718 650 5796 eamdem
668 5720 940 5796 usurpavit
969 5718 1214 5794 Procopii
1232 5718 1494 5795 interpres
1513 5725 1604 5780 lib.
1632 5741 1667 5778 ιι
1691 5725 1821 5780 Belli
1853 5726 1978 5780 l’cro

404 5788 518 5844 sici.
548 5788 681 5844 Hinc
712 5788 962 5846 Martialis
996 5810 1007 5843 ε

2763 4587 2972 4642 badum.

2160 4680 2431 4736 Districtio
2464 4695 2677 4751 semper
2704 4680 2949 4736 subtrahi
2977 4695 3086 4735 non
3104 4678 3267 4735 debet
3293 4677 3452 4747 regia:
3474 4676 3679 4746 jussio-

2207 4835 2408 4884 Parcius
2428 4837 2578 4885 utaris
2600 4847 2775 4883 moneo
2795 4834 3022 4893 rapiente
3046 4833 3255 4895 veredo,

2273 4896 2457 4956 Prisce,
2486 4911 2579 4947 nec
2602 4900 2650 4946 in
2676 4897 2873 4959 lepores
2897 4905 2991 4945 tam
3020 4896 3261 5009 “(genius
3285 4907 3384 4944 eas.

3128 4972 3267 5009 noss.

3128 4972 3267 5012 BOSS.

2161 5038 2183 5067 ο
2207 5027 2263 5083 ld
2290 5036 2393 5094 est,
2423 5038 2687 5083 exactores
2716 5028 3037 5090 tributorum,
3062 5027 3148 5082 vel
3177 5027 3436 5094 palatinos
3456 5026 3669 5080 milites.

2156 5094 2183 5157 (ἓ
2217 5097 2269 5168 Id
2294 5108 2394 5159 est,
2423 5099 2764 5168 stabularius.
2792 5097 2921 5151 Vide
2945 5098 3102 5168 epist.
3130 5094 3231 5168 l0,
3249 5096 3444 5168 lib._nl.

2161 5178 2185 5204 ο
2223 5167 2559 5238 Par/lippum,
2590 5167 2711 5221 iofr.
2739 5167 2826 5222 lib.
2852 5165 2992 5236 seq.,
3024 5169 3178 5238 epist:
3204 5166 3257 5221 5.
3282 5165 3584 5238 {aliameg
3605 5165 3675 5219 ad

2088 5236 2314 5301 IEtium,
2344 5236 3013 5305 l.li,qnicontra,eodem
3044 5237 3274 5291 tit.Cod.
3294 5236 3499 5290 Theod.
3536 5236 3670 5289 Fon.

2162 5306 2180 5345 ί
2228 5306 2574 5377 Mancipibus,
2594 5307 2662 5362 al.
2692 5310 2950 5377 mancipes
2976 5323 3163 5361 cursus
3192 5307 3409 5377 publici,
3436 5315 3494 5377 et
3521 5320 3677 5357 man-

2087 5378 2235 5446 cipes
2263 5375 2538 5431 clabularii
2568 5394 2771 5446 cursus,
2807 5378 2842 5430 l.
2872 5375 2938 5429 15
2971 5375 3223 5446 mancip.,
3252 5377 3289 5429 l.
3315 5376 3388 5429 2'5
3424 5376 3493 5428 ad
3541 5390 3677 5442 pro-

2085 5445 2438 5510 curationem,
2472 5448 2503 5499 I.
2539 5445 2607 5499 26
2635 5463 2840 5510 cursus,
2871 5447 2907 5500 Ι.
2930 5445 2999 5501 55
3028 5463 3057 5500 a
3083 5445 3248 5510 nullo,
3276 5446 3311 5499 Ι.
3338 5446 3407 5498 6Ξ
3438 5458 3674 5512 usurpa-

2088 5518 2308 5573 tionem.
2333 5515 2393 5569 C.
2420 5516 2520 5569 Th.
2552 5516 2618 5570 de
2639 5531 2794 5570 cursu
2824 5516 3048 5586 public.,
3075 5518 3341 5570 Ammiau.
3368 5514 3677 5569 Marcellin.

2088 5586 2179 5639 lib.
2215 5602 2303 5656 15x,
2329 5595 2382 5640 et
2411 5602 2571 5655 supra
2604 5586 2694 5639 lib.
2727 5602 2765 5648 ι,
2788 5585 2872 5656 ep.
2900 5585 2990 5639 29.

2164 5666 2187 5702 ε
2219 5654 2386 5709 Juret.
2420 5653 2546 5721 legit
2574 5653 2834 5720 secessus,
2849 5665 2905 5709 ut
2931 5657 3063 5710 dixit
3084 5656 3149 5711 ad
3170 5655 3480 5721 Symmach.
3506 5653 3605 5710 lib.
3636 5669 3678 5719 ι,

2088 5741 2172 5797 cp.
2204 5725 2293 5797 9.9.
2321 5714 2603 5797 secedendi
2627 5714 2863 5789 inducite,
2894 5742 3053 5795 supra
3083 5727 3176 5781 lib.
3208 5714 3285 5788 ἷιι,
3316 5741 3404 5797 (Ἰ)ἐ
3436 5725 3530 5778 21.

2159 5793 2184 5832 h
2214 5796 2459 5865 Capillati
2516 5796 2796 5849 dicebatur
2839 5793 2974 5864 gens
2996 5796 3239 5866 quaedam
3293 5814 3325 5851 e
3357 5793 3678 5850 Gothorum

2797 5872 2821 5893 δ
