3988 6178
263 223 365 276 Gil

1496 214 1855 275 VARlARUM
1896 214 2092 271 LIBER
2129 216 2193 273 IV
2208 257 2221 272 .

3429 223 3536 277 6-82

262 339 372 401 uis,
396 346 454 391 ut
479 344 536 391 et
555 336 785 393 audaces
808 343 982 393 metus
994 335 1334 406 comprimat,
1356 338 1414 387 et
1439 321 1709 387 laceratos
1725 343 1850 397 spes
1879 332 1923 386 Α
1953 328 2068 384 lore
2087 339 2313 395 vastata,
2332 345 2453 399 quae
2479 332 2749 387 laetissima
2778 333 2988 389 fuerant
3014 334 3282 390 viriditate
3301 336 3536 406 depicta.

263 427 444 483 futura
472 427 733 482 rel'oveat.
758 427 1081 496 Plerumque
1106 428 1249 483 enim
1271 428 1586 483 denuntiata
1625 426 1855 481 eommi-
1892 450 1897 455 ν

262 523 416 575 natio
439 522 557 590 plus
584 521 751 576 efﬁcit
770 537 931 589 quam
959 537 1117 590 pruna
1141 520 1438 591 commnit.
1470 518 1535 574 Et
1567 519 1710 581 ideo,
1744 518 1857 574 Deo

262 614 505 684 auspice,
523 611 865 667 Fridibadum
887 612 1023 668 locis
1046 612 1237 679 vestris
1264 626 1500 681 praeesse
1526 610 1853 672 censuimus,

261 702 361 770 qui
412 702 695 756 abactores
724 701 1037 756 animalium
1080 701 1318 768 legitima
1374 700 1664 756 severitate
1713 697 1853 770 [Ac.,

262 789 580 861 securitate]
637 799 911 856 coerceat,
959 791 1248 847 homicidia
1299 797 1531 853 resecet,
1559 789 1697 844 furta
1727 804 1857 844 oon-

261 884 505 947 demnet,
547 883 871 952 quietosque
900 898 999 938 vos
1022 898 1054 937 a
1079 882 1356 938 sceleratis
1396 881 1614 937 ausibus
1642 881 1852 947 reddat,

261 987 405 1041 quos
435 988 577 1028 nunc
606 974 953 1044 praesumptio
981 972 1161 1041 iniqua
1189 973 1470 1028 dilacerat.
1503 972 1679 1027 Vivite
1707 987 1859 1027 com-

262 1061 446 1133 positi,
471 1062 638 1117 vivite
664 1061 822 1116 bonis
868 1063 1110 1117 moribus
1158 1062 1408 1128 instituti,
1454 1061 1658 1115 nullum
1706 1061 1855 1115 natio

262 1151 407 1223 pta,
432 1147 593 1220 ratio]
618 1161 667 1215 ιι,
699 1150 900 1205 nullum
924 1151 1249 1220 promeritus
1270 1151 1445 1205 honor
1472 1156 1714 1204 excuset.
1747 1147 1854 1205 Ne-

264 1259 420 1299 cesse
449 1252 534 1299 est
560 1243 807 1300 vindicta:
846 1244 1124 1312 subjaceat
1152 1244 1245 1313 qui
1276 1243 1459 1314 pravis
1486 1234 1735 1298 moribus
1754 1242 1854 1297 ob-

265 1334 550 1391 secundat.

846 1488 1178 1546 EPISTOLA
1224 1488 1285 1544 L.

366 1599 570 1640 PAUSTO
598 1598 892 1638 PREFECTO
923 1597 1202 1638 ΡΒᾸΞΤΟΒΙΟ
1231 1595 1592 1635 THEODORICUS
1620 1596 1746 1633 REX.

272 1674 793 1744 Prwcipitutjnittat
823 1675 987 1727 virum
1028 1670 1257 1744 probata:
1285 1670 1411 1744 ﬁdei
1453 1669 1542 1744 ad“
1588 1666 1853 1744 Nolanum

339 1739 454 1800 εἰτ’
479 1743 546 1796 ad
569 1742 971 1812 Neapolitanum
997 1739 1323 1812 territorium
1342 1739 1543 1793 Vesuvii
1564 1740 1751 1812 montis
1774 1741 1855 1812 in-

341 1816 525 1869 cendio
542 1810 816 1877 vastatum,
831 1821 887 1866 ut
909 1813 1051 1882 agris
1072 1811 1266 1882 ibidem
1292 1810 1568 1880 diligenter
1590 1811 1856 1882 inspectis,

340 1895 592 1953 quantum
641 1885 819 1938 damni
848 1880 1031 1953 passus
1079 1881 1232 1953 fuerit
1275 1895 1560 1953 possessor,
1578 1888 1740 1953 tanta
1761 1880 1861 1953 Atri-

343 1948 563 2009 bntaria!
583 1948 863 2023 {unctionis
885 1969 1040 2008 onere
1067 1948 1372 2007 sublevetur.
1397 1948 1450 2003 Μ
1458 1951 1534 2003 ire
1554 1948 1861 2002 describitur

354 2025 560 2079 Vesuvii
591 2026 783 2078 montis
816 2023 1132 2077 incendium.

347 2117 608 2186 Campani
657 2115 871 2169 Vesuvii
915 2115 1112 2169 montis
1163 2112 1461 2167 hostilitate
1504 2109 1698 2165 vastati
1753 2108 1864 2163 cle-

277 2208 495 2263 mentiae
537 2214 735 2260 nostrae
763 2205 1031 2274 supplices
1068 2202 1335 2274 lacrymas
1382 2200 1754 2270 profuderunt,
1803 2205 1865 2252 ut

279 2313 530 2366 agrorum
563 2295 823 2352 fructibus
850 2295 1088 2359 enudati,
1116 2294 1464 2348 subleventur
1490 2305 1654 2345 onere
1694 2289 1863 2343 tribu-

279 2391 432 2444 tariae
469 2388 757 2444 functionis
784 2387 832 2441 ι).
867 2387 1017 2454 Quod
1049 2386 1162 2441 fieri
1191 2385 1391 2440 debere
1440 2390 1617 2437 nostra
1668 2368 1860 2435 merito

280 2483 455 2551 pietas
484 2481 791 2550 acquiescit.
826 2478 932 2534 Sed
962 2478 1087 2547 quia
1135 2477 1288 2531 nobis
1317 2474 1475 2529 dubia
1505 2481 1586 2527 est
1611 2471 1865 2525 uniuscu-

283 2573 475 2643 jusque
496 2570 788 2624 indiscussa
819 2569 1114 2633 calamitas,
1158 2564 1577 2633 magnitudinem
1627 2564 1862 2616 vesti-am

282 2664 351 2716 ad
383 2662 645 2717 Nolanum
679 2661 791 2714 sive
818 2658 1226 2727 Neapolitanum
1257 2654 1585 2710 territorium
1607 2652 1868 2723 probam

284 2753 412 2808 fidei
434 2754 606 2807 virum
636 2750 974 2821 principiuqu
1003 2748 1296 2811 destinare,
1326 2746 1434 2817 76
1461 2743 1549 2798 ubi
1575 2741 1868 2799 necessitas

287 2847 406 2915 ipsa
450 2843 741 2899 domestica
799 2841 1027 2915 quadam
1076 2840 1297 2897 lzesione
1325 2847 1612 2907 grassatur,
1641 2845 1702 2892 ut
1729 2835 1869 2904 agris

290 2939 489 2995 ibidem
537 2938 821 3005 diligenter
850 2935 1122 3004 inspectis,
1153 2934 1205 2987 in
1236 2941 1494 3002 quantum
1545 2926 1870 2999 possessoris

1962 420 2140 475 Vomit
2161 421 2349 475 fornax
2374 422 2461 475 illa
2488 434 2745 490 perpetua
2767 424 3022 491 puniceas
3048 424 3284 493 quidem,
3312 426 3407 481 sed
3429 426 3538 481 fer.

1958 512 2079 567 tiles
2102 527 2316 577 arenas,
2329 528 2448 581 qua:
2474 514 2600 569 licet
2621 515 2868 570 diuturna
2898 516 3098 570 fuerint
3127 516 3411 575 adustione
3430 520 3542 575 sic-

1957 610 2109 667 caue,
2150 603 2202 656 in
2251 604 2430 663 varios
2483 603 2619 658 fetus
2641 615 2886 675 suscepta
2922 608 3162 674 germina
3193 623 3317 662 mox
3337 609 3539 678 produ-

1957 700 2105 760 cunt,
2129 702 2184 747 et
2200 707 2390 761 magna
2417 695 2646 763 quadam
2673 696 2950 751 celeritate
2970 707 3223 766 reparant
3239 713 3357 767 quae
3378 701 3540 769 paulo

1958 793 2085 838 ante
2125 794 2483 839 vastaverant.
2538 784 2668 851 Qum
2694 796 2777 840 est
2805 788 2906 842 ista
2949 788 3232 857 singularis
3269 791 3540 860 exceptio,

1958 889 2124 928 unum
2180 882 2420 930 montem
2467 877 2546 932 sic
2574 876 2882 945 infremere,
2914 889 2972 932 ut
3024 888 3103 934 tot
3133 881 3315 936 mundi
3358 890 3540 951 partes

1957 967 2220 1036 probetur
2268 968 2410 1024 aeris
2463 970 2863 1037 permutatione
2892 979 3094 1026 terrere
3124 971 3172 1036 ά,
3201 979 3258 1027 et
3282 973 3360 1027 sic
3386 989 3539 1029 suam

1957 1057 2309 1112 substantiam
2326 1059 2522 1128 ubique
2547 1058 2873 1128 dispergere,
2905 1069 2965 1114 ut
2992 1076 3098 1115 non
3123 1060 3367 1116 videatur
3385 1063 3538 1117 dam-

1957 1163 2027 1201 ua
2051 1149 2253 1203 sentire
2285 1150 2348 1202 οἳ
2376 1148 2560 1217 Longe
2608 1149 2818 1220 lateque
2846 1150 3095 1220 pulveres
3122 1161 3300 1217 rorat;
3350 1155 3543 1212 vicinis

1958 1244 2141 1315 autem
2169 1238 2425 1306 quasdam
2458 1239 2624 1293 moles
2666 1248 2897 1307 eructat,
2949 1250 3003 1295 et
3041 1250 3121 1297 tot
3148 1245 3356 1300 sarculis
3385 1260 3540 1300 mons

1958 1330 2205 1394 habetur,
2260 1331 2350 1399 qui
2404 1332 2803 1399 erogationihus
2833 1335 2994 1388 tantis
3040 1337 3377 1404 expenditur.
3410 1337 3540 1404 Quis

1959 1426 2142 1479 credat
2168 1433 2275 1478 tam
2303 1425 2547 1494 ingentes
2566 1425 2749 1492 glebas
2777 1440 2972 1495 usque.
2994 1428 3046 1482 in
3078 1429 3235 1497 plana
3261 1431 3540 1498 deductas,

1960 1514 2028 1567 de
2044 1521 2153 1567 tam
2176 1513 2697 1584 profundishiatibus
2718 1516 3006 1582 ebulliisse,
3022 1526 3078 1572 et
3097 1520 3286 1589 spiritu
3307 1523 3539 1590 quodam

1961 1602 2175 1658 cﬂlante
2188 1606 2389 1679 montis
2407 1620 2503 1660 ore
2518 1614 2827 1676 consputas,
2844 1610 2995 1677 quasi
3017 1609 3160 1664 leves
3181 1612 3362 1680 paleas
3383 1612 3545 1670 fuisse

1895 1708 1931 1764 Β
1964 1695 2266 1766 projectas?
2293 1696 2433 1751 Alibi
2480 1700 2757 1753 cacumina
2784 1715 2974 1769 magna
3006 1711 3270 1758 terrarum
3302 1705 3544 1762 localiter

1963 1788 2208 1843 videntur
2235 1789 2454 1856 ardere;
2480 1790 2637 1860 hujus
2668 1792 2908 1847 incendia
2939 1808 3075 1863 pene
3124 1796 3323 1851 mundo
3359 1798 3543 1854 datum

1962 1886 2045 1931 est
2072 1893 2229 1946 posse
2270 1892 2614 1946 cognoscere.
2637 1879 3096 1945 Quemadmodum
3145 1902 3273 1951 ergo
3300 1903 3405 1943 non
3427 1904 3545 1945 cre-

1961 1965 2151 2020 damus
2197 1968 2409 2031 incolis,
2442 1968 2585 2035 quod
2633 1969 2939 2025 testimonio
2979 1983 3158 2041 potest
3180 1977 3545 2033 universitatis

1961 2059 2214 2126 agnosci?
2243 2057 2602 2129 Quapropter,
2625 2067 2680 2112 ut
2707 2060 2906 2115 dictum
2939 2073 3041 2125 est,
3085 2065 3245 2120 talem
3270 2069 3432 2136 eligat
3459 2088 3545 2125 ve-

1963 2157 2073 2202 stra
2103 2148 2404 2216 prudentia,
2434 2149 2524 2216 qui
2554 2158 2607 2203 et
2636 2151 2871 2205 remedia
2902 2153 3039 2208 hesis
3068 2155 3329 2224 conferat,
3380 2169 3433 2216 et
3462 2163 3543 2217 to-

1966 2254 2086 2292 cum
2116 2238 2551 2308 subreptionibus
2578 2255 2686 2295 non
2725 2240 3009 2313 relinquat.

2536 2415 2869 2473 EPISTOLA
2900 2417 2982 2474 ιι.

2178 2552 2183 2555 .
2209 2521 2485 2562 SYMIIACHO
2520 2523 2764 2564 PATRICIO
2790 2524 3153 2567 τηεουοιιιευε
3179 2529 3305 2569 REX.

1969 2617 2127 2673 Illum
2151 2618 2328 2701 laudat
2358 2619 2420 2701 ob
2449 2619 2757 2701 multiplices
2784 2630 2833 2701 et
2862 2622 3290 2701 prteclarissimas
3321 2629 3551 2698 fabricas

2039 2705 2166 2761 quas
2195 2690 2247 2766 in
2280 2688 2418 2766 Urbe
2444 2697 2494 2742 ct
2523 2688 2829 2766 suburbanis
2859 2688 3231 2766 construenda:
3260 2688 3547 2766 curaverat,

2038 2759 2088 2813 et
2114 2761 2239 2838 petit
2271 2768 2347 2838 _ut
2377 2759 2629 2814 theatrum
2681 2759 2916 2838 Pompeii
2955 2765 3218 2838 ruinosam
3267 2759 3551 2838 sumptibus

2041 2829 2175 2902 regis
2204 2829 2414 2911 roboret-
2456 2840 2773 2911 reparatque.
2816 2829 2981 2897 Quod
3006 2834 3256 2891 theatrum
3281 2847 3331 2892 et
3359 2829 3472 2911 qua:
3495 2842 3549 2895 in

2039 2901 2109 2957 eo?
2128 2907 2353 2972 aguntur
2379 2901 2754 2955 describuntur.

288 3028 559 3083 laboravit
605 3027 825 3089 utilitas,
858 3019 1202 3088 sublevetur;
1247 3030 1510 3089 quatenus
1551 3025 1871 3074 mensuram:
1898 3032 1943 3093 ρ
2042 3011 2177 3068 Cum
2230 3010 2450 3081 privatis
2479 3010 2693 3066 fabricis
2721 3011 2792 3066 ita
2823 3013 3111 3083 studueris,
3166 3023 3227 3070 ut
3269 3017 3321 3071 in
3350 3018 3553 3075 laribus

292 3117 493 3193 [Gam.,
512 3114 841 3187 mensurata]
859 3114 1167 3171 conferatur
1177 3112 1446 3182 quantitas
1459 3108 1720 3175 beneﬁcii,
1744 3108 1871 3162 dum

290 3210 490 3267 modus
536 3209 743 3278 integer
791 3202 1410 3273 cognosciturlzesionis.
1459 3200 1691 3254 Laborat
1728 3198 1871 3253 enim

286 3300 400 3355 hoc
423 3313 534 3352 uno
554 3297 696 3351 malo
726 3295 883 3350 terris
906 3291 1162 3348 deflorata
1189 3290 1465 3362 provincia
1491 3304 1641 3359 :qute
1672 3304 1737 3342 ne
1757 3303 1875 3357 per-

286 3392 429 3448 fecta
459 3387 790 3443 beatitudine
821 3386 1109 3451 frueretur,
1137 3382 1297 3451 hujus
1327 3380 1532 3435 timoris
1561 3380 1873 3448 frequenter

286 3480 589 3536 acerbitate
637 3476 959 3532 concutitur.
987 3473 1096 3529 Sed
1136 3489 1243 3528 non
1275 3473 1327 3527 in
1357 3478 1529 3525 totum
1576 3470 1743 3525 durus
1790 3477 1874 3525 est

286 3579 517 3626 eventus
540 3570 633 3624 ille
656 3568 910 3623 terribilis
942 3584 954 3619 :
986 3564 1262 3635 praemittit
1288 3563 1437 3631 signa
1464 3562 1668 3631 gravia,
1702 3569 1760 3615 ut
1789 3568 1876 3616 to-

285 3660 569 3714 lerabilius
590 3658 956 3713 sustineantur
977 3654 1218 3709 adversa.
1246 3652 1433 3707 Tantis
1470 3651 1611 3707 enim
1642 3651 1872 3706 molibus

292 3759 488 3804 natura
538 3748 749 3801 rixante
774 3744 976 3800 montis
1004 3743 1148 3800 illius
1191 3740 1369 3798 h‘iatns
1397 3742 1790 3808 immurmurat,
1815 3748 1875 3795 ut

290 3838 562 3893 excitatus
601 3835 819 3903 quidam
870 3834 1089 3904 spiritus
1109 3833 1434 3901 grandisono
1464 3831 1675 3887 fremitu
1702 3832 1874 3886 vicina

287 3925 568 3980 terriﬁcet.
599 3923 900 3979 Fuscantur
921 3923 1063 3977 enim
1087 3937 1212 3977 aera
1241 3922 1343 3977 loci
1373 3921 1512 3976 illius
1535 3920 1875 3976 exhalatione

289 4015 590 4087 teterrima,
638 4022 694 4067 et
736 4028 835 4082 per
885 4019 1216 4081 totampene
1263 4009 1468 4064 Italiam
1512 4010 1871 4079 cognoscitur,

287 4108 511 4179 quando
538 4107 626 4162 illa
653 4103 948 4173 indignatio
977 4105 1368 4158 commovetur.
1417 4101 1578 4155 Vulat
1605 4117 1702 4171 per
1728 4116 1876 4156 mare

287 4213 546 4267 magnum
567 4198 702 4252 cinis
727 4197 1008 4261 decoctus,
1038 4202 1093 4247 et
1116 4193 1340 4247 terrenis
1359 4192 1588 4246 nubibus
1612 4192 1873 4258 excitatis,

288 4281 683 4349 trausniarinas
702 4301 918 4356 quoque
938 4283 1243 4356 provincias
1262 4283 1528 4354 pulvereis
1546 4282 1709 4349 guttis
1729 4297 1877 4336 com-

1971 3104 2203 3176 propriis
2228 3102 2468 3173 quasdam
2511 3102 2707 3158 mmnia
2725 3101 2916 3159 fecisse
2944 3104 3193 3175 videaris,
3224 3109 3439 3179 dignum
3469 3121 3553 3169 est

1970 3203 2031 3250 ut
2058 3194 2304 3258 Romam,
2353 3207 2513 3262 quam
2541 3192 2798 3250 domuum
2826 3196 3222 3267 pulchritudine
3259 3203 3547 3273 decorasti,

1971 3288 2025 3343 in
2052 3288 2162 3342 suis
2190 3283 2460 3339 miraculis
2506 3285 2786 3341 continere
2811 3290 3055 3363 noscaris
3086 3307 3099 3344 :
3129 3290 3379 3349 fundator
3403 3310 3554 3365 egre-

1971 3377 2090 3447 gius
2129 3375 2471 3438 fabricarum,
2507 3390 2800 3444 earumque
2846 3389 3093 3447 comptor
3131 3383 3380 3453 eximius,
3430 3389 3555 3458 quia

1971 3475 2259 3535 utrumque
2307 3466 2375 3521 de
2425 3466 2706 3536 prudentia
2748 3468 2914 3532 venit,
2946 3477 3001 3523 et
3028 3480 3151 3539 apte
3173 3473 3476 3543 disponere,
3501 3487 3557 3534 et

1973 3558 2235 3615 exstantia
2260 3566 2633 3627 competenter
2661 3558 3083 3615 ornare.Notum
3114 3570 3196 3617 est
3224 3564 3364 3619 enim
3387 3580 3556 3634 quan-

1972 3656 2027 3704 ta
2050 3649 2207 3704 laude
2244 3649 2297 3703 in
2317 3648 2639 3704 suburbanis
2661 3650 2773 3704 suis
2795 3650 3020 3706 Romam
3042 3655 3287 3722 traltcris,
3310 3665 3368 3711 ut
3396 3674 3554 3729 quem

1972 3740 2092 3795 illas
2111 3738 2338 3795 fabricas
2359 3739 2560 3796 intrare
2585 3741 2886 3809 contigerit,
2912 3752 3186 3813 aspectum
3217 3761 3372 3802 suum
3402 3759 3553 3807 extra

1974 3832 2161 3887 urbem
2183 3847 2301 3887 esse
2323 3847 2428 3886 non
2456 3832 2786 3899 sentiat,nisi
2815 3848 2934 3889 cum
2960 3850 3020 3889 se
3035 3845 3093 3890 et
3120 3851 3367 3906 agrorum
3389 3856 3558 3899 amas.

1974 3923 2229 3977 nitatibus
2258 3924 2518 3978 interesse
2544 3934 2855 3993 cognoscat.
2888 3927 3241 3998 Antiquorum
3272 3932 3558 4002 diligentis-

1975 4012 2139 4068 simus
2169 4014 2426 4081 imitator,
2466 4014 2847 4071 modernorum
2877 4019 3240 4080 nobilissimus
3264 4024 3555 4095 institutor,

1976 4120 2158 4165 mores
2207 4115 2327 4160 tuos
2365 4106 2578 4162 fabricat
2625 4107 2917 4179 loquuntur
2948 4129 2962 4164 :
2993 4114 3118 4181 quia
3176 4130 3339 4170 nemo
3368 4117 3421 4171 in
3454 4119 3560 4176 illis

1974 4196 2198 4264 diligens
2218 4198 2544 4263 agnoscitur,
2572 4198 2670 4254 nisi
2698 4200 2788 4269 qui
2819 4209 2874 4255 et
2901 4201 2953 4255 in
2982 4204 3094 4257 suis
3122 4206 3365 4260 sensibus
3390 4222 3556 4263 orna-

1979 4286 2212 4340 tissimus
2241 4287 2522 4340 invenitur.
2550 4284 2616 4339 Et
2641 4287 2763 4342 ideo
2785 4289 2973 4343 theatri
3005 4290 3256 4346 fabricam
3279 4308 3471 4363 magna
3499 4311 3559 4353 se

287 4382 450 4453 pluit.
480 4379 684 4450 thuid
710 4378 1002 4447 Campania
1027 4377 1137 4446 pati
1162 4375 1326 4444 possit
1355 4372 1681 4442 agnoscitur,
1706 4386 1877 4440 quan-
1906 4410 1957 4467 Ι)
1980 4375 2120 4430 mole
2148 4377 2466 4441 solventem,
2495 4377 2721 4432 consilio
2748 4386 2928 4431 vestro
2951 4379 3216 4437 credimus
3243 4397 3363 4438 esse
3390 4385 3559 4441 robo-

288 4477 366 4530 do
404 4470 605 4526 malum
650 4469 767 4539 ejus
796 4468 853 4523 in
899 4466 1043 4522 orbis
1071 4465 1175 4519 alia
1224 4472 1375 4533 parte
1402 4463 1648 4517 sentitur.
1681 4461 1874 4517 Videas

288 4563 407 4619 illic
429 4560 585 4630 quasi
607 4556 868 4628 quosdam
898 4554 1087 4631 ﬂuvios
1112 4554 1190 4608 ire
1230 4552 1532 4621 pulvereos,
1562 4558 1618 4604 et
1651 4564 1871 4604 arenam

284 4654 529 4712 sterilem
559 4638 761 4721 impetu
784 4650 1021 4705 fervente
1042 4647 1190 4703 velut
1217 4645 1417 4716 liquida
1446 4642 1643 4700 fluenta
1679 4644 1869 4699 decur-

286 4759 417 4800 rere
450 4755 497 4797 τ.
523 4740 755 4811 Stupeas
781 4741 959 4796 subito
988 4753 1157 4808 usque
1202 4736 1268 4791 ad
1297 4736 1549 4790 arborum
1590 4736 1868 4790 cacumina

284 4835 450 4889 dorsa
478 4831 795 4887 intumuisse
820 4843 1155 4898 camporum,
1184 4833 1239 4881 et
1268 4827 1512 4882 luctuoso
1555 4826 1734 4880 subito
1777 4842 1869 4881 ca—

288 5022 543 5075 numero,
572 5013 801 5075 eratque
826 5003 889 5058 id‘
907 5017 1103 5075 nomen
1129 5011 1381 5075 magnum
1415 4991 1866 5075 ethonqriflcum.

286 5063 549 5136 Testatur
569 5063 867 5131 Jornandes
905 5073 956 5127 in
982 5063 1252 5126 (Πιτοηίεό
1277 5083 1395 5136 cap.
1428 5065 1511 5136 tl.
1544 5063 1675 5118 Vide
1700 5063 1869 5118 Sava-

286 5133 481 5206 ronem
504 5146 569 5201 ad
594 5144 780 5199 Sidon.
816 5142 1044 5210 Apollin.
1080 5140 1167 5193 lib.
1195 5155 1233 5206 ι,
1260 5133 1420 5205 θρίξ.
1454 5133 1572 5189 Jun.

362 5228 392 5254 ⁸
419 5215 711 5271 Fomerius
733 5213 844 5267 vult
864 5202 951 5265 hic
991 5211 1091 5277 legi
1120 5202 1257 5262 ratio
1294 5202 1371 5269 ex
1422 5220 1526 5258 uno
1572 5202 1869 5277 v._c.,_‘se_d

288 5302 403 5343 non
428 5296 598 5341 recte.
652 5282 893 5338 Nationis
943 5271 1084 5336 enim
1132 5277 1346 5332 nomine
1380 5283 1580 5343 auctor
1612 5271 1872 5343 intelligit

283 5341 503 5412 bulbus
531 5356 652 5409 illos
677 5353 767 5420 qui
798 5350 1013 5417 speciali
1043 5348 1258 5420 nomine
1272 5341 1586 5420 dicebantur
1600 5341 1865 5420 (iapillati,

283 5411 359 5482 de
381 5426 577 5494 quibus
607 5425 657 5494 iu
684 5411 1030 5494 inscriptione
1069 5417 1224 5483 hujus
1246 5413 1502 5494 epistolis.
1528 5411 1596 5464 Et
1618 5411 1689 5494 illi
1712 5411 1863 5494 vole-

284 5479 422 5550 baul.
451 5494 551 5549 sibi
583 5493 701 5561 plus
727 5479 934 5543 caeteris
973 5479 1154 5550 licere,
1213 5479 1298 5561 ut:
1320 5484 1591 5561 arbitrum.
1623 5480 1709 5533 hic
1730 5479 1866 5533 infra

286 5548 385 5620 lib.
412 5548 469 5627 v,
498 5548 597 5631 ep:
618 5562 705 5621 59.
730 5574 1047 5631 quacunque
1067 5548 1231 5631 gente
1256 5552 1534 5631 sintediti.
1565 5548 1684 5603 Jun.

365 5616 392 5672 Β
421 5616 851 5687 lielributurum
878 5616 1186 5680 remissione
1214 5636 1266 5679 et
1294 5624 1616 5690 reliquorum
1658 5616 1866 5672 condo-

290 5705 518 5761 natione
546 5701 618 5758 ob
646 5699 1006 5756 calamitatem
1058 5710 1167 5749 non
1214 5710 1318 5749 uno
1362 5694 1482 5749 loco
1532 5697 1710 5745 actum
1760 5695 1862 5741 est.

1977 4465 2221 4532 randam,
2266 4473 2325 4520 ut
2365 4466 2506 4534 quod
2554 4467 2621 4521 ab
2670 4470 2977 4524 auctoribus
3004 4472 3200 4528 vestris
3223 4473 3276 4528 in
3305 4485 3557 4533 ornatum

1977 4558 2163 4628 patriae
2184 4567 2393 4613 constat
2421 4573 2539 4614 esse
2566 4574 2898 4625 concessum,
2923 4578 3027 4617 non
3056 4564 3301 4621 videatur
3325 4568 3422 4623 sub
3445 4584 3558 4625 me-

1975 4649 2198 4703 lioribus
2226 4650 2457 4718 posteris
2479 4650 2836 4705 imminutum.
2874 4640 3011 4720 Quid
3039 4670 3147 4710 non
3169 4657 3367 4723 solvas,
3394 4674 3427 4713 ο
3471 4674 3559 4716 se-

1975 4748 2179 4805 nectus,
2211 4754 2331 4808 quzn
2386 4748 2496 4794 tam
2542 4741 2758 4797 robusta
2788 4746 3092 4811 quassasti?
3122 4746 3329 4803 Montes
3353 4747 3557 4805 facilius

1972 4828 2163 4886 cedere
2214 4839 2550 4900 putarentur,
2601 4848 2763 4902 quam
2793 4835 3035 4891 soliditas
3056 4836 3145 4891 illa
3200 4847 3554 4905 quateretur:

1971 4995 2236 5077 {Iaeterum
2259 5000 2345 5077 hic
2367 4999 2598 5077 notanda
2626 5008 2751 5077 sunt
2768 5003 2967 5077 montis
2987 5003 3227 5077 exarsuri
3254 5004 3557 5077 signa,gqui-

1972 5068 2072 5190 ἓξ
2093 5084 2205 5192 [agn
2235 5069 2496 5122 absimilia
2526 5070 2808 5139 descripsit
2844 5070 2978 5125 Plin.
3020 5071 3056 5124 l.
3081 5088 3153 5139 vi,
3184 5068 3342 5142 epist.
3375 5068 3467 5129 ω’
3501 5086 3558 5131 et

2048 5178 2060 5190 .
2171 5155 2255 5191 av.

2338 5224 2411 5270 Ill,
2438 5222 2523 5276 cp.
2555 5205 2642 5267 5|,
2675 5217 2861 5276 stagna
2889 5209 3177 5269 decurrere.
3207 5210 3351 5266 Fons

2044 5273 2068 5312 ἀ
2103 5276 2235 5330 Vide
2264 5273 2549 5331 Baronium
2575 5286 2701 5329 tum.
2730 5273 2795 5330 Vl
2820 5278 3014 5330 Annal.
3046 5279 3113 5331 ad
3138 5295 3334 5335 annum
3358 5283 3556 5339 Christi

1972 5344 2097 5412 471,
2123 5359 2241 5415 pag.
2276 5345 2401 5410 297,
2434 5347 2521 5399 ubi
2572 5346 2917 5414 reprehendit
2944 5346 3205 5403 Bodinum
3245 5351 3344 5407 ista
3380 5354 3557 5408 riden-

1974 5423 2101 5467 tem.
2132 5413 2323 5467 Juasr.
2656 5444 2682 5467 ο

1974 5423 2101 5470 tem.
2132 5423 2323 5467 Juner.
2656 5444 2682 5468 ο

1985 5552 2000 5558 _
2045 5482 2537 5558 °_l)umn_a‘sen_tir_e_,
2566 5482 2616 5536 id
2646 5492 2726 5558 est
2754 5482 3179 5558 diminutionem.
3232 5487 3381 5545 Paul.
3426 5492 3460 5544 l.
3495 5492 3551 5558 5,

1970 5552 2042 5634 de
2062 5551 2242 5634 damn.
2274 5552 2369 5634 lnf.
2392 5550 2626 5634 Gellius,
2644 5548 2837 5634 damna
2886 5553 3023 5608 luna:
3049 5566 3104 5634 et
3134 5567 3312 5634 aucta,
3344 5576 3444 5631 pro
3474 5548 3556 5614 di:-

1973 5622 2272 5681 minutione
2299 5630 2355 5677 et
2382 5631 2690 5690 augmento,
2724 5622 2762 5676 l.
2790 5638 2880 5689 xx,
2904 5638 3024 5694 cap.
3057 5626 3106 5681 7.
3140 5622 3306 5684 Fons.
