3988 6178
442 294 549 352 645

1666 295 1736 348 Μ.
1779 293 1871 351 AU
1883 293 2060 351 RELll
2102 293 2505 353 CASSIQDORI

3621 289 3729 346 6H

444 406 660 477 quando
685 406 925 462 etmoles
949 407 1061 477 ipsa
1084 406 1163 461 sic
1185 415 1296 462 tota
1320 405 1388 462 de
1409 396 1656 463 cautibus
1678 406 1796 473 fuit,
1816 416 1876 462 ut
1901 423 2037 477 prae-
2064 417 2116 474 Α
2140 423 2260 464 esse
2280 409 2585 464 videantur.
2613 407 2708 465 His
2736 409 2933 466 levium
2983 423 3287 480 pennarum
3314 404 3563 464 acumina
3603 405 3724 463 ideo

447 510 528 556 ter
556 510 727 556 artem
758 501 1011 564 additam,
1036 510 1091 555 et
1113 501 1227 570 ipsa
1259 516 1475 570 quoque
1497 500 1756 556 naturalis
1776 515 1897 556 esse
1922 515 2044 556 cre-

444 572 685 647 deretur.
710 591 834 648 Haec
857 593 1218 661 pdtuissemus
1248 592 1387 647 forte
1409 594 1699 662 negligere,
1718 594 1762 649 si
1792 609 1890 650 nos
1913 609 2047 650 con-

445 683 655 751 tigisset
685 683 812 736 talia
862 699 970 737 non
1001 684 1184 739 videre
1212 701 1225 736 :
1257 699 1452 738 caveas
1481 685 1600 738 illas
1627 685 1771 738 saxis
1801 684 2044 754 penden-

443 772 588 825 tibus
639 771 929 840 apsidatas,
983 773 1056 826 ita
1082 772 1349 841 juncturis
1378 773 1707 828 absconditis
1741 773 1793 826 in
1845 772 2046 828 formas

443 862 836 932 pulcherrimas
890 864 1229 926 convenisse,
1277 871 1336 917 ut
1378 871 1594 934 cryptas
1635 865 1806 932 magis
1845 863 2046 918 excelsi

445 956 644 1009 montis
667 955 938 1022 crederes,
965 971 1126 1024 quam
1176 955 1374 1025 aliquid
1408 954 1724 1010 fabricatum
1768 970 1887 1011 esse
1905 954 2049 1025 judi-

443 1062 621 1102 cares.
652 1045 925 1100 Fecerunt
954 1047 1163 1115 antiqui
1195 1047 1371 1100 locum
1401 1047 1563 1101 tantis
1602 1046 1814 1116 populis
1836 1061 2046 1117 parem,

445 1149 504 1193 ut
536 1139 801 1193 haberent
827 1139 1098 1206 singulare
1127 1140 1511 1208 spectaculum,
1543 1141 1633 1209 qui
1664 1141 1849 1195 mundi
1897 1142 2047 1196 vide-

443 1227 641 1281 bantur
663 1229 865 1282 hahere
888 1229 1246 1283 dominatum.
1267 1229 1374 1284 Sed
1395 1231 1520 1299 quia
1552 1232 1710 1286 nobis
1729 1247 1908 1288 sermo
1933 1248 2052 1303 pro-

441 1317 600 1371 batur
628 1334 749 1373 esse
782 1335 905 1374 cum
958 1319 1140 1386 docto,
1171 1321 1303 1375 libet
1349 1330 1596 1392 repetere
1621 1339 1718 1378 cur
1754 1325 2047 1395 antiquitas

442 1410 590 1464 rudis
615 1409 826 1478 legatur
847 1411 962 1464 hmc
982 1412 1178 1466 moenia
1199 1411 1520 1466 condidisse.
1539 1413 1672 1467 Cum
1695 1414 2048 1482 agricultores

443 1501 647 1556 feriatis
674 1503 865 1557 diebus
894 1517 1050 1562 sacra
1079 1503 1305 1558 diversis
1329 1505 1639 1560 numinibus
1667 1520 1764 1576 per
1787 1505 1942 1561 lucos
1967 1507 2049 1561 vi-

445 1608 647 1661 cosque
672 1593 1029 1658 celebrarent,
1043 1594 1402 1650 Athenienses
1419 1596 1650 1666 primum
1673 1604 1884 1664 agreste
1900 1597 2050 1666 prin-

446 1682 648 1751 cipium
681 1683 733 1735 in
765 1683 1028 1737 urbanum
1083 1684 1448 1754 spectaculum
1477 1684 1814 1753 collegerunt
1846 1703 1859 1738 :
1890 1686 2048 1741 thea—

2144 499 2198 554 in
2226 500 2405 554 fronte
2441 500 2758 570 pinguntur,
2786 501 3040 570 quoniam
3069 504 3174 575 77
3203 517 3388 559 earum
3414 517 3608 560 sensus
3639 517 3732 558 ce-

2143 590 2243 644 leri
2297 590 2628 658 cogitatione
2681 592 2968 646 subvectus
3015 608 3103 647 res
3154 592 3442 647 altissimas
3481 591 3733 647 intuetur.

2144 681 2486 737 Pantomimo
2515 683 2716 751 igituro
2737 684 2872 738 cuia
2902 684 3190 738 multifaria
3219 684 3518 740 imitatione
3545 700 3735 741 nomen

2145 783 2249 844 est,
2279 791 2402 831 cum
2431 776 2662 846 primum
2686 777 2738 830 in
2763 792 2982 832 scenam
3001 770 3277 847 plausibus
3300 777 3553 834 invitatus
3575 777 3738 832 adve-

2145 867 2307 932 nerit,
2339 868 2596 922 assistunt
2625 868 2852 922 consoni
2880 868 3033 923 chori
3062 868 3288 924 diversis
3315 870 3531 938 organis
3559 869 3738 924 erudi-

2147 956 2186 1009 ti
2220 973 2232 1008 :
2267 963 2394 1011 tunc
2423 956 2514 1010 illa
2539 972 2792 1012 sensuum
2818 973 3008 1012 manus
3044 959 3216 1014 oculis
3240 973 3497 1014 canorum
3527 975 3740 1016 carmen

2147 1047 2390 1115 exponit,
2414 1056 2468 1101 et
2490 1062 2587 1116 per
2613 1047 2764 1116 signa
2795 1047 3118 1118 composita,
3139 1048 3289 1119 quasi
3311 1049 3626 1118 quibusdam
3656 1051 3741 1104 lit-

2148 1136 2297 1195 teris.
2330 1136 2522 1191 edocet
2543 1136 2800 1192 intuentis
2831 1147 3107 1208 aspectum
3138 1156 3152 1203 ;
3185 1139 3238 1193 in
3267 1140 3467 1210 illaque
3495 1141 3742 1209 leguntur

2148 1226 2331 1297 apices
2358 1241 2560 1292 rerum,
2588 1234 2645 1281 et
2671 1245 2778 1282 non
2809 1229 3094 1285 scribendo
3119 1230 3248 1285 facit
3290 1232 3435 1301 quod
3475 1234 3739 1302 scriptura

2147 1313 2460 1369 declaravit.
2488 1314 2633 1370 [dem
2663 1331 2860 1386 corpus
2882 1316 3169 1374 Herculem
3190 1317 3436 1387 designat
3479 1328 3536 1374 et
3562 1320 3738 1376 Vene-

2146 1419 2283 1469 rem,
2333 1403 2586 1460 feminam
2614 1413 2904 1474 praesentat
2929 1414 2986 1462 et
3013 1422 3238 1470 marem,
3271 1422 3456 1477 regem
3501 1408 3632 1464 facit
3685 1420 3741 1464 et

2147 1496 2393 1561 militem,
2415 1510 2600 1551 senem
2631 1496 2806 1552 reddit
2827 1504 2881 1552 et
2896 1497 3150 1567 juvenem
3185 1505 3282 1552 :ut
3307 1499 3361 1553 iu
3405 1516 3513 1554 uno
3552 1499 3740 1556 credas

2147 1601 2271 1643 esse
2322 1588 2524 1643 multos
2569 1596 2677 1642 tam
2730 1589 2884 1644 varia
2913 1589 3214 1646 imitatione
3241 1591 3519 1647 discretos.
3550 1591 3741 1648 Mimos

2149 1680 2333 1744 etiam,
2365 1681 2458 1748 qui
2479 1695 2618 1735 nunc
2647 1680 3018 1736 tantummodo
3044 1681 3244 1737 derisui
3292 1681 3542 1750 habetur,
3594 1691 3740 1738 tanta

443 1781 586 1826 ιηιηι
629 1771 823 1828 αττεοο
855 1775 1118 1831 vocabulo
1173 1776 1430 1831 νίεοιιίυω
1485 1777 1849 1842 nominantes,
1899 1778 2045 1848 quod
2079 1781 2120 1840 Β
2150 1769 2480 1826 Philistionis
2509 1771 2721 1826 cautela
2760 1779 3006 1841 repertus
3026 1779 3128 1839 est,
3157 1779 3218 1826 ut
3244 1771 3363 1841 ejus
3389 1780 3543 1828 actus
3570 1788 3739 1844 pone-

442 1865 652 1920 eminus
681 1866 981 1920 astantibus
1012 1867 1166 1922 turba
1197 1869 1531 1923 conveniens
1571 1869 1688 1924 sine
1715 1870 1897 1940 aliquo
1945 1870 2046 1925 im-

443 1957 752 2027 pedimento
803 1959 1066 2024 videatur.
1113 1959 1289 2015 Frons
1336 1969 1515 2016 autem
1547 1962 1744 2016 theatri
1771 1977 1934 2018 scena
1963 1963 2047 2018 di-

441 2050 604 2115 citur,
637 2051 705 2105 ab
735 2050 924 2105 umbra
955 2051 1059 2106 luci
1088 2051 1429 2117 densissima,
1458 2052 1547 2107 ubi
1575 2067 1606 2106 a
1627 2054 1934 2124 pastoribus
1962 2054 2048 2108 in-

445 2139 682 2194 choante
723 2155 893 2195 verno
923 2141 1149 2196 diversis
1195 2143 1342 2197 sonis
1379 2143 1616 2198 carmina
1664 2145 2042 2200 cantabantur.

441 2228 518 2284 lbi
549 2238 704 2285 actus
726 2232 962 2286 musicus
991 2232 1457 2302 etprudentissimi
1479 2235 1658 2289 saeculi
1679 2235 1821 2290 dicta
1848 2235 2046 2291 ﬂorue-

441 2329 588 2376 runt.
619 2321 724 2376 Sed
750 2324 1010 2392 paulatim
1036 2322 1235 2380 factum
1267 2336 1350 2380 est
1378 2333 1438 2380 ut
1464 2325 1857 2381 honestissimae
1885 2327 2048 2383 disci-

441 2414 598 2482 plina:
628 2415 995 2485 improborum
1023 2417 1299 2470 consortia
1331 2416 1616 2487 fugientes,
1643 2419 1948 2472 verecunda
1977 2433 2038 2473 se

440 2505 635 2559 exinde
658 2506 1091 2561 consideratione
1119 2508 1519 2563 subtraherent.
1539 2508 1825 2579 Tragoedia
1848 2524 1916 2564 ex
1945 2526 2040 2565 vo-

440 2596 520 2649 cis
540 2596 789 2650 vastitate
818 2597 1156 2664 nominatur;
1188 2613 1311 2666 qutc
1338 2599 1592 2653 concavis
1620 2599 2047 2668 repercussioni-

441 2685 546 2740 bus
575 2686 852 2759 roborata,
885 2686 1047 2741 talem
1075 2689 1270 2742 sonum
1296 2689 1508 2743 videtur
1551 2690 1789 2756 efficere,
1821 2697 1884 2744 ut
1906 2704 2047 2760 pene

441 2777 510 2830 ab
540 2776 757 2830 homine
811 2793 920 2832 non
967 2779 1220 2834 credatur
1275 2779 1445 2836 exire.
1486 2778 1721 2850 Erigitur
1769 2788 1951 2836 autem
1990 2782 2043 2837 in

441 2867 679 2920 hirciaos
700 2867 882 2937 pedes,
915 2869 1042 2938 quia
1089 2870 1135 2925 si
1159 2871 1280 2941 quis
1309 2872 1451 2927 inter
1479 2881 1726 2944 pastores
1769 2872 1866 2928 tali
1908 2889 2045 2930 voce

443 2961 755 3030 placuisset,
789 2963 936 3032 capri
966 2980 1192 3020 munere
1230 2966 1555 3021 donabatur.
1582 2966 1862 3023 Comoedia
1889 2983 1924 3022 a
1943 2983 2042 3038 pa-

2147 1871 2300 1918 retur
2345 1863 2399 1917 in
2449 1862 2666 1931 litteris,
2723 1871 2992 1933 quatenus
3021 1862 3284 1918 mundum
3317 1864 3464 1922 curis
3492 1863 3740 1920 edacibus

2144 1962 2462 2009 :estuantem
2510 1954 2799 2010 iratissimis
2826 1953 3113 2010 sententiis
3162 1963 3491 2024 temperaret
3519 1953 3658 2026 [συί.
3690 1965 3739 2009 et

2146 2043 2339 2110 Fam,
2368 2043 2686 2116 repararet].
2723 2043 2862 2111 Quid
2890 2045 3293 2100 acetabulorum
3324 2045 3580 2100 tinnitus?
3605 2043 3737 2112 Quid

2145 2135 2439 2192 dulcissimi
2487 2137 2608 2191 soni
2645 2137 2880 2194 referam
2926 2137 3075 2191 varia
3103 2137 3455 2207 percussione
3493 2138 3737 2193 modula-

2146 2214 2304 2283 merf?
2329 2227 2484 2294 Quod
2512 2236 2661 2284 tanta
2688 2229 2860 2298 gratia
2875 2228 3229 2298 iucunditatis
3255 2229 3536 2298 accipitur,
3566 2238 3625 2283 ut
3652 2231 3736 2284 in-

2147 2329 2230 2376 ter
2255 2320 2493 2391 reliquos
2545 2337 2737 2376 sensus
2758 2321 2998 2376 auditum
3027 2321 3126 2376 sibi
3157 2322 3222 2375 ad
3253 2337 3444 2376 munus
3473 2337 3738 2376 summum

2148 2421 2276 2470 tunc
2302 2414 2553 2471 homines
2580 2415 2849 2469 aestiment
2873 2413 3039 2470 fuisse
3066 2413 3346 2479 collatum,
3377 2423 3434 2468 ut
3459 2422 3590 2468 aetas
3609 2414 3737 2468 sub-

2145 2518 2376 2574 sequens
2428 2505 2664 2560 miscens
2719 2504 2922 2560 lubrica
2973 2504 3138 2578 [Jur.,
3185 2503 3408 2572 ludicra]
3441 2505 3734 2574 priscormu

2147 2593 2368 2650 inventa
2397 2595 2564 2650 traxit
2593 2593 2658 2649 ad
2680 2594 2829 2660 vitia,
2861 2603 2918 2650 et
2943 2595 3090 2665 quod
3119 2596 3362 2651 honesta:
3397 2611 3558 2651 causa
3601 2595 3741 2652 dele-

2145 2686 2398 2742 elationis
2422 2695 2696 2758 repertum
2726 2694 2827 2753 est,
2859 2687 2926 2742 ad
2953 2688 3257 2758 voluptates
3285 2702 3575 2758 corporeas
3603 2701 3736 2758 prae-

2146 2780 2382 2850 cipitatis
2407 2779 2680 2836 mentibus
2695 2779 3044 2850 impulerunt.
3062 2777 3172 2835 Hos
3191 2779 3326 2834 ritus
3355 2777 3604 2844 Romani,
3629 2779 3736 2835 sic-

2145 2877 2205 2924 ut
2231 2877 2455 2926 caeteras
2480 2869 2752 2934 culturas,
2797 2869 2865 2924 ad
2898 2885 3049 2924 suam
3091 2869 3339 2939 rempub.
3389 2869 3592 2924 utiliter
3621 2876 3727 2924 tra-

2144 2959 2358 3028 hentes,
2388 2958 2674 3014 aedilicium
2691 2959 2799 3013 alta
2827 2960 3154 3029 cogitatione
3174 2967 3494 3030 conceptmn
3511 2973 3734 3027 magna-

439 3051 519 3119 εἰς
549 3052 690 3106 dicta
715 3062 814 3108 est.
848 3053 1048 3111 Comus
1069 3056 1212 3112 enim
1244 3071 1412 3126 pagus
1443 3065 1687 3124 vocatur,
1720 3058 1812 3113 ubi
1855 3058 2042 3118 rustici
2075 3102 2087 3110 ,,
2146 3050 2392 3104 nimitate
2438 3049 2674 3104 mirabili
2724 3049 3099 3105 condiderunt.
3134 3047 3286 3104 Unde
3315 3064 3423 3104 non
3470 3049 3733 3106 immerito

440 3145 752 3208 gestientes,
775 3146 1040 3204 humanos
1069 3157 1221 3205 actus
1253 3149 1541 3206 lmtissimis
1569 3151 1896 3207 carminibus
1917 3151 2038 3207 irri-

2147 3140 2378 3196 creditur
2405 3138 2693 3211 Pompeius
2714 3140 2841 3195 hinc
2868 3140 3054 3210 potius
3082 3139 3306 3210 Magnus
3335 3140 3497 3196 fuisse
3524 3142 3732 3198 vocita-

440 3233 659 3289 debam,
714 3235 807 3290 nis
857 3247 983 3292 sum
1011 3239 1204 3295 adding
1245 3241 1603 3297 bal-cistarum
1645 3241 2039 3312 loquacissim
2145 3239 2231 3286 tus
2254 3227 2304 3286 ά.
2335 3229 2404 3284 Et
2431 3230 2552 3286 ideo
2581 3231 2696 3286 sive
2724 3232 2983 3286 masculis
3013 3231 3134 3301 pilis
3160 3232 3445 3295 contineri,
3473 3233 3585 3290 sive
3613 3232 3734 3286 talis

439 3341 628 3379 manus
664 3336 712 3392 ιι,
748 3327 977 3396 linguosi
1005 3329 1176 3398 digiti,
1209 3330 1498 3388 silentium
1523 3334 1840 3398 clamosum,
1872 3349 2040 3404 expo-

438 3417 564 3471 sitio
594 3419 775 3483 tacita,
808 3435 968 3494 quam
996 3437 1148 3477 musa
1175 3421 1450 3495 Polymnia
1473 3426 1738 3504 reperisse
1767 3434 2036 3492 narratur,

440 3509 729 3566 ostendens
759 3511 1002 3569 homines
1021 3530 1180 3585 posse
1210 3526 1266 3571 et
1288 3517 1404 3572 sine
1433 3518 1542 3573 oris
1564 3517 1726 3573 all‘atu
1748 3533 1902 3572 suum
1923 3518 2040 3574 vel-

438 3598 488 3654 le
536 3599 832 3658 declarare.
883 3602 1048 3658 Musce
1092 3621 1218 3661 vero
1249 3606 1360 3662 an
1382 3608 1560 3676 lingua
1585 3608 1736 3678 quasi
1763 3608 2034 3679 ὁμοῡσαιδ

437 3688 705 3756 dicuntur,
735 3692 878 3761 quod
909 3693 1141 3750 invicem
1168 3695 1310 3751 sicut
1335 3697 1562 3752 virtutes
1586 3697 1903 3752 necessaria:
1931 3697 2034 3753 sibi

460 3897 491 3908 η
509 3835 534 3864 ⁸
558 3826 693 3883 Vide
723 3829 816 3884 lib.
864 3831 932 3887 de
957 3833 1072 3908 Div.
1099 3833 1227 3908 Litt.
1253 3851 1383 3908 cap.
1404 3835 1494 3901 '50,
1526 3844 1582 3892 et
1608 3836 1672 3890 D.
1701 3834 2028 3908 Cyprianum

563 3908 749 3977 contra
773 3905 1083 3977 spectacula
1117 3925 1130 3977 ς
1160 3897 1334 3960 Homo
1361 3897 1564 3962 fractus
1583 3897 1832 3961 omnibus
1861 3923 2032 3962 mem-

437 3967 564 4048 bris,
595 3977 650 4022 et
680 3971 758 4023 vir
781 3967 926 4048 _t_iltra
957 3976 1270 4048 muliebrem
1297 3978 1579 4048 mollitiem
1606 3977 1922 4048 dissolutus,
1945 3979 2031 4032 cui

438 4040 510 4090 sit
534 4040 1090 4114 ars_manibus_verba
1137 4047 1411 4114 expedire.
1447 4046 1508 4099 Et
1528 4047 1683 4111 ibid.,
1714 4047 1772 4100 ln
1799 4040 2031 4103 articulo

435 4120 600 4187 sonos
630 4106 882 4187 frangens
903 4106 1258 4187 inquidig'it'is
1279 4117 1546 4183 elaborat,
1569 4106 1807 4183 ingratus
1836 4115 2033 4172 artiﬁci

437 4176 795 4299 qggiiiguam
815 4176 990 4237 dedit.
1011 4176 1163 4240 vna
1177 4186 1339 4241 etiam
1367 4176 1653 4256 supra'libv.
1680 4204 1715 4253 ι,
1747 4188 1906 4257 epist.
1939 4187 2030 4243 20.

471 4261 627 4302 CRET.

438 4390 452 4408 ρ
473 4391 489 4408 ’
510 4323 535 4362 δ
566 4324 696 4408 Aliis
734 4327 929 4408 placet.
961 4333 1470 4408 musasappellatas
1498 4337 1600 4408 ἀτιτό
1646 4343 1736 4392 τοῦ
1769 4338 2026 4408 μασένειν,

436 4391 490 4475 id
516 4404 598 4450 est
622 4411 652 4450 a
679 4391 987 4475 qtimrendo,
1014 4403 1160 4475 quod
1208 4391 1307 4475 'p'er
1334 4406 1495 4472 ipsas,
1529 4391 1671 4461 sicut
1699 4391 1906 4474 antiqui
1928 4391 2029 4462 vo;

437 4461 671 4544 luerunt,
697 4461 782 4522 vis
806 4461 1060 4544 carminis
1086 4483 1140 4527 et
1170 4461 1461 4528 modulatio
1485 4461 1861 4544 'quzcreretur.
1895 4461 2028 4531 Cas-
2059 4471 2108 4530 υ
2137 4461 2398 4528 Alexand.
2431 4473 2617 4528 Sever.
2659 4461 2847 4528 scribit
2876 4461 3070 4528 nomen

436 4533 685 4601 siodorus
706 4549 890 4593 noster
917 4542 984 4596 de
1013 4542 1213 4600 Musica
1243 4560 1309 4598 ex
1335 4533 1615 4601 Clemente
1636 4545 2026 4601 Alexandrino.

437 4600 789 4688 Εξῐγιιιοιρεῇεί
807 4612 986 4688 magni
1015 4624 1222 4676 auctor,
1256 4619 1454 4688 μοτξσάν
1487 4600 1617 4677 me;
1645 4600 1768 4688 me.
1797 4600 2029 4686 {Noua-av

439 4679 562 4755 circa
608 4679 968 4760 aturjv,_n_7a'zp
1008 4694 1222 4760 μουσική
1248 4679 1407 4760 λόὐδὲν
1436 4679 1662 4760 διαφέρεί
1683 4695 1782 4742 τῶν
1797 4679 2020 4756 ’μυστη-

433 4747 579 4832 eianf
611 4749 678 4832 ὡς
699 4747 949 4832 δέἐηόιί
965 4747 1122 4832 prima.
1140 4759 1217 4815 τίς
1240 4758 1380 4832 ἐστὶ
1395 4765 1472 4829 μῶ
1498 4747 1593 4832 ’γᾶῥ
1623 4762 1709 4811 καὶ
1733 4747 1928 4828 μῶξοιαιν
1960 4760 2019 4813 τὸ

339 4894 350 4902 κ
434 4817 594 4878 ζητῶ,
617 4825 720 4872 etc.
752 4817 886 4874 Vide
910 4817 1077 4876 totum
1110 4823 1308 4879 locum.
1341 4817 1507 4881 Fonu.

512 4915 534 4986 ξ
663 4907 990 4987 Augustinus
1036 4914 1128 4987 lib.
1159 4931 1194 4970 ιι
1222 4916 1289 4972 de
1311 4917 1492 4972 Doctr.
1519 4917 1744 4984 Christ.,
1776 4933 1895 4987 cap,
1935 4913 2026 4984 23,

435 4973 602 5057 refert
620 4973 851 5036 saltante
881 4986 1214 5057 pantomimo
1239 4988 1402 5040 moris
1429 4988 1590 5043 fuisse
1611 4996 1669 5042 ut
1694 4973 1869 5057 prmco
1891 4973 2029 5057 prae;

436 5053 713 5125 {t'tltlligl‘et
745 5053 952 5125 popqu
979 5055 1106 5125 quid
1132 5057 1242 5110 suis
1264 5059 1499 5114 motibus
1527 5053 2021 5125 vellet'signiliCari.

437 5067 713 5124 nuntiaret
727 5067 952 5173 ιΓοριιιυ
979 5067 1106 5123 qmu
1132 5067 1242 5110 suis
1264 5067 1499 5114 motibus
1527 5067 1690 5139 vellet
1713 5067 2021 5139 signiﬁcari.

437 5112 568 5170 Vide
589 5116 721 5172 Clau
766 5161 778 5174 .
811 5121 1009 5193 l’aueg.
1045 5123 1250 5182 Theod.
1282 5127 1351 5182 de
1381 5128 1712 5197 Spectaculis
1743 5146 1756 5181 :
1791 5127 1891 5194 Qui
1921 5143 2024 5183 nu-

2142 3319 2343 3376 fabrica
2373 3320 2686 3376 refectionis
2712 3321 2890 3376 studio
2920 3322 3156 3393 potuerit
3178 3322 3442 3384 innovari,
3471 3338 3735 3392 expensns

2140 3411 2296 3465 vobis
2325 3411 2392 3466 de
2443 3420 2630 3468 nostro
2659 3413 2905 3468 cubiculo
2933 3413 3238 3468 curavimus
3266 3412 3555 3484 destinare,
3587 3422 3645 3468 ut
3678 3423 3732 3468 et

2139 3501 2294 3557 vobis
2337 3503 2648 3572 acquiratur
2705 3513 2813 3559 tam
2839 3506 2969 3562 boni
3015 3509 3196 3578 operis
3241 3508 3403 3578 fama,
3435 3518 3489 3566 et
3533 3511 3733 3566 nostris

2139 3594 2475 3666 temporibus
2498 3595 2747 3650 videatur
2767 3597 3058 3666 antiquitas
3084 3600 3364 3658 decentius
3385 3602 3660 3658 innovate.

2135 3846 2192 3893 tu
2215 3838 2570 3908 manibusque
2597 3815 2918 3906 linguarum,
2947 3843 3050 3892 etc.
3080 3836 3250 3893 Vetus
3278 3846 3334 3894 et
3361 3839 3598 3896 incertus
3626 3855 3730 3895 au-

2137 3917 2259 3964 ctor
2281 3909 2335 3964 in
2363 3909 2756 3979 epigrammate
2775 3910 2843 3962 de
2880 3908 3214 3979 pantomimo
3247 3926 3262 3961 :

2259 3998 2353 4050 Tot
2376 4000 2575 4061 lingme,
2600 4004 2719 4061 quot
2739 4000 2954 4063 membra
2977 4001 3082 4049 viro
3099 4001 3333 4052 mirabilis
3351 4014 3430 4051 ars
3445 4010 3543 4063 est,

2355 4063 2452 4121 Qui
2476 4062 2588 4111 facit
2612 4061 2841 4112 articulos
2861 4075 2948 4112 ore
2970 4063 3150 4112 silente
3175 4064 3324 4121 loqui.

2627 4175 2638 4187 ,
3171 4121 3364 4180 Juns'r.

2207 4193 2236 4230 ἀ
2263 4192 2482 4249 Servius
2502 4190 2564 4247 P.
2589 4192 2825 4248 Danielis
2846 4193 2900 4248 in
2915 4193 3042 4248 illud
3060 4194 3151 4248 lib.
3172 4193 3420 4250 tIEneid.
3441 4214 3453 4248 :
3472 4194 3516 4248 Α
3531 4209 3729 4263 magno

2139 4263 2434 4335 demissum
2459 4278 2654 4335 nomen
2694 4263 2828 4335 Iulo.
2875 4264 3026 4318 Sicut
3070 4264 3376 4320 Alexander
3415 4265 3557 4335 (ait),
3587 4268 3731 4321 sicut

2139 4332 2446 4403 Pompeius.
2477 4331 2648 4404 Graeci
2678 4334 2819 4388 enim
2873 4349 3034 4390 omne
3085 4331 3432 4403 magniﬁcum
3475 4331 3730 4404 magnum

2135 4415 2373 4475 vocant,_
2395 4412 2454 4475 ut
2497 4403 2668 4458 Mater
2697 4417 2912 4475 magna,
2959 4405 3029 4458 dii
3061 4407 3258 4475 magni.
3305 4403 3642 4475 Lampridius
3671 4408 3730 4462 in

3173 4476 3294 4546 agni
3323 4485 3605 4546 acceptum
3656 4477 3730 4532 ab

2136 4544 2442 4616 Alexandro
2463 4553 2585 4616 post
2613 4558 2804 4616 magna
2833 4552 3004 4616 gesta,
3027 4553 3083 4599 et
3110 4561 3141 4599 a
3173 4543 3429 4616 Pompeio
3455 4543 3575 4616 post
3603 4562 3729 4616 ma-

2135 4629 2269 4683 gnos
2294 4614 2692 4682 triumphos,et
2719 4613 2879 4668 fuisse
2908 4614 3165 4683 reiectum
3197 4616 3264 4669 ab
3294 4613 3606 4672 Alexandro
3634 4615 3735 4670 Se-

2135 4700 2265 4760 vero
2289 4684 2822 4760 i'rnp._cum__senatus
2845 4683 3004 4740 Rom.
3034 4686 3085 4740 ei
3113 4683 3350 4744 offerret.
3369 4687 3444 4741 De
3466 4685 3731 4760 Pompeio

2134 4755 2268 4810 scite
2293 4753 2512 4809 Ovidius
2542 4754 2632 4808 lib.
2668 4769 2686 4808 ι
2720 4771 2732 4808 :

3241 4859 3272 4895 ο

2230 4909 2426 4970 Magne,
2452 4915 2588 4958 tuum
2613 4921 2820 4966 nomen;
2847 4922 3010 4958 rerum
3036 4847 3360 4959 θςιᾟῗξιεῖιη
3385 4917 3583 4958 tuarum

2289 4970 2386 5018 Sed
2410 4982 2460 5020 te
2486 4972 2569 5032 qui
2595 4973 2714 5020 vicit
2736 4985 2838 5020 nom
2863 4985 2927 5020 ne
2953 4972 3103 5031 major
3126 4979 3253 5020 erat.

2128 5052 2368 5130 Galigula
2397 5051 2518 5130 Cn;
2536 5053 2791 5130 Pompeio
2812 5054 2996 5130 stirpis
3035 5053 3269 5124 antiqua:
3320 5052 3501 5130 magni
3526 5067 3733 5108 nomen

2128 5125 2352 5190 ademit,
2384 5123 2459 5177 ait
2487 5123 2798 5179 Suetonius.
2820 5123 3016 5179 Just-31'.

443 5252 3715 5280 ..__________________________________________________

1576 5375 1922 5459 LIBER
1997 5375 2557 5483 QUINTUS.

861 5609 971 5680 78
1021 5608 1353 5666 EPISTOLA
1393 5610 1625 5673 PRIMA,
1649 5567 1662 5579 ⁸

682 5714 805 5756 κιαι
847 5715 1219 5758 WANDALORUII
1251 5721 1615 5761 THEODORICUS
1645 5721 1776 5761 REX.

435 5787 629 5845 Scribit
654 5807 708 5844 se
735 5789 1085 5846 lubentissime
1120 5797 1380 5862 excepisse
1408 5813 1556 5852 arma
1585 5797 1649 5850 ab
1677 5814 1738 5853 eo
1761 5797 1944 5868 mina,
1972 5804 2023 5851 et

2203 5635 2293 5759 per
2317 5618 2515 5742 Izgalos
2541 5634 2660 5673 suos
2681 5620 2734 5673 in
2757 5622 3189 5676 remunerationis
3204 5622 3373 5678 locum
3403 5623 3513 5678 alia
3533 5625 3583 5679 ei
3602 5641 3742 5680 cort-

2226 5698 2305 5742 ert
2369 5707 2492 5743 oua.
2999 5716 3007 5723 η-

2226 5698 2305 5742 ert
2331 5698 2492 5743 dona.
2999 5716 3007 5723 π-

2199 5796 2334 5855 Cum
2386 5799 2568 5872 piceis,
2621 5799 2921 5870 tymbribus
2974 5813 3030 5858 et
3057 5818 3258 5874 pueros
3297 5804 3496 5873 geniali
3544 5805 3738 5873 latius.
