3988 6178
371 250 476 307 643

1635 259 1999 316 VARIARUM
2038 261 2238 316 LIBER
2297 264 2358 320 ν.

3528 278 3630 332 646

371 361 576 434 gentili]
606 362 839 418 candore
862 365 1123 432 lucentes,
1157 375 1212 422 ct
1232 371 1455 440 spathas
1487 370 1639 424 nobis
1659 371 1821 424 etiam
1864 387 1952 425 ar-
1982 377 2035 436 Λ
2058 370 2290 428 Promde
2313 375 2420 446 79
2440 378 2694 445 requirite
2724 393 2822 434 nos
2849 379 3042 448 saepius
3068 394 3167 448 per
3194 381 3306 436 vias
3332 397 3465 452 quas
3484 401 3636 444 amor

370 471 456 511 ina
510 456 829 511 desecantes
873 468 1053 513 vestra
1094 459 1406 517 fraternitas
1450 462 1759 526 destinavit,
1812 462 1953 518 ferro

369 560 529 624 quam
552 546 670 599 auri
694 546 866 615 pretio
891 547 1131 604 ditiores.
1159 549 1419 619 Splendet
1457 551 1564 606 illic
1615 551 1832 605 claritas
1859 567 1955 604 ex-

367 637 559 708 polita,
593 644 652 690 ut
676 635 1014 691 intuentium
1032 638 1200 694 facies
1228 640 1368 694 lideli
1391 641 1626 710 puritate
1645 641 1953 708 restituant,

367 741 597 798 quarum
625 726 896 795 margines
925 727 980 781 in
1011 737 1226 783 acutum
1279 730 1372 783 tali
1398 731 1704 799 aequalitate
1732 730 1956 785 descen-

368 819 524 885 dunt,
546 824 610 871 ut
654 833 765 872 non
796 817 938 872 limis
967 820 1296 888 composita,
1344 821 1438 875 sed
1460 821 1626 888 igneis
1652 819 1956 875 fornacibus

365 907 660 963 credantur
687 906 885 962 effusae.
912 907 1116 963 Harum
1141 910 1316 964 media
1339 911 1576 980 pulchris
1604 911 1770 966 alveis
1797 925 1957 965 exca-

363 1007 512 1063 vata,
541 996 864 1066 quibusdam
893 997 1144 1053 videntur
1173 1000 1399 1069 crispari
1428 1015 1586 1070 posse
1606 1000 1913 1054 vermiculis
1938 1017 1952 1053 ε

363 1089 457 1144 ubi
489 1097 639 1144 tanta
664 1087 942 1144 varietatis
967 1091 1154 1144 umbra
1176 1092 1450 1147 concludit
1475 1091 1618 1165 [Cor.
1658 1091 1833 1154 Gam.,
1855 1092 1959 1147 col-

367 1176 551 1250 ludit],
576 1187 636 1232 ut
664 1170 930 1234 intextum
958 1180 1128 1248 magis
1158 1181 1349 1236 credas
1385 1182 1548 1236 variis
1575 1183 1845 1237 coloribus
1873 1182 1956 1236 lu-

363 1271 546 1327 cidum
573 1271 874 1327 metallum.
909 1271 1024 1328 Hoc
1047 1281 1228 1328 vestra
1284 1275 1423 1331 cotis
1452 1276 1736 1344 diligenter
1763 1291 1957 1331 emun-

361 1361 482 1429 dat,
505 1363 612 1417 hoc
634 1370 816 1417 vester
843 1363 1305 1432 splendidissimus
1337 1366 1511 1436 pulvis
1532 1367 1603 1420 ita
1636 1367 1959 1422 industriose

365 1451 624 1519 detergit,
655 1460 715 1507 ut
760 1453 1041 1522 Speculum
1081 1454 1350 1523 quoddam
1378 1457 1615 1510 virorum
1670 1455 1828 1511 faciat
1853 1457 1959 1511 fer-

365 1557 522 1596 ream
553 1542 725 1597 lucem
745 1543 864 1612 ;qui
888 1542 1010 1598 ideo
1035 1544 1227 1612 patria:
1241 1553 1452 1609 vestrae,
1468 1553 1659 1599 natura
1678 1545 1956 1616 largiente,

366 1648 659 1689 concessus
684 1641 786 1697 est,
817 1642 875 1688 ut
899 1633 1060 1704 hujus
1112 1635 1191 1690 rei
1245 1637 1554 1706 Opinionem
1601 1636 1757 1691 nobis
1797 1635 1959 1690 faciat

365 1722 715 1791 singularem.
739 1722 907 1779 Enses
925 1724 1016 1793 qui
1039 1725 1433 1792 pulchritudine
1459 1726 1539 1780 sui
1564 1733 1822 1795 putentur
1840 1742 1958 1781 esse
1993 1744 2036 1802 Β

367 1814 623 1881 Vulcani,
653 1813 746 1882 qui
776 1823 924 1868 tanta
946 1815 1212 1883 elegantia
1235 1815 1443 1871 fabrilia
1470 1817 1616 1872 visus
1643 1824 1728 1871 est
1749 1817 1959 1872 excole-

369 1919 452 1968 re,
480 1913 542 1959 ut
565 1905 712 1974 quod
743 1904 859 1974 ejus
886 1906 1134 1962 manibus
1153 1907 1507 1974 formabatur,
1526 1924 1637 1962 non
1659 1923 1794 1979 opus
1815 1923 1959 1963 mor-

371 1996 581 2062 talium,
630 1995 725 2051 sed
757 1997 1067 2052 crederetur
1103 2013 1224 2054 esse
1273 1998 1528 2053 divinum.
1586 1998 1818 2055 Proinde
1860 2015 1960 2070 per

371 2087 521 2144 illum
547 2096 604 2143 et
628 2088 777 2142 illum
799 2088 1005 2158 legatos
1033 2099 1248 2146 nostros
1274 2091 1548 2147 solventes
1586 2092 1779 2148 debita:
1816 2093 1960 2149 salu-

371 2183 598 2238 tationis
625 2181 900 2251 allectum,
931 2199 1081 2238 arma
1103 2193 1282 2239 vestra
1312 2185 1542 2240 libenter
1565 2201 1663 2240 nos
1688 2187 1960 2256 accepisse

369 2272 734 2340 declaramus,
765 2288 884 2343 quae
914 2273 1070 2330 bona:
1116 2269 1269 2345 pacis
1297 2275 1474 2330 studia
1505 2276 1955 2332 transmiserunt:

372 2362 800 2419 vicissitudinem
844 2365 1082 2420 muneris
1135 2380 1235 2435 pro
1266 2380 1628 2435 expensarum
1657 2375 1960 2422 vestrarum

372 2452 814 2509 consideratione
835 2453 1152 2519 tribuentes,
1185 2469 1304 2523 quae
1326 2463 1531 2509 tantum
1559 2454 1714 2509 vobis
1741 2454 1963 2509 reddan-

373 2551 467 2596 tur
487 2553 733 2613 accepta,
780 2552 1038 2613 quantum
1067 2545 1220 2599 nobis
1241 2553 1417 2599 vestra
1445 2543 1594 2600 fuere
1637 2545 1959 2614 gratissima.

374 2633 644 2688 Praestent
671 2634 852 2688 divina
882 2633 1248 2700 concordiam,
1275 2642 1334 2689 ut
1363 2634 1476 2689 haec
1497 2633 1640 2709 inter
1667 2649 1766 2688 nos
1810 2643 1961 2702 grata

375 2736 559 2782 mente
580 2725 862 2795 facientes,
885 2727 1121 2795 gentium
1152 2736 1461 2782 nostrarum
1491 2726 1628 2780 velle
1650 2725 1959 2795 jungamus,

375 2828 434 2870 et
460 2819 689 2874 invicem
717 2818 937 2874 solliciti
966 2817 1168 2874 mutuis
1191 2819 1460 2889 possimus
1486 2816 1813 2874 utilitatibus
1834 2815 1964 2870 obli-

374 2910 512 2977 gari.

977 3018 1309 3076 EPISTOLA
1333 3019 1396 3075 ΙΙ.

789 3125 991 3166 ηιετιε
1013 3127 1376 3167 THEODORICUS
1399 3128 1525 3166 REX.

373 3219 576 3275 Notum
594 3224 719 3294 facit
739 3240 793 3277 se
820 3224 1032 3278 licenter
1056 3226 1315 3293 accepisse
1329 3242 1418 3294 per
1437 3241 1610 3280 eorum
1626 3225 1822 3294 legatos
1845 3239 1960 3277 suc-

627 3293 826 3358 cinum;
867 3295 1000 3364 quod
1028 3295 1164 3348 unde
1192 3297 1393 3348 oriatur
1417 3293 1678 3348 describit.

451 3401 549 3457 lllo
578 3409 633 3457 et
659 3403 752 3457 illo
775 3403 966 3472 legatis
993 3403 1189 3459 vestris
1233 3404 1592 3466 venientibus,
1624 3403 1824 3471 grande
1867 3419 1964 3460 vos

377 3491 624 3546 studium
651 3492 857 3547 notitia:
889 3502 1088 3548 nostrai
1135 3493 1388 3548 habuisse
1417 3493 1789 3560 cognovimus,
1821 3500 1881 3546 ut
1909 3493 1966 3548 in

372 3580 581 3636 Oceani
605 3581 878 3637 littoribus
907 3582 1208 3646 constituti,
1239 3597 1359 3637 cum
1409 3590 1591 3636 nostra
1637 3589 1820 3636 mente
1841 3581 1967 3651 jun-

373 3670 580 3739 gamini
606 3686 620 3722 :
645 3670 826 3724 suavis
846 3671 1002 3726 nobis
1030 3670 1314 3726 admodum
1333 3682 1390 3727 et
1408 3679 1558 3740 grata
1588 3671 1872 3740 petitio,ut
1901 3670 1968 3728 ed

375 3774 476 3814 vos
502 3760 810 3830 perveniret
835 3759 976 3816 fama
1005 3769 1209 3829 nostra,
1235 3760 1303 3816 ad
1342 3777 1479 3832 quos
1505 3761 1650 3818 nulla
1696 3763 1968 3833 potuimus

374 3849 652 3906 destinare
697 3851 969 3907 mandata.
1022 3852 1214 3907 Amate
1235 3853 1347 3922 jam
1375 3853 1666 3922 cognitum,
1694 3866 1856 3920 quem
1877 3866 1965 3911 re-

376 3942 619 4010 quisistis
667 3943 966 3998 ambienter
1001 3944 1260 4013 ignotum.
1306 3944 1440 3999 Nam
1471 3945 1611 4000 inter
1656 3951 1737 3999 tot
1781 3952 1968 4012 gentes

377 4035 520 4089 viam
546 4049 892 4105 prazsumere,
932 4050 1038 4090 non
1079 4045 1159 4092 est
1187 4035 1386 4108 aliquid
1427 4035 1580 4091 facile
1608 4036 1962 4106 concupiisse.

379 4123 444 4177 Et
467 4126 592 4181 ideo
639 4125 964 4181 salutatione
994 4141 1089 4183 vos
1133 4125 1423 4182 affectuose
1448 4126 1800 4197 requirentes,
1830 4126 1967 4181 indi-

377 4232 570 4274 camus
595 4219 832 4282 succina,
855 4234 975 4290 qua:
999 4234 1031 4274 a
1059 4219 1214 4274 vobis
1240 4235 1338 4289 per
1360 4220 1552 4273 harum
1576 4219 1870 4288 portitores
1887 4218 1968 4272 di-

375 4316 526 4362 recta
548 4315 692 4372 sunt,
723 4318 877 4376 grato
895 4308 1078 4364 animo
1104 4306 1269 4364 fuisse
1304 4315 1553 4376 suscepta
1585 4324 1598 4360 :
1627 4321 1747 4375 qua:
1774 4307 1841 4374 ad
1871 4322 1968 4363 vos

375 4395 577 4450 Oceani
605 4396 746 4451 unda
776 4395 1132 4463 descendens,
1161 4397 1301 4450 hanc
1351 4395 1672 4450 levissimam
1712 4398 1963 4450 substan-

2055 473 2235 518 vester
2281 467 2511 534 aperuit,
2555 469 2679 535 quia
2709 483 2923 537 semper
2951 469 3170 538 prodest
3193 471 3412 527 divitum
3452 490 3635 547 regum

2056 552 2316 622 acquisita
2344 555 2663 621 concordia;
2691 557 2781 624 qui
2810 560 2935 611 dum
2964 572 3127 627 parvo
3165 574 3385 617 munere
3429 557 3639 620 lEniun-

2056 649 2162 707 tur,
2185 643 2390 711 majore
2418 660 2634 714 semper
2661 649 3098 717 compensatione
3141 655 3489 723 prospiciunt.
3523 658 3636 713 Ali-

2056 747 2162 800 qua
2189 734 2338 788 vobis
2363 736 2522 789 etiam
2557 752 2650 804 per
2675 737 2879 804 legatos
2905 749 3112 797 vestros
3155 745 3320 798 verbo
3363 750 3638 804 mandavi-

2055 837 2192 887 mus,
2217 839 2312 892 per
2332 839 2486 892 quos,
2501 841 2618 894 qua:
2641 837 2792 894 grata
2805 843 2923 884 esse
2947 829 3196 896 debeant,
3215 847 3315 887 nos
3341 834 3639 893 destinasse
3709 878 3712 880 -

2056 911 2407 970 declaramus.

2623 1084 2950 1140 EPISTOLA
2981 1087 3064 1140 Ill.

2057 1211 2340 1252 ΠΟΝΟΒΔΤΟ
2368 1213 2488 1253 γιιιο
2515 1214 2777 1266 ILLUSTBI,
2801 1215 3094 1267 QUAESTORI,
3120 1219 3480 1261 THEODORICUS
3509 1223 3634 1263 REX.

2061 1308 2270 1388 Confert
2285 1310 2366 1388 illi
2393 1312 2661 1388 quwsloris
2687 1311 2924 1388 ofﬁcium,
2945 1329 3041 1382 quo
3074 1311 3356 1388 Deco_ralus
3385 1317 3496 1386 ejus
3527 1321 3639 1388 fra-

2130 1380 2380 1502 ῖεν-,άάιιηι
2411 1380 2614 1442 viveret,
2644 1380 2965 1450 potiebatur;
3014 1390 3062 1435 et
3115 1383 3262 1436 ambo
3295 1380 3638 1458 maximopere

2183 1465 2217 1502 ιι
2258 1459 2430 1502 αηηιν.

2131 1582 2242 1637 Usu
2265 1583 2478 1653 quidem
2509 1584 2753 1654 provenit
2780 1584 3140 1640 benemeritos
3155 1587 3294 1641 dona
3315 1597 3497 1643 nostra
3521 1605 3634 1645 sus-

2062 1672 2266 1741 cipere;
2300 1672 2394 1727 sed
2423 1680 2477 1726 tu
2495 1672 2615 1741 jure
2639 1673 2965 1729 baereditatis
2994 1675 3247 1744 principis
3269 1676 3360 1730 tibi
3381 1677 3638 1733 beneﬁcia

2059 1760 2360 1815 vindicasti.
2387 1759 2657 1816 Honorem
2684 1761 2862 1818 fratris
2891 1764 3358 1836 adipisceris,quia
3379 1769 3637 1837 sapientia

2061 1866 2275 1921 quoque
2301 1865 2589 1920 germanus
2618 1867 2694 1907 es.
2728 1853 2808 1907 Ab
2837 1853 3036 1909 eisdem
3065 1855 3220 1910 bonis
3262 1871 3368 1911 non
3424 1858 3641 1926 repelli-

2059 1957 2180 1997 mus
2205 1956 2365 2011 quem
2393 1943 2619 1996 similem
2649 1944 3080 2012 comprobamus.
3113 1943 3250 1999 Eant
3274 1961 3418 2000 nunc
3447 1963 3642 2018 paren-

2061 2041 2144 2090 tes
2165 2049 2228 2089 ac
2253 2035 2424 2099 liberi,
2459 2043 2514 2090 et
2543 2035 2803 2088 bonarum
2831 2036 3023 2089 artium
3063 2037 3238 2091 studia
3292 2038 3640 2093 incitamento

2060 2122 2422 2178 similitudinis
2451 2124 2786 2179 aemulentur.
2803 2122 3002 2178 Novam
3031 2126 3084 2179 in
3111 2134 3163 2179 te
3191 2126 3416 2182 fecimus
3445 2128 3638 2197 legem,

2059 2221 2312 2282 parentes
2337 2212 2390 2265 in
2421 2212 2885 2267 administratione
2910 2213 3218 2269 succedere.
3239 2214 3337 2270 Hic
3357 2227 3641 2286 provectus

2062 2321 2169 2360 non
2227 2305 2498 2370 adimitur,
2555 2305 2649 2360 sed
2696 2314 2751 2360 et
2797 2314 3034 2361 mutatur
3065 2326 3078 2360 :
3110 2308 3233 2377 quia
3263 2309 3387 2364 licet
3409 2325 3640 2380 persona

2062 2394 2350 2462 subrogata
2375 2394 2465 2457 sit,
2489 2393 2702 2447 familiae
2730 2403 2906 2448 tamen
2933 2410 3042 2450 non
3062 2396 3259 2464 deficit,
3284 2400 3427 2466 quod
3448 2403 3643 2474 gratis-

2061 2486 2228 2540 simus
2249 2499 2537 2555 germanus
2562 2487 2810 2555 acquirit.
2827 2484 2872 2542 Ο
2888 2503 3013 2543 vere
3034 2492 3227 2546 vestris
3246 2492 3449 2547 meritis
3463 2477 3642 2559 electi,

2063 2588 2121 2632 et
2148 2578 2386 2648 auspicio
2415 2578 2648 2633 nominis
2693 2579 2973 2633 honorati!
3019 2578 3373 2637 Prtesentiunt
3401 2585 3644 2656 quadam

2064 2678 2341 2739 parentes,
2369 2671 2557 2740 positis
2587 2671 2639 2726 in
2669 2672 2821 2741 prole
2848 2673 3122 2727 Vocabulis
3153 2683 3200 2741 α,
3223 2682 3275 2732 et
3305 2680 3364 2730 ῑῑι
3391 2686 3646 2732 ventura-

2064 2775 2183 2816 rum
2208 2775 2388 2816 rerum
2416 2777 2603 2817 cursus
2628 2776 2694 2816 ex
2717 2760 2825 2815 alto
2855 2769 2938 2815 est
2956 2762 3179 2832 imperio
3205 2763 3522 2831 Divinitatis,
3553 2783 3646 2821 co-

2065 2850 2254 2922 gitatio
2276 2853 2622 2922 przesagantis
2647 2852 2959 2916 instruitur;
3010 2851 3153 2921 loqui
3181 2853 3338 2908 datur
3375 2857 3516 2925 quod
3546 2873 3646 2912 nos

2064 2941 2296 2997 sensisse
2308 2941 2601 3006 nescimus;
2626 2940 2720 2996 sed
2747 2948 2870 3010 post
2893 2955 3075 2996 casum
3092 2943 3478 3000 reminiscimur
3500 2948 3646 3016 quod

2066 3031 2378 3100 ignorantes
2433 3031 2696 3086 veraciter
2748 3029 3073 3086 dixeramus.
3105 3030 3220 3086 Tali
3267 3033 3428 3102 igitur
3465 3039 3647 3093 omine

1988 3115 2036 3174 ι]
2071 3122 2358 3179 decoratus
2378 3122 2580 3178 evaluit
2611 3140 2624 3176 :
2653 3123 2872 3187 evaluit,
2904 3123 3144 3192 inquam,
3178 3140 3242 3179 ac
3270 3139 3327 3180 se
3356 3125 3648 3184 honoribus

2064 3217 2336 3286 palatinis,
2361 3215 2564 3286 judicio
2608 3216 2792 3271 nostro
2824 3215 3088 3279 laudatus,
3134 3217 3441 3283 immiscuit,
3471 3221 3645 3288 digni-

2066 3314 2235 3362 tatem
2264 3322 2480 3362 sumens
2508 3321 2668 3376 quam
2697 3308 2932 3364 solemus
2959 3309 3088 3364 dare
3111 3311 3479 3379 prudentibus.
3533 3313 3648 3370 lloc

2066 3395 2227 3468 plane
2254 3411 2415 3468 supra
2443 3405 2670 3453 caeteros
2698 3397 3019 3466 adipiscens,
3040 3399 3182 3468 quod
3210 3401 3384 3469 potuit
3403 3417 3648 3471 emerge-

2067 3501 2129 3542 re
2155 3495 2279 3558 post
2306 3487 2527 3544 electos.
2553 3486 2663 3543 Sub
2689 3487 2829 3554 genii
2860 3489 3028 3544 nostri
3059 3488 3179 3544 luce
3208 3489 3501 3560 intrepidus
3525 3495 3649 3564 qui-

2068 3575 2211 3641 dem,
2235 3577 2330 3631 sed
2361 3585 2673 3633 reverenter
2699 3578 2929 3640 astabat,
2961 3589 3264 3648 opportune
3291 3582 3502 3651 tacitus,
3553 3601 3649 3640 ne-

2070 3668 2303 3722 cessarie
2329 3667 2598 3738 copiosus,
2627 3683 2873 3722 curarum
2897 3677 3199 3724 nostrarum
3231 3673 3483 3729 eximium
3512 3674 3655 3731 leva-

2068 3775 2221 3824 men;
2254 3768 2307 3814 et
2334 3775 2457 3815 cum
2484 3760 2766 3830 potestatis
2795 3769 2992 3814 nostrae
3017 3763 3184 3830 gratia
3215 3763 3496 3831 ditaretur,
3526 3781 3643 3820 mo-

2068 3866 2131 3906 ru
2155 3870 2181 3901 η
2214 3851 2384 3919 magis
2439 3848 2598 3904 laude
2648 3859 2953 3917 contentus,
2987 3852 3342 3908 mediocribus
3362 3869 3422 3909 se
3463 3857 3640 3924 potius

2068 3942 2404 4010 exaequabat.
2427 3940 2570 3995 Vivit
2597 3941 2737 4010 apud
2761 3957 2860 3997 nos
2890 3941 3191 3997 recordatio
3213 3943 3642 4015 bonorum,quia

2069 4030 2202 4089 ﬁdes
2231 4032 2461 4087 hominis
2508 4032 2682 4086 nescit
2733 4047 2855 4087 cum
2904 4041 3078 4087 morte
3125 4032 3373 4089 deiicere.
3425 4034 3646 4093 Secreta
3720 4070 3732 4080 -

2070 4133 2276 4192 nostra,
2300 4123 2454 4193 quasi
2481 4123 2913 4187 oblivisceretur,
2965 4125 3234 4192 occuluit;
3282 4125 3451 4196 jussa,
3493 4130 3650 4199 quasi

2068 4216 2345 4280 scriberet,
2361 4231 2460 4287 per
2481 4215 2724 4270 ordinem
2747 4216 2998 4270 retinuit:
3023 4217 3140 4272 sine
3169 4219 3392 4275 avaritia
3411 4221 3654 4278 serviens

2069 4315 2125 4361 et
2171 4307 2397 4373 gratiam
2446 4313 2684 4359 nostram
2731 4319 2940 4358 summa
2984 4304 3276 4368 cupiditate
3314 4308 3649 4376 perquirens.

2070 4395 2394 4449 Divertimus
2421 4392 2635 4462 quidem
2665 4392 2734 4447 ad
2779 4393 3094 4448 benemeriti
3135 4393 3336 4459 laudes,
3369 4396 3464 4452 sed
3497 4412 3654 4454 com-

379 4489 529 4554 tiarn,
560 4490 700 4544 sicut
720 4496 775 4544 et
799 4498 1099 4544 vestrorum
1120 4488 1312 4544 relatio
1328 4488 1660 4554 continebat,
1683 4497 1960 4557 exportat;
1991 4489 2046 4549 D
2071 4485 2267 4555 pendio
2296 4484 2561 4539 sermonis
2590 4483 2866 4552 assumpti,
2916 4498 3038 4538 cum
3069 4483 3218 4539 illum
3248 4484 3548 4554 referimus,
3600 4500 3653 4546 te

375 4579 470 4633 sed
501 4579 642 4634 unde
698 4580 895 4640 veniat,
929 4580 1259 4648 incognitum
1301 4595 1397 4635 vos
1443 4579 1644 4635 habere
1689 4580 1960 4646 dixerunt,

375 4683 540 4737 quam
588 4676 714 4724 ante
741 4685 927 4725 omnes
973 4670 1220 4726 homines
1267 4670 1439 4740 patria
1495 4678 1674 4725 vestra
1704 4668 1964 4725 ollerente

376 4759 667 4831 suscipitis.
727 4759 871 4826 l'ltec,
921 4751 1153 4831 quodam
1178 4759 1431 4816 Cornelio
1456 4760 1743 4823 scribente,
1773 4759 1966 4827 legitur

377 4852 431 4905 in
473 4851 816 4907 interioribus
867 4851 1054 4907 insulis
1106 4849 1307 4907 Oceani
1355 4866 1423 4906 ex
1444 4851 1652 4906 arboris
1679 4866 1840 4905 succo
1867 4850 1962 4906 de-

379 4941 572 5006 ﬂuens,
603 4942 743 4996 unde
764 4950 818 4997 et
837 4944 1110 4997 succinum
1141 4941 1352 5004 dicitur,
1377 4941 1631 5011 paulatim
1655 4940 1782 4994 solis
1813 4938 1967 4992 ardo-

377 5048 440 5087 re
479 5031 785 5088 coalescere
835 5031 1048 5104 [Forn.,
1077 5027 1404 5102 czelescere].
1451 5028 1538 5083 Fit
1566 5028 1708 5084 enim
1737 5027 1966 5083 sudatile

353 5123 657 5178 -metallum
690 5124 992 5179 teneritudo
1023 5123 1326 5194 perspicua,
1356 5120 1517 5176 modo
1561 5134 1756 5175 croceo
1784 5119 1967 5174 colore

383 5216 599 5279 rubens,
628 5214 790 5270 modo
814 5214 1060 5271 ﬂammea
1081 5215 1324 5271 claritate
1354 5215 1736 5283 pinguescens;
1765 5219 1823 5264 ut
1843 5227 1963 5266 eum

384 5309 436 5361 in
467 5309 631 5363 maris
651 5307 810 5362 fuerit
830 5308 1048 5378 delapsa
1076 5305 1334 5375 confinio,
1356 5315 1488 5360 :estu
1517 5305 1815 5360 alternante
1841 5319 1967 5374 pur-

383 5408 531 5468 gata,
560 5401 752 5454 vestris
779 5399 1047 5454 littoribus
1076 5399 1321 5464 tradatur
1349 5399 1613 5467 exposita.
1647 5395 1800 5463 Quod
1848 5394 1967 5449 ideo

380 5490 736 5560 indicavimus
765 5491 1121 5555 indicandum,
1154 5507 1222 5545 ne
1250 5491 1471 5545 omnino
1502 5490 1698 5559 putetis
1723 5487 1967 5542 notitiam

386 5591 627 5637 nostrain
657 5583 860 5652 fugere,
888 5584 1032 5654 quod
1061 5584 1332 5640 occultum
1380 5582 1596 5639 creditis
1623 5596 1719 5636 vos
1744 5580 1967 5636 habere.

2069 4575 2344 4632 docemus.
2376 4573 2499 4628 Fuit
2527 4573 2774 4628 nimirum
2802 4574 3139 4644 gratusquod
3165 4575 3306 4645 apud
3326 4591 3424 4632 nos
3452 4587 3654 4649 etpost

2070 4667 2179 4722 fata
2207 4682 2328 4724 esse
2357 4682 2464 4721 non
2493 4665 2708 4721 desinit.
2741 4664 2946 4721 Tristes
2997 4669 3284 4737 quaerimus
3337 4687 3500 4741 quem
3551 4689 3652 4733 nos

2071 4757 2316 4814 amisisse
2343 4756 2605 4812 dolemus.
2627 4755 2733 4810 Sed
2762 4757 3015 4812 acerbum
3038 4772 3224 4813 casum
3245 4759 3475 4831 mitigat,
3507 4765 3652 4833 quod

2071 4850 2120 4904 ei
2138 4847 2336 4904 vicaria
2362 4847 2560 4902 virtute
2597 4845 2839 4902 succedis
2867 4865 2880 4900 :
2907 4848 3029 4918 quia
3080 4864 3240 4907 netno
3271 4852 3565 4922 perdidisse
3593 4870 3655 4909 se

2071 4940 2235 4996 sentit
2279 4937 2424 5008 quod
2449 4938 2502 4993 in
2534 4939 2760 4992 alterum
2790 4937 3057 4997 invenisse
3084 4941 3379 5009 cognoscit.
3412 4940 3526 4995 Non
3558 4958 3654 4996 ex-

2072 5039 2255 5084 tranea
2281 5028 2504 5087 secteris
2517 5026 2885 5100 exempla,cui
2913 5031 3204 5085 domestica
3232 5039 3522 5100 suppetunt
3543 5039 3651 5088 tam
3735 5059 3748 5070 κ

2071 5135 2263 5190 magna
2295 5119 2583 5190 prteconia.
2608 5116 2690 5176 Tu
2719 5121 3006 5176 decetatus
3033 5135 3099 5175 ex
3128 5121 3220 5174 illo
3244 5135 3320 5184 es,
3352 5120 3442 5175 ille
3479 5121 3652 5177 hono-

2071 5226 2221 5273 ratus
2245 5231 2312 5271 ex
2330 5225 2381 5272 te
2402 5223 2506 5274 est.
2531 5217 2780 5273 Adunent
2806 5231 2865 5270 se
2893 5216 3084 5270 merita
3106 5215 3322 5282 quando
3345 5231 3403 5270 se
3425 5215 3656 5284 junxere

2071 5310 2150 5364 sic
2179 5310 2418 5366 nomina.
2445 5308 2576 5363 Nam
2602 5309 2668 5363 de
2695 5317 2746 5362 te
2770 5307 2965 5376 justius
2992 5306 3259 5361 credimus
3289 5308 3530 5373 meliora,
3559 5310 3654 5378 qui

2073 5399 2336 5467 sequeris,
2361 5400 2484 5469 quia
2509 5413 2721 5467 semper
2747 5405 2829 5452 est
2855 5395 3159 5463 diligentior
3181 5396 3418 5452 imitator
3437 5399 3651 5469 prioris,

2074 5490 2290 5558 quando
2313 5497 2365 5544 te
2393 5487 2741 5558 praecedentis
2764 5487 2902 5540 bona
2932 5485 3058 5542 licet
3103 5485 3300 5554 elgere
3324 5495 3378 5541 et
3397 5502 3536 5542 nova
3561 5502 3656 5542 cu-

2076 5580 2301 5635 mulare.
2351 5579 2526 5648 Atque
2582 5577 2703 5633 ideo
2749 5577 2816 5630 ab
2847 5574 3142 5631 indictione
3169 5578 3322 5631 tertia
3374 5589 3658 5649 qumsture

465 5745 491 5772 ⁸·
521 5735 685 5792 Forn.
715 5754 728 5790 :
755 5738 942 5791 Omnes
969 5747 1169 5792 natura
1206 5737 1399 5793 meritis
1420 5734 1586 5790 electi.
1623 5733 1966 5788 Prwseutiunt
2013 5732 2248 5806 quwdam
2273 5740 2533 5804 parentes,
2562 5740 2742 5802 pastus
2766 5745 2821 5784 tn
2851 5729 2998 5801 prole
3023 5730 3301 5787 uocabulis.
