3988 6178
447 293 555 347 tit?

1652 298 1722 354 M.
1763 294 2042 355 AURELII
2077 292 2475 352 CASSIODORI

3591 285 3694 341 648

455 428 505 476 te
530 414 789 487 dignitate
815 416 1160 473 subvehimns
1187 414 1359 486 (Anno
1385 412 1510 469 Chr.
1538 412 1641 467 510
1663 413 1741 467 vel
1775 411 1835 466 5t
1851 416 1869 470 t
1886 424 1927 481 ),
1958 410 2025 463 fa-
2051 413 2105 473 Α
2128 408 2413 462 titubantia
2438 421 2546 460 non
2568 403 2829 476 proferre.
2846 402 2961 461 [loc
2986 405 3038 459 in
3060 405 3322 460 Decorato
3342 401 3694 458 certissimum

449 514 721 577 eimusque
757 507 925 562 nostri
953 504 1159 561 consilii
1188 505 1433 560 claritate
1458 505 1637 559 vivere
1665 502 2016 564 Honoratum,

451 607 507 649 nt
535 613 651 651 esse
672 611 813 650 nunc
842 595 1063 663 incipias
1090 593 1232 662 quod
1261 601 1388 648 ante
1410 593 1704 648 vocabaris.
1739 591 1850 659 Age
1878 605 2022 645 nunc

451 683 758 737 inbmrendo
780 682 1021 749 justitixe,
1046 692 1104 736 ut
1149 682 1242 750 qui
1268 683 1548 751 inexperto
1573 682 1836 735 honorent
1873 678 2022 735 dedi-

451 788 585 838 mus,
619 772 843 827 meliora
868 773 961 826 tibi
984 772 1360 841 probatissimo
1389 771 1744 827 conferamus.

1006 884 1347 959 EPISTOLA‘
1361 903 1451 959 1v.

657 1011 880 1050 SENATUI
908 1011 1054 1049 UBBIS
1083 1012 1238 1050 110113
1270 1011 1631 1050 τηεουοῐίιουε
1655 1011 1783 1049 REX.

453 1105 694 1159 Derlarat
721 1123 775 1159 se
795 1106 1007 1175 elegisse
1033 1108 1085 1158 in
1116 1114 1418 1174 quiestorem
1447 1102 1775 1158 Honoratum
1804 1104 2020 1174 fratrem

522 1176 759 1228 Βερονιηὶ
778 1192 794 1228 :
812 1178 894 1244 qui
924 1176 1089 1240 (inibo,
1111 1187 1375 1244 postquam
1399 1175 1652 1242 prwclura
1680 1174 1743 1226 de
1761 1185 2021 1244 quaestura

521 1247 674 1311 dixit,
705 1242 985 1326 laudantur
1002 1264 1015 1306 ;
1047 1256 1095 1297 et
1119 1250 1178 1297 ἰιι
1208 1242 1535 1297 Honoratum
1563 1246 1713 1297 coetui
1755 1242 2020 1297 ascribunt

523 1332 614 1368 suo
650 1323 791 1384 petit.

523 1405 740 1460 Certum
756 1414 858 1469 est,
885 1403 1072 1459 Patres
1086 1402 1407 1472 Conscripti,
1434 1401 1778 1473 prudentibus
1791 1402 1919 1456 viris
1937 1416 2026 1456 ve-

452 1506 620 1552 strum
641 1496 831 1550 llorere
842 1496 1149 1560 consilium;
1174 1494 1267 1548 sed
1283 1501 1338 1547 et
1350 1493 1452 1547 hoc
1470 1492 1725 1562 probatur
1734 1492 2025 1560 egregium,

452 1586 595 1654 quod
641 1585 791 1639 vobis
831 1583 1179 1654 permiscetur
1217 1582 1446 1649 dignitas
1475 1582 1792 1636 litterarum.
1831 1579 2029 1636 Omnes

452 1676 590 1729 enim
620 1690 755 1743 quos
782 1674 847 1728 ad
874 1683 1154 1745 quiestura:
1180 1672 1389 1727 culmen
1416 1672 1688 1726 evehimus
1710 1682 1756 1735 ³,
1779 1670 2027 1726 doctissi-

2121 496 2240 562 fuit,
2277 498 2382 551 hoc
2411 504 2468 550 et
2493 504 2619 550 ante
2646 504 2828 549 nostra
2851 494 3051 567 judicia
3097 509 3195 549 vos
3222 492 3508 563 probastis.
3567 490 3695 558 Quis

2122 590 2264 645 enim
2285 598 2530 657 tempore
2572 603 2671 642 suo
2721 601 2843 641 eum
2870 587 3022 654 quasi
3067 586 3481 653 gubernatorem
3525 582 3692 638 litium

2123 679 2374 749 ignorare
2428 678 2622 748 potuit,
2669 677 2758 744 qui
2812 690 3097 730 causarum
3148 672 3403 743 scopulos
3468 672 3695 727 transire

2124 767 2440 824 contendit?
2468 768 2699 836 Legibus
2717 764 2960 836 profectu
2990 765 3165 819 minus
3203 762 3443 832 indiguit.
3466 761 3556 834 qui
3582 763 3697 832 ejus

2125 858 2319 913 solatia
2340 873 2448 912 non
2475 857 2734 927 quaesivit.
2755 854 2872 911 lam
2906 838 3093 911 nonde
3113 864 3287 909 morte
3300 854 3546 909 festinata
3567 867 3692 908 con-

2137 950 2426 1018 querimur,
2450 964 2516 1005 ex
2544 948 2700 1017 hujus
2727 946 2953 1002 fecunda
2980 947 3258 1017 pullulavit
3301 947 3469 1017 stirpe
3487 960 3698 1015 germa-

2124 1053 2241 1093 nus.
2272 1038 2404 1092 Nam
2430 1038 2521 1107 qui
2568 1038 2715 1107 prius
2740 1036 2922 1091 fratris
2947 1036 3135 1091 umbra
3162 1036 3462 1105 tegebatur,
3486 1034 3579 1089 illo
3601 1049 3694 1089 na-

2125 1135 2257 1183 tura:
2281 1129 2395 1194 lege
2417 1128 2696 1191 subducto,
2727 1127 2881 1181 fama:
2904 1142 3015 1181 suae
3052 1141 3233 1182 comas
3256 1142 3352 1197 per
3379 1135 3563 1196 aperta
3590 1126 3697 1182 dis-

2128 1222 2319 1276 tendit.
2338 1222 2497 1275 .Bona
2523 1221 2784 1288 siquidem
2807 1220 3061 1288 germinis
3076 1219 3221 1286 juste
3248 1233 3458 1287 praecox
3507 1217 3694 1291 [Form

2126 1319 2175 1366 et
2198 1310 2317 1366 Cor.
2348 1310 2523 1376 Gam.,
2552 1308 2939 1381 prmdecessor]
2962 1313 3072 1381 80
3094 1310 3290 1374 intulit,
3312 1309 3404 1379 qui
3442 1309 3697 1365 nascendi

2128 1403 2316 1457 ordine
2346 1404 2548 1471 primus
2573 1402 2774 1456 evaluit
2804 1414 2826 1441 ε
2855 1419 2868 1455 :
2892 1401 2986 1456 sed
3015 1401 3187 1455 fetura
3211 1400 3406 1454 nobilis
3445 1398 3698 1461 fructum,

2126 1507 2289 1561 quem
2318 1493 2371 1546 iu
2394 1492 2679 1546 decessore
2706 1490 2955 1560 perdidit,
2988 1491 3041 1544 in
3086 1504 3398 1544 successore
3442 1489 3701 1543 servavit.

2127 1582 2434 1638 Concordat
2456 1583 2582 1638 huic
2608 1580 2822 1636 familiae
2849 1597 3027 1636 ramus
3049 1581 3137 1636 ille
3156 1580 3447 1635 ditissimus
3467 1580 3558 1649 qui
3586 1579 3706 1634 Vir-

2128 1676 2328 1744 giliano
2349 1675 2587 1729 carmine
2615 1689 2826 1740 semper
2853 1674 3119 1728 enascitur
3143 1690 3157 1724 :
3185 1671 3299 1726 Hoc
3318 1671 3458 1726 enim
3487 1670 3696 1736 avulso,

453 1781 569 1819 mos
596 1766 919 1819 aestimamus
944 1782 957 1817 :
984 1764 1169 1834 quales
1192 1764 1363 1831 legum
1392 1763 1714 1833 interpretes
1741 1769 1797 1815 et
1814 1760 2023 1816 consilii
2056 1778 2103 1836 Β
2130 1780 2236 1818 non
2258 1764 2438 1819 delicit
2460 1764 2597 1817 alter
2616 1762 3068 1824 aureus,etsimili
3091 1759 3382 1816 frondescit
3407 1761 3554 1828 virga
3583 1776 3694 1815 me-

451 1855 617 1910 nostri
650 1854 803 1909 decet
832 1869 950 1910 esse
980 1854 1283 1922 participes.
1315 1851 1549 1919 Dignitas
1567 1865 1685 1920 quae
1707 1865 1804 1904 nec
1830 1848 2027 1904 divitiis

453 1962 551 2000 nec
579 1945 706 1999 solis
737 1944 1002 1998 natalibus
1021 1942 1307 2008 invenitur,
1326 1942 1420 1996 sed
1446 1949 1650 1995 tantum
1680 1955 1798 1994 eam
1827 1938 2028 1994 doctri-

452 2049 516 2087 na
547 2050 664 2089 cum
688 2034 970 2102 conjuncta
1001 2041 1177 2101 potest
1216 2033 1505 2100 impetrare
1555 2030 1860 2101 prudentia.
1893 2029 2028 2084 Nam

451 2127 575 2179 licet
623 2126 675 2179 in
732 2124 1026 2179 honoribus
1054 2123 1172 2176 aliis
1201 2121 1456 2176 beneficia
1503 2120 1861 2187 conferamus,
1900 2119 2030 2175 hinc

450 2232 659 2286 semper
687 2214 1002 2284 accipimus.
1033 2212 1129 2267 Est
1159 2213 1408 2267 nimirum
1438 2226 1688 2267 curarum
1721 2218 2028 2264 nostrarum

450 2307 575 2362 felix
599 2306 777 2376 portio
806 2324 817 2359 :
840 2306 1059 2374 januam
1089 2312 1287 2358 nostra:
1316 2303 1656 2371 cogitationis
1700 2301 2025 2369 ingreditur;

449 2409 655 2471 pectus,
684 2415 792 2469 quo
820 2397 1097 2467 generales
1125 2413 1267 2452 cura:
1286 2398 1593 2463 volvuntur,
1613 2397 1875 2465 agnoscit.
1903 2395 2028 2452 [Es-

450 2491 632 2543 timate
661 2488 789 2559 quid
809 2488 876 2542 de
904 2489 995 2542 illo
1024 2488 1217 2542 debeat
1239 2487 1493 2557 judicari,
1541 2488 1629 2556 qui
1666 2488 1798 2542 tanti
1854 2490 2024 2558 parti-

449 2595 574 2643 ceps
603 2579 672 2632 sit
695 2577 908 2631 secreti.
935 2576 1014 2631 Ab
1044 2576 1160 2646 ipso
1190 2578 1363 2644 legum
1394 2577 1582 2647 peritia
1610 2577 1933 2646 postulatur,
1963 2577 2028 2632 il-

450 2667 537 2722 luc
567 2675 690 2720 vota
733 2665 1007 2720 confluunt
1041 2666 1470 2735 supplicantium,
1503 2675 1558 2721 et
1584 2666 1727 2735 quod
1753 2674 1834 2721 est
1881 2669 2028 2724 omni

453 2757 704 2810 thesauro
723 2756 1028 2824 pretiosius,
1050 2771 1217 2825 penes
1246 2756 1420 2825 ipsum
1440 2755 1709 2811 civilitatis
1729 2764 1926 2811 nostra:
1949 2758 2027 2811 fa-

448 2862 535 2899 ma
565 2845 861 2916 reponitur.
891 2844 1166 2911 Quiestore
1191 2845 1337 2915 justo
1367 2847 1711 2901 innocentum
1737 2848 2024 2903 conscien-

448 2937 520 2993 tia
544 2936 600 2990 ῆι
619 2952 828 3003 secura,
855 2937 1219 3007 improborum
1244 2946 1449 2991 tantum
1478 2946 1602 2993 vota
1624 2939 1918 2994 redduntur
1937 2924 2029 2994 an-

446 3026 530 3081 xia
547 3044 559 3092 ;
579 3035 631 3082 et
653 3042 773 3082 cum
794 3027 946 3082 malis
958 3028 1280 3098 subripiendi
1292 3043 1415 3098 spes
1436 3029 1655 3095 tollitur,
1674 3029 1907 3085 studium
1921 3031 2022 3086 bo-

2130 1855 2278 1911 tallo.
2309 1854 2543 1909 Nutrivit
2564 1853 2763 1922 quippe
2786 1861 2841 1907 et
2870 1852 2957 1907 hic
2984 1852 3334 1906 advocatione
3360 1850 3697 1905 facundiam:

2127 1947 2435 2016 opinionem
2464 1946 2720 2001 Romana:
2767 1946 2909 2000 urbis
2936 1946 3132 2000 cedens
3177 1943 3346 2004 fratri.
3393 1942 3699 2012 Spoletino-

2127 2052 2245 2090 rum
2287 2052 2347 2091 se
2397 2036 2587 2090 maluit
2629 2036 2853 2090 miscere
2882 2035 3108 2103 negotiis
3142 2052 3154 2086 :
3184 2050 3271 2088 res
3297 2042 3503 2089 tantum
3542 2033 3697 2099 dura,

2126 2124 2388 2194 quantum
2442 2141 2472 2179 a
2527 2134 2699 2181 vestra
2729 2125 3012 2195 prudentia
3040 2125 3377 2193 cognoscitur
3397 2134 3697 2194 segregata.

2127 2217 2269 2272 lnter
2299 2217 2436 2273 bene
2463 2229 2704 2274 moratos
2731 2219 2873 2272 enim
2896 2218 3192 2272 asseruisse
3214 2216 3359 2284 justa
3388 2215 3699 2271 facillimum

2128 2306 2259 2372 fuit;
2281 2307 2698 2376 provincialibus
2723 2317 2922 2371 autem,
2953 2323 3009 2362 se
3040 2322 3169 2377 vaga
3199 2308 3443 2362 libertate
3464 2314 3702 2362 tractan-

2131 2397 2295 2462 tibus,
2321 2397 2477 2452 uimis
2505 2398 2750 2453 arduum.
2792 2397 3013 2453 Videtur
3058 2397 3192 2466 juris
3234 2398 3464 2453 suasisse
3509 2398 3706 2453 tunde-

2134 2490 2312 2556 stiam,
2329 2490 2417 2545 ubi
2440 2490 2540 2561 ipsi
2556 2505 2769 2559 quoque
2788 2490 2993 2559 judices
3008 2490 3250 2560 improba
3269 2490 3580 2559 plerumque
3608 2506 3702 2544 cu-

2129 2580 2355 2651 piditate
2381 2582 2694 2652 rapiuntur;
2735 2589 2791 2636 et
2818 2591 3076 2651 quantum
3105 2582 3205 2636 sibi
3233 2581 3372 2635 inter
3417 2581 3703 2636 mediocri-

2129 2681 2295 2729 tatem
2316 2674 2564 2730 videntur
2590 2690 2708 2731 esse
2738 2676 3009 2745 praecipui,
3044 2683 3251 2731 tantum
3281 2676 3462 2731 animo
3487 2692 3605 2732 nou
3634 2680 3704 2732 si-

2128 2772 2262 2818 nunt
2281 2763 2390 2818 suis
2409 2763 2772 2819 voluntatibus
2795 2762 3018 2820 obviari.
3044 2764 3189 2819 lnter
3209 2766 3334 2820 talia
3357 2766 3499 2836 leges
3527 2767 3697 2822 vindi-
3734 2754 3739 2761 ’

2127 2869 2251 2909 care
2274 2854 2489 2909 diﬂicile
2515 2863 2618 2920 est;
2644 2863 2700 2909 et
2725 2870 2929 2924 magnae
2958 2857 3317 2925 persuasionis
3343 2857 3424 2912 vis
3451 2856 3522 2913 ad
3578 2874 3695 2928 pro-

2128 2947 2360 3016 positum
2386 2948 2521 3002 recti
2539 2948 2879 3003 venalitatem
2901 2965 3157 3004 revocare
3165 2948 3470 3018 iudicantis.
3495 2949 3703 3005 Sumite

2125 3048 2275 3104 ergo,
2307 3034 2367 3090 P.
2397 3035 2483 3103 C.,
2512 3036 2738 3094 libenter
2773 3047 2955 3094 nostra
2998 3037 3216 3109 judicia,
3270 3047 3326 3094 et
3367 3038 3703 3095 Honroratum

448 3119 529 3173 nis
552 3119 789 3174 moribus
817 3119 1117 3174 adhibetur.
1145 3119 1441 3189 Unicuique
1462 3121 1677 3190 propria
1694 3119 1812 3189 jura
1842 3129 2021 3177 custo-
2049 3146 2094 3209 ρ
2125 3137 2408 3198 quasnam
2428 3128 2661 3185 cuuuine
2683 3137 2993 3200 provectum
3023 3130 3285 3197 gremium
3309 3137 3555 3184 vestrum
3582 3143 3703 3197 gra-

446 3211 543 3275 dit,
597 3211 835 3281 pecunire
869 3211 1169 3277 continens,
1192 3211 1459 3280 tequitatis
1485 3210 1754 3282 profusus,
1802 3213 2017 3267 nescius

443 3301 713 3371 decipere,
745 3301 1173 3370 promptissimus
1202 3300 1489 3357 subvenire
1518 3318 1533 3354 :
1573 3301 1787 3371 ingenio
1815 3301 2017 3371 princio

444 3398 524 3465 pis
552 3396 733 3461 servit,
766 3396 908 3464 quod
929 3396 1173 3451 universa
1202 3396 1611 3466 superat;illius
1631 3411 1728 3451 ore
1752 3394 1900 3467 loqui
1919 3410 2016 3451 co-

447 3489 608 3557 gitur,
639 3488 725 3543 cui
755 3488 933 3542 nullus
960 3487 1147 3544 similis
1173 3487 1458 3542 invenitur.
1490 3486 1642 3542 llunc
1670 3488 1843 3543 locum
1874 3487 2017 3542 vitiis

442 3595 689 3646 vacuum,
720 3580 1002 3636 virtutibus
1023 3581 1261 3651 plenum,
1284 3581 1375 3649 qui
1399 3579 1497 3634 sub
1524 3587 1704 3635 nostra
1726 3581 1898 3651 potuit
1920 3596 2017 3637 ex-

440 3670 623 3740 pedire
640 3671 945 3739 pricsentia,
980 3685 1159 3725 nonne
1203 3670 1353 3724 vobis
1379 3668 1568 3738 dignus
1595 3676 1677 3722 est
1703 3683 1822 3725 esse
1846 3670 2014 3726 colle-

437 3763 536 3830 ga‘!
557 3761 712 3817 Scitis
734 3762 875 3817 enim
900 3778 1003 3831 qua
1031 3762 1290 3831 glorietur
1314 3763 1479 3832 stirpe
1495 3769 1794 3832 provectus.
1828 3763 2014 3820 Memi-

436 3854 588 3908 nistis
616 3854 759 3908 enim
788 3852 1108 3907 Decoratum
1138 3853 1503 3930 advocationis
1550 3852 1821 3907 laboribus
1860 3853 2011 3910 insu-

437 3941 651 3996 dantem
685 3941 735 4007 ι),
768 3957 871 4010 qua
901 3957 961 3997 se
991 3943 1273 4010 Unicuique
1296 3942 1558 3997 bonorum
1588 3941 1854 4011 probitate
1881 3959 2013 3999 con-

432 4029 685 4100 junxerit.
716 4029 904 4085 Causis
932 4032 1122 4086 vestris
1144 4030 1317 4085 fidelis
1337 4040 1521 4089 orator
1547 4032 1730 4097 adfuit,
1762 4049 2015 4091 necessa-

436 4122 529 4175 riis
552 4121 709 4174 rebus
739 4121 1015 4184 assistens,
1043 4121 1333 4191 judicantis
1374 4123 1610 4192 portavit
1654 4125 1890 4179 animum
1942 4126 2012 4182 ad

433 4210 683 4264 subsellia
735 4211 1071 4278 cognitorum
1121 4228 1134 4264 :
1181 4212 1267 4268 cui
1321 4211 1513 4267 merito
1553 4210 1805 4283 frequens
1832 4216 2009 4286 palma

434 4299 672 4369 contigit,
705 4299 827 4369 quia
870 4300 1140 4369 sapienter
1167 4300 1442 4369 alleganda
1484 4303 1753 4357 tractavit.
1784 4302 2008 4360 Pudoris

434 4391 573 4444 enim
603 4391 868 4446 sustinere
891 4390 1154 4459 jacturam
1185 4393 1448 4455 nesciunt,
1473 4391 1564 4463 qui
1590 4407 1649 4446 se
1670 4394 1817 4463 prius
1831 4394 2009 4464 judice

431 4482 785 4548 corriguntur.
817 4480 1041 4536 Inferior
1058 4482 1224 4550 gradu
1245 4485 1534 4553 praestabat
1554 4486 1682 4540 viris
1709 4485 2006 4540 consulari-
2033 4508 2083 4568 ι)

428 4569 528 4623 bus
550 4582 608 4623 se
632 4578 936 4639 patronum,
959 4580 1015 4625 et
1041 4587 1162 4626 cum
1188 4573 1480 4629 honoribus
1504 4576 1697 4630 vestris
1727 4576 1897 4646 impar
1917 4577 2005 4630 ha-

429 4659 665 4723 beretur,
696 4661 950 4728 patricius
980 4661 1030 4715 ei
1058 4662 1230 4716 dictus
1251 4672 1335 4717 est
1364 4663 1418 4717 in
1447 4662 1792 4719 celeberrima
1819 4665 2003 4734 cogni-

428 4749 575 4803 tione
601 4759 879 4820 susccptus
903 4751 979 4823 [id
999 4760 1074 4805 est
1094 4751 1304 4824 cliens].
1325 4753 1490 4809 Nimis
1509 4769 1687 4809 rarum
1710 4763 1811 4822 est,
1834 4753 1893 4808 P.
1909 4753 1998 4817 Ο..

422 4839 648 4893 solidum
702 4841 878 4909 loqui,
919 4849 975 4896 et
1020 4844 1104 4896 cui
1154 4842 1318 4896 multa
1371 4858 1591 4898 necesse
1637 4850 1722 4898 est
1773 4843 1995 4907 dicere,

491 5002 516 5028 α
548 4991 837 5063 Qumstnris
866 4990 1099 5047 ofﬁcium
1121 4992 1455 5061 describitur,
1482 4996 1549 5050 de
1567 5010 1674 5063 quo
1702 4996 1865 5051 etiam
1889 4994 1983 5049 lib.

416 5076 565 5168 seq”
586 5062 741 5168 intem.
773 5062 840 5144 5,
871 5063 960 5168 libi.
988 5079 1095 5125 νιιι,
1129 5064 1284 5168 epis't.
1310 5064 1381 5168 ‘ll
1403 5063 1773 5168 etﬂlt.AFoa:‘.

544 5130 687 5202 L._9,
712 5135 893 5199 moris,
920 5134 986 5186 de
1012 5130 1212 5201 poenis;
1242 5133 1277 5186 1.
1310 5133 1334 5185 1
1370 5134 1422 5188 in
1454 5135 1545 5188 lin.
1578 5134 1645 5188 de
1670 5132 1809 5189 offic.
1836 5132 1985 5202 praef.

418 5199 547 5255 Urb.
597 5199 729 5254 Plin.
764 5202 854 5256 lib.
902 5217 938 5266 ι,
963 5199 1119 5270 epist.
1153 5201 1212 5254 21
1236 5221 1248 5254 :
1276 5204 1568 5257 Ailvocatio
1593 5218 1685 5258 seu
1712 5199 1989 5258 advocatia

414 5273 621 5338 species
642 5271 885 5342 quaedam
907 5279 988 5324 est
1008 5286 1103 5324 seu
1126 5271 1269 5325 fundi
1297 5288 1390 5342 seu
1411 5275 1851 5342 commodiquam
1873 5272 1990 5325 vul-

413 5353 480 5406 go
509 5341 822 5412 pensionem
839 5341 1081 5412 dicimus,
1104 5341 1158 5412 in
1186 5343 1318 5396 usib.
1353 5341 1520 5405 feud.,
1554 5343 1635 5396 tit.
1665 5341 1733 5396 de
1760 5349 1994 5412 paceteg-

414 5406 706 5481 nend.,_Si
736 5409 854 5481 quis
872 5409 1233 5481 _advocatiam
1273 5427 1423 5465 suam
1454 5412 1537 5466 vel
1582 5406 1799 5481 aliquod
1837 5410 1982 5465 aliud

411 5476 848 5533 beneﬁcium.Ac
872 5477 1186 5534 Theodorus
1207 5481 1420 5548 quidem
1451 5476 1731 5536 Balsamon
1754 5482 1860 5535 duo
1889 5481 1983 5533 ad-

410 5559 723 5619 vocatorum
738 5561 932 5619 genera
961 5550 1255 5614 constituit,
1276 5566 1441 5603 unum
1471 5566 1656 5606 eorum
1681 5552 1772 5619 qui
1801 5548 1984 5605 statio-

410 5630 535 5668 nem
564 5617 615 5668 in
643 5615 760 5670 foro
780 5617 1038 5670 haberent
1062 5627 1119 5672 et
1139 5628 1370 5675 tesseras
1390 5615 1762 5675 frumentarias
1790 5620 1858 5674 ab
1877 5621 1982 5672 im-

409 5694 661 5758 peratore
681 5688 1009 5753 acciperent,
1036 5688 1263 5741 alterum
1291 5704 1476 5758 eorum
1506 5690 1598 5757 qui
1636 5699 1888 5758 tanquam
1918 5688 1982 5758 li-

407 5756 645 5808 beralem
693 5763 863 5809 artem
899 5765 1234 5824 exercerent,
1280 5757 1335 5813 in
1387 5756 1564 5815 ofﬁcio
1617 5756 1985 5815 advocationis

2124 3226 2302 3273 tanter
2325 3219 2578 3289 excipiat.
2604 3218 2803 3288 Dignus
2825 3226 2909 3273 est
2928 3219 3071 3273 enim
3100 3233 3132 3272 a
3153 3218 3308 3274 vobis
3327 3219 3470 3288 diligi
3491 3220 3590 3289 qui
3609 3233 3704 3291 par

2122 3309 2283 3363 tantis
2307 3309 2602 3364 honoribus
2631 3310 2827 3365 meruit
2854 3309 3098 3379 reperiri.

2682 3465 3009 3522 EPISTOLA
3040 3467 3101 3522 V.

2400 3592 2641 3633 IANNILE
2654 3593 2827 3633 εμοΜ
2840 3594 3201 3637 τηεοοοιιιευε
3221 3597 3345 3635 REX.

2120 3676 2285 3733 Docet
2327 3679 2451 3750 quid
2490 3681 2543 3733 in
2568 3697 2776 3735 munere
2801 3681 2999 3753 sajonis
3024 3682 3087 3735 ab
3114 3701 3174 3738 eo
3199 3685 3478 3755 gerendum
3508 3691 3598 3751 sit,
3628 3692 3704 3744 vel

2853 3766 2977 3804 non.

2187 3841 2480 3898 Laudabile
2521 3848 2605 3896 est
2640 3841 2693 3895 in
2741 3840 2830 3895 illa
2867 3850 3021 3911 parte
3065 3842 3338 3910 geminare
3394 3849 3703 3907 custodiam

2117 3946 2279 4003 quam
2302 3938 2518 3987 constat
2545 3930 2759 4001 reipub.
2791 3931 3197 3988 necessitatibus
3221 3934 3569 4004 exquisitam.
3602 3937 3704 3993 Per

2111 4024 2253 4080 hanc
2306 4023 2449 4079 enim
2502 4029 2559 4079 et
2621 4022 2948 4092 legationum
2999 4023 3220 4089 utilitas,
3274 4033 3331 4081 et
3370 4022 3703 4085 ordinatio-

2112 4130 2239 4171 num
2270 4123 2574 4171 nostrarum
2600 4114 2849 4170 celeritas
2875 4115 3190 4185 explicatur.
3221 4116 3348 4175 Haec
3395 4128 3456 4175 et
3508 4121 3702 4178 aulicis

2110 4204 2467 4276 potestatibus
2486 4220 2585 4274 per
2612 4206 2789 4260 varias
2811 4204 3082 4275 jussiones
3110 4206 3375 4263 ministrat
3402 4200 3699 4273 eﬂ‘ectum;

2110 4294 2224 4350 ιιωο
2251 4295 2452 4350 crebris
2473 4295 2800 4351 illationibus
2827 4305 3070 4351 nostrum
3108 4298 3247 4352 ditat
3270 4301 3531 4357 aerarium
3567 4320 3581 4356 :
3644 4309 3703 4356 ut

2108 4402 2248 4456 pene
2292 4385 2551 4456 quidquid
2593 4388 2646 4442 in
2673 4388 2863 4457 repub.
2896 4388 3100 4457 geritur
3126 4390 3363 4445 cursuali
3389 4392 3704 4449 ministerio

2110 4478 2462 4548 compleatur.
2511 4477 2676 4534 Decet
2729 4477 2954 4548 proinde
3006 4492 3219 4549 semper
3259 4494 3378 4535 esse
3416 4492 3698 4551 paratum,

2110 4570 2253 4641 quod
2285 4570 2600 4626 utilitatibus
2620 4569 2845 4639 publicis
2870 4570 3127 4639 probatur
3152 4571 3575 4628 accommodum
3596 4592 3611 4626 :
3636 4587 3703 4628 ne

2108 4662 2249 4733 quod
2274 4662 2343 4715 ad
2362 4661 2692 4717 celeritatem
2718 4669 2988 4731 repertum
3002 4671 3105 4732 est,
3130 4663 3484 4731 incongruam
3519 4666 3703 4734 potius

2105 4750 2479 4807 festinantibus
2503 4752 2695 4805 inferat
2724 4752 3048 4807 tarditatem.
3075 4753 3249 4821 Atque
3277 4751 3397 4808 ideo
3446 4754 3702 4826 praefecti

2105 4842 2355 4912 prastorio
2381 4849 2437 4897 et
2464 4841 2701 4911 magistri
2730 4840 3048 4906 ciliciorum,
3072 4843 3158 4897 ubi
3182 4858 3281 4912 pro
3304 4844 3525 4912 publica
3556 4846 3702 4900 utili-

2091 5003 2454 5059 versarentur,
2486 4996 2571 5050 tit.
2602 4995 2635 5050 8
2688 4996 2985 5053 Nomocan.
3016 4996 3192 5054 Photii
3216 5039 3231 5064 ,
3263 5015 3383 5071 cap.
3417 5001 3515 5057 13.
3551 5001 3698 5059 Fou-

2091 5081 2215 5119 nan.

2166 5146 2205 5221 ξ.
2249 5132 2673 5221 Ιξοηονδιίρτθξμ
2694 5143 2819 5217 sunt
2874 5145 2929 5191 et
2968 5137 3274 5221 ‘chariores‘
3310 5141 3693 5221 primogeniti.

2091 5202 2483 5276 Philo‘Jttdreus
2507 5204 2562 5276 in
2596 5203 2842 5272 Agrippae
2868 5208 3113 5276 oratione
3143 5207 3208 5261 ad
3235 5202 3448 5276 Caium,
3469 5202 3693 5266 Plutar-

2092 5274 2298 5348 chusin
2328 5273 2446 5348 \{ita
2498 5273 2580 5348 lO_
2595 5276 2890 5348 rhetorum.
2924 5275 3082 5348 Hinc
3112 5275 3404 5348 Procopius
3433 5273 3508 5333 de
3538 5280 3692 5339 Bello

2093 5341 2446 5419 Persico,_lib.
2474 5360 2523 5419 _t,_
2540 5341 2956 5419 Cabade_m_nat_u
2979 5341 3460 5419 majorent,a:tatis
3485 5355 3689 5419 gratia,

2085 5414 2171 5468 lex
2194 5413 2442 5483 vocabat.
2473 5412 2615 5483 Idem
2639 5414 2705 5468 de
2736 5413 2884 5467 Bello
2912 5412 3224 5480 Vandalico,
3248 5418 3339 5469 lib.
3362 5432 3442 5483 tu,
3480 5412 3696 5477 Gizeril

2084 5499 2180 5538 cus
2201 5498 2365 5559 senex
2388 5481 2662 5559 decedens
2711 5492 3090 5538 testamentum
3117 5487 3390 5559 condidit,
3429 5481 3521 5542 'in
3578 5505 3693 5559 quo

2085 5552 2360 5623 mandavit
2388 5550 2642 5623 Yandalis
2665 5562 2722 5623 ut
2748 5568 2845 5621 per
2871 5567 3059 5607 manus
3080 5555 3195 5621 ejus
3216 5556 3360 5623 regni
3378 5550 3694 5615 successo-

2085 5637 2173 5677 res
2197 5622 2271 5676 illi
2313 5621 2684 5694 propinquiori
2711 5637 2779 5676 ex
2824 5635 3023 5690 genere
3062 5625 3228 5678 virilis
3266 5621 3434 5694 prolis
3494 5631 3687 5685 trade-

2086 5701 2291 5759 rentur,
2316 5699 2370 5746 et
2399 5707 2463 5746 ex
2495 5692 2571 5746 eis
2594 5692 2683 5762 qui
2707 5700 2865 5746 tetatc
2892 5692 3283 5762 prmcederent.‘
3302 5693 3579 5753 Faenum:
