3988 6178
270 209 374 264 649

1544 214 1904 271 γΑωΑιιωι
1944 213 2148 269 LIBER
2190 215 2250 270 ν.

3454 215 3557 272 650

262 330 378 378 tate
404 320 721 393 delegerint,
739 324 1076 382 ordinatione
1106 327 1336 395 locatus,
1362 327 1739 384 excedentium
1764 328 1865 382 im-
1894 330 1945 390 Α
1970 337 2234 398 quatenus
2256 327 2301 383 si
2327 327 2464 382 intra
2478 329 2577 383 cal.
2611 327 3006 399 Septembrium
3035 328 3201 396 diem,
3224 328 3367 399 quod
3387 330 3559 386 ratio-

261 414 491 485 probam
521 415 995 485 prmsumptionem
1024 416 1117 471 tali
1141 424 1201 473 te
1214 419 1558 489 pnccipimus
1574 418 1885 493 districtio-,

262 520 335 560 ne
363 519 635 573 resecare,
663 513 722 559 ut
748 506 864 560 sive
884 503 1100 562 Gothus
1119 508 1189 563 sit
1211 519 1305 563 aut
1326 508 1603 565 Romanus
1622 509 1712 578 qui
1750 508 1867 563 sine

261 606 450 652 nostra
479 597 565 651 vel
588 613 775 651 eorum
799 613 1027 667 quorum
1052 600 1278 655 interest
1298 601 1577 657 evectione
1607 600 1866 656 veredum

262 688 544 759 praesumit
572 689 863 758 attingere,
892 706 991 760 per
1019 707 1182 745 unum
1213 708 1410 763 equum
1440 703 1655 748 centum
1682 692 1865 746 statim

263 779 469 833 solidos
497 794 527 833 a
559 788 611 833 te
631 789 858 849 cogatur
872 783 1175 850 exsolvere,
1206 784 1348 839 etde
1375 785 1477 839 illis
1505 800 1722 855 quoque
1749 784 1866 854 pari

260 870 555 925 severitate
575 871 990 940 censemus,qui
1021 887 1183 941 supra
1211 873 1553 927 evectionum
1585 887 1865 927 numerum

260 962 542 1017 cursuales
565 976 735 1031 equos
757 977 1018 1032 usurpare
1045 973 1394 1033 praesumunt.
1411 962 1691 1034 Parhippis
1707 964 1868 1036 [Vide

260 1050 351 1106 lib.
388 1068 465 1119 tv,
511 1052 661 1122 epist.
712 1048 806 1123 47]
837 1052 967 1121 quin
1024 1052 1188 1108 etiam
1212 1069 1319 1108 non
1350 1054 1490 1108 ultra
1532 1069 1694 1123 quam
1748 1069 1872 1109 cen-

210 1168 219 1177 -
261 1152 378 1197 tum
407 1142 572 1198 libras
588 1141 842 1211 jubemus
870 1144 1093 1213 imponi.
1113 1144 1283 1201 Nimis
1304 1146 1446 1201 enim
1471 1146 1759 1201 absurdum
1785 1155 1871 1201 est

260 1242 326 1289 ut
354 1249 387 1287 a
415 1248 525 1302 quo
545 1234 796 1289 celeritas
820 1235 1077 1303 exigitur,
1098 1237 1306 1305 magnis
1324 1237 1651 1307 ponderibus
1681 1238 1868 1308 oppri-

261 1332 489 1386 matur,
522 1323 652 1378 Avis
684 1323 801 1397 [Gn
833 1334 881 1378 et
909 1324 1053 1396 Cuj.,
1087 1325 1269 1398 Navis]
1319 1328 1433 1397 ipsa
1485 1343 1652 1382 onere
1679 1320 1863 1398 giava-

262 1423 321 1471 ta
341 1415 622 1485 pigrescit.
655 1415 862 1470 Carina:
887 1430 1008 1485 quae
1040 1417 1252 1473 labores
1281 1434 1388 1473 non
1418 1418 1659 1473 sentiunt
1685 1418 1868 1487 reple--

264 1514 335 1561 ta:
353 1506 574 1575 gravius
600 1515 906 1561 moventur.
938 1506 1077 1573 Quid
1105 1509 1412 1578 quadrupes
1447 1509 1629 1564 facere
1677 1508 1866 1578 possit,

265 1600 361 1670 qui
393 1614 615 1668 pressus
662 1599 945 1655 nimietate
999 1601 1339 1656 succumbit?
1368 1601 1427 1656 Si
1464 1600 1585 1670 quis
1630 1608 1806 1654 autem
1838 1615 1869 1653 a
1940 1616 1941 1623 η

1969 418 2221 473 nobiliter
2248 419 2553 487 exponitur,
2586 435 2616 472 a
2662 419 2925 474 Thomate
2967 419 3188 474 minime
3216 416 3377 474 fuerit
3404 434 3561 476 exso-

1968 508 2159 575 lutum,
2205 509 2460 579 przedicta
2508 510 2810 565 substantia
2858 508 3053 565 Joanni
3094 510 3212 565 viro
3259 512 3558 568 clarissimo

1969 598 2338 666 contradatur,
2366 600 2454 669 qui
2488 599 2601 669 ejus
2628 601 2867 657 debitum
2896 601 3048 657 luere
3077 611 3262 656 nostro
3311 604 3556 672 promisit

1969 690 2348 758 azrario.Quod
2364 693 2408 748 si
2438 692 2819 760 obligationem
2842 706 2995 747 suam
3017 692 3304 762 praedictus
3326 692 3564 748 Thomas

1970 783 2180 837 solvere
2210 784 2351 838 intra
2404 785 2723 854 prallinitum
2755 793 2967 854 tempus
3020 785 3250 839 fortasse
3297 787 3560 857 potuerit,

1971 875 2218 931 universa
2243 874 2294 929 ei
2343 890 2463 945 qua:
2488 876 2697 930 sublata
2727 885 2852 929 sunt
2879 874 3081 929 illibata
3108 874 3402 930 reddantur
3441 893 3455 929 :
3488 877 3563 931 ita

1971 974 2031 1019 ut
2052 981 2153 1021 nec
2181 964 2339 1021 fiscus
2361 974 2545 1022 noster
2569 968 2836 1022 sustinere
2862 970 2966 1038 81
2995 966 3242 1021 videatur
3270 967 3563 1024 incommo-

1973 1053 2066 1122 da,
2094 1062 2149 1109 et
2177 1071 2276 1111 nos
2298 1068 2690 1124 eognoscamur
2716 1056 2972 1125 subjectis
2999 1057 3214 1112 solitam
3246 1058 3561 1126 pnestitisse

1966 1144 2248 1214 justitiam.
2274 1143 2561 1201 Possemus
2582 1145 2725 1200 enim
2747 1144 2921 1201 adhuc
2943 1146 3079 1200 ultra
3107 1144 3344 1214 differre,
3363 1146 3407 1200 si
3432 1147 3563 1216 quid

1972 1240 2253 1309 prodesset
2275 1240 2789 1310 negligentissimum
2817 1242 3103 1306 sustinere,
3135 1255 3294 1309 quem
3320 1255 3418 1310 per
3455 1252 3562 1298 tam

1974 1330 2191 1400 longum
2214 1332 2476 1403 temporis
2497 1332 2729 1402 spatium
2760 1348 2974 1403 semper
2994 1332 3296 1388 invenimus
3329 1332 3559 1403 impara-

1975 1430 2106 1477 tum.
3387 1458 3417 1476 α

2528 1555 2863 1612 EPISTOLA
2900 1555 3010 1612 VII.

265 1692 492 1747 modulo
513 1689 737 1746 deﬁnito
766 1691 997 1761 amplius
1024 1690 1190 1747 fuerit
1215 1692 1415 1746 habere
1439 1698 1707 1761 repertus,
1738 1689 1869 1745 dua-
1903 1711 1947 1770 Β
1974 1687 2153 1727 JOANNI
2184 1687 2307 1727 νικο
2346 1687 2676 1737 ειλῐιιῇωο,
2727 1686 2976 1738 ARCARIO,
3025 1686 3393 1726 THEODORICUS
3433 1684 3562 1726 REX.

268 1800 394 1840 rum
435 1784 716 1840 unciarum
762 1786 879 1839 auri
901 1784 1102 1839 damno
1127 1784 1369 1839 feriatur.
1404 1782 1575 1849 Quam
1603 1796 1868 1838 summam

266 1877 525 1949 protinus
539 1885 812 1946 exactam,
837 1878 979 1933 sicut
998 1876 1112 1947 jam
1139 1877 1502 1933 anterioribus
1522 1876 1712 1931 edictis
1737 1890 1873 1931 con-

265 1968 518 2024 stitutum
547 1976 651 2034 est,
684 1984 783 2039 per
813 1966 1052 2024 officium
1090 1969 1414 2039 magisteria:
1441 1968 1715 2036 dignitatis
1743 1982 1870 2023 cur-

267 2059 351 2115 sui
384 2057 649 2129 proﬁcere
671 2058 871 2116 debere
899 2075 1215 2127 censemus;
1239 2059 1447 2129 justum
1487 2067 1572 2114 est
1618 2059 1764 2115 enim
1813 2066 1873 2114 ut

268 2160 499 2220 cogatur
527 2151 617 2205 illa
648 2151 879 2206 vendere
902 2149 1042 2207 unde
1072 2151 1343 2221 publicum
1366 2165 1564 2220 equum
1597 2150 1738 2205 male
1766 2164 1869 2204 uo-

269 2242 444 2297 scitur
469 2255 763 2309 onerasse;
789 2243 861 2296 sit
888 2241 1220 2298 nuditatibus
1249 2240 1532 2312 expeditus
1552 2241 1645 2310 qui
1676 2238 1871 2295 volun-

270 2344 387 2389 tate
417 2333 594 2388 noluit
614 2348 735 2389 esse
760 2332 1370 2389 celerrimus.Pr:eterea
1386 2338 1792 2387 commcnemus
1813 2338 1874 2384 ut

271 2425 687 2496 praepositorum
715 2424 998 2480 commoda
1021 2440 1129 2479 non
1151 2439 1467 2495 praesumus,
1488 2437 1590 2477 nec
1613 2421 1873 2491 quidquid

272 2530 371 2570 eos
402 2515 685 2585 potestatis
732 2514 932 2570 habere
978 2514 1279 2570 reverenda
1317 2512 1499 2569 sanxit
1553 2512 1869 2580 antiquitas,

275 2607 455 2679 aliqua
476 2608 827 2677 usurpatione
847 2606 1101 2676 degenies
1118 2616 1139 2642 σι
1160 2605 1272 2678 [σι’.
1293 2614 1343 2660 et
1363 2603 1479 2676 Cuj.
1504 2611 1554 2658 et
1575 2604 1683 2670 ed.,
1708 2601 1873 2658 dene-

276 2698 415 2774 ges].
443 2699 559 2756 Nos
586 2700 728 2756 enim
760 2714 859 2769 per
880 2707 933 2754 te
961 2700 1237 2763 geminare
1269 2697 1518 2754 volumus
1546 2694 1872 2760 custodiam,

281 2806 388 2847 non
409 2791 648 2863 antiqua:
675 2790 1079 2847 consuetudinis
1108 2806 1390 2847 removere
1426 2789 1718 2845 cautelam.

860 2882 1192 2940 EPISTOLA
1218 2884 1305 2938 Vl.

484 2990 815 3031 STABULABIO
835 2990 1122 3031 COMITIACO
1142 2988 1507 3030 TBEODORICUS
1531 2988 1658 3027 REX.

287 3067 431 3123 Iubet
458 3069 792 3122 utuniversns
815 3067 1086 3138 facultates
1110 3067 1398 3131 Thomatis,
1424 3067 1511 3137 qui
1534 3065 1597 3121 ob
1619 3073 1759 3138 certa
1778 3069 1875 3119 do-

352 3157 465 3210 mus
487 3141 646 3210 regiae
689 3136 887 3208 prwdia
917 3138 1186 3210 duodecim
1214 3138 1382 3210 millia
1402 3136 1693 3210 Aselidorum
1722 3136 1875 3210 debe-

352 3209 461 3274 bat,
515 3208 644 3280 ﬁsco
698 3210 942 3280 applicet,
991 3208 1284 3263 reddendas
1312 3208 1429 3280 ipsi,
1462 3209 1507 3262 si
1533 3208 1704 3280 modo
1732 3208 1874 3280 intra

350 3275 564 3335 calend.
591 3275 741 3347 Seth
765 3275 1006 3344 solverit;
1030 3280 1109 3333 εἰη
1132 3275 1542 3342 πηὶηιιδ,’.1οαηηὶ
1567 3275 1873 3339 tradendus,

352 3352 439 3422 qui
461 3352 740 3422 praefatam
766 3366 1021 3404 summam
1044 3349 1313 3404 illaturum
1338 3365 1391 3429 se
1412 3350 1600 3405 aerario
1619 3347 1875 3417 promise-

354 3432 460 3475 rat.

351 3507 707 3579 Suscipienda
735 3510 976 3581 precatio
1005 3519 1089 3565 est
1115 3525 1235 3580 qua:
1281 3508 1509 3580 publicis
1555 3505 1877 3563 utilitatibus

284 3621 395 3661 non
420 3612 709 3674 repugnat,
763 3612 819 3660 et
846 3603 1221 3675 amplectenda
1249 3603 1514 3659 desideria
1545 3602 1877 3673 privatorum

284 3711 407 3768 qua:
445 3695 527 3750 sic
568 3695 864 3750 remedium
894 3704 1162 3766 quaerunt,
1187 3702 1246 3750 ut
1274 3694 1433 3750 nobis
1456 3709 1565 3750 non
1593 3693 1880 3748 videantur

285 3800 549 3857 generare
576 3784 934 3855 dispendium.
970 3784 1084 3839 Viri
1122 3784 1305 3854 itaque
1334 3783 1616 3840 clarissimi
1658 3780 1881 3839 Joannis

285 3879 511 3950 querela
531 3879 900 3948 comperimus
932 3875 1249 3933 Thomatem
1278 3878 1471 3933 domus
1494 3884 1693 3932 nostrae
1730 3881 1880 3931 certa

288 3972 490 4043 praedia
527 3971 848 4040 suscepisse,
877 3969 931 4024 id
960 3978 1045 4025 est
1082 3970 1209 4025 illud
1240 3979 1402 4038 atQue
1455 3968 1607 4036 illud,
1640 3954 1710 4023 ‘ei
1738 3982 1882 4021 nunc

290 4063 478 4118 decem
506 4061 673 4116 millia
694 4060 992 4117 solidorum
1041 4062 1429 4131 reliquatorem
1457 4059 1654 4115 nostris
1680 4058 1883 4114 utilita-

290 4157 433 4212 tibus
446 4155 743 4220 exstitisse,
766 4163 825 4210 et
851 4168 949 4224 per
974 4153 1216 4210 diversas
1236 4153 1629 4208 ludificationes
1651 4166 1758 4206 non
1783 4150 1882 4205 im-

289 4248 441 4318 plere
463 4245 706 4301 debitam
734 4245 1095 4317 quantitatem
1126 4264 1139 4300 :
1166 4244 1311 4315 quod
1340 4244 1480 4315 apud
1510 4260 1610 4300 nos
1634 4294 1639 4299 .
1663 4255 1885 4312 quoque

288 4354 578 4409 procerum
608 4347 919 4395 nostrorum
942 4339 1290 4408 suggestione
1310 4337 1623 4408 perclaruit.
1646 4335 1885 4403 Ideoque

288 4447 511 4486 causam
532 4432 625 4486 tali
654 4431 923 4488 credimus
946 4430 1185 4488 remedio
1209 4429 1648 4496 muniendam,ut
1666 4428 1887 4483 univer-

288 4539 406 4579 sam
434 4525 792 4579 substantiam
821 4524 1114 4594 supradicti
1144 4522 1422 4578 Thomatis
1449 4521 1549 4578 sub
1573 4522 1674 4575 hac
1697 4517 1887 4574 condi-

289 4614 440 4670 tione
495 4612 616 4669 fixis
660 4614 828 4669 titulis
854 4613 883 4653 δ
933 4613 1042 4684 juri
1088 4613 1303 4685 publico
1342 4611 1543 4667 debeas
1572 4606 1921 4681 applicarez‘

366 4818 394 4846 ιι
426 4807 607 4875 Aliqui
637 4807 718 4863 sic
756 4806 960 4875 legunt.
992 4806 1109 4861 Vox
1143 4806 1284 4861 enim
1308 4806 1495 4875 genius
1544 4812 1601 4859 et
1644 4802 1890 4871 geniatus

366 4823 394 4846 ἰ
426 4823 510 4861 an
554 4823 607 4861 ut
637 4823 718 4863 sic
759 4823 960 4875 tegunt.
1000 4823 1109 4861 vox
1143 4823 1284 4861 enim
1308 4823 1495 4875 genius
1544 4823 1601 4859 et
1644 4823 1889 4871 geniaius

280 4880 482 4936 crebra
511 4823 841 4933 gassiodoro
870 4896 881 4930 :
914 4878 1037 4931 imle
1066 4877 1267 4931 dictum
1300 4889 1429 4945 puto
1474 4875 1761 4945 degeniare
1792 4886 1889 4945 pro

279 4950 683 5072 deho'nestare,
707 4947 1025 5004 diminuere.
1062 4941 1393 5014 Degenia'tus
1409 4941 1661 5014 infra—ep.
1684 4943 1766 5005 lO,
1792 4941 1887 4997 lib.

282 5035 388 5072 xu.
453 5035 540 5072 ue.

282 5035 388 5075 ΧΗ.
419 5035 540 5072 JUB.

368 5089 395 5127 ι’
428 5087 501 5143 Ut
546 5088 692 5143 enim
723 5087 950 5142 Athenis
998 5086 1204 5155 signata
1255 5084 1491 5155 praedia,
1537 5083 1891 5155 oppignerata

278 5160 634 5225 dicebantur,
682 5158 853 5212 libera
895 5172 1025 5211 vero
1069 5153 1317 5219 suum;
1374 5153 1785 5225 llamocrationi
1837 5153 1891 5205 in

275 5230 531 5300 dictione
560 5223 695 5300 spec,
718 5284 721 5287 ,
746 5237 803 5283 et
836 5227 905 5300 in
929 5226 1173 5300 ἅσςικτον
1196 5228 1418 5300 χωρίονς
1466 5223 1668 5300 Polluci
1695 5223 1802 5300 _lib_.
1829 5238 1886 5300 in

273 5292 623 5356 Onomastiéi
652 5317 664 5351 :
692 5300 763 5352 ila
793 5297 941 5351 affixi
988 5296 1161 5367 fundo
1196 5292 1414 5367 privato
1442 5294 1583 5349 tituli
1629 5292 1885 5363 principis

272 5373 679 5497 Emortuom,
720 5367 949 5449 Gallice)
989 5383 1104 5423 rem
1135 5365 1265 5423 fisco
1289 5367 1605 5421 vindicatum
1632 5370 1879 5443 arguunt.

348 5441 397 5494 'c
424 5450 484 5495 et
514 5439 742 5497 epistola
788 5453 1033 5497 proxime
1070 5438 1338 5497 sequenti,
1392 5444 1450 5490 et
1494 5435 1631 5490 infra
1678 5434 1771 5487 lib.
1804 5448 1879 5497 ix,

348 5441 397 5494 ic
424 5450 484 5495 et
514 5439 742 5507 epistola
788 5434 1033 5507 proxime
1070 5438 1338 5507 sequenti,
1392 5444 1450 5490 et
1494 5435 1631 5490 infra
1678 5434 1771 5487 lib.
1804 5448 1882 5500 ix,

274 5511 524 5583 cpistola
554 5507 842 5583 18-τίῗοιικς
896 5577 909 5583 _
1020 5578 1035 5583 _
1112 5578 1123 5583 Α
1202 5578 1248 5583 __
1640 5574 1651 5583 υ
1739 5573 1753 5583 _
1785 5571 1817 5583 η

365 5579 471 5636 Pro
502 5579 777 5649 intellectu
819 5577 989 5649 hujus,
1020 5578 1126 5634 loci
1166 5578 1287 5634 vide
1324 5574 1653 5649 quaernotavi
1691 5573 1756 5628 ad
1785 5570 1879 5649 lib.

273 5647 711 5728 rx,_epist.__16;
744 5642 937 5728 quibus
981 5648 1110 5728 libet
1151 5642 1417 5728 ascribere
1456 5648 1572 5728 haec
1602 5642 1885 5728 Augusli‘ni

275 5712 461 5778 verba
488 5720 557 5776 de
584 5719 651 5774 iis
676 5712 777 5788 qui
794 5718 978 5772 titulos
1004 5719 1363 5787 potentiorum
1388 5718 1500 5779 suis
1523 5715 1739 5789 praediis
1768 5712 1886 5767 alli-

586 5811 862 5871 Pnaon.
908 5806 1138 5870 LXIX.

1977 1783 2065 1839 Illi
2095 1785 2253 1838 tradit
2284 1783 2550 1838 Thomatis
2574 1782 2728 1846 bona,
2759 1783 3036 1839 dummodo
3059 1784 3233 1838 decem
3262 1782 3427 1836 millia
3442 1783 3578 1837 soli-

2044 1856 2227 1909 dorum
2257 1857 2444 1909 (trario
2475 1872 2566 1924 pro
2593 1872 2652 1908 eo
2681 1855 2865 1918 solvat,
2896 1872 2987 1909 nec
3006 1857 3117 1924 ipse
3140 1854 3363 1908 Thomas
3395 1852 3565 1908 debito

2044 1875 2227 1909 uorum
2257 1875 2444 1909 wrarto
2490 1875 2566 1911 πο
2593 1875 2652 1908 εο
2681 1875 2865 1918 δοιυαι,
2896 1875 2933 1909 η.

2043 1927 2184 1980 intra
2212 1926 2416 1980 calend.
2447 1875 2594 1995 Slept.
2618 1926 2933 1996 satisfaciat.

2043 2032 2213 2090 Decet
2234 2048 2423 2089 eorum
2456 2043 2580 2089 vota
2609 2033 2665 2087 in
2700 2041 2875 2088 tutum
2923 2032 3173 2101 reddre,
3222 2033 3316 2103 qui
3361 2032 3566 2088 malunt

1974 2125 2238 2180 utilitates
2266 2124 2508 2195 publicas
2536 2125 2853 2191 continere;
2884 2139 2985 2180 nec
3011 2124 3244 2194 patimur
3269 2124 3339 2179 de
3366 2124 3566 2178 damno

1972 2218 2196 2288 preprio
2224 2230 2347 2271 esse
2390 2215 2672 2283 sollicitos,
2720 2215 2813 2285 qui
2860 2230 2961 2270 nos
2987 2229 3019 2269 a
3049 2212 3342 2284 dispendiis
3385 2211 3566 2269 fecere

1972 2322 2217 2363 securos.
2266 2305 2381 2361 Tua
2426 2306 2590 2375 igitur
2633 2305 2982 2376 suggestione
3027 2304 3422 2376 comperimus,
3470 2318 3566 2376 per

1974 2399 2120 2454 illam
2151 2398 2501 2455 indictibnem
2531 2398 2840 2468 patrimonii
2871 2396 3040 2453 nostri
3064 2395 3260 2467 przedia
3289 2395 3344 2450 in
3374 2394 3565 2466 Apulia

1974 2490 2250 2563 provincia
2279 2490 2591 2554 constituta,
2623 2489 2677 2544 id
2705 2497 2789 2545 est
2810 2488 2939 2544 illud
2967 2496 3130 2557 atque
3150 2488 3304 2557 illud,
3334 2487 3565 2542 honesto

1974 2582 2092 2637 viro
2106 2580 2356 2636 Thomati
2372 2580 2636 2635 lihellario
2658 2579 2817 2635 titulo
2839 2589 2861 2618 ο
2883 2578 2960 2651 (id
2982 2586 3078 2646 est,
3096 2578 3399 2648 contractu)
3417 2593 3567 2634 com-

1974 2675 2216 2741 misisse;
2249 2675 2344 2730 sed
2374 2688 2496 2730 eum
2543 2672 2684 2727 male
2712 2669 3135 2727 administrando
3161 2678 3433 2741 suscepta,
3474 2685 3568 2725 us-

1975 2781 2083 2836 que
2112 2766 2179 2822 ad
2208 2767 2392 2821 decem
2421 2764 2585 2819 millia
2615 2764 2910 2821 solidorum
2938 2762 3007 2818 de
3048 2761 3429 2818 indictionibus
3475 2761 3567 2816 illa

1977 2867 2141 2929 atque
2165 2858 2253 2913 illa
2283 2857 2671 2927 reliquatorem
2695 2855 2922 2925 publicis
2944 2854 3244 2911 rationibus
3266 2853 3563 2909 exstitisse:

1976 2950 2117 3018 quia
2143 2951 2456 3020 proceribus
2481 2950 2681 3006 nostris
2705 2949 3017 3020 frequenter
3043 2949 3371 3016 admonitus,
3388 2947 3566 3002 debita

1979 3042 2206 3098 reddere
2253 3040 2561 3097 detestabili
2602 3040 2897 3096 calliditate
2943 3039 3199 3109 neglexit.
3250 3037 3319 3093 Et
3356 3054 3426 3094 ne
3468 3037 3567 3092 tibi
3602 3049 3609 3053 ·

1979 3133 2157 3202 aliqua
2183 3132 2535 3201 imposterum
2564 3131 2791 3202 quaestio
2820 3138 3151 3197 nasceretur,
3203 3128 3430 3201 publicis
3462 3128 3566 3183 uti-

1978 3223 2215 3278 litatibus
2238 3222 2473 3277 debitam
2502 3222 2882 3292 quantitatem,
2910 3220 3009 3277 sub
3049 3220 3152 3276 hac
3172 3220 3385 3275 ratione
3408 3219 3569 3274 satis-

1980 3313 2157 3370 facere
2189 3322 2243 3368 te
2270 3313 2410 3368 velle
2436 3313 2673 3378 testaris,
2717 3313 2760 3367 si
2794 3312 2885 3366 tibi
2915 3311 3115 3383 praedia
3153 3310 3448 3382 supradicti
3477 3310 3569 3365 de-

1977 3404 2167 3460 bitoris
2213 3404 2337 3460 loco
2384 3404 2625 3474 pignoris
2672 3403 3083 3459 contradantur.
3117 3400 3256 3459 Hinc
3297 3410 3382 3459 est
3425 3403 3569 3471 quod

1979 3495 2308 3554 desiderium
2352 3504 2500 3551 tuum
2526 3496 2670 3567 justa
2700 3497 2913 3553 ratione
2950 3504 3273 3566 conceptum
3318 3496 3569 3566 praesenti

1975 3589 2220 3659 jussione
2240 3587 2537 3644 firmamus.
2571 3585 2827 3654 Primum,
2858 3596 2918 3642 ut
2943 3586 3144 3642 nullam
3170 3601 3239 3642 ex
3259 3586 3362 3642 hac
3389 3602 3450 3642 re
3476 3602 3570 3643 no-

1980 3682 2126 3737 mine
2152 3680 2369 3751 publico
2399 3687 2610 3736 metuas
2651 3679 3039 3750 quiestionem;
3086 3677 3283 3735 deinde
3318 3678 3420 3733 sub
3468 3678 3570 3733 hac

1982 3765 2294 3827 conditione
2344 3770 2437 3825 tibi
2483 3771 2791 3829 universam
2839 3769 3230 3835 substantiam,
3280 3783 3444 3839 quam
3483 3770 3572 3825 vel

1984 3878 2125 3918 nunc
2152 3871 2320 3928 tenet,
2349 3862 2435 3917 vel
2463 3863 2640 3933 primo
2671 3872 2915 3932 tempore
2954 3861 3284 3931 possidebat,
3314 3876 3437 3917 cum
3467 3875 3571 3916 no-

1983 3957 2108 4011 stris
2134 3954 2438 4010 rationibus
2464 3954 2734 4009 obnoxius
2756 3968 2877 4009 esse
2898 3951 3010 4023 jam
3042 3959 3299 4023 coeperat,
3331 3950 3571 4008 Thoma-

1986 4049 2054 4103 tis
2077 4047 2338 4103 debitoris
2363 4047 2679 4114 addicimus,
2708 4060 2870 4116 quam
2895 4044 3103 4116 pridem
3134 4052 3322 4100 nostro
3350 4045 3571 4102 nomine

1987 4142 2106 4197 lixis
2134 4141 2303 4196 titulis
2327 4139 2555 4196 fecimus
2584 4138 2863 4194 vindicari.
2889 4136 3005 4194 Hoc
3034 4143 3240 4192 tantum
3266 4137 3574 4193 humanita-

1990 4237 2057 4290 tis
2086 4235 2282 4290 intuitu
2312 4233 2636 4298 relaxantes;
2665 4240 2725 4286 ut
2751 4244 2923 4300 usque
2949 4229 3016 4285 ad
3040 4229 3143 4285 cal.
3176 4228 3573 4299 Septembrium

1988 4328 2218 4397 spatium
2245 4326 2443 4381 habeat
2489 4322 2748 4378 reddendi
2775 4322 3011 4377 debitam
3050 4320 3435 4391 quantitatem;
3468 4320 3569 4373 iiii-

1993 4432 2159 4473 nusve
2208 4419 2346 4490 (pro,
2392 4398 2474 4471 sin
2523 4415 2718 4477 minus,
2769 4414 2824 4466 ut
2851 4431 2930 4483 ep.
2963 4410 3049 4475 52,
3081 4409 3172 4466 lib.
3204 4411 3299 4482 tv).
3344 4425 3464 4465 cum
3512 4409 3577 4466 ad

1992 4510 2353 4582 supradictam
2400 4507 2540 4562 diem
2577 4515 2635 4561 tu
2673 4505 2959 4576 pecuniam
3003 4504 3121 4559 viro
3166 4501 3358 4557 illustri
3396 4502 3577 4558 comiti

1993 4600 2301 4674 patrimonii
2332 4598 2523 4666 nostri,
2578 4612 2698 4669 quae
2743 4595 2992 4662 debetur,
3040 4595 3306 4661 intuleris,
3354 4594 3580 4652 facultas

1994 4802 2144 4865 gunt.
2179 4792 2255 4848 Ne
2285 4791 2524 4857 domum,
2562 4768 2767 4864 ﬂuuit,
2814 4794 2983 4865 ipsius
3011 4791 3229 4865 invadat
3267 4789 3458 4865 aliquis
3484 4804 3579 4858 po-

1996 4859 2149 4931 iens,
2202 4865 2354 4933 ponit
2396 4865 2465 4919 ibi
2510 4859 2699 4919 titulos
2726 4859 2982 4935 potentis,
3029 4861 3214 4935 titulos
3251 4859 3579 4935 mendaces:

1997 4938 2112 5004 ipse
2155 4930 2270 4990 vult
2294 4950 2414 4990 esse
2443 4930 2742 5005 possessor;
2793 4943 2848 4989 et
2886 4936 3119 5005 frontem
3148 4931 3341 5005 domus
3379 4944 3489 5005 sua:
3513 4930 3581 5005 de

1998 4996 2153 5061 titulo
2193 4996 2630 5066 alienom'uniri;
2675 4996 2736 5058 ut
2779 5020 2899 5060 cum
2952 5003 3136 5057 titulus
3183 5002 3352 5054 lectus
3399 4996 3581 5064 fuerit,

1956 5125 1970 5144 ,
1998 5076 2490 5147 conterrituskquis
2536 5076 2775 5147 potentia
2823 5073 3054 5131 nominis
3100 5071 3371 5125 abstineat
3416 5084 3477 5124 se
3514 5070 3582 5124 ab

1999 5147 2294 5202 invasione.
2330 5144 2516 5200 Bnoss.

2076 5229 2096 5257 ο
2125 5216 2415 5270 Libeilario
2454 5215 2690 5280 nomine,
2741 5214 2835 5269 lib.
2867 5229 2904 5279 ι,
2955 5213 3039 5267 tit.
3075 5210 3109 5264 5
3140 5229 3153 5264 :

1990 5287 2137 5343 feud.
2182 5287 2358 5340 amitt.
2414 5284 2633 5339 nomine
2673 5277 2959 5349 libelli;’et
3002 5282 3094 5336 lib.
3138 5297 3198 5349 ιι,
3252 5282 3335 5335 tit.
3362 5277 3431 5335 55
3461 5298 3474 5333 :
3508 5280 3583 5337 De

1988 5356 2260 5427 prohibita
2288 5355 2430 5410 feud.
2449 5355 2610 5427 alien.
2637 5370 2732 5421 per
2754 5354 2957 5409 Frider.
2980 5351 3060 5406 Au
3084 5355 3208 5420 quia
3230 5351 3378 5427 brevi
3402 5350 3584 5427 libello
3640 5366 3653 5377 ‘

1987 5420 2044 5482 et
2081 5427 2348 5495 scriptura
2391 5420 2828 5495 contraheretur,
2859 5429 2929 5495 ut
2955 5430 3237 5493 perpetua,
3263 5420 3355 5495 l._l
3382 5421 3584 5495 veg-sic.

1987 5489 2742 5566 scripturaiinterveniente,
2789 5489 2851 5549 C.
2902 5489 2971 5549 de
3012 5489 3121 5563 jur.
3172 5491 3415 5563 emphyt.
3446 5489 3582 5555 Leo.

1988 5565 2189 5642 novell.
2223 5565 2332 5642 ιβ)
2365 5568 2482 5642 τιν-ερί
2510 5572 2610 5619 τῶν
2636 5568 2869 5642 amunia-9
2908 5568 3283 5642 ζμφντεύσξων·
3303 5582 3583 5642 ᾲπροσγρα-

2025 5640 2202 5713 ᾳμένης
2244 5635 2466 5713 ﬁnio-vdit
2494 5644 2596 5713 ἑῆς
2646 5640 2887 5713 εἰσφορᾶς
2917 5635 3127 5699 audens
3157 5638 3209 5691 ἐν
3234 5635 3367 5697 reis“
3389 5635 3576 5696 τῆξῦκα

2025 5660 2202 5710 epam;
2244 5660 2466 5697 οηΑονοτι
2504 5660 2596 5697 της
2646 5660 2666 5691 ε

1989 5660 2182 5771 goat»;
2206 5710 2456 5785 χὰρταις.
2494 5705 2670 5762 ΡοιΝ.

3187 5208 3392 5277 Quibus
3431 5208 3582 5264 mod.
