3988 6178
393 205 489 262 65ι

390 424 563 470 cetur.
619 415 773 482 Quod
825 414 979 468 triste
1052 427 1159 466 non
1212 411 1482 466 credimus
1536 425 1656 465 esse
1708 406 1976 479 perdenti,

390 507 607 577 quando
640 521 741 560 nec
769 520 835 559 ex
866 512 983 559 toto
1024 502 1236 558 videtur
1264 502 1533 562 amittere,
1566 498 1711 568 quod
1741 508 1793 553 te
1819 513 1982 567 gene-

392 614 511 653 rum
539 597 683 670 [Con
710 595 886 660 Cam.,
918 593 1253 663 germanum]
1283 608 1439 647 suum
1479 590 1755 660 cognoscit
1793 588 1980 656 acqui-

393 704 536 744 rere.
576 688 709 742 Nam
748 686 896 757 quod
924 694 1142 757 poteras
1173 684 1395 754 adipisci
1435 684 1557 753 jure
1603 682 1977 747 successionis,

394 780 704 834 conditione
731 793 762 832 a
790 789 843 834 te
870 778 1175 848 possidetur
1199 775 1476 846 emptoris.

941 908 1273 965 EPISTULA
1308 907 1442 963 Vill.

605 1018 892 1059 ΛΝΑΒΤΔείΟ
920 1017 1209 1058 αοΝδυιΑῐιι
1240 1012 1606 1054 τηεουοιιιρῠδ
1636 1012 1761 1050 REX.

403 1094 642 1149 Decernit
664 1103 719 1148 ut
747 1111 774 1149 e
794 1094 1087 1148 Faventino
1116 1092 1319 1145 civitate
1343 1089 1620 1161 quadratos
1651 1087 1849 1161 lapides
1875 1085 1981 1139 Ra—

370 1230 377 1238 ,
467 1182 685 1220 vannum
715 1167 828 1219 sine
858 1167 1159 1235 cujusquam
1183 1159 1377 1215 damno
1403 1159 1727 1213 devehendos
1748 1167 1907 1211 curet.

470 1256 737 1311 Convenit
775 1255 1161 1310 sublimitatem
1203 1260 1349 1306 tuam
1411 1248 1612 1303 nostris
1655 1247 1985 1318 jussionibus

401 1346 722 1402 obedientia:
761 1346 998 1400 tribuere
1045 1343 1286 1400 sedulam
1332 1340 1670 1408 ﬁrmitatem;
1719 1346 1986 1409 quatenus

401 1440 467 1493 ad
498 1436 748 1494 eﬁ‘ectum
775 1437 1023 1492 trahatur
1046 1437 1190 1507 quod
1216 1434 1417 1489 salubri
1443 1433 1784 1488 ordinatione
1803 1430 1988 1501 dispo-

404 1528 568 1583 nitur.
589 1527 863 1583 Moderate
877 1527 1138 1598 siquidem
1156 1527 1307 1581 novit
1327 1524 1569 1594 injuncta
1591 1524 1692 1579 sibi
1713 1523 1987 1594 complere

403 1617 711 1687 prudentia,
732 1624 787 1671 et
815 1617 931 1670 sine
960 1614 1356 1684 ingratitudinis
1383 1628 1536 1668 nmvo
1567 1622 1592 1650 α
1618 1612 1860 1680 delegata
1891 1627 1988 1667 ex-

1594 204 1660 258 Μ.
1705 202 1978 258 AURELII
2016 200 2410 258 (ΖΑΒὸΙῶοηί

390 323 505 392 ejus
527 324 794 386 universa,
826 322 966 377 sicut
1010 321 1263 385 diximus,
1308 319 1412 373 tuis
1440 317 1775 387 compendiis
1801 317 1973 387 appli-
2003 323 2046 378 A

2648 314 2976 371 EPISTOLA
3012 314 3073 370 Χ.

2393 421 2597 461 VEBANO
2625 421 2797 460 SAJONI
2829 419 3195 460 τιιεουοιιιουε
3225 419 3352 460 ιιει.

2084 497 2333 564 Prwcipit
2362 506 2416 550 ut
2446 513 2479 549 a
2519 495 2899 549 transeuntibus
2928 494 3163 564 Gepidis,
3213 511 3338 566 quos
3378 494 3449 548 ad
3479 490 3669 547 Galliis

2153 569 2437 621 custodiam
2468 565 2724 628 mittebat,
2787 566 3020 618 Venelias
3058 574 3209 635 atque
3226 564 3515 636 Liguriam
3536 566 3665 618 nihil

2154 640 2330 759 άτιὲιηὶ
2357 639 2465 704 pati
2494 637 2663 700 sinat;
2694 636 2906 707 ideoque
2934 636 3106 688 omnia
3130 636 3423 690 necessaria
3443 636 3518 689 eis
3545 651 3672 706 sup-

2155 725 2217 761 ne
2260 719 2471 761 ttentur.
2542 748 2545 749 ν

2154 724 2471 778 peattenmr.
2542 748 2545 749 ν

2154 797 2310 865 Cum,
2339 797 2449 853 Deo
2476 797 2714 865 juvante,
2744 812 2843 867 pro
2865 795 3176 851 defensione
3204 794 3444 864 generali
3473 793 3669 849 felicis-

2085 889 2251 943 simus
2274 889 2602 957 producatur
2625 890 2915 955 exercitus,
2948 887 3340 957 providendum
3360 896 3443 942 est
3463 902 3552 956 ne,
3575 895 3665 941 aut

2084 980 2185 1049 ipsi
2210 979 2434 1049 penuria
2461 979 2759 1035 inconsulta
2788 978 3097 1047 fatigentur,
3127 985 3219 1031 aut
3248 977 3413 1047 (quod
3438 976 3541 1031 dici
3572 991 3669 1030 ne-

2082 1072 2164 1126 tas
2213 1073 2316 1142 est)
2377 1072 2732 1125 vastationem
2793 1079 2993 1125 nostrae
3045 1068 3327 1123 rideantur
3376 1068 3669 1137 provinciae

2083 1163 2369 1217 sustinere.
2406 1163 2612 1216 Primus
2635 1162 2778 1215 enim
2808 1159 3181 1230 prosperitatis
3209 1158 3405 1229 gradus
3435 1165 3517 1211 est
3559 1157 3666 1212 suis

2084 1269 2193 1308 non
2222 1268 2341 1309 esse
2362 1252 2707 1318 damnosum;
2752 1261 2811 1306 ut
2838 1265 2935 1321 pro
2978 1265 3205 1318 quorum
3236 1248 3558 1317 compendio
3586 1249 3664 1302 la-

2082 1344 2357 1409 boramus,
2404 1357 2591 1398 eorum
2629 1357 2738 1396 non
2781 1341 3059 1396 videamur
3103 1339 3357 1394 altlixisse
3406 1339 3662 1395 fortunas.

2084 1434 2151 1489 Et
2173 1435 2294 1489 ideo
2315 1433 2586 1489 devotioni
2606 1440 2707 1487 tua:
2727 1431 2975 1502 przesenti
2998 1431 3320 1486 auctoritate
3335 1430 3662 1498 delegamus,

2086 1533 2146 1580 ut
2171 1524 2565 1579 multitudinem
2592 1522 2933 1592 Gepidarum,
2984 1536 3144 1591 quam
3196 1519 3415 1574 fecimus
3441 1520 3508 1574 ad
3541 1518 3663 1575 Gal-

2087 1616 2188 1671 lias
2215 1616 2473 1670 custodiae
2520 1628 2683 1669 causa
2714 1628 3024 1684 properare,
3074 1627 3172 1682 per
3203 1610 3479 1667 Venetiam
3508 1620 3669 1680 atque

404 1708 638 1777 plicabili
671 1722 963 1777 procurare
990 1707 1236 1762 consilio.
1270 1706 1444 1776 Atque
1484 1705 1604 1761 ideo
1635 1704 1701 1759 ad
1737 1702 1988 1758 Faventi-
2020 1694 2061 1752 Β
2090 1706 2362 1776 Liguriam
2393 1706 2494 1763 sub
2519 1705 2665 1762 omni
2688 1706 2849 1760 facias
2872 1705 3242 1760 moderatione
3262 1704 3506 1758 transire.
3540 1702 3668 1768 Qui-

405 1812 529 1851 nam
556 1797 838 1852 civitatem-
869 1796 1083 1852 civilem
1112 1796 1516 1851 exsecutionem
1546 1802 1599 1849 te
1649 1793 1989 1864 praecipimus

405 1887 706 1954 destinare;
737 1896 796 1942 ut
819 1887 936 1944 sine
963 1887 1279 1957 cujusquam
1310 1885 1665 1942 concussione
1686 1884 1778 1939 vel
1791 1883 1988 1939 damno

405 1978 654 2048 quadrati
685 1979 709 2016 δ
733 1978 801 2033 ad
828 1978 1199 2033 Ravennatem
1229 1979 1416 2033 urbem
1444 1992 1511 2033 ex
1537 1984 1721 2032 nostra
1747 1975 1991 2045 jussione

406 2071 773 2137 devehantur;
819 2078 1087 2139 quatenus
1114 2077 1171 2125 et
1216 2078 1399 2125 nostro
1436 2069 1701 2124 desiderio
1748 2068 1987 2136 gratule-

406 2177 532 2216 mur
556 2160 800 2232 iinpleto,
829 2169 891 2216 et
922 2160 1163 2231 querulis
1202 2158 1535 2214 vociferandi
1563 2164 1873 2227 amputetur
1899 2171 1992 2213 oc-

409 2253 578 2308 casio.
887 2322 895 2331 .
1512 2266 1515 2273 ‘

976 2362 1308 2420 EPISTULA
1344 2361 1431 2417 ix.
1512 2348 1517 2354 ’

577 2474 976 2515 Ροδεεεεοιιιιςυε
1004 2473 1282 2512 εειτιιιιςιε
1307 2470 1674 2511 τηεουοιιιεῦς
1703 2471 1827 2510 REX.

410 2551 561 2605 anet
585 2558 642 2603 ut
667 2550 1022 2604 construendis
1058 2551 1222 2602 muris
1250 2565 1395 2601 novre
1432 2549 1653 2601 civitatis
1691 2549 1744 2601 in
1776 2545 1996 2601 Triden-

748 2622 857 2673 tina
881 2620 1087 2689 regione
1114 2635 1324 2687 operam
1351 2618 1673 2687 impendant.

481 2727 786 2785 Necessitas
815 2728 1028 2799 publica
1050 2727 1339 2782 multorum
1363 2727 1524 2783 debet
1542 2727 1830 2782 devotione
1856 2742 2000 2781 com-

412 2819 546 2892 pleri
576 2837 590 2873 :
621 2819 746 2888 quia
773 2833 883 2873 non
927 2821 1085 2873 decet
1114 2832 1314 2888 paucos
1352 2818 1626 2888 suscipere
1670 2817 1815 2886 quod
1868 2832 1997 2871 con-

412 2919 518 2966 stat
542 2909 787 2979 plurimis
820 2908 1076 2978 expedire
1101 2925 1114 2961 :
1139 2923 1207 2962 ne
1235 2908 1380 2977 regia
1405 2906 1551 2978 jussa
1584 2908 1850 2978 tepefacta
1882 2907 1998 2963 len-

413 3008 644 3065 tescanr,
673 2999 799 3055 dum
828 3014 915 3054 res
938 2999 1081 3053 utili;
1111 2999 1391 3068 delegatur
1421 2997 1665 3054 inﬁrmis.
1696 2997 1754 3053 In
1779 2997 2001 3054 Triden-

414 3095 522 3150 tina
559 3094 717 3163 igitur
755 3093 976 3161 regione
1001 3092 1276 3147 civitatem
1309 3093 1544 3147 construi
1574 3098 1760 3145 nostra
1792 3106 1996 3161 przece-
2023 3068 2068 3129 ε

415 3185 491 3255 pit
518 3182 827 3239 auctoritas.
857 3182 963 3238 Sed
990 3183 1116 3252 quia
1156 3182 1411 3238 territorii
1452 3184 1688 3253 pari-itas
1732 3183 2000 3251 magnitu-

419 3278 597 3330 dinem
630 3274 808 3345 operis
846 3274 1114 3329 sustinuere
1156 3289 1264 3328 non
1295 3281 1494 3344 potest,
1543 3259 1648 3329 hoc
1693 3272 2000 3329 sollicitudo

417 3377 598 3424 nostra
648 3376 964 3440 prospexit,
1012 3375 1075 3424 ut
1111 3370 1351 3440 acceptis
1398 3368 1734 3425 mercedibus
1783 3385 2002 3441 compe-

417 3459 653 3515 tentibus
698 3459 1015 3530 pedamram
1055 3474 1335 3515 murorum
1360 3474 1547 3515 omnes
1584 3459 1639 3514 in
1667 3474 1951 3517 commune
1977 3472 1999 3501 ο

416 3553 672 3621 subeatis,
700 3553 789 3625 qui
828 3553 1102 3609 vicinitate
1136 3552 1451 3624 jungimini;
1483 3562 1750 3623 quatenus
1793 3571 2008 3612 accom-

418 3644 637 3701 modato
660 3645 854 3701 solatio
893 3643 918 3682 δ
971 3646 1217 3701 securius
1263 3646 1577 3715 impleatur,
1627 3649 1771 3718 quod
1819 3651 2005 3719 paucis

419 3735 795 3807 inexplicabile
842 3733 1071 3790 fortasse
1114 3735 1476 3803 cognoscitur.
1526 3734 1640 3791 Hac
1693 3738 2003 3794 conditione

418 3824 625 3885 scilicet
645 3825 883 3892 deﬁnita,
910 3835 969 3881 ut
996 3826 1173 3881 nullus
1200 3827 1269 3881 ab
1302 3826 1384 3882 bis
1412 3828 1667 3884 oneribus
1695 3839 2002 3898 excusetur,

421 3919 562 3974 unde
590 3933 691 3973 nec
718 3917 896 3972 divina
925 3917 1116 3973 domus
1141 3916 1405 3989 excipitur
1428 3929 1472 3973 ο.

491 4062 518 4090 ι
535 4050 865 4122 Eleganter,
883 4051 1128 4122 quamvis
1151 4052 1205 4106 in
1234 4048 1552 4122 quibusdam
1567 4050 1695 4122 Bitia
1718 4051 1999 4122 scriptum,

421 4133 482 4177 ut
505 4118 618 4175 Cic.
642 4120 709 4174 ad
737 4118 915 4174 Attic.’
934 4120 1126 4188 ingrati
1156 4118 1359 4176 crimen
1384 4119 1538 4174 dixit.
1564 4120 1732 4175 Fons.

492 4189 690 4245 Eodem
719 4189 880 4261 mod'o
912 4188 1163 4245 Sidonius
1185 4190 1506 4261 Apollinaris
1536 4206 1743 4261 naevum
1767 4193 2000 4249 crudeli-

423 4262 548 4319 tatis
591 4276 656 4331 ac
690 4260 1015 4331 suspicionis
1057 4259 1264 4316 naevum
1305 4261 1456 4327 dixit,
1503 4270 1562 4315 et'
1586 4259 1855 4318 Honorius
1881 4264 1933 4317 in
1962 4265 1997 4318 l.

421 4335 489 4386 tb‘
516 4331 577 4387 C.
611 4330 816 4387 Theod.
840 4331 909 4386 de
937 4342 1117 4401 agent.
1141 4332 1194 4386 in
1235 4331 1351 4386 reb.
1385 4347 1603 4387 mevum:
1618 4335 1999 4400 excusationis,

422 4414 478 4458 et
502 4402 901 4474 Valentinianus
928 4404 1128 4458 novell.
1168 4402 1235 4457 de
1263 4402 1559 4474 50_annor.
1611 4419 1802 4474 pnesc.
1830 4404 1921 4461 Sic
1948 4413 2005 4460 et

423 4474 483 4528 D.
517 4472 830 4528 Ambrosius
859 4488 1064 4528 ntevum
1093 4474 1312 4529 erroris.
1346 4472 1534 4529 Baoss.

498 4542 523 4581 ιι
550 4540 876 4614 Morinorum
920 4544 1212 4614 quadratos
1256 4553 1450 4614 vocati,
1489 4552 1550 4600 ut
1593 4560 1752 4613 supra
1796 4545 1890 4600 lib.
1942 4561 2001 4613 ιι,

423 4614 582 4685 epist.
612 4613 687 4685 fi,
719 4627 817 4682 pro
844 4613 1106 4685 lapidibus
1142 4615 1365 4669 scilicet.
1411 4613 1549 4669 Hinc
1589 4615 1823 4669 artiﬁces
1870 4630 2005 4685 qua-

424 4682 645 4739 dratarii
676 4682 923 4750 leguntur
951 4684 1004 4737 in
1044 4684 1135 4739 lib.
1182 4700 1218 4738 ιι
1264 4685 1331 4738 de
1357 4685 1792 4740 excusationibus
1832 4682 2003 4739 artiﬁ-

425 4769 569 4815 cum,
619 4751 752 4823 Cod.
803 4751 1072 4823 Theodos.
1119 4768 1240 4823 pag.
1289 4752 1422 4820 M8;
1473 4764 1528 4809 et
1572 4755 1623 4808 in
1665 4756 1758 4808 lib.
1801 4773 1818 4810 ι
1868 4755 2001 4810 Cod.

426 4823 650 4894 Jostin._
651 4822 774 4877 eod.
806 4824 889 4876 tit.
922 4821 1145 4894 VetuSta
1185 4821 1406 4878 historia
1440 4834 1673 4894 quatuor
1699 4825 2004 4879 Coronato-

425 4910 581 4949 rum:
612 4891 679 4966 Et
697 4900 981 4966 crepe‘mnt
1004 4892 1238 4966 artiﬁces
1256 4891 1585 4966 quadratarii
1615 4895 1851 4951 incidere
1882 4897 2008 4966 lapi—

425 4966 551 5019 dem
578 4962 647 5034 ad
670 4961 950 5034 collyrium
979 4961 1413 5019 columnzeJun.

503 5032 749 5107 siAsjure
778 5032 918 5107 civili
947 5044 1216 5107 sumptum
1246 5054 1257 5087 :
1283 5050 1390 5103 quo
1412 5033 1578 5107 Avieini
1625 5036 1863 5107 accives
1908 5050 2006 5107 pro

426 5099 707 5160 viribus'in
739 5105 918 5173 operis
944 5099 1140 5174 publici
1169 5099 1585 5160 exstructionem
1626 5106 1707 5159 vel
1737 5099 2009 5160 restau'ra-
2048 5099 2057 5105 ’

430 5175 635 5229 tionem
674 5174 976 5230 conferunt.
1028 5174 1063 5228 l.
1109 5174 1197 5239 li,
1248 5175 1485 5245 Omnes,
1534 5176 1596 5229 ti.
1639 5176 1707 5230 de
1753 5177 2013 5245 operibus

432 5245 617 5316 publ._;
658 5245 694 5298 l'.
726 5246 829 5316 qui
847 5261 916 5301 ex
943 5246 1086 5311 vico,
1127 5244 1189 5300 Ι).
1220 5244 1288 5316 ad
1326 5246 1577 5315 municip.
1631 5253 1686 5299 et
1728 5244 1799 5300 de
1842 5247 2004 5301 incol.

410 5310 541 5385 "32
570 5314 637 5369 Et-
658 5310 875 5385 qui'dem
896 5310 1149 5385 instruete
1176 5315 1384 5370 sublata
1412 5310 1573 5371 etiam
1611 5316 2008 5372 ecclesiastico-

372 5392 389 5404 ·
432 5384 928 5457 ruinimmunitate,
947 5388 983 5442 l.
1007 5384 1059 5453 6,
1075 5386 1141 5457 ad
1166 5394 1371 5456 portus,
1389 5385 1450 5441 C.
1469 5386 1537 5441 de
1553 5385 1805 5456 cperibus
1825 5388 1968 5457 publ.
1993 5404 2008 5452 ;

432 5454 472 5509 ι.
502 5455 570 5509 ad
607 5457 1061 5524 exstructionem,
1081 5456 1144 5512 C.
1168 5454 1255 5513 'de
1290 5472 1495 5513 sacros.
1541 5454 1766 5523 eccles.;
1811 5454 2007 5512 iiovell.

433 5524 558 5580 435.
587 5524 754 5580 FouN.
1808 5524 1831 5551 ’

504 5592 530 5632 ἀ
560 5594 732 5665 Supra
762 5596 853 5667 lib.
877 5613 952 5667 ιιι,
983 5598 1140 5667 epist.
1174 5596 1263 5663 26,
1297 5612 1394 5666 pro
1422 5596 1670 5653 mercede
1699 5612 1763 5651 ac
1789 5597 2008 5662 salario,

435 5663 592 5736 1.713,
621 5663 885 5732 venditor,
915 5663 1092 5721 ﬁnCD.
1119 5663 1390 5723 common.
1409 5668 1607 5736 przed.;
1633 5667 1667 5719 l.
1700 5667 1790 5735 5'5,
1818 5684 1847 5722 a
1873 5677 2017 5723 tuto-

439 5735 590 5792 ribus
612 5736 703 5792 ﬁn.
734 5736 803 5793 de
830 5737 970 5792 adm.
1006 5745 1146 5805 tut.;
1194 5737 1232 5793 l.
1262 5737 1316 5804 5,
1348 5739 1385 5792 l-.
1413 5735 1467 5807 Β,
1495 5736 1556 5792 G.
1587 5738 1654 5793 de
1681 5738 1868 5794 advoc.
1903 5738 2013 5793 div.

2090 1801 2191 1856 bus
2221 1815 2291 1854 ne
2338 1800 2517 1869 aliqua
2561 1798 2857 1854 excedendi
2896 1798 3231 1869 praeberetur
3274 1796 3525 1861 occasio,
3573 1812 3669 1865 per

2091 1905 2519 1959 unamquamque
2543 1889 2933 1945 hebdomadam
2964 1896 3206 1958 sumptus
3231 1888 3309 1941 eis
3338 1896 3444 1940 tres
3469 1886 3667 1941 solidos

2088 1983 2310 2053 largitas
2350 1993 2532 2037 nostra
2577 1981 2805 2047 direxit;
2854 1988 2915 2035 ut
2962 1981 3067 2034 iliis
3103 1995 3224 2034 cum
3254 1977 3667 2050 provincialibus

2092 2075 2289 2130 nostris
2313 2089 2419 2128 non
2445 2072 2689 2143 rapiendi
2716 2081 2921 2137 votum,
2949 2072 3044 2127 sed
3073 2072 3380 2126 commercii
3407 2071 3477 2125 sit
3496 2069 3661 2124 facul-

2094 2174 2176 2220 tas
2201 2166 2244 2219 ί.
2277 2164 2407 2219 Illud
2438 2164 2594 2235 plane
2621 2178 2719 2234 pro
2748 2172 3064 2217 cunctorum
3091 2163 3274 2231 quiete
3304 2162 3662 2216 laborantibus

2094 2257 2419 2327 indulgentia
2441 2266 2624 2311 nostra
2645 2256 2920 2323 concedit;
2954 2264 3011 2311 ut
3029 2256 3071 2310 si
3098 2264 3191 2310 aut
3208 2271 3393 2309 eorum
3417 2263 3665 2323 carpenta

2096 2350 2286 2405 itinere
2315 2350 2558 2417 longiore
2578 2356 2917 2418 quassantur,
2949 2355 3040 2402 aut
3062 2347 3309 2401 animalia
3340 2346 3521 2399 attrita
3549 2345 3662 2398 lan-

2096 2449 2374 2511 guescunt,
2406 2449 2461 2496 te
2490 2439 2713 2496 custode
2736 2448 2897 2510 atque
2928 2439 3219 2506 mediante,
3257 2453 3377 2493 cum
3409 2451 3667 2508 possesso-

2098 2534 2246 2589 ribus
2270 2534 2388 2588 sine
2413 2533 2591 2601 aliqua
2622 2532 2971 2603 oppressione
3013 2538 3320 2594 mutentur;
3370 2536 3428 2582 ut
3453 2528 3543 2596 qui
3572 2525 3667 2580 da-

2098 2626 2203 2681 turi
2230 2635 2357 2682 sunt
2383 2640 2610 2696 corpore
2634 2632 2727 2678 aut
2746 2624 3003 2694 qualitate
3022 2621 3524 2690 meliora,quamvis
3553 2634 3669 2690 par-

2099 2717 2180 2770 vis
2227 2717 2371 2770 sanis
2414 2715 2734 2770 animalibus
2762 2716 3148 2783 acquiescant:
3180 2715 3304 2781 quia
3353 2712 3554 2766 incerta
3595 2717 3673 2766 est

2099 2806 2208 2860 vita
2230 2821 2415 2861 eorum
2447 2807 2538 2876 qui
2569 2807 2733 2860 nimia
2757 2806 3067 2874 fatigatione
3093 2804 3378 2858 lassantur.
3409 2801 3492 2856 Ita
3518 2802 3594 2868 ﬁt,
3618 2811 3673 2857 ut

2100 2913 2200 2953 nec
2228 2898 2334 2952 illis
2356 2897 2496 2953 desit
2524 2898 2801 2952 subvectio
2841 2896 3163 2959 necessaria,
3196 2905 3253 2950 et
3296 2894 3471 2948 nullus
3501 2908 3558 2948 se
3586 2893 3674 2948 la:-

2099 3004 2217 3043 sum
2245 2987 2341 3042 tali
2369 2987 2767 3058 permutatione
2793 2995 3109 3055 cognoscat.

2653 3097 2986 3155 EPISTULA
3018 3097 3110 3153 Xl.

2186 3209 2387 3250 GBPIDIS
2406 3208 2472 3247 AD
2498 3207 2718 3247 GAlaLlAS
2740 3206 3049 3246 DESTINLTIS
3078 3204 3442 3244 THEODORIOUS
3472 3205 3593 3243 REI.

2107 3284 2563 3358 Proﬁciscentibus
2592 3285 2645 3358 in
2677 3281 2877 3358 Gallias
2903 3282 3119 3358 {lepidis
3145 3293 3243 3358 tres
3266 3282 3462 3336 solidos
3479 3282 3532 3336 in
3552 3299 3680 3337 auro

2506 3372 2597 3424 per
2623 3354 2998 3433 hebdomadam
3026 3355 3277 3408 concedit.

2180 3473 2380 3528 Fuerat
2401 3471 2618 3540 quidem
2657 3469 3022 3540 dispositionis
3068 3477 3266 3524 nostrae
3304 3477 3362 3524 ut
3408 3471 3558 3526 vobis
3587 3473 3687 3527 iter

2107 3566 2389 3636 agentibus
2422 3573 2447 3611 κ
2476 3577 2720 3618 annonas
2741 3561 3052 3632 juberemus
3080 3561 3340 3631 expendi:
3360 3562 3453 3617 sed
3484 3579 3550 3619 ne
3572 3578 3691 3634 Spe-

2107 3657 2217 3712 cies
2242 3656 2369 3724 ipsa:
2392 3661 2485 3708 aut
2513 3658 2800 3721 corruptze,
2832 3657 2927 3704 aut
2969 3649 3187 3705 difﬁcile
3216 3652 3602 3722 praeberentur,
3640 3654 3693 3709 in

2110 3761 2243 3799 auro
2280 3744 2434 3799 vobis
2479 3750 2589 3797 tres
2628 3740 2830 3796 solidos
2865 3755 2961 3810 per
3003 3739 3396 3796 hebdomadam
3445 3742 3696 3809 eligimus

2106 3836 2406 3900 destinare;
2459 3841 2518 3887 nt
2558 3842 2614 3888 et
2642 3833 2949 3888 mansiones
2969 3832 3158 3899 vobis,
3204 3845 3365 3905 prout
3402 3835 3696 3891 herbarum

2105 3927 2259 3998 capia
2306 3925 2558 4007 suppetit,
2608 3923 2827 3994 possitis
2855 3923 3089 3992 eligere;
3131 3933 3184 3979 et
3226 3925 3374 3994 quod
3417 3927 3577 3981 vobis
3616 3936 3711 3983 est

2098 4053 2214 4125 jud.
2235 4071 2250 4119 ;
2274 4054 2312 4108 1.
2338 4052 2427 4120 52,
2450 4052 3012 4125 cumnavarcborum,
3034 4053 3096 4108 (Ξ.
3122 4054 3326 4110 Theod.
3360 4057 3427 4111 de
3458 4060 3698 4117 navicul.

2104 4125 2309 4180 solatiis
2333 4139 2433 4194 pro
2451 4124 2764 4210 mercedula
2788 4126 3060 4210 prgestitis,
3085 4133 3197 4210 etc.
3228 4127 3397 4210 Aliter
3425 4142 3489 4182 ac
3512 4132 3700 4210 volgo,

2128 4210 2204 4273 iro
2230 4199 2531 4277 παραμυρία
2577 4195 2717 4249 solet
2756 4194 2964 4263 accipi,
3016 4194 3045 4266 §
3077 4197 3322 4264 feminis,
3366 4199 3434 4252 de
3472 4194 3698 4269 adop1.,

2132 4303 2146 4319 .
2169 4264 2222 4327 6,
2256 4266 2318 4321 Β.
2350 4266 2418 4320 de
2441 4279 2571 4334 jure
2590 4266 2741 4330 dot.;
2774 4263 2810 4317 1.
2838 4263 2891 4329 2,
2922 4263 3055 4334 god.
3090 4264 3324 4334 Theol.,
3352 4271 3398 4322 si
3423 4270 3715 4334 petitionis

2108 4286 2146 4319 ι.
2169 4286 2222 4327 0,
2256 4286 2318 4321 Β.
2350 4286 2418 4320 ue
2441 4286 2741 4334 jure‘twt.;
2776 4286 2810 4317 I.
2840 4286 2891 4329 Ζ,
2922 4286 3055 4318 uou.
3098 4286 3324 4335 “180%.,
3352 4286 3398 4322 St
3423 4286 3706 4338 petitionis

2108 4336 2295 4391 socius
2314 4336 2428 4391 sive
2457 4336 2657 4390 busied.
2682 4337 2889 4389 decessi
2919 4333 3088 4391 Fons.
3550 4352 3559 4361 ι

2031 4375 2085 4435 D
2182 4415 2207 4443 ε
2233 4405 2294 4460 Ι...
2314 4375 2380 4474 ῗῖ,
2412 4406 2479 4459 ad
2506 4405 2907 4474 instructiones,
2933 4404 2995 4458 Ο.
3027 4375 3095 4461 de
3121 4416 3449 4463 saerosanet.
3499 4412 3717 4469 cedes...

2109 4473 2437 4548 HarmenOp.
2468 4476 2503 4530 Ι.
2530 4475 2583 4541 9.,
2619 4478 2698 4529 tit.
2815 4474 2982 4548 Euan.

2182 4545 2281 4618 llic
2321 4544 2634 4618 intelligitur
2686 4544 3209 4618 principishdoznus.
3242 4547 3375 4602 Vide
3414 4564 3535 4618 qua:
3566 4553 3711 4609 dixit

2112 4617 2181 4672 Β.
2197 4616 2417 4688 Juretus
2445 4617 2514 4688 ad
2539 4616 2919 4688 Symmaabum
2950 4616 3039 4670 lib.
3060 4633 3112 4685 v,
3136 4619 3291 4686 epist:
3325 4619 3413 4673 lii.

2189 4685 2299 4760 {ald
2327 4696 2410 4760 est
2454 4682 2726 4760 frumenti,
2773 4682 3022 4760 Ulpiano,
3066 4682 3277 4760 emendi
3308 4690 3708 4760 vendendique

2114 4758 2341 4830 invicem
2367 4755 2473 4830 jus,
2520 4757 2655 4825 trag.
2686 4757 2765 4809 tit.
2800 4754 2886 4809 19.
2920 4754 3203 4825 Tlietiphil.
3240 4758 3266 4830 §
3306 4758 3351 4824 i,
3403 4760 3468 4814 de
3497 4754 3704 4818 inutili.

2116 4828 2209 4881 bus
2254 4827 2488 4902 stipulat.
2535 4830 2828 4902 κρμμέρξιιον
2851 4831 2949 4901 ’γάρ
2992 4830 3129 4902 ἐστιν
3209 4827 3294 4883 τὸῦ
3338 4830 3591 4902 Eumaeus
3619 4858 3709 4890 πι-

2112 4902 2358 4982 «Fauna»
2380 4898 2408 4957 ἡ
2432 4897 2706 4982 ἀγομξῇιῦ
2726 4897 2968 4982 gavdia;
3071 4897 3187 4982 12ρὲ
3217 4916 3350 4963 eam,
3473 4918 3595 4972 qua:
3619 4920 3708 4959 res

2110 4966 2255 5039 pign.
2286 4967 2417 5039 Nam
2443 4966 2587 5036 quod
2610 4966 2808 5039 Paulus
2834 4966 3142 5039 negotiandi
3164 4966 3329 5023 causa
3354 4966 3507 5036 dixit,
3540 4975 3579 5026 ι.
3614 4973 3715 5039 l2,

2110 5034 2349 5099 senatus,
2375 5037 2443 5091 de
2462 5034 2706 5092 conti-ah.
2728 5044 2892 5106 empt.
2930 5034 3141 5106 Ulpian.
3176 5038 3228 5092 in
3257 5041 3448 5095 eodem
3479 5034 3704 5098 versans

2110 5116 2446 5176 argumento,
2462 5106 2770 5163 commercii
2786 5116 2841 5161 et
2858 5109 3145 5176 promercii
3166 5111 3382 5164 nomine
3400 5112 3647 5175 denotat,
3662 5115 3701 5167 ι.

2107 5175 2201 5251 4i,
2245 5177 2471 5251 Cmtera,
2499 5178 2566 5233 de
2595 5179 2696 5251 leg.
2713 5176 2775 5251 _l.
2806 5175 3096 5251 Martianus
3119 5188 3171 5234 et
3195 5180 3497 5236 Alexander
3538 5197 3699 5251 nego-

2113 5249 2279 5319 tiandi
2300 5262 2515 5319 quoque
2530 5249 2695 5319 verbo
2712 5247 2775 5319 in_
2789 5247 3169 5319 eamdemrem
3191 5260 3428 5316 utuntur,
3448 5253 3483 5306 Ι.
3497 5247 3629 5319 ιιΙι.ξ
3640 5254 3698 5307 D.

2112 5320 2181 5395 de
2210 5316 2391 5395 damn.
2426 5317 2552 5383 inf.;
2583 5319 2619 5373 l.
2652 5317 2705 5382 2,
2738 5316 2799 5372 C.
2831 5317 2897 5372 de
2922 5317 3065 5395 tedii.
3097 5318 3287 5395 privat.
3333 5322 3478 5395 quod
3527 5316 3704 5395 ipsum

2113 5389 2284 5478 (ἔαξεᾴ
2314 5389 2636 5458 interpretes
2658 5394 3009 5478 apayunareiag
3043 5393 3218 5462 χάριν,
3252 5400 3307 5444 et
3425 5389 3711 5466 ὲμπᾶριαν,

2114 5462 2282 5564 ctrini
2308 5460 2907 5583 1%npa7parsua'ot00at
2935 5460 3327 5528 exposuerunt,
3360 5460 3458 5517 lib.
3489 5460 3579 5518 mi
3610 5466 3718 5520 Ba-

2114 5544 2326 5583 Sltlcnn.
2403 5546 2524 5583 ΟΒΝ.

2114 5544 2326 5584 81210011.
2360 5544 2389 5583 ιε
2403 5546 2524 5584 ORN.

2191 5607 2216 5645 ε
2244 5599 2302 5652 L.
2332 5599 2380 5664 l,
2413 5599 2475 5653 Ι).
2509 5598 2633 5654 furti
2664 5599 2871 5654 advers.
2904 5606 3049 5651 naut.
3088 5614 3244 5670 caup.
3281 5603 3453 5668 stab.;
3485 5604 3516 5657 l.
3551 5604 3609 5670 5,
3640 5606 3719 5662 C.

2118 5669 2185 5747 de
2211 5680 2397 5747 meiat.
2430 5679 2485 5725 et
2512 5671 2755 5747 epidem;
2777 5671 2893 5734 Quo
2926 5677 3103 5725 tamen
3135 5669 3341 5730 inloco
3371 5669 3713 5747 intcragens,

2118 5743 2199 5794 vir
2223 5741 2412 5798 doctus
2436 5741 2688 5797 restituit.
2717 5739 2883 5795 [τοία.
