3988 6178
329 118 430 174 65-7

1549 135 1915 196 VARIARUM-
1954 142 2148 200 LIBER
2188 147 2253 203 ν.

3504 174 3606 228 δεῖ-4

326 240 509 302 aptum
540 248 729 306 magis,
754 251 935 293 emere
974 241 1236 297 debeatis.
1281 244 1414 299 Nam
1444 256 1500 301 et
1539 264 1905 319 possessorem
1942 260 1993 319 Α
2017 257 2085 312 ad
2130 268 2356 319 cunctos
2400 267 2569 335 possit
2613 269 2815 338 quietis
2845 275 3084 331 suavitas
3124 282 3423 348 pervenire,
3470 285 3608 345 Nam

326 326 435 348 Lm
471 339 558 348 ,μ
588 341 859 348 ,ηηῌω
897 330 932 348 ..γ
985 332 1018 348 ..
1104 334 1115 345 .
1524 338 1537 348 .

324 326 438 381 haec
471 339 561 380 res
584 341 867 384 occurrere
894 330 1042 396 facit,
1074 334 1117 389 si
1141 349 1239 389 vos
1267 338 1571 393 necessaria
1594 355 1913 411 comparare

319 416 616 484 cognoscit.
661 416 873 475 Movete
921 420 1171 493 feliciter,
1223 425 1298 481 ite
1345 427 1630 484 moderati.
1684 430 1814 487 Tale
1842 434 1913 487 sit

319 504 423 562 iter
442 516 701 577 vestrum,
726 512 885 582 quale
906 514 1067 570 debet
1089 532 1212 573 esse
1233 518 1326 588 qui
1350 519 1593 577 laborant
1614 538 1711 593 pro
1737 525 1912 581 salute

319 606 664 654 cunctorum.

870 716 1206 775 EPISTOLA
1242 721 1356 777 ΧΠ.

442 816 803 860 ἸἯΕΟΒΑΒΑΒΟ
830 822 955 863 νιιο
982 826 1221 866 ιιιυδτιιι
1251 829 1618 871 τηεοοοιιιουε
1648 833 1775 871 REX.

312 886 466 974 lubet
483 901 542 974 ut
556 891 871 974 Patentiana
900 915 1071 974 (nassa
1093 899 1379 957 hoeredibus
1398 905 1628 974 Argolici
1651 917 1700 960 et
1722 910 1912 962 Aman-

384 961 773 1047 t‘iitmierepta,‘
792 970 1097 1047 restituatur
1118 973 1208 1047 :_ai
1241 980 1414 1047 tamen
1440 961 1762 1032 irivasoribus
1784 980 1909 1047 quid

382 1033 588 1173 paverit,
613 1037 850 1107 praecipit
879 1048 936 1091 ut
962 1040 1035 1093 ad
1052 1043 1250 1097 curiam
1272 1045 1499 1108 satiant,
1518 1047 1610 1117 jus
1633 1063 1784 1102 suum
1798 1033 1907 1103 ’ἀθ-

404 1119 606 1159 ensum.

382 1194 441 1249 Si
458 1197 727 1264 justitiam
750 1199 931 1256 colere
959 1203 1242 1262 universos
1261 1216 1317 1262 et
1342 1224 1525 1265 amare
1548 1211 1905 1283 praecipimus,

306 1296 514 1357 quanto
540 1291 713 1359 magis
737 1307 834 1347 eos
860 1295 953 1363 qui
984 1306 1171 1353 nostra
1204 1302 1555 1370 proximitate
1588 1305 1903 1375 gloriantur,

305 1389 446 1444 quos
471 1379 654 1434 omnia
677 1380 832 1437 decet
858 1383 959 1439 sub
988 1386 1147 1444 laude
1172 1403 1380 1458 gerere,
1424 1400 1482 1447 ut
1510 1395 1672 1463 regia:
1697 1397 1907 1465 possint

306 1465 580 1536 fulgorem
610 1474 1098 1543 consanguinitatis
1146 1480 1465 1538 ostendere!
1499 1482 1625 1539 Haec
1652 1494 1734 1541 est
1762 1487 1904 1542 enim

303 1556 608 1614 indubitata
641 1562 919 1632 nobilitas,
944 1579 1065 1635 qua:
1104 1569 1347 1627 moribus
1372 1573 1633 1641 probatur
1672 1585 1861 1631 ornata
1888 1595 1900 1630 :

304 1646 433 1716 quia
457 1648 741 1718 pulchrum
766 1662 850 1707 est
872 1658 1218 1713 commodum
1239 1659 1418 1730 famae,
1443 1662 1582 1720 fmda
1604 1666 1905 1735 neglexisse

303 1737 467 1821 lucra
483 1743 742 1809 pecunias.
771 1744 1007 1814 Argolici
1028 1748 1211 1819 itaque
1230 1751 1329 1807 viri
1359 1753 1604 1824 illustris,
1628 1755 1902 1815 etAman-

303 1820 467 1884 diani
485 1832 587 1887 viri
616 1833 900 1892 clarissimi
930 1838 1176 1897 hmredes
1213 1844 1440 1914 supplici
1480 1820 1639 1902 nobis
1666 1849 1903 1906 aditione

304 1923 595 1989 conquesti
616 1933 769 1987 sunt,
798 1927 1163 1987 l‘alentianam
1204 1949 1457 2001 massam,
1507 1952 1668 2006 quam
1694 1941 1775 1996 eis
1799 1958 1902 2013 pro

302 2015 754 2081 compensatione
783 2017 1004 2087 largitas
1032 2032 1223 2078 nostra.
1245 2026 1625 2096 transfuderat,
1676 2040 1735 2085 ut
1766 2048 1903 2089 casm

302 2102 582 2161 Arbitan‘aa
617 2110 962 2168 amissionem
1002 2114 1107 2171 hac
1151 2120 1537 2177 commoditate
1563 2124 1895 2195 solarentur,

300 2194 367 2250 ab
396 2196 713 2256 hominibus
741 2204 954 2269 vestris,
1005 2206 1167 2264 nullis
1218 2209 1396 2268 causis
1433 2216 1789 2283 exstantibus,
1820 2218 1904 2273 in-

298 2284 565 2344 decenter
593 2290 866 2362 invasam;
899 2304 959 2351 et
982 2297 1107 2354 inde
1148 2300 1381 2358 crevisse
1403 2303 1684 2374 culpandus
1710 2308 1902 2363 subre-

299 2380 506 2447 ptionis
542 2382 753 2450 vitium,
787 2386 930 2441 unde
982 2388 1101 2444 dari
1131 2390 1319 2447 debuit
1355 2393 1603 2463 gloriosae
1650 2397 1902 2454 modera-

300 2472 470 2527 tionis
496 2476 827 2547 exemplum.
872 2477 1216 2553 Quapropter
1257 2486 1300 2540 si
1333 2485 1480 2542 nullo
1506 2488 1791 2546 mendacio
1815 2506 1902 2546 as-

298 2570 445 2616 serta
476 2563 756 2635 vitiantur,
808 2567 1125 2639 Magnitudo
1143 2583 1361 2643 vestra,
1408 2591 1529 2647 qua:
1556 2588 1684 2635 sunt
1723 2581 1902 2638 ablata

297 2653 586 2719 restituat;
619 2664 676 2710 et
700 2657 747 2712 si
775 2659 904 2728 quid
951 2662 1107 2719 vobis
1131 2666 1353 2722 creditis
1378 2683 1541 2739 posse
1564 2679 1897 2741 competere,

296 2743 360 2799 ad
412 2746 737 2802 comitatum
786 2758 1031 2808 nostrum
1077 2754 1400 2813 instructam
1440 2759 1564 2830 jure
1608 2777 1912 2832 personam

295 2834 479 2890 modis
504 2838 758 2893 omnibus
788 2840 1074 2911 destinate,
1108 2853 1170 2901 ut
1197 2848 1428 2904 civiliter
1477 2851 1718 2921 plantata
1749 2851 1892 2927 [Con

295 2923 479 2992 (imm,
512 2926 748 3002 placata]
791 2935 1032 2990 causatio
1073 2936 1235 2994 tinem
1264 2939 1333 2996 de
1362 2942 1570 3012 legibus
1612 2923 1887 3002 sortiatur.

2020 351 2469 419 quemadmodum
2515 360 2850 429 mquabilitas
2899 367 3093 434 agitur,
3143 370 3189 424 si
3218 372 3360 427 vires
3395 377 3608 433 medic-

2019 442 2189 496 crium
2211 458 2535 515 consurgere
2555 465 2659 504 non
2682 452 2962 509 sinantur?
2984 455 3396 519 Provincialinm
3426 465 3607 539 itaque

2016 541 2321 590 nostrorum
2368 539 2562 608 sacpius
2587 533 2807 610 querela
2845 549 3222 618 comperimus,
3268 568 3606 623 possessores

2016 621 2239 679 idoneos
2260 623 2469 682 Suaviae
2497 645 2605 686 non
2636 633 2810 688 solum
2840 651 3085 694 casarum
3114 656 3331 699 suarum
3373 647 3603 704 tributa-

2016 716 2149 770 riam
2189 715 2520 777 functionem
2569 724 2623 778 in
2668 734 2885 784 tenuem
2910 731 3144 789 relisisse
3174 733 3289 807 [pro
3326 739 3599 807 rejccisse.

2015 806 2083 861 D.
2115 807 2206 864 Gr.
2238 820 2290 866 et
2317 811 2460 885 Cuj.,
2489 816 2746 891 resilisse]
2775 819 3064 891 fortunam,
3082 806 3269 882 verum
3299 806 3459 886 etiam
3485 850 3606 890 sce—

2014 901 2185 958 lerato
2215 909 2541 964 commercio
2584 911 2785 981 aliquid
2830 916 3025 971 exinde
3064 919 3174 974 suis
3202 923 3401 992 passim
3430 926 3606 995 appli-

2013 1007 2138 1047 care
2166 998 2520 1067 compendiis,
2554 1009 2614 1055 ut
2651 1001 2858 1061 functio
2889 1009 3104 1077 publica
3130 1014 3489 1071 commoditas
3533 1019 3605 1073 sit

2012 1083 2241 1152 privata.
2292 1087 2409 1144 lloc
2457 1091 2674 1160 quidem
2721 1109 2820 1164 per
2867 1097 3127 1168 plurimos
3179 1102 3604 1164 desideravimus

2011 1174 2236 1242 corrigi;
2268 1176 2363 1231 sed
2411 1177 2673 1238 hactenus
2722 1184 2775 1238 in
2806 1192 2953 1241 tuam
3001 1189 3214 1245 laudem
3241 1192 3455 1250 videtur
3495 1212 3599 1267 po-

2015 1265 2178 1321 tuisse
2205 1266 2435 1337 diil‘erri;
2486 1280 2751 1341 quatenus
2791 1275 2923 1335 ﬁdes
2968 1280 3262 1339 haberetur
3301 1265 3594 1358 acceptior,

2014 1357 2228 1426 quando
2256 1369 2379 1429 post
2406 1363 2604 1419 multos
2632 1368 2911 1437 neglectus
2955 1373 3187 1430 studium
3213 1357 3449 1435 vestrum
3476 1381 3597 1436 clli-

2015 1449 2296 1507 cacissime
2341 1457 2723 1526 comprobatis.
2776 1460 2952 1534 Atque
2992 1465 3113 1521 ideo
3164 1468 3447 1537 prudentia
3491 1489 3597 1544 qua

2016 1550 2176 1597 notus
2204 1559 2281 1611 es,
2314 1548 2620 1605 universum
2642 1568 3006 1623 possessorem
3027 1560 3366 1617 considerata
3388 1564 3596 1634 justitia

1938 1641 1979 1699 Β
2010 1641 2063 1687 te
2085 1632 2338 1702 jubemus
2384 1637 2669 1708 inspicere,
2717 1652 2768 1698 et
2817 1648 3236 1715 aequabilitatem
3262 1632 3452 1710 tributi
3495 1656 3597 1712 hac

2007 1722 2219 1778 ratione
2246 1725 2552 1797 moderari;
2585 1739 2645 1785 ut
2668 1747 2789 1801 qum
2815 1736 2916 1790 sub
2943 1736 3061 1793 aliis
3082 1737 3221 1795 facta
3246 1751 3327 1797 est
3355 1746 3596 1801 omnium

2005 1812 2376 1885 redemptione
2404 1830 2632 1885 cassata,
2670 1839 2770 1893 pro
2797 1829 3198 1895 possessionum
3228 1842 3391 1904 atque
3414 1836 3594 1893 homi-

2005 1916 2131 1956 num
2157 1905 2418 1971 qualitate
2446 1909 2582 1964 assis
2609 1912 2857 1980 publicus
2881 1916 3208 1987 imponatur.
3242 1922 3331 1979 Sic
3355 1926 3501 1981 enim
3537 1937 3598 1983 et

1998 1992 2205 2061 justitia
2235 1998 2531 2069 perﬁcitur,
2574 2012 2629 2058 et
2661 2005 2805 2062 vires
2849 2019 3157 2068 nostrorum
3185 2018 3593 2084 provincialium

2003 2087 2371 2146 sublevantur.
2414 2092 2524 2152 Eos
2574 2105 2755 2154 autem
2784 2115 2920 2171 quos
2963 2104 3081 2160 sine
3119 2104 3362 2176 jussione
3405 2123 3596 2169 nostra

2002 2195 2222 2235 censum
2250 2183 2572 2253 imposuisse
2596 2192 2915 2260 constiterit,
2946 2204 3004 2250 et
3032 2212 3131 2266 pro
3148 2199 3311 2254 lihito'
3328 2216 3426 2258 suo
3453 2218 3592 2273 quo-

2003 2268 2249 2324 rumdam
2280 2288 2448 2329 onera
2476 2275 2537 2330 in
2561 2278 2698 2334 alios
2725 2282 3091 2354 projecerunt,
3122 2286 3299 2358 legum
3327 2292 3591 2350 severitas

2002 2357 2344 2429 insequatur;
2392 2373 2454 2419 ut
2491 2369 2672 2422 omnia
2703 2370 2806 2426 illis
2833 2372 3157 2431 detrimenta
3185 2357 3439 2446 sarcient,
3469 2383 3590 2452 qui-

2002 2447 2102 2504 bus
2150 2450 2578 2525 incompctenter
2630 2459 2824 2516 damna
2871 2463 3135 2521 fecerunt.
3191 2467 3326 2526 illud
3370 2447 3588 2543 quoilue

2002 2541 2341 2612 praecipimus
2371 2546 2772 2620 inquirendum,
2802 2562 2862 2607 ut
2882 2554 3023 2610 inter
3048 2557 3381 2629 defensores,
3399 2541 3588 2619 curia-

1998 2629 2079 2687 les
2125 2642 2181 2686 et
2225 2648 2568 2703 possessores
2619 2640 2888 2698 illatorum
2945 2648 3084 2702 ratio
3146 2638 3474 2722 vestigetur;
3530 2665 3588 2711 et

1999 2722 2255 2793 quidquid
2284 2727 2352 2782 ab
2380 2737 2572 2784 octava
2604 2732 2896 2791 indictione
2917 2737 2997 2812 [id
3017 2748 3111 2805 est,
3142 2756 3285 2799 anno
3304 2743 3433 2807 Chr.
3456 2745 3585 2819 515]

1998 2828 2171 2883 nuper
2200 2829 2449 2888 exempta
2472 2835 2636 2893 super
2662 2826 3001 2884 tributarium
3027 2831 3259 2890 solidum
3282 2849 3342 2890 se
3372 2852 3586 2907 posses-

1997 2918 2090 2960 sor
2134 2908 2446 2977 probaverit
2490 2913 2752 2983 intulisse,
2804 2934 2907 2975 nec
2945 2930 3132 2979 nostro
3160 2928 3350 2981 aerario
3372 2936 3587 2984 constat
3633 2992 3648 3001 ,

293 3014 367 3071 lbi
396 2996 551 3072 enim
577 2996 835 3091 quidquid
872 3026 1100 3093 geritur,
1132 3028 1344 3085 invidia:
1386 2996 1491 3087 ut...
1516 2996 1697 3105 tam;
1711 2996 1894 3107 3551};
1918 3006 1963 3067 ο
1996 2996 2225 3107 ξ¹¹³Ῠ¹¹¹¹¹ν
2249 3003 2417 3107 “9‘,”
2437 3009 2698 3107 _e"”e'.“‘is
2718 3013 3054 3107 "°°“5?’iis'
3085 3031 3204 3086 qm"
3232 3017 3286 3072 ί⁸¹
3308 3021 3583 3090 "Mm"

288 3117 479 3174 catur;
521 3118 578 3163 et
624 3110 829 3182 majora
876 3114 1200 3196 detrimenta
1245 3119 1403 3178 fama:
1446 3125 1708 3196 suscipis,
1762 3126 1899 3183 dum.

293 3200 421 3254 talia
454 3216 566 3256 non
595 3203 767 3261 vitare
787 3188 1073 3266 coniendis
1097 3229 1111 3265 :
1138 3214 1227 3269 hic
1246 3224 1429 3271 autem
1452 3188 1747 3287 confligunt
1765 3236 1894 3277 cau-

290 3305 361 3347 sae.
381 3291 604 3362 jurihus
631 3297 764 3365 suis,
796 3308 853 3355 et
879 3302 997 3358 sine
1040 3303 1394 3376 derogatione
1427 3312 1655 3380 quilibet
1683 3314 1890 3371 medio-

288 3384 396 3439 cris
424 3383 722 3457 addicitur,
747 3390 966 3459 quando
988 3392 1199 3463 justitia
1230 3404 1369 3452 teste
1394 3408 1703 3471 superatur.

772 3501 887 3572 33
910 3502 1248 3561 EPISTOLA
1285 3506 1425 3565 xm.

494 3604 759 3647 ΕΠΤΒΟΡΙΟ
786 3608 855 3648 E‘l‘
880 3610 1113 3651 ACRBTIO
1146 3614 1513 3656 THEODOBICUS
1551 3618 1681 3658 REX.

288 3677 470 3734 Monet
498 3690 557 3733 ut
601 3698 841 3763 annonas
879 3688 1185 3763 constitutas
1221 3691 1473 3745 exercitui
1511 3693 1794 3763 praebeant,
1822 3714 1891 3751 ne

561 3753 676 3822 ejus
704 3755 983 3824 direptioni
1009 3767 1226 3828 pateant
1250 3753 1613 3830 provinciales.

353 3840 611 3897 Studium
643 3853 879 3901 vestrum
908 3848 1117 3918 reipub.
1150 3861 1306 3920 grata
1337 3863 1522 3911 mente
1551 3856 1759 3914 debetis
1788 3858 1888 3913 im-

284 3936 551 4004 pendere,
573 3937 699 4006 quia
721 3955 821 3995 nos
840 3941 1140 4011 agnovistis
1167 3943 1518 4002 benemeritis
1549 3949 1716 4003 multa
1750 3967 1887 4020 pra:-

282 4038 453 4083 stare.
482 4028 621 4083 Nam
643 4030 862 4101 pietatis
882 4033 1077 4089 intuitu
1093 4035 1521 4095 vicissitudinem
1547 4042 1883 4110 pollicemur,

278 4135 405 4175 cum
439 4128 627 4178 tamen
663 4139 763 4193 pro
804 4126 958 4181 vobis
986 4128 1168 4182 omnia
1191 4128 1502 4198 jubeamus.
1547 4135 1725 4205 Atque
1763 4137 1886 4193 ideo

282 4213 543 4278 presenti
564 4212 810 4283 jussione
839 4232 937 4271 vos
972 4218 1246 4277 credimus
1282 4222 1670 4294 admonendos,
1701 4240 1761 4282 ut
1784 4244 1885 4284 an-

279 4319 459 4359 nonas
482 4306 807 4362 constitutas
833 4309 1093 4364 exercitui
1122 4312 1368 4382 prtehere
1397 4314 1668 4384 debeatis;
1694 4331 1885 4389 quate-

276 4411 383 4453 nus
412 4413 519 4453 nec
548 4397 621 4453 illi
650 4398 988 4468 negligantur
1016 4402 1243 4461 adverso
1272 4415 1423 4476 voto,
1446 4424 1549 4466 nec
1573 4414 1882 4481 provincia-

276 4488 359 4546 les
384 4491 697 4561 perniciosa
737 4493 936 4551 debeat
967 4511 1196 4565 gravare
1236 4501 1491 4573 direptio.
1533 4502 1882 4564 Commodius

273 4582 426 4636 enim
455 4584 560 4639 sub
589 4598 947 4654 eXpensarum
988 4590 1106 4659 lege
1138 4599 1354 4647 tenetur
1391 4596 1678 4664 exercitus,
1718 4613 1883 4668 quam

274 4673 321 4727 si
369 4683 572 4729 euicta
608 4674 772 4733 fuerit
812 4689 1024 4736 vastare
1052 4683 1365 4753 permissus.
1415 4685 1635 4755 Ignorat
1660 4691 1882 4747 modum

272 4781 505 4824 servare
534 4772 903 4842 praesumptio,
939 4790 1035 4829 nec
1059 4783 1240 4844 potest
1270 4777 1371 4832 sub
1399 4779 1561 4835 modo
1583 4776 1771 4851 redigi,
1794 4784 1882 4839 cui

272 4859 499 4916 licentia
528 4860 691 4918 fuerit
718 4865 830 4920 visa
860 4862 1105 4923 conce‘di.
1135 4867 1483 4941 Quapropter
1515 4885 1884 4945 consequatur

269 4952 558 5007 exercitus
602 4953 910 5010 alimoniam
957 4955 1291 5028 deputatam,
1343 4975 1413 5015 ne
1437 4977 1543 5032 qua
1580 4978 1707 5034 pars
1750 4980 1885 5035 prm-

267 5040 483 5097 dictam
513 5046 688 5114 possit
711 5047 980 5102 sustinere
1010 5049 1324 5105 violentiam
1356 5050 1496 5127 [alii,
1529 5054 1880 5129 molestiam].

828 5160 1159 5218 EPISTULA
1195 5162 1335 5221 XIV.

463 5264 761 5309 SEVERIANO
784 5270 905 5309 VIRO
934 5271 1176 5312 ILLUSTRI
1208 5273 1576 5316 THEODOBICUS
1604 5277 1734 5317 REX.

271 5340 523 5421 Prwﬁci‘t
549 5360 665 5421 eum
700 5344 909 5421 tributis
943 5348 1213 5421 unicuique
1249 5368 1342 5420 pro
1383 5354 1765 5421 possessionum
1794 5356 1876 5408 di-

342 5415 593 5495 uersitate
616 5415 962 5495 import-endis,
985 5428 1032 5471 et
1053 5415 1560 5495 jubetu'tper'quirat
1590 5442 1710 5478 num
1725 5424 1873 5495 judi-

342 5498 438 5561 ce;
461 5482 522 5536 ob
543 5482 939 5561 frequentiorem
950 5482 1357 5561 ’per'provinci'as
1380 5482 1666 5550 discursum
1688 5482 1874 5551 incolis

339 5554 538 5607 illicita
569 5553 844 5626 dispendia
870 5553 1234 5630 irrogauerint.

335 5643 583 5701 Justitia:
621 5647 761 5705 ratio
789 5650 1073 5717 persuadet
1101 5657 1426 5717 cxcedcntes
1458 5661 1771 5733 reprimere.
1809 5671 1872 5718 ut

1995 3088 2149 3147 factae
2177 3103 2319 3160 sunt,
2340 3094 2485 3164 justa
2513 3099 2722 3155 ratione
2748 3118 2856 3157 non
2876 3103 3132 3160 claruerit
3153 3088 3452 3178 erogatum,
3477 3112 3581 3168 ini-

1993 3196 2099 3251 qua
2151 3190 2498 3257 prmsumptio
2544 3190 2715 3246 modis
2761 3195 3010 3251 omnibus
3055 3200 3375 3269 corrigatur.
3432 3203 3584 3262 Hanc

1992 3290 2209 3346 quoque
2243 3289 2451 3348 partem
2482 3299 2590 3338 non
2625 3286 2860 3344 aestimes
2886 3290 3287 3364 negligentiam,
3317 3306 3376 3350 ut
3402 3299 3453 3352 si.
3477 3299 3582 3355 hoc

1991 3366 2136 3437 quod
2163 3369 2459 3426 tabularius
2488 3389 2519 3428 a
2547 3376 2795 3433 cubiculo
2824 3388 3011 3436 nostro
3044 3386 3283 3456 suscepit
3296 3402 3319 3452 ;.
3342 3389 3582 3446 ratione-

1991 3460 2173 3517 hiliter
2199 3478 2307 3518 non
2339 3464 2565 3521 docetur
2584 3481 2903 3538 expensum,
2928 3472 2996 3527 ab
3021 3473 3220 3543 injusto
3247 3486 3581 3537 retentatore

1993 3553 2269 3609 reddatur.
2301 3557 2436 3622 Quid
2467 3557 2611 3613 enim
2640 3568 2751 3615 tam
2780 3561 3089 3633 absurdum,
3120 3566 3224 3623 nisi
3254 3576 3312 3622 ut
3340 3569 3578 3626 liberali-

1992 3656 2073 3702 tas
2100 3657 2303 3715 nostra,
2337 3666 2497 3720 quam
2526 3652 2788 3710 universis
2835 3657 3098 3725 prolicere
3138 3660 3404 3727 volumus,
3437 3680 3581 3720 nunc

1990 3754 2020 3792 a
2075 3740 2261 3809 paucis
2312 3740 2511 3797 furtivo
2558 3746 2879 3815 compendio
2935 3750 3318 3820 opprimatur?
3362 3752 3587 3811 Iudices

1989 3844 2206 3902 quoque
2235 3833 2527 3903 provinciae
2554 3836 2638 3890 vel
2667 3838 2897 3893 curiales
2925 3848 3087 3910 atque
3125 3841 3439 3915 defensores
3468 3854 3579 3902 tatu

1989 3921 2057 3977 de
2087 3938 2244 3978 cursu
2273 3940 2433 3993 quam
2462 3925 2529 3981 de
2558 3926 2676 3982 aliis
2704 3927 2865 3985 rebus
2887 3930 3071 3985 illicita
3095 3931 3346 3989 dicuntur
3372 3948 3580 4004 posses-

1988 4016 2200 4071 soribus
2248 4017 2487 4088 irrogare
2532 4018 2828 4092 dispendia.
2861 4021 3016 4090 Quod
3066 4034 3117 4080 te
3161 4027 3580 4097 perquirere,et

1988 4119 2089 4163 sub
2116 4109 2326 4165 ratione
2354 4110 2531 4179 legum
2556 4114 2845 4171 emendare
2870 4132 3173 4174 censemus.
3204 4120 3421 4191 Antiqui
3449 4122 3580 4177 bar-

1989 4198 2108 4254 bari
2136 4201 2226 4269 qui
2258 4200 2516 4258 Romanis
2553 4196 2875 4262 mulieribus.
2915 4209 3177 4279 elegerint
3221 4213 3449 4282 nuptiali
3477 4212 3577 4270 lm-

1989 4289 2120 4346 dere
2147 4292 2363 4357 sociari,
2395 4294 2637 4364 quolibet
2667 4296 2823 4352 titulo
2860 4300 3059 4368 praedia
3081 4301 3446 4369 quresiverint,
3483 4304 3577 4359 tis-

1987 4396 2108 4435 cum
2139 4383 2371 4452 possessi
2406 4385 2625 4456 cespitis
2653 4388 2983 4456 persolvere,
3014 4405 3078 4446 ac
3105 4406 3269 4461 super
3296 4391 3578 4450 indictitiis

1988 4470 2243 4525 oneribus
2296 4486 2488 4541 parere
2538 4483 2814 4545 cogantur.
2882 4477 3052 4534 Judex
3117 4496 3246 4538 vero
3300 4480 3578 4543 Romanus

1991 4566 2214 4628 propter
2242 4574 2510 4630 expensas
2532 4566 2959 4633 provincialium,
2984 4585 3103 4639 quae
3130 4586 3359 4641 gravare.
3382 4592 3578 4647 paupe-

1988 4667 2079 4707 res
2106 4663 2483 4723 suggeruntur,
2515 4672 2611 4727 per
2639 4674 2837 4713 annum
2866 4661 2921 4715 in
2946 4665 3367 4735 unumquodque
3394 4670 3576 4722 muni-

1991 4743 2189 4813 cipium
2234 4746 2403 4800 semel
2433 4747 2686 4803 accedat:
2718 4751 2804 4805 cui
2835 4767 2942 4806 non
2991 4756 3222 4824 amplius
3266 4771 3435 4826 quam
3476 4760 3575 4814 tri-

1986 4833 2179 4889 duana:
2226 4837 2565 4906 praebeantur
2590 4852 2840 4910 annonze,
2870 4844 3007 4899 sicut
3054 4845 3230 4915 legum
3274 4858 3433 4902 cauta
3476 4851 3578 4903 tri-

1989 4927 2241 4984 buerunt.
2273 4929 2504 5000 Majores
2523 4934 2667 4988 enim
2696 4936 2864 4989 nostri
2892 4935 3164 4993 discursus
3193 4937 3436 5006 judicum
3470 4957 3578 4996 non

1987 5020 2163 5085 Oneri,
2194 5020 2289 5075 sed
2327 5023 2648 5092 compendio
2671 5025 3089 5095 provincialibus
3117 5042 3237 5083 esse
3265 5029 3574 5108 voluerunt.

1989 5109 2279 5166 Domestici
2306 5113 2517 5169 comitis
2542 5112 2862 5181 Gothorum,
2896 5132 2999 5171 nec
3030 5133 3133 5172 non
3164 5126 3220 5193 et
3252 5119 3576 5177 viccdomini

1985 5201 2163 5271 aliqua
2191 5202 2443 5259 dicuntur
2468 5206 2886 5276 provincialibus
2916 5208 3251 5264 concinnatis
3283 5210 3419 5282 Iulii,
3445 5229 3578 5268 cou-

1986 5293 2227 5367 tinuatis]
2260 5297 2552 5352 terroribus
2579 5298 2881 5354 abstulisse.
2927 5297 3131 5367 Quibus
3154 5300 3360 5371 justiti:
3397 5313 3576 5362 vestra

1984 5384 2119 5458 [atii,
2150 5387 2400 5441 instantia
2448 5387 2654 5460 nostra]
2702 5390 2756 5444 in
2806 5391 3260 5451 exanimationem
3307 5397 3573 5466 deductis,

1979 5476 2235 5546 quidquid
2264 5492 2428 5547 super
2458 5480 2558 5535 hac
2587 5490 2741 5550 parte
2777 5482 2960 5553 inique
2986 5495 3194 5553 gestum
3223 5503 3343 5544 esse
3372 5504 3578 5557 cogno-

1981 5567 2137 5635 verit,
2187 5570 2382 5623 amotis
2430 5568 2799 5641 dilationibus,
2845 5573 3092 5643 legaliter
3133 5576 3422 5634 ordinabit.
3475 5579 3573 5634 llis

1977 5674 2107 5724 ergo
2132 5677 2196 5719 ac
2227 5660 2441 5727 talibus,
2474 5676 2594 5728 qua:
2622 5662 2688 5720 ad
2718 5664 3002 5724 utilitatem
3032 5666 3303 5735 publicam
3335 5672 3419 5726 vel
3448 5687 3578 5745 pro-

2814 5844 2849 5858 θ
