3988 6178
301 155 411 213 655

301 378 399 434 per
423 362 604 419 omnia
635 361 881 418 volumus
908 374 1087 429 agere,
1120 372 1240 427 qua:
1269 364 1467 413 nostra:
1494 355 1893 411 mansuetudini

301 471 409 511 non
438 455 668 511 debeant
694 452 998 523 displicere.
1037 448 1168 504 illud
1189 464 1317 505 sane
1345 448 1682 519 providentia
1710 457 1895 503 nostra

300 548 558 620 respexit,
591 554 647 602 ιιι
664 544 910 600 omnibus
939 558 969 597 a
999 550 1052 596 te
1073 542 1305 597 sollicita
1334 553 1498 611 atque
1515 542 1767 610 aequabili
1814 542 1896 596 in-

300 640 587 710 dagatione
614 633 908 705 compertis
937 631 1274 704 polyptycbis
1296 642 1321 667 ἰ
1346 630 1639 701 jubeantur
1669 630 1892 696 ascribi;

301 741 566 804 quatenus
595 738 650 782 et
680 726 983 782 testimonia
1014 723 1132 779 fidei
1163 732 1356 778 vestra:
1378 723 1637 785 clareant,
1669 730 1724 777 et
1750 722 1895 778 nulla

301 824 555 896 posthac,
597 834 715 891 quae
758 815 1006 886 abrogari
1038 815 1064 854 δ
1108 815 1389 881 volumus,
1441 813 1649 869 semina
1694 812 1897 871 fraudis

302 915 585 970 iterentur.

844 1107 1179 1165 EPISTOLA
1221 1074 1333 1164 xv.

668 1259 1067 1302 POSSESSOBIBUS
1136 1259 1189 1299 IN
1261 1258 1447 1297 SUAVIA
1523 1256 1869 1297 CONSTITUTIS

835 1352 1199 1394 THEODORICUS
1233 1353 1362 1393 REX.

331 1264 597 1308 ωιινειιδιε

306 1458 499 1514 Scribit
545 1473 600 1510 se
641 1457 709 1509 ad
755 1470 840 1509 eos
882 1453 1084 1507 misisse
1113 1450 1417 1507 Severinum
1446 1467 1561 1505 cum
1597 1451 1805 1516 edictis,
1837 1459 1895 1504 ut

554 1542 825 1598 oppressos
849 1524 1155 1579 tributorum
1182 1523 1408 1594 pondere
1436 1524 1644 1576 relevat.

376 1678 523 1745 Licet
553 1688 763 1744 cunctis
792 1686 1159 1742 laborantibus
1177 1684 1465 1741 comitatus
1490 1692 1676 1740 noster
1699 1698 1897 1738 conce-

305 1783 414 1847 dat,
448 1782 557 1837 Deo
585 1779 899 1846 auxiliante,
933 1777 1223 1849 justitiam,
1253 1785 1309 1833 et
1342 1777 1467 1833 hinc
1494 1776 1731 1832 remedia
1771 1776 1899 1830 sub-

305 1875 459 1946 jectis
486 1873 555 1928 ad
599 1872 836 1942 reliquas
878 1870 1030 1939 regni
1057 1877 1260 1940 partes,
1308 1870 1459 1940 quasi
1506 1884 1538 1923 a
1582 1869 1704 1923 vivo
1747 1868 1898 1923 fonte

305 1962 653 2028 descendant,
685 1973 863 2017 tamen
895 1960 1159 2031 frequenti
1184 1960 1419 2016 aditione
1444 1960 1697 2031 permoti,
1745 1960 1895 2028 inge-

306 2058 456 2114 niosa
474 2057 671 2128 pietate
685 2054 984 2125 reperimus
1003 2063 1057 2109 et
1076 2054 1385 2123 aequitatem
1404 2053 1559 2108 vobis
1578 2051 1893 2119 concedere,

306 2157 361 2204 et
388 2148 753 2217 fatigationem
810 2144 956 2215 longi
1002 2145 1208 2200 itineris
1255 2144 1560 2214 abrogare:
1611 2144 1735 2213 quia
1779 2141 1901 2198 dul-

306 2240 454 2296 ciora
483 2246 610 2295 sunt
654 2234 915 2294 beneﬁcia
943 2250 1063 2307 quae
1106 2234 1266 2291 nullis
1307 2234 1709 2292 difficultatibus
1754 2234 1898 2290 obti-

309 2340 522 2387 nentur.
555 2330 796 2386 Misimus
825 2329 1009 2400 itaque
1040 2329 1302 2385 illustrem
1331 2338 1388 2386 et
1424 2329 1764 2401 magnificum
1802 2327 1903 2385 Se-

307 2424 551 2480 verinum
601 2423 802 2477 nostris
848 2421 1275 2479 institutionibus
1327 2421 1638 2487 eruditum,
1686 2427 1747 2475 ut
1797 2420 1901 2475 hoc

308 2516 451 2588 apud
483 2531 579 2571 vos
605 2522 819 2583 gereret
843 2512 985 2582 quod
1007 2513 1163 2567 nobis
1183 2527 1398 2582 semper
1416 2512 1678 2582 placuisse
1701 2525 1903 2581 cogno-

308 2608 401 2663 vit.
427 2605 573 2659 Vidit
594 2605 740 2660 enim
761 2618 923 2673 quam
947 2602 1278 2657 honorabilis
1298 2602 1440 2672 apud
1466 2616 1567 2657 nos
1591 2601 1766 2671 justus
1790 2601 1903 2673 84

308 2706 591 2767 habeatur,
640 2698 1089 2772 quemadmodum
1135 2699 1296 2755 bonis
1342 2698 1553 2754 actibus
1610 2699 1899 2755 clementia

308 2806 507 2854 nostra:
531 2792 837 2849 serenitatis
880 2790 1135 2846 arrideat.
1185 2788 1421 2846 Exercet
1467 2788 1710 2860 profecto
1755 2790 1901 2860 quod

310 2903 410 2945 nos
437 2891 715 2956 gratanter
750 2882 984 2938 aestimat
1031 2881 1313 2951 accipere;
1361 2896 1462 2936 nec
1510 2887 1690 2951 potest
1731 2880 1900 2935 amari

310 2976 578 3049 rapacitas
605 2972 906 3031 continenti
934 2972 1165 3042 principi
1191 2971 1333 3026 nulla
1360 2971 1729 3042 redemptione
1755 2970 1895 3045 [Cuj.

313 3069 405 3125 Gr.
452 3078 503 3123 et
544 3066 701 3133 For.,
728 3062 963 3136 ratione]
994 3064 1276 3137 placitura.
1329 3062 1724 3119 Prmsumenter
1768 3078 1898 3134 ergo

310 3162 598 3220 conveniat
632 3159 702 3214 ad
740 3173 866 3215 eum
893 3158 1149 3213 lmsorum
1180 3156 1440 3211 tumultus
1467 3172 1481 3222 ;
1512 3162 1693 3225 speret
1720 3169 1900 3211 reme-

256 3276 264 3285 ·
312 3257 463 3313 dium
509 3253 767 3327 qualibet,
797 3266 1016 3324 pressus
1058 3250 1273 3320 injuria.
1329 3248 1707 3304 Diflicultatem
1747 3240 1902 3303 vbbis

311 3346 547 3420 querela:
567 3345 969 3409 submovemus,
994 3340 1122 3396 dum
1151 3341 1206 3396 in
1237 3339 1367 3412 ipsis
1387 3339 1669 3395 cunabulis
1692 3339 1900 3395 scelera

312 3422 602 3497 commissa
628 3447 978 3503 resecantur;
1026 3434 1146 3490 sine
1200 3434 1379 3503 aliqua
1422 3432 1709 3488 formidine
1738 3431 1899 3487 alieni

315 3536 498 3592 tributi
531 3534 741 3591 sarcina
770 3540 1024 3601 gravatus
1052 3533 1337 3597 exclamet,
1368 3538 1690 3599 accepturus
1732 3543 1895 3584 reme-

312 3629 457 3685 dium
480 3625 624 3698 quod
664 3624 734 3680 de
781 3623 988 3692 legibus
1013 3622 1198 3676 habet.
1247 3620 1338 3676 Sic
1362 3621 1507 3676 enim
1556 3618 1895 3686 confidimus,

311 3719 436 3790 quia
465 3734 564 3789 per
587 3732 682 3773 eos
707 3731 845 3787 quos
879 3715 1119 3769 instituta
1148 3722 1331 3767 nostra
1361 3720 1713 3782 componunt,
1750 3712 1900 3765 inno-

312 3809 560 3865 centibus
586 3807 909 3862 detrimenta
959 3819 1067 3860 non
1114 3804 1353 3858 veniant.
1403 3801 1591 3870 Qualia
1620 3817 1752 3857 vero
1800 3817 1898 3872 pro

312 3902 495 3970 quiete
523 3908 701 3955 vestra
728 3897 812 3953 vel
840 3896 1148 3966 aequalitate
1198 3896 1518 3950 tributorum
1565 3894 1900 3965 disponenda

313 3992 619 4048 censuimus
648 3990 867 4045 oracula
902 4000 924 4027 ο
951 3997 1154 4052 nostra,
1181 4003 1301 4058 qua:
1333 3987 1579 4044 dedimus
1608 3988 1676 4042 ad
1723 4004 1903 4059 supra-

313 4083 514 4139 dictum
542 4082 716 4136 virum
737 4081 999 4135 illustrem
1029 4080 1374 4145 Severinum,
1414 4076 1628 4148 vulgata
1669 4080 1901 4137 declara-

312 4173 477 4241 bunt;
525 4182 585 4228 ut
609 4172 977 4242 unusquisque
1024 4170 1163 4226 unde
1207 4171 1517 4242 supplicare
1551 4172 1765 4241 debeat,
1796 4175 1900 4230 evi-

315 4264 504 4321 denter
529 4272 804 4335 agnoscat.

386 4572 412 4599 ι
446 4560 502 4615 ld
530 4568 633 4629 est,
666 4558 811 4630 libris
836 4556 1162 4630 censualibus
1189 4568 1238 4613 et
1258 4560 1580 4630 publicarum
1618 4562 1898 4626 rationum,

314 4631 635 4701 Sinuoa'nus.
662 4656 735 4668 -
765 4629 1056 4701 lnfra,Ah_oc
1083 4629 1201 4697 lib.,
1233 4628 1390 4701 epist.
1430 4628 1499 4685 36
1527 4641 1582 4685 et
1611 4632 1698 4685 39.
1732 4631 1897 4686 Andr.

312 4703 554 4772 Alciatus
582 4699 674 4755 lib.
705 4715 765 4766 ιι,
782 4714 899 4772 cap.
924 4697 1014 4772 ἓξ,
1051 4697 1282 4772 ριιτενςζ
1302 4700 1464 4772 Greg.
1498 4701 1589 4756 lib.
1620 4718 1712 4769 vu,
1739 4702 1897 4772 epist.

312 4773 483 4840 40,_et
500 4771 596 4826 lib.
624 4786 715 4834 xu,
743 4770 902 4841 epist.
932 4769 1019 4823 50.
1049 4769 1213 4841 Foan.
1260 4838 1273 4841 Α
1336 4770 1351 4785 ‘

383 4838 411 4883 δ
438 4842 519 4898 Ob
540 4857 658 4897 eam
689 4838 816 4895 olim
859 4853 1078 4895 causam
1116 4838 1326 4909 tabula)
1369 4841 1690 4896 tributorum
1722 4841 1898 4909 publi-

311 4914 451 4971 citus
488 4912 876 4968 incidebantur.
908 4917 1051 4965 cent.
1102 4907 1155 4974 6,
1207 4925 1327 4980 cap.
1357 4910 1427 4965 54
1453 4920 1509 4966 et
1529 4910 1629 4975 40;
1661 4907 1806 4967 cent.
1840 4912 1893 4979 l,

310 5000 433 5056 cap.
468 4983 556 5038 72.
588 4982 753 5039 Fons.

328 5127 344 5133 _
374 5066 410 5133 pc
439 5049 947 5133 Qracula,_lib.gt_C.
992 5049 1198 5133 Theod.
1230 5050 1310 5133 _de
1330 5051 1408 5133 rei
1437 5051 1660 5133 vindicz,
1685 5061 1738 5133 e_t
1769 5052 1805 5133 l_.
1836 5050 1892 5118 2,

312 5127 381 5182 de'
407 5122 754 5196 episc_.iaud.,
786 5131 844 5178 et
862 5123 906 5196 _l.
940 5138 977 5184 ι.
1008 5122 1053 5196 si
1077 5136 1170 5196 per
1190 5121 1427 5196 obr_ept.;
1446 5132 1512 5196 _et
1542 5123 1576 5196 l.
1611 5121 1663 5188 5,
1691 5122 1761 5196 de
1788 5123 1894 5177 lia:-

312 5188 509 5274 rctfl.
542 5194 629 5274 lii,
655 5188 898 5274 demeti.
942 5188 1679 5274 eo.d.._Superba_principum
1711 5193 1780 5274 de
1806 5208 1893 5272 se-

312 5268 445 5340 ipsis
471 5265 685 5340 ora_tio_:
715 5264 890 5340 qualis
919 5263 1113 5340 et_illa,
1143 5262 1221 5340 ad
1253 5262 1892 5340 ᾳνειιί-οιιριιεωιετιιὶιριῐξ

311 5331 531 5403 nostra},
563 5336 598 5390 Ι.
652 5336 687 5390 5
713 5331 773 5389 C.
806 5332 1012 5389 Theod.
1041 5332 1109 5387 de
1138 5331 1352 5401 fabric.;
1387 5333 1424 5387 l.
1464 5331 1519 5401 2,
1545 5332 1607 5388 C.
1635 5335 1759 5389 eod.
1783 5332 1892 5388 Sed

311 5423 414 5464 nec
443 5406 659 5462 ferenda
691 5405 811 5469 ista,
847 5404 1348 5474 nostrishaltaribui
1385 5406 1657 5474 suggestio
1694 5405 1889 5459 ollere-
1932 5450 1937 5455 .

311 5482 488 5543 batur,
521 5477 556 5531 l.
589 5477 685 5531 ult.
719 5475 786 5529 de
815 5472 1183 5529 relationibus.
1226 5472 1288 5529 C.
1318 5472 1523 5530 'l'heod.
1558 5475 1737 5529 novel.
1779 5474 1892 5528 Att-

314 5550 464 5604 then.
496 5547 563 5603 de
591 5546 807 5615 mulier.
830 5560 950 5615 quae
970 5560 1029 5600 se
1050 5559 1197 5615 serv,
1227 5544 1496 5600 Valentin.
1529 5545 1727 5601 uovell.
1753 5562 1790 5609 ι,
1824 5544 1892 5600 de

314 5626 554 5682 testam;
587 5617 621 5671 l.
654 5614 1124 5684 8.quicuuque,C.
1158 5614 1361 5671 Theod.
1386 5632 1582 5673 numen
1613 5627 1888 5684 nostrum;

317 5688 352 5745 ι.
387 5704 504 5757 ιιιι.,
525 5687 655 5745 Cod.
691 5684 896 5741 Theod.
938 5685 1006 5740 de
1035 5686 1379 5757 imaginibus,
1407 5688 1559 5757 quasi
1591 5705 1697 5743 non
1748 5705 1889 5743 mor-

1522 149 1592 204 Μ.
1632 148 1913 205 ΑυιιΕιιι
1949 148 2349 210 CASSIODOBI

302 270 558 327 vinciales
579 268 871 342 pertinent,
898 273 998 323 sub
1021 264 1167 322 omni
1196 262 1405 319 ratione
1427 261 1702 326 discussis,
1745 277 1807 317 ea
1842 271 1895 319 te
1927 270 1969 329 Α

3479 152 3581 210 656

2550 266 2893 337 EPISTOLA
2922 269 3055 324 XVI.

2030 398 2365 459 ABUNDANTlO
2395 419 2688 459 PREFEC‘I‘O
2717 420 2995 460 PRAETORIO
3025 416 3390 465 THEODOBICUS
3420 417 3547 455 ιιει.

1999 512 2248 589 PraJcipit
2283 525 2338 589 ut
2377 533 2468 589 per
2510 527 2744 589 cunctam
2791 517 3007 571 Italiam
3052 517 3302 589 inquirat,
3351 526 3586 589 ematque

2068 585 2211 656 ligna
2252 586 2322 639 ad
2350 585 2493 641 mille
2537 588 2810 642 dromones
2838 585 3227 649 construendos,
3251 596 3302 640 et
3345 585 3584 640 idoneum

2068 665 2346 710 nautarum
2374 674 2641 712 numerum
2668 657 2917 711 classibus
2947 658 3253 711 serviturum
3273 658 3505 729 colligat.

2068 789 2325 858 Quamvis
2354 792 2504 847 utilia
2527 792 2734 863 reipub.
2762 800 2945 848 nostra
2964 807 3178 862 semper
3201 794 3587 850 consuetudine

1996 898 2335 949 censeamus,
2367 894 2423 940 et
2448 885 2518 940 ob
2547 883 2600 939 id
2627 885 2877 940 omnibus
2904 884 3111 955 possint
3138 898 3256 939 esse
3284 884 3585 952 gratissima

1997 989 2116 1044 qua:
2165 974 2431 1043 jubemus,
2483 976 2609 1045 quia
2654 975 2864 1030 cunctis
2911 973 3193 1046 profutura
3246 984 3581 1030 noscuntur:

1998 1066 2333 1121 tractandum
2358 1074 2537 1122 tamen
2566 1075 2669 1131 est,
2703 1075 2764 1121 ut
2808 1066 3070 1137 principis
3096 1065 3421 1123 desiderium
3453 1069 3586 1124 nulli

1997 1158 2229 1212 existere
2254 1156 2451 1213 debeat
2472 1172 2782 1212 onerosum.
2814 1156 2948 1211 Nam
2977 1156 3021 1211 si
3065 1156 3323 1226 praeclare
3352 1158 3585 1226 cogitata

1999 1262 2108 1301 non
2138 1246 2275 1301 bene
2305 1254 2556 1316 agantur,
2588 1247 2795 1317 ingrata
2826 1255 2951 1302 sunt
2976 1264 2991 1314 ;
3028 1246 3156 1301 illud
3178 1256 3358 1302 autem
3386 1248 3584 1302 solum-

1999 1336 2159 1391 modo
2188 1335 2483 1406 perfcctum
2510 1338 2721 1403 dicitur,
2755 1338 2899 1406 quod
2929 1337 2995 1394 de
3036 1337 3313 1393 voluntate
3340 1338 3500 1393 simul
3529 1349 3585 1394 et

1998 1427 2212 1482 actione
2242 1426 2507 1482 laudatur.
2548 1425 2683 1483 Cum
2719 1436 2961 1483 nostrum
2992 1428 3155 1498 igitur
3198 1428 3432 1483 animum
3473 1428 3581 1484 fre-

1998 1534 2169 1590 quens
2189 1536 2317 1575 cura
2347 1520 2608 1589 pulsaret,
2653 1534 2818 1575 naves
2857 1520 3066 1574 Italiam
3108 1518 3213 1574 non
3244 1518 3463 1583 habere,
3497 1519 3583 1575 ubi

1927 1641 1972 1699 Β
2001 1619 2149 1665 tanta
2210 1611 2478 1680 lignorum
2516 1611 2670 1681 cepia
2716 1609 3055 1679 suffragatur,
3106 1617 3166 1664 ut.
3202 1610 3321 1665 aliis
3371 1626 3586 1681 quoque

2000 1703 2293 1773 provinciis
2318 1703 2555 1773 expetita
2578 1702 2920 1765 transmittat,
2948 1700 3058 1755 Deo
3088 1700 3243 1755 nobis
3268 1700 3581 1770 inspirante,

2000 1795 2338 1851 decrevimus
2380 1796 2525 1850 mille
2573 1796 2784 1854 interim
2833 1794 3122 1849 dromones
3167 1793 3193 1830 ά
3248 1792 3585 1849 fabricandos

1998 1902 2291 1953 assumere,
2318 1887 2409 1957 qui
2438 1894 2492 1941 et
2518 1885 2785 1940 frumenta
2806 1883 3015 1955 publica
3041 1883 3246 1953 possint
3267 1883 3584 1949 convehere,

1999 1984 2057 2032 et
2080 1977 2319 2033 adversis
2347 1976 2594 2042 navibus,
2643 1975 2690 2030 si
2736 1989 2958 2030 necesse
2987 1974 3164 2037 fuerit,
3195 1974 3435 2029 obviare.
3481 1972 3586 2031 Sed

1998 2076 2162 2124 tanta:
2191 2068 2270 2123 rei
2313 2083 2474 2138 quem
2503 2066 2873 2122 desideramus
2903 2064 3175 2132 effectum,
3205 2065 3585 2133 magnitudinis

2000 2168 2191 2215 vestra
2244 2156 2608 2213 sollicitudine
2659 2158 2929 2213 credimus
2978 2171 3099 2213 esse
3164 2156 3580 2227 procurandum.

1998 2250 2235 2321 Ideoque
2263 2266 2361 2329 per
2384 2258 2635 2306 cunctam
2656 2249 2863 2304 Italiam
2893 2250 3111 2307 directis
3137 2249 3430 2305 artificibus
3454 2246 3583 2320 apta

2001 2343 2157 2413 operi
2186 2342 2328 2411 ligna
2367 2342 2639 2411 perquire.
2674 2341 2743 2397 Et
2779 2342 2952 2397 sicubi
2993 2357 3278 2413 cupressos
3305 2350 3403 2396 aut
3427 2343 3580 2411 pinos

2000 2420 2266 2509 repereris
2294 2436 2345 2489 iu
2366 2434 2641 2491 vicinitate
2662 2435 2877 2501 littoris,
2900 2435 3032 2499 dato
3056 2436 3381 2506 competenti
3412 2436 3584 2506 pretio

2001 2527 2233 2583 dominis
2275 2527 2606 2582 consulatur.
2663 2526 2790 2583 Haec
2818 2528 2959 2583 enim
2992 2536 3195 2583 tantum
3225 2538 3348 2583 sunt
3374 2543 3492 2599 qua:
3520 2528 3587 2586 ad

2002 2618 2334 2673 taxationem
2362 2627 2647 2675 vocentur.
2675 2617 2883 2675 Caetera
2929 2620 3137 2675 vilitate
3179 2620 3264 2676 sui
3304 2637 3410 2676 non
3449 2620 3587 2675 indi-

2001 2719 2128 2779 gent
2154 2710 2425 2765 zestimari.
2457 2710 2564 2766 Sed
2593 2726 2663 2766 ne
2702 2713 2942 2782 provisio
2972 2721 3158 2768 nostra
3182 2713 3234 2766 in
3265 2712 3457 2767 mediis
3496 2728 3589 2767 cm

2002 2803 2215 2858 natibus
2255 2803 2469 2859 deserta
2518 2802 2869 2873 languescat,
2912 2815 3197 2859 nautarum
3253 2814 3304 2859 te
3342 2804 3591 2875 iubemus

2001 2893 2102 2949 sub
2136 2893 2240 2949 hac
2286 2892 2661 2949 moderatione
2710 2893 2822 2964 jam
2870 2912 3013 2951 nunc
3040 2905 3438 2966 competentem
3489 2911 3588 2951 nu-

1927 3012 1973 3075 ο
2003 3000 2236 3054 merum,
2282 2983 2493 3040 Deitate
2529 2984 2791 3054 juvante,
2841 3001 3152 3057 procurare.
3212 2985 3277 3041 Et
3320 2988 3363 3043 si
3408 2988 3452 3041 is
3497 2987 3591 3057 qui

1994 3073 2160 3129 nobis
2202 3074 2538 3129 necessarius
2561 3074 2877 3141 :nstimatur,
2926 3091 3113 3131 servus
3155 3074 3314 3130 fuerit
3356 3075 3584 3142 alienus,

2004 3175 2099 3222 aut
2124 3167 2389 3223 conducat
2427 3181 2551 3222 eum
2600 3166 2859 3223 classibus
2888 3169 3229 3231 serviturum,
3261 3174 3381 3229 aut,
3413 3168 3459 3221 si
3488 3168 3591 3223 hoc

2004 3260 2120 3332 ipse
2160 3260 2329 3329 magis
2352 3259 2594 3328 elegerit,
2650 3268 2874 3329 accepto
2913 3260 3089 3330 pretio
3118 3258 3444 3328 rationabili,
3489 3275 3591 3330 pu-

2002 3351 2145 3407 blico
2175 3350 2331 3407 cedat
2350 3350 2433 3405 sui
2457 3349 2580 3419 jura
2607 3348 2849 3405 dominii.
2883 3349 2939 3405 Si
2963 3365 3093 3406 vero
3116 3350 3366 3405 libertate
3394 3350 3592 3418 gaudet

2006 3443 2241 3508 electus,
2282 3442 2476 3511 quinos
2518 3441 2723 3497 solidos
2751 3441 3081 3508 donativum,
3119 3450 3175 3497 et
3215 3458 3481 3496 annonam
3531 3458 3591 3499 se

2007 3534 2217 3591 noverit
2259 3536 2505 3605 accipere
2542 3542 2961 3605 competentem.
2992 3534 3071 3589 Eo
3096 3534 3256 3590 modo
3283 3542 3339 3589 et
3370 3535 3445 3589 illi
3475 3541 3584 3589 tra-

2006 3626 2187 3683 ctandi
2211 3635 2337 3681 sunt
2361 3625 2452 3696 qui
2477 3639 2509 3678 a
2531 3625 2643 3679 suis
2679 3623 2913 3679 dominis
2939 3634 3232 3691 exuuntur,
3276 3625 3494 3693 quando
3520 3625 3587 3678 li-

2004 3716 2233 3773 bertatis
2260 3729 2429 3785 genus
2463 3724 2547 3772 est
2579 3717 2784 3772 servire
2832 3718 3048 3771 rectori.
3082 3715 3417 3785 Frequenter
3446 3716 3586 3769 enim

2005 3805 2251 3861 laborum
2294 3806 2561 3876 patientes
2610 3806 2867 3870 existunt,
2899 3806 3094 3875 quibus
3118 3805 3347 3860 districti
3386 3805 3588 3860 domini

2004 3899 2141 3953 colla
2166 3908 2483 3973 presserunt
2516 3917 2528 3952 :
2560 3897 2632 3953 ita
2678 3908 2855 3954 tamen
2887 3907 2945 3953 ut
2972 3898 3263 3969 supradicti
3303 3907 3478 3953 nautae
3504 3914 3591 3952 ar-

2003 3992 2222 4045 rharum
2250 3990 2382 4063 [ed.,
2414 3997 2687 4062 curarum]
2731 3992 2950 4046 nomine
2974 4007 3074 4062 pro
3104 3992 3387 4046 hominum
3416 3990 3585 4061 quali-

2004 4089 2116 4137 tate
2166 4082 2321 4137 binos
2366 4091 2459 4137 aut
2486 4083 2658 4137 trinos
2686 4083 2889 4140 solidos
2928 4099 2958 4137 a
2988 4093 3168 4138 nostra
3207 4083 3439 4138 debeant
3463 4082 3589 4138 sede

2004 4174 2324 4244 percipere;
2354 4184 2624 4244 quatenus
2653 4176 3021 4246 unusquisque
3053 4190 3176 4231 cum
3205 4175 3367 4229 fuerit
3405 4162 3588 4229 admo-

2005 4269 2171 4336 nitus,
2204 4278 2424 4340 paratus
2460 4269 2660 4326 debeat
2700 4269 2947 4325 inveniri.
2992 4268 3298 4325 Piscatores
3324 4282 3453 4325 vero
3480 4283 3586 4323 non

2008 4562 2099 4616 tali
2134 4562 2409 4616 hominum
2440 4560 2748 4616 conditione
2772 4577 2836 4616 ac
2863 4560 3002 4629 lege,
3053 4561 3145 4614 sed
3170 4556 3429 4626 singulari
3451 4556 3504 4612 di
3524 4563 3569 4611 ι’

2008 4648 2184 4683 noque
2209 4632 2322 4683 iure
2351 4634 2702 4683 imperatores
2728 4639 3070 4683 censeantur.
3097 4629 3265 4683 Fons.

2006 4648 2184 4755 uoqite
2202 4639 2322 4701 jure
2351 4639 2702 4703 imperatores
2728 4639 3070 4687 censeantur.
3097 4639 3265 4683 Fons.
3542 4696 3555 4708 .

2006 4764 2041 4773 ί,
2104 4770 2118 4773 A
2152 4704 2477 4773 ternitatem,
2507 4702 2694 4773 altaria
2724 4709 2780 4756 et
2807 4716 3004 4756 numen
3031 4700 3330 4773 principum
3378 4704 3583 4753 uotavrt

2003 4769 2265 4843 D._Juret.
2299 4773 2365 4825 ad
2390 4772 2790 4843 Symmachum.
2827 4769 3139 4843 lib._tv,f,ep.
3175 4769 3262 4843 ξρ.

2072 4840 2099 4881 ἀ
2131 4837 2621 4897 ὓτοιιιοιιθδίιιινεε
2650 4851 2794 4906 sunt,
2841 4850 2900 4896 ut
2928 4837 3142 4896 Ethicus
3184 4839 3361 4895 llister
3401 4837 3588 4893 scribit

2001 4913 2093 4967 lib.
2112 4929 2165 4968 ν.
2181 4912 2379 4967 Harum
2402 4921 2458 4965 ut
2478 4912 2543 4966 ad
2566 4927 2679 4967 rem
2698 4911 3097 4966 frumentariam
3127 4919 3371 4980 aptarunt
3396 4911 3588 4980 memi-

1915 5011 1919 5015 ι
2000 4985 2081 5037 nit
2106 4984 2193 5039 liic
2220 4982 2589 5045 Cassiodorus,
2625 4997 2656 5036 a
2684 4983 2877 5049 quibus
2904 4986 2957 5036 et
2983 4978 3311 5035 dromonarii
3344 4978 3590 5049 navicu-

1999 5052 2118 5107 larii
2172 5054 2318 5108 dicti.
2379 5051 2447 5107 Et
2492 5047 2787 5121 Procopius
2818 5053 2907 5106 lib.
2941 5067 2995 5107 ιιι
3026 5052 3091 5105 de
3136 5049 3281 5121 Bello
3323 5047 3590 5113 Gothico;

2000 5122 2185 5177 Isidor.
2221 5124 2308 5178 lib.
2338 5139 2387 5177 ιγ(
2425 5119 2819 5194 Ει)ἠιι›1.ζςτιι).
2847 5122 2909 5194 ﬁl,
2944 5124 3232 5194 dromones
3259 5119 3451 5188 longas
3493 5133 3593 5171 na-

1999 5209 2093 5268 ves
2122 5203 2278 5249 vocat
2313 5212 2325 5247 :
2366 5192 2506 5268 quae,
2551 5193 2804 5268 quoniam
2836 5192 3281 5268 fugzncursuique
3330 5198 3594 5268 oppurlu:

2003 5265 2181 5319 niores
2221 5262 2517 5327 suauia!)
2547 5262 2661 5317 τοῦ.
2694 5264 2884 5334 magna
2932 5262 3087 5334 dicta:
3123 5262 3395 5334 videntur,
3433 5262 3592 5334 quasi

1994 5336 2302 5389 cursuaritc.
2326 5334 2431 5388 Jul.
2479 5334 2667 5387 Pollux
2692 5329 3083 5387 Onomast.‘ad
3114 5329 3400 5395 Commod.
3432 5330 3593 5396 imp.,

1996 5404 2487 5478 holcadasvocavit
2512 5421 2532 5478 ;Δ
2552 5403 2861 5478 Fulgentius
2883 5418 3009 5456 vero
3036 5401 3291 5478 δρομάδων
3317 5398 3593 5478 Ιιξιιιίιιιιιις

1997 5474 2089 5529 sed
2121 5483 2177 5530 et
2226 5474 2574 5544 Moschopulo
2625 5471 2726 5534 θὼὴ
2767 5482 2920 5540 ναῦςς
2973 5471 3168 5544 usit'agi
3217 5471 3597 5544 eliminatis

1998 5544 2226 5670 ἐλέει-ἔπι
2258 5541 2498 5601 nostrum
2528 5545 2894 5601 accolentibus
2922 5558 3077 5607 voce,
3113 5541 3292 5607 Toue;
3344 5542 3492 5614 παρὰ
3534 5541 3596 5594 τὸ

2028 5625 2121 5670 εἰν.
2199 5630 2322 5670 0R8.

1997 5618 2121 5671 θεῖν.
2153 5618 2322 5671 FORN.

3616 632 3646 685 ἓ
