  <div class='ocr_page' id='page_1' title='image "/cluster/home/n/w/nwhite01/storage/ocr_20150623/69/hvd.32044054758727/356.png"; bbox 0 0 3988 6178; ppageno 0'>
   <div class='ocr_carea' id='block_1_1' title="bbox 260 437 363 493">
    <p class='ocr_par' dir='ltr' id='par_1_1' title="bbox 260 437 363 493">
     <span class='ocr_line' id='line_1_1' title="bbox 260 437 363 493; baseline 0.019 -2"><span class='ocrx_word' id='word_1_1' title='bbox 260 437 363 493; x_wconf 78' lang='grc'><strong>657</strong></span> 
     </span>
    </p>
   </div>
   <div class='ocr_carea' id='block_1_2' title="bbox 606 493 639 522">
    <p class='ocr_par' dir='ltr' id='par_1_2' title="bbox 606 493 639 522">
     <span class='ocr_line' id='line_1_2' title="bbox 606 493 639 522; baseline 0 0"><span class='ocrx_word' id='word_1_2' title='bbox 606 493 639 522; x_wconf 58' lang='grc' dir='ltr'>δ</span> 
     </span>
    </p>
   </div>
   <div class='ocr_carea' id='block_1_3' title="bbox 1574 439 2257 497">
    <p class='ocr_par' dir='ltr' id='par_1_3' title="bbox 1574 439 2257 497">
     <span class='ocr_line' id='line_1_3' title="bbox 1574 439 2257 497; baseline 0 -1"><span class='ocrx_word' id='word_1_3' title='bbox 1574 440 1930 496; x_wconf 81' lang='lat' dir='ltr'><strong>VARIARUM</strong></span> <span class='ocrx_word' id='word_1_4' title='bbox 1959 439 2161 494; x_wconf 78' lang='lat' dir='ltr'><strong>LIBER</strong></span> <span class='ocrx_word' id='word_1_5' title='bbox 2198 442 2257 497; x_wconf 88' lang='lat' dir='ltr'><strong>V.</strong></span> 
     </span>
    </p>
   </div>
   <div class='ocr_carea' id='block_1_4' title="bbox 3436 444 3543 501">
    <p class='ocr_par' dir='ltr' id='par_1_4' title="bbox 3436 444 3543 501">
     <span class='ocr_line' id='line_1_4' title="bbox 3436 444 3543 501; baseline 0.009 -1"><span class='ocrx_word' id='word_1_6' title='bbox 3436 444 3543 501; x_wconf 74' lang='lat'><strong>€58</strong></span> 
     </span>
    </p>
   </div>
   <div class='ocr_carea' id='block_1_5' title="bbox 3094 512 3123 529">
    <p class='ocr_par' dir='ltr' id='par_1_5' title="bbox 3094 512 3123 529">
     <span class='ocr_line' id='line_1_5' title="bbox 3094 512 3123 529; baseline 0 -2"><span class='ocrx_word' id='word_1_7' title='bbox 3094 512 3123 529; x_wconf 65' lang='grc' dir='ltr'><strong><em>ρ</em></strong></span> 
     </span>
    </p>
   </div>
   <div class='ocr_carea' id='block_1_6' title="bbox 257 552 3544 629">
    <p class='ocr_par' dir='ltr' id='par_1_6' title="bbox 257 552 3544 629">
     <span class='ocr_line' id='line_1_6' title="bbox 257 552 3544 629; baseline 0.002 -21"><span class='ocrx_word' id='word_1_8' title='bbox 257 556 508 627; x_wconf 78' lang='lat' dir='ltr'><strong>iubemus</strong></span> <span class='ocrx_word' id='word_1_9' title='bbox 552 554 605 609; x_wconf 91' lang='lat' dir='ltr'><strong>in</strong></span> <span class='ocrx_word' id='word_1_10' title='bbox 646 554 749 610; x_wconf 90' lang='lat' dir='ltr'><strong>hac</strong></span> <span class='ocrx_word' id='word_1_11' title='bbox 771 552 1085 611; x_wconf 84' lang='lat' dir='ltr'><strong>definitione</strong></span> <span class='ocrx_word' id='word_1_12' title='bbox 1129 555 1405 623; x_wconf 80' lang='lat' dir='ltr'><strong>concludi,</strong></span> <span class='ocrx_word' id='word_1_13' title='bbox 1436 556 1560 627; x_wconf 86' lang='lat' dir='ltr'><strong>quia</strong></span> <span class='ocrx_word' id='word_1_14' title='bbox 1600 556 1846 612; x_wconf 89' lang='lat' dir='ltr'><strong>dolenter</strong></span> <span class='ocrx_word' id='word_1_15' title='bbox 1874 568 1921 623; x_wconf 78' lang='grc' dir='ltr'>Α</span> <span class='ocrx_word' id='word_1_16' title='bbox 1951 558 2071 612; x_wconf 90' lang='lat' dir='ltr'><strong>bem</strong></span> <span class='ocrx_word' id='word_1_17' title='bbox 2100 556 2465 611; x_wconf 84' lang='lat' dir='ltr'><strong>Ravennatem</strong></span> <span class='ocrx_word' id='word_1_18' title='bbox 2507 561 2855 629; x_wconf 76' lang='lat' dir='ltr'><strong>congregatio</strong></span> <span class='ocrx_word' id='word_1_19' title='bbox 2902 560 3117 617; x_wconf 82' lang='lat' dir='ltr'><strong>navium</strong></span> <span class='ocrx_word' id='word_1_20' title='bbox 3166 569 3363 619; x_wconf 89' lang='lat' dir='ltr'><strong>cuncta</strong></span> <span class='ocrx_word' id='word_1_21' title='bbox 3410 577 3544 617; x_wconf 84' lang='lat' dir='ltr'><strong>con-</strong></span> 
     </span>
    </p>
   </div>
   <div class='ocr_carea' id='block_1_7' title="bbox 256 646 1846 719">
    <p class='ocr_par' dir='ltr' id='par_1_7' title="bbox 256 646 1846 719">
     <span class='ocr_line' id='line_1_7' title="bbox 256 646 1846 719; baseline 0.001 -18"><span class='ocrx_word' id='word_1_22' title='bbox 256 646 540 711; x_wconf 86' lang='lat' dir='ltr'><strong>amittitur,</strong></span> <span class='ocrx_word' id='word_1_23' title='bbox 593 648 686 717; x_wconf 87' lang='lat' dir='ltr'><strong>qui</strong></span> <span class='ocrx_word' id='word_1_24' title='bbox 716 647 786 702; x_wconf 90' lang='lat' dir='ltr'><strong>ad</strong></span> <span class='ocrx_word' id='word_1_25' title='bbox 828 648 1195 718; x_wconf 87' lang='lat' dir='ltr'><strong>procurandas</strong></span> <span class='ocrx_word' id='word_1_26' title='bbox 1242 648 1466 705; x_wconf 84' lang='lat' dir='ltr'><strong>delicias</strong></span> <span class='ocrx_word' id='word_1_27' title='bbox 1515 649 1846 719; x_wconf 70' lang='lat' dir='ltr'><strong>possidetur,</strong></span> 
     </span>
    </p>
   </div>
   <div class='ocr_carea' id='block_1_8' title="bbox 259 736 1851 808">
    <p class='ocr_par' dir='ltr' id='par_1_8' title="bbox 259 736 1851 808">
     <span class='ocr_line' id='line_1_8' title="bbox 259 736 1851 808; baseline -0.001 -16"><span class='ocrx_word' id='word_1_28' title='bbox 259 736 479 808; x_wconf 85' lang='lat' dir='ltr'><strong>quando</strong></span> <span class='ocrx_word' id='word_1_29' title='bbox 515 745 574 793; x_wconf 89' lang='lat' dir='ltr'><strong>et</strong></span> <span class='ocrx_word' id='word_1_30' title='bbox 608 738 781 794; x_wconf 88' lang='lat' dir='ltr'><strong>altera</strong></span> <span class='ocrx_word' id='word_1_31' title='bbox 819 739 1156 793; x_wconf 91' lang='lat' dir='ltr'><strong>consuetudo</strong></span> <span class='ocrx_word' id='word_1_32' title='bbox 1185 746 1270 793; x_wconf 91' lang='lat' dir='ltr'><strong>est</strong></span> <span class='ocrx_word' id='word_1_33' title='bbox 1289 739 1464 793; x_wconf 90' lang='lat' dir='ltr'><strong>ventis</strong></span> <span class='ocrx_word' id='word_1_34' title='bbox 1505 738 1851 793; x_wconf 67' lang='lat' dir='ltr'><strong>saevientibus</strong></span> 
     </span>
    </p>
   </div>
   <div class='ocr_carea' id='block_1_9' title="bbox 258 829 1349 900">
    <p class='ocr_par' dir='ltr' id='par_1_9' title="bbox 258 829 1349 900">
     <span class='ocr_line' id='line_1_9' title="bbox 258 829 1349 900; baseline -0.001 -14"><span class='ocrx_word' id='word_1_35' title='bbox 258 845 571 896; x_wconf 87' lang='lat' dir='ltr'><strong>occurrere,</strong></span> <span class='ocrx_word' id='word_1_36' title='bbox 599 838 657 885; x_wconf 92' lang='lat' dir='ltr'><strong>et</strong></span> <span class='ocrx_word' id='word_1_37' title='bbox 680 829 861 885; x_wconf 90' lang='lat' dir='ltr'><strong>littora</strong></span> <span class='ocrx_word' id='word_1_38' title='bbox 884 829 1093 900; x_wconf 86' lang='lat' dir='ltr'><strong>piscosa</strong></span> <span class='ocrx_word' id='word_1_39' title='bbox 1118 829 1349 885; x_wconf 80' lang='lat' dir='ltr'><strong>sulcare.</strong></span> 
     </span>
    </p>
   </div>
   <div class='ocr_carea' id='block_1_10' title="bbox 783 960 1317 1016">
    <p class='ocr_par' dir='ltr' id='par_1_10' title="bbox 783 960 1317 1016">
     <span class='ocr_line' id='line_1_10' title="bbox 783 960 1317 1016; baseline 0.004 -2"><span class='ocrx_word' id='word_1_40' title='bbox 783 960 1119 1016; x_wconf 84' lang='lat' dir='ltr'><strong>EPISTOLA</strong></span> <span class='ocrx_word' id='word_1_41' title='bbox 1155 961 1317 1016; x_wconf 79' lang='lat' dir='ltr'><strong>XVII.</strong></span> 
     </span>
    </p>
   </div>
   <div class='ocr_carea' id='block_1_11' title="bbox 293 1067 1813 1109">
    <p class='ocr_par' dir='ltr' id='par_1_11' title="bbox 293 1067 1813 1109">
     <span class='ocr_line' id='line_1_11' title="bbox 293 1067 1813 1109; baseline 0.001 -3"><span class='ocrx_word' id='word_1_42' title='bbox 293 1068 631 1109; x_wconf 74' lang='lat' dir='ltr'><strong>ABUNDANTIO</strong></span> <span class='ocrx_word' id='word_1_43' title='bbox 659 1068 952 1108; x_wconf 65' lang='lat' dir='ltr'><strong>PREFECTO</strong></span> <span class='ocrx_word' id='word_1_44' title='bbox 977 1068 1254 1109; x_wconf 65' lang='lat' dir='ltr'><strong>PRETORIO</strong></span> <span class='ocrx_word' id='word_1_45' title='bbox 1282 1067 1649 1108; x_wconf 76' lang='lat' dir='ltr'><strong>TBEODORICUS</strong></span> <span class='ocrx_word' id='word_1_46' title='bbox 1685 1069 1813 1107; x_wconf 72' lang='lat' dir='ltr'><strong>REX.</strong></span> 
     </span>
    </p>
   </div>
   <div class='ocr_carea' id='block_1_12' title="bbox 261 1142 1853 1206">
    <p class='ocr_par' dir='ltr' id='par_1_12' title="bbox 261 1142 1853 1206">
     <span class='ocr_line' id='line_1_12' title="bbox 261 1142 1853 1206; baseline 0 -8"><span class='ocrx_word' id='word_1_47' title='bbox 261 1142 425 1198; x_wconf 80' lang='lat' dir='ltr'><strong>Illum</strong></span> <span class='ocrx_word' id='word_1_48' title='bbox 462 1144 647 1198; x_wconf 81' lang='lat' dir='ltr'><strong>laudat</strong></span> <span class='ocrx_word' id='word_1_49' title='bbox 685 1146 747 1199; x_wconf 85' lang='lat' dir='ltr'><strong>ob</strong></span> <span class='ocrx_word' id='word_1_50' title='bbox 794 1144 1016 1199; x_wconf 77' lang='lat' dir='ltr'><strong>subitam</strong></span> <span class='ocrx_word' id='word_1_51' title='bbox 1063 1146 1269 1199; x_wconf 82' lang='lat' dir='ltr'><strong>navium</strong></span> <span class='ocrx_word' id='word_1_52' title='bbox 1318 1146 1769 1206; x_wconf 76' lang='lat' dir='ltr'><strong>constructionem,</strong></span> <span class='ocrx_word' id='word_1_53' title='bbox 1802 1152 1853 1198; x_wconf 88' lang='lat' dir='ltr'><strong>et</strong></span> 
     </span>
    </p>
   </div>
   <div class='ocr_carea' id='block_1_13' title="bbox 324 1214 1852 1285">
    <p class='ocr_par' dir='ltr' id='par_1_13' title="bbox 324 1214 1852 1285">
     <span class='ocr_line' id='line_1_13' title="bbox 324 1214 1852 1285; baseline 0.001 -19"><span class='ocrx_word' id='word_1_54' title='bbox 324 1214 475 1285; x_wconf 83' lang='lat' dir='ltr'><strong>jubet</strong></span> <span class='ocrx_word' id='word_1_55' title='bbox 504 1223 560 1267; x_wconf 87' lang='lat' dir='ltr'><strong>ut</strong></span> <span class='ocrx_word' id='word_1_56' title='bbox 590 1230 678 1269; x_wconf 82' lang='lat' dir='ltr'><strong>eas</strong></span> <span class='ocrx_word' id='word_1_57' title='bbox 702 1214 1003 1285; x_wconf 72' lang='lat' dir='ltr'><strong>Ravennam</strong></span> <span class='ocrx_word' id='word_1_58' title='bbox 1026 1216 1216 1277; x_wconf 77' lang='lat' dir='ltr'><strong>mittat,</strong></span> <span class='ocrx_word' id='word_1_59' title='bbox 1244 1215 1476 1285; x_wconf 81' lang='lat' dir='ltr'><strong>aliasque</strong></span> <span class='ocrx_word' id='word_1_60' title='bbox 1521 1224 1664 1268; x_wconf 84' lang='lat' dir='ltr'><strong>curet</strong></span> <span class='ocrx_word' id='word_1_61' title='bbox 1689 1214 1852 1283; x_wconf 76' lang='lat' dir='ltr'><strong>fabri-</strong></span> 
     </span>
    </p>
   </div>
   <div class='ocr_carea' id='block_1_14' title="bbox 330 1283 1853 1355">
    <p class='ocr_par' dir='ltr' id='par_1_14' title="bbox 330 1283 1853 1355">
     <span class='ocr_line' id='line_1_14' title="bbox 330 1283 1853 1355; baseline -0.001 -17"><span class='ocrx_word' id='word_1_62' title='bbox 330 1283 589 1355; x_wconf 59' lang='grc' dir='ltr'><strong>ὶςαηιίαεςΔ</strong></span> <span class='ocrx_word' id='word_1_63' title='bbox 613 1294 719 1337; x_wconf 84' lang='lat' dir='ltr'><strong>tum</strong></span> <span class='ocrx_word' id='word_1_64' title='bbox 761 1283 995 1355; x_wconf 65' lang='lat' dir='ltr'><strong>prohibet</strong></span> <span class='ocrx_word' id='word_1_65' title='bbox 1038 1286 1314 1355; x_wconf 72' lang='lat' dir='ltr'><strong>quominus</strong></span> <span class='ocrx_word' id='word_1_66' title='bbox 1359 1283 1532 1338; x_wconf 72' lang='lat' dir='ltr'><strong>nautis</strong></span> <span class='ocrx_word' id='word_1_67' title='bbox 1568 1285 1853 1354; x_wconf 81' lang='lat' dir='ltr'><strong>piscatores</strong></span> 
     </span>
    </p>
   </div>
   <div class='ocr_carea' id='block_1_15' title="bbox 332 1353 1852 1426">
    <p class='ocr_par' dir='ltr' id='par_1_15' title="bbox 332 1353 1852 1426">
     <span class='ocr_line' id='line_1_15' title="bbox 332 1353 1852 1426; baseline 0 -19"><span class='ocrx_word' id='word_1_68' title='bbox 332 1355 504 1426; x_wconf 77' lang='lat' dir='ltr'><strong>alveos</strong></span> <span class='ocrx_word' id='word_1_69' title='bbox 528 1353 929 1426; x_wconf 22' lang='lat' dir='ltr'><strong>Mincii,‘0‘tlii,</strong></span> <span class='ocrx_word' id='word_1_70' title='bbox 980 1353 1381 1426; x_wconf 68' lang='lat' dir='ltr'><strong>caiterorumque</strong></span> <span class='ocrx_word' id='word_1_71' title='bbox 1424 1353 1698 1423; x_wconf 82' lang='lat' dir='ltr'><strong>ﬂuminum</strong></span> <span class='ocrx_word' id='word_1_72' title='bbox 1744 1356 1852 1408; x_wconf 82' lang='lat' dir='ltr'><strong>suis</strong></span> 
     </span>
    </p>
   </div>
   <div class='ocr_carea' id='block_1_16' title="bbox 334 1423 917 1496">
    <p class='ocr_par' dir='ltr' id='par_1_16' title="bbox 334 1423 917 1496">
     <span class='ocr_line' id='line_1_16' title="bbox 334 1423 917 1496; baseline 0.002 -19"><span class='ocrx_word' id='word_1_73' title='bbox 334 1425 666 1493; x_wconf 71' lang='lat' dir='ltr'><strong>prwcfudant</strong></span> <span class='ocrx_word' id='word_1_74' title='bbox 692 1423 917 1496; x_wconf 82' lang='lat' dir='ltr'><strong>sepibus.</strong></span> 
     </span>
    </p>
   </div>
   <div class='ocr_carea' id='block_1_17' title="bbox 336 1513 1854 1583">
    <p class='ocr_par' dir='ltr' id='par_1_17' title="bbox 336 1513 1854 1583">
     <span class='ocr_line' id='line_1_17' title="bbox 336 1513 1854 1583; baseline -0.002 -13"><span class='ocrx_word' id='word_1_75' title='bbox 336 1516 608 1571; x_wconf 88' lang='lat' dir='ltr'><strong>Alaeriter</strong></span> <span class='ocrx_word' id='word_1_76' title='bbox 629 1515 1043 1570; x_wconf 90' lang='lat' dir='ltr'><strong>incumbendum</strong></span> <span class='ocrx_word' id='word_1_77' title='bbox 1073 1524 1157 1571; x_wconf 87' lang='lat' dir='ltr'><strong>est</strong></span> <span class='ocrx_word' id='word_1_78' title='bbox 1178 1515 1463 1583; x_wconf 87' lang='lat' dir='ltr'><strong>inchoatis,</strong></span> <span class='ocrx_word' id='word_1_79' title='bbox 1487 1530 1609 1570; x_wconf 90' lang='lat' dir='ltr'><strong>cum</strong></span> <span class='ocrx_word' id='word_1_80' title='bbox 1634 1514 1743 1583; x_wconf 90' lang='lat' dir='ltr'><strong>jam</strong></span> <span class='ocrx_word' id='word_1_81' title='bbox 1773 1513 1854 1567; x_wconf 87' lang='lat' dir='ltr'><strong>vi-</strong></span> 
     </span>
    </p>
   </div>
   <div class='ocr_carea' id='block_1_18' title="bbox 263 1605 1857 1677">
    <p class='ocr_par' dir='ltr' id='par_1_18' title="bbox 263 1605 1857 1677">
     <span class='ocr_line' id='line_1_18' title="bbox 263 1605 1857 1677; baseline -0.001 -14"><span class='ocrx_word' id='word_1_82' title='bbox 263 1608 464 1663; x_wconf 90' lang='lat' dir='ltr'><strong>cinitas</strong></span> <span class='ocrx_word' id='word_1_83' title='bbox 491 1606 840 1677; x_wconf 83' lang='lat' dir='ltr'><strong>perfectionis</strong></span> <span class='ocrx_word' id='word_1_84' title='bbox 883 1607 1126 1663; x_wconf 86' lang='lat' dir='ltr'><strong>arriserit</strong></span> <span class='ocrx_word' id='word_1_85' title='bbox 1170 1624 1184 1660; x_wconf 91' lang='lat'><strong>:</strong></span> <span class='ocrx_word' id='word_1_86' title='bbox 1235 1606 1453 1676; x_wconf 90' lang='lat' dir='ltr'><strong>quando</strong></span> <span class='ocrx_word' id='word_1_87' title='bbox 1481 1620 1607 1677; x_wconf 87' lang='lat' dir='ltr'><strong>spes</strong></span> <span class='ocrx_word' id='word_1_88' title='bbox 1634 1605 1857 1661; x_wconf 76' lang='lat' dir='ltr'><strong>effectus</strong></span> 
     </span>
    </p>
   </div>
   <div class='ocr_carea' id='block_1_19' title="bbox 265 1698 1861 1769">
    <p class='ocr_par' dir='ltr' id='par_1_19' title="bbox 265 1698 1861 1769">
     <span class='ocr_line' id='line_1_19' title="bbox 265 1698 1861 1769; baseline -0.003 -14"><span class='ocrx_word' id='word_1_89' title='bbox 265 1700 485 1755; x_wconf 64' lang='lat' dir='ltr'><strong>taedium</strong></span> <span class='ocrx_word' id='word_1_90' title='bbox 518 1699 722 1754; x_wconf 89' lang='lat' dir='ltr'><strong>laboris</strong></span> <span class='ocrx_word' id='word_1_91' title='bbox 752 1698 1034 1767; x_wconf 83' lang='lat' dir='ltr'><strong>excludit,</strong></span> <span class='ocrx_word' id='word_1_92' title='bbox 1087 1707 1144 1754; x_wconf 88' lang='lat' dir='ltr'><strong>et</strong></span> <span class='ocrx_word' id='word_1_93' title='bbox 1183 1711 1435 1766; x_wconf 85' lang='lat' dir='ltr'><strong>magnum</strong></span> <span class='ocrx_word' id='word_1_94' title='bbox 1476 1713 1647 1769; x_wconf 90' lang='lat' dir='ltr'><strong>genus</strong></span> <span class='ocrx_word' id='word_1_95' title='bbox 1674 1698 1861 1753; x_wconf 87' lang='lat' dir='ltr'><strong>incita-</strong></span> 
     </span>
    </p>
   </div>
   <div class='ocr_carea' id='block_1_20' title="bbox 265 1790 1859 1863">
    <p class='ocr_par' dir='ltr' id='par_1_20' title="bbox 265 1790 1859 1863">
     <span class='ocr_line' id='line_1_20' title="bbox 265 1790 1859 1863; baseline -0.001 -16"><span class='ocrx_word' id='word_1_96' title='bbox 265 1792 462 1860; x_wconf 89' lang='lat' dir='ltr'><strong>menti,</strong></span> <span class='ocrx_word' id='word_1_97' title='bbox 512 1791 737 1847; x_wconf 89' lang='lat' dir='ltr'><strong>credere</strong></span> <span class='ocrx_word' id='word_1_98' title='bbox 776 1790 1075 1847; x_wconf 87' lang='lat' dir='ltr'><strong>desiderata</strong></span> <span class='ocrx_word' id='word_1_99' title='bbox 1112 1791 1397 1863; x_wconf 83' lang='lat' dir='ltr'><strong>compleri.</strong></span> <span class='ocrx_word' id='word_1_100' title='bbox 1446 1791 1657 1846; x_wconf 88' lang='lat' dir='ltr'><strong>Dudum</strong></span> <span class='ocrx_word' id='word_1_101' title='bbox 1697 1791 1859 1861; x_wconf 78' lang='lat' dir='ltr'><strong>igitur</strong></span> 
     </span>
    </p>
   </div>
   <div class='ocr_carea' id='block_1_21' title="bbox 266 1880 1859 1950">
    <p class='ocr_par' dir='ltr' id='par_1_21' title="bbox 266 1880 1859 1950">
     <span class='ocr_line' id='line_1_21' title="bbox 266 1880 1859 1950; baseline 0 -14"><span class='ocrx_word' id='word_1_102' title='bbox 266 1881 623 1950; x_wconf 84' lang='lat' dir='ltr'><strong>magnitudini</strong></span> <span class='ocrx_word' id='word_1_103' title='bbox 645 1890 861 1947; x_wconf 66' lang='lat' dir='ltr'><strong>vestrae,</strong></span> <span class='ocrx_word' id='word_1_104' title='bbox 884 1896 953 1937; x_wconf 92' lang='lat' dir='ltr'><strong>ex</strong></span> <span class='ocrx_word' id='word_1_105' title='bbox 994 1881 1160 1937; x_wconf 71' lang='lat' dir='ltr'><strong>Italim</strong></span> <span class='ocrx_word' id='word_1_106' title='bbox 1188 1881 1460 1936; x_wconf 89' lang='lat' dir='ltr'><strong>littoribus</strong></span> <span class='ocrx_word' id='word_1_107' title='bbox 1500 1881 1676 1937; x_wconf 87' lang='lat' dir='ltr'><strong>officia</strong></span> <span class='ocrx_word' id='word_1_108' title='bbox 1699 1880 1859 1949; x_wconf 85' lang='lat' dir='ltr'><strong>jussi-</strong></span> 
     </span>
    </p>
   </div>
   <div class='ocr_carea' id='block_1_22' title="bbox 268 1970 1859 2042">
    <p class='ocr_par' dir='ltr' id='par_1_22' title="bbox 268 1970 1859 2042">
     <span class='ocr_line' id='line_1_22' title="bbox 268 1970 1859 2042; baseline -0.001 -15"><span class='ocrx_word' id='word_1_109' title='bbox 268 1988 390 2027; x_wconf 86' lang='lat' dir='ltr'><strong>mus</strong></span> <span class='ocrx_word' id='word_1_110' title='bbox 416 1986 725 2042; x_wconf 62' lang='lat' dir='ltr'><strong>praeparare</strong></span> <span class='ocrx_word' id='word_1_111' title='bbox 752 1980 1067 2039; x_wconf 83' lang='lat' dir='ltr'><strong>nautarum;</strong></span> <span class='ocrx_word' id='word_1_112' title='bbox 1097 1981 1155 2027; x_wconf 89' lang='lat' dir='ltr'><strong>ut</strong></span> <span class='ocrx_word' id='word_1_113' title='bbox 1182 1970 1492 2037; x_wconf 90' lang='lat' dir='ltr'><strong>dromones,</strong></span> <span class='ocrx_word' id='word_1_114' title='bbox 1524 1985 1661 2041; x_wconf 89' lang='lat' dir='ltr'><strong>quos</strong></span> <span class='ocrx_word' id='word_1_115' title='bbox 1705 1972 1859 2027; x_wconf 90' lang='lat' dir='ltr'><strong>indu-</strong></span> 
     </span>
    </p>
   </div>
   <div class='ocr_carea' id='block_1_23' title="bbox 266 2061 1856 2133">
    <p class='ocr_par' dir='ltr' id='par_1_23' title="bbox 266 2061 1856 2133">
     <span class='ocr_line' id='line_1_23' title="bbox 266 2061 1856 2133; baseline 0 -16"><span class='ocrx_word' id='word_1_116' title='bbox 266 2062 400 2117; x_wconf 81' lang='lat' dir='ltr'><strong>stria</strong></span> <span class='ocrx_word' id='word_1_117' title='bbox 450 2061 720 2116; x_wconf 90' lang='lat' dir='ltr'><strong>fabricare</strong></span> <span class='ocrx_word' id='word_1_118' title='bbox 766 2061 1047 2129; x_wconf 88' lang='lat' dir='ltr'><strong>valuisset,</strong></span> <span class='ocrx_word' id='word_1_119' title='bbox 1090 2077 1279 2117; x_wconf 90' lang='lat' dir='ltr'><strong>manus</strong></span> <span class='ocrx_word' id='word_1_120' title='bbox 1328 2062 1590 2130; x_wconf 80' lang='lat' dir='ltr'><strong>remigum</strong></span> <span class='ocrx_word' id='word_1_121' title='bbox 1641 2062 1856 2133; x_wconf 88' lang='lat' dir='ltr'><strong>provisa</strong></span> 
     </span>
    </p>
   </div>
   <div class='ocr_carea' id='block_1_24' title="bbox 267 2149 1857 2223">
    <p class='ocr_par' dir='ltr' id='par_1_24' title="bbox 267 2149 1857 2223">
     <span class='ocr_line' id='line_1_24' title="bbox 267 2149 1857 2223; baseline 0.001 -16"><span class='ocrx_word' id='word_1_122' title='bbox 267 2152 589 2221; x_wconf 83' lang='lat' dir='ltr'><strong>susciperet.</strong></span> <span class='ocrx_word' id='word_1_123' title='bbox 640 2149 749 2205; x_wconf 90' lang='lat' dir='ltr'><strong>Sed</strong></span> <span class='ocrx_word' id='word_1_124' title='bbox 777 2158 834 2205; x_wconf 89' lang='lat' dir='ltr'><strong>tu</strong></span> <span class='ocrx_word' id='word_1_125' title='bbox 875 2150 1078 2220; x_wconf 90' lang='lat' dir='ltr'><strong>judicio</strong></span> <span class='ocrx_word' id='word_1_126' title='bbox 1125 2160 1314 2208; x_wconf 89' lang='lat' dir='ltr'><strong>nostro</strong></span> <span class='ocrx_word' id='word_1_127' title='bbox 1369 2152 1731 2223; x_wconf 88' lang='lat' dir='ltr'><strong>electionique</strong></span> <span class='ocrx_word' id='word_1_128' title='bbox 1767 2168 1857 2208; x_wconf 90' lang='lat' dir='ltr'><strong>re-</strong></span> 
     </span>
    </p>
   </div>
   <div class='ocr_carea' id='block_1_25' title="bbox 267 2241 1860 2317">
    <p class='ocr_par' dir='ltr' id='par_1_25' title="bbox 267 2241 1860 2317">
     <span class='ocr_line' id='line_1_25' title="bbox 267 2241 1860 2317; baseline 0.003 -20"><span class='ocrx_word' id='word_1_129' title='bbox 267 2241 547 2312; x_wconf 81' lang='lat' dir='ltr'><strong>spondens</strong></span> <span class='ocrx_word' id='word_1_130' title='bbox 576 2241 883 2307; x_wconf 89' lang='lat' dir='ltr'><strong>ostendisti,</strong></span> <span class='ocrx_word' id='word_1_131' title='bbox 929 2258 1093 2313; x_wconf 90' lang='lat' dir='ltr'><strong>quam</strong></span> <span class='ocrx_word' id='word_1_132' title='bbox 1135 2242 1299 2299; x_wconf 90' lang='lat' dir='ltr'><strong>fuerit</strong></span> <span class='ocrx_word' id='word_1_133' title='bbox 1351 2242 1650 2301; x_wconf 86' lang='lat' dir='ltr'><strong>indubitata</strong></span> <span class='ocrx_word' id='word_1_134' title='bbox 1679 2246 1860 2317; x_wconf 82' lang='lat' dir='ltr'><strong>perfe-</strong></span> 
     </span>
    </p>
   </div>
   <div class='ocr_carea' id='block_1_26' title="bbox 267 2334 1861 2407">
    <p class='ocr_par' dir='ltr' id='par_1_26' title="bbox 267 2334 1861 2407">
     <span class='ocr_line' id='line_1_26' title="bbox 267 2334 1861 2407; baseline 0.003 -18"><span class='ocrx_word' id='word_1_135' title='bbox 267 2335 402 2403; x_wconf 90' lang='lat' dir='ltr'><strong>ctio,</strong></span> <span class='ocrx_word' id='word_1_136' title='bbox 433 2334 825 2390; x_wconf 85' lang='lat' dir='ltr'><strong>efficacissimis</strong></span> <span class='ocrx_word' id='word_1_137' title='bbox 851 2335 1322 2407; x_wconf 83' lang='lat' dir='ltr'><strong>imperasse,un</strong></span> <span class='ocrx_word' id='word_1_138' title='bbox 1351 2339 1624 2407; x_wconf 62' lang='lat' dir='ltr'><strong>quaeritur.</strong></span> <span class='ocrx_word' id='word_1_139' title='bbox 1651 2338 1861 2395; x_wconf 84' lang='lat' dir='ltr'><strong>Renun-</strong></span> 
     </span>
    </p>
   </div>
   <div class='ocr_carea' id='block_1_27' title="bbox 269 2425 1863 2499">
    <p class='ocr_par' dir='ltr' id='par_1_27' title="bbox 269 2425 1863 2499">
     <span class='ocr_line' id='line_1_27' title="bbox 269 2425 1863 2499; baseline 0.003 -19"><span class='ocrx_word' id='word_1_140' title='bbox 269 2427 375 2482; x_wconf 89' lang='lat' dir='ltr'><strong>tias</strong></span> <span class='ocrx_word' id='word_1_141' title='bbox 419 2425 569 2481; x_wconf 87' lang='lat' dir='ltr'><strong>illico</strong></span> <span class='ocrx_word' id='word_1_142' title='bbox 601 2427 932 2496; x_wconf 90' lang='lat' dir='ltr'><strong>completum</strong></span> <span class='ocrx_word' id='word_1_143' title='bbox 967 2436 993 2464; x_wconf 81' lang='grc' dir='ltr'>ι</span> <span class='ocrx_word' id='word_1_144' title='bbox 1033 2428 1178 2498; x_wconf 89' lang='lat' dir='ltr'><strong>quod</strong></span> <span class='ocrx_word' id='word_1_145' title='bbox 1221 2428 1313 2483; x_wconf 90' lang='lat' dir='ltr'><strong>vix</strong></span> <span class='ocrx_word' id='word_1_146' title='bbox 1340 2428 1492 2484; x_wconf 89' lang='lat' dir='ltr'><strong>credi</strong></span> <span class='ocrx_word' id='word_1_147' title='bbox 1540 2438 1755 2499; x_wconf 89' lang='lat' dir='ltr'><strong>poterat</strong></span> <span class='ocrx_word' id='word_1_148' title='bbox 1781 2431 1863 2486; x_wconf 86' lang='lat' dir='ltr'><strong>in-</strong></span> 
     </span>
    </p>
   </div>
   <div class='ocr_carea' id='block_1_28' title="bbox 268 2522 1862 2593">
    <p class='ocr_par' dir='ltr' id='par_1_28' title="bbox 268 2522 1862 2593">
     <span class='ocr_line' id='line_1_28' title="bbox 268 2522 1862 2593; baseline 0.001 -15"><span class='ocrx_word' id='word_1_149' title='bbox 268 2523 556 2586; x_wconf 86' lang='lat' dir='ltr'><strong>choatum;</strong></span> <span class='ocrx_word' id='word_1_150' title='bbox 589 2529 648 2575; x_wconf 91' lang='lat' dir='ltr'><strong>ut</strong></span> <span class='ocrx_word' id='word_1_151' title='bbox 675 2536 818 2592; x_wconf 91' lang='lat' dir='ltr'><strong>pene</strong></span> <span class='ocrx_word' id='word_1_152' title='bbox 855 2531 1057 2592; x_wconf 90' lang='lat' dir='ltr'><strong>quanta</strong></span> <span class='ocrx_word' id='word_1_153' title='bbox 1085 2522 1379 2578; x_wconf 88' lang='lat' dir='ltr'><strong>velocitate</strong></span> <span class='ocrx_word' id='word_1_154' title='bbox 1421 2523 1665 2593; x_wconf 89' lang='lat' dir='ltr'><strong>navigari</strong></span> <span class='ocrx_word' id='word_1_155' title='bbox 1702 2525 1862 2591; x_wconf 87' lang='lat' dir='ltr'><strong>solet,</strong></span> 
     </span>
    </p>
   </div>
   <div class='ocr_carea' id='block_1_29' title="bbox 268 2615 1865 2685">
    <p class='ocr_par' dir='ltr' id='par_1_29' title="bbox 268 2615 1865 2685">
     <span class='ocr_line' id='line_1_29' title="bbox 268 2615 1865 2685; baseline 0.001 -13"><span class='ocrx_word' id='word_1_156' title='bbox 268 2616 606 2672; x_wconf 87' lang='lat' dir='ltr'><strong>constructio</strong></span> <span class='ocrx_word' id='word_1_157' title='bbox 634 2617 853 2671; x_wconf 87' lang='lat' dir='ltr'><strong>navium</strong></span> <span class='ocrx_word' id='word_1_158' title='bbox 880 2622 1031 2671; x_wconf 90' lang='lat' dir='ltr'><strong>tanta</strong></span> <span class='ocrx_word' id='word_1_159' title='bbox 1060 2615 1422 2671; x_wconf 90' lang='lat' dir='ltr'><strong>sitceleritate</strong></span> <span class='ocrx_word' id='word_1_160' title='bbox 1450 2616 1865 2685; x_wconf 81' lang='lat' dir='ltr'><strong>completa.Nec</strong></span> 
     </span>
    </p>
   </div>
   <div class='ocr_carea' id='block_1_30' title="bbox 269 2706 1866 2763">
    <p class='ocr_par' dir='ltr' id='par_1_30' title="bbox 269 2706 1866 2763">
     <span class='ocr_line' id='line_1_30' title="bbox 269 2706 1866 2763; baseline 0.001 -2"><span class='ocrx_word' id='word_1_161' title='bbox 269 2707 445 2761; x_wconf 87' lang='lat' dir='ltr'><strong>solum</strong></span> <span class='ocrx_word' id='word_1_162' title='bbox 478 2707 643 2762; x_wconf 89' lang='lat' dir='ltr'><strong>verba</strong></span> <span class='ocrx_word' id='word_1_163' title='bbox 698 2714 915 2762; x_wconf 87' lang='lat' dir='ltr'><strong>narrata</strong></span> <span class='ocrx_word' id='word_1_164' title='bbox 964 2714 1093 2762; x_wconf 88' lang='lat' dir='ltr'><strong>sunt</strong></span> <span class='ocrx_word' id='word_1_165' title='bbox 1134 2725 1148 2759; x_wconf 89' lang='lat'><strong>:</strong></span> <span class='ocrx_word' id='word_1_166' title='bbox 1198 2706 1440 2762; x_wconf 84' lang='lat' dir='ltr'><strong>obtulisti</strong></span> <span class='ocrx_word' id='word_1_167' title='bbox 1470 2707 1642 2762; x_wconf 88' lang='lat' dir='ltr'><strong>oculis</strong></span> <span class='ocrx_word' id='word_1_168' title='bbox 1668 2708 1866 2763; x_wconf 80' lang='lat' dir='ltr'><strong>nostris</strong></span> 
     </span>
    </p>
   </div>
   <div class='ocr_carea' id='block_1_31' title="bbox 267 2798 1864 2868">
    <p class='ocr_par' dir='ltr' id='par_1_31' title="bbox 267 2798 1864 2868">
     <span class='ocr_line' id='line_1_31' title="bbox 267 2798 1864 2868; baseline 0 -15"><span class='ocrx_word' id='word_1_169' title='bbox 267 2799 452 2853; x_wconf 81' lang='lat' dir='ltr'><strong>subito</strong></span> <span class='ocrx_word' id='word_1_170' title='bbox 489 2798 752 2853; x_wconf 87' lang='lat' dir='ltr'><strong>classeam</strong></span> <span class='ocrx_word' id='word_1_171' title='bbox 782 2798 972 2853; x_wconf 85' lang='lat' dir='ltr'><strong>silvam</strong></span> <span class='ocrx_word' id='word_1_172' title='bbox 1001 2798 1304 2864; x_wconf 90' lang='lat' dir='ltr'><strong>hominum,</strong></span> <span class='ocrx_word' id='word_1_173' title='bbox 1329 2799 1521 2853; x_wconf 89' lang='lat' dir='ltr'><strong>domos</strong></span> <span class='ocrx_word' id='word_1_174' title='bbox 1568 2799 1864 2868; x_wconf 76' lang='lat' dir='ltr'><strong>aquatiles,</strong></span> 
     </span>
    </p>
   </div>
   <div class='ocr_carea' id='block_1_32' title="bbox 269 2888 1867 2959">
    <p class='ocr_par' dir='ltr' id='par_1_32' title="bbox 269 2888 1867 2959">
     <span class='ocr_line' id='line_1_32' title="bbox 269 2888 1867 2959; baseline 0.002 -18"><span class='ocrx_word' id='word_1_175' title='bbox 269 2888 630 2944; x_wconf 74' lang='lat' dir='ltr'><strong>exercituales</strong></span> <span class='ocrx_word' id='word_1_176' title='bbox 690 2888 894 2959; x_wconf 88' lang='lat' dir='ltr'><strong>pedes,</strong></span> <span class='ocrx_word' id='word_1_177' title='bbox 952 2888 1047 2958; x_wconf 88' lang='lat' dir='ltr'><strong>qui</strong></span> <span class='ocrx_word' id='word_1_178' title='bbox 1100 2889 1248 2943; x_wconf 92' lang='lat' dir='ltr'><strong>nullo</strong></span> <span class='ocrx_word' id='word_1_179' title='bbox 1322 2888 1508 2944; x_wconf 87' lang='lat' dir='ltr'><strong>labore</strong></span> <span class='ocrx_word' id='word_1_180' title='bbox 1570 2888 1867 2957; x_wconf 78' lang='lat' dir='ltr'><strong>deﬁciant,</strong></span> 
     </span>
    </p>
   </div>
   <div class='ocr_carea' id='block_1_33' title="bbox 269 2976 1857 3047">
    <p class='ocr_par' dir='ltr' id='par_1_33' title="bbox 269 2976 1857 3047">
     <span class='ocr_line' id='line_1_33' title="bbox 269 2976 1857 3047; baseline -0.001 -14"><span class='ocrx_word' id='word_1_181' title='bbox 269 2978 362 3033; x_wconf 87' lang='lat' dir='ltr'><strong>sed</strong></span> <span class='ocrx_word' id='word_1_182' title='bbox 400 2979 754 3033; x_wconf 75' lang='lat' dir='ltr'><strong>inconcussas</strong></span> <span class='ocrx_word' id='word_1_183' title='bbox 800 2977 1050 3033; x_wconf 87' lang='lat' dir='ltr'><strong>homines</strong></span> <span class='ocrx_word' id='word_1_184' title='bbox 1095 2976 1163 3031; x_wconf 91' lang='lat' dir='ltr'><strong>ad</strong></span> <span class='ocrx_word' id='word_1_185' title='bbox 1218 2976 1483 3031; x_wconf 88' lang='lat' dir='ltr'><strong>destinata</strong></span> <span class='ocrx_word' id='word_1_186' title='bbox 1513 2976 1857 3047; x_wconf 80' lang='lat' dir='ltr'><strong>perducant:</strong></span> 
     </span>
    </p>
   </div>
   <div class='ocr_carea' id='block_1_34' title="bbox 272 3067 1868 3142">
    <p class='ocr_par' dir='ltr' id='par_1_34' title="bbox 272 3067 1868 3142">
     <span class='ocr_line' id='line_1_34' title="bbox 272 3067 1868 3142; baseline 0.003 -21"><span class='ocrx_word' id='word_1_187' title='bbox 272 3069 497 3123; x_wconf 85' lang='lat' dir='ltr'><strong>trireme</strong></span> <span class='ocrx_word' id='word_1_188' title='bbox 516 3067 826 3123; x_wconf 85' lang='lat' dir='ltr'><strong>vehiculum</strong></span> <span class='ocrx_word' id='word_1_189' title='bbox 873 3083 1146 3123; x_wconf 90' lang='lat' dir='ltr'><strong>remorum</strong></span> <span class='ocrx_word' id='word_1_190' title='bbox 1191 3077 1396 3125; x_wconf 66' lang='lat' dir='ltr'><strong>tantum</strong></span> <span class='ocrx_word' id='word_1_191' title='bbox 1428 3085 1709 3127; x_wconf 83' lang='lat' dir='ltr'><strong>numerum</strong></span> <span class='ocrx_word' id='word_1_192' title='bbox 1739 3086 1868 3142; x_wconf 91' lang='lat' dir='ltr'><strong>pro-</strong></span> 
     </span>
    </p>
   </div>
   <div class='ocr_carea' id='block_1_35' title="bbox 270 3156 1867 3229">
    <p class='ocr_par' dir='ltr' id='par_1_35' title="bbox 270 3156 1867 3229">
     <span class='ocr_line' id='line_1_35' title="bbox 270 3156 1867 3229; baseline 0.004 -16"><span class='ocrx_word' id='word_1_193' title='bbox 270 3160 427 3225; x_wconf 89' lang='lat' dir='ltr'><strong>dens,</strong></span> <span class='ocrx_word' id='word_1_194' title='bbox 446 3159 545 3214; x_wconf 87' lang='lat' dir='ltr'><strong>sed</strong></span> <span class='ocrx_word' id='word_1_195' title='bbox 564 3157 840 3214; x_wconf 87' lang='lat' dir='ltr'><strong>hominum</strong></span> <span class='ocrx_word' id='word_1_196' title='bbox 855 3156 1020 3214; x_wconf 87' lang='lat' dir='ltr'><strong>facies</strong></span> <span class='ocrx_word' id='word_1_197' title='bbox 1059 3160 1715 3229; x_wconf 86' lang='lat' dir='ltr'><strong>diligenterabscondens.</strong></span> <span class='ocrx_word' id='word_1_198' title='bbox 1751 3163 1867 3220; x_wconf 85' lang='lat' dir='ltr'><strong>Hoc</strong></span> 
     </span>
    </p>
   </div>
   <div class='ocr_carea' id='block_1_36' title="bbox 270 3250 1871 3323">
    <p class='ocr_par' dir='ltr' id='par_1_36' title="bbox 270 3250 1871 3323">
     <span class='ocr_line' id='line_1_36' title="bbox 270 3250 1871 3323; baseline 0.002 -17"><span class='ocrx_word' id='word_1_199' title='bbox 270 3253 510 3323; x_wconf 90' lang='lat' dir='ltr'><strong>primum</strong></span> <span class='ocrx_word' id='word_1_200' title='bbox 527 3250 821 3306; x_wconf 89' lang='lat' dir='ltr'><strong>instituisse</strong></span> <span class='ocrx_word' id='word_1_201' title='bbox 831 3251 1056 3320; x_wconf 86' lang='lat' dir='ltr'><strong>legimus</strong></span> <span class='ocrx_word' id='word_1_202' title='bbox 1081 3253 1439 3322; x_wconf 82' lang='lat' dir='ltr'><strong>Argonautas.</strong></span> <span class='ocrx_word' id='word_1_203' title='bbox 1458 3255 1612 3321; x_wconf 85' lang='lat' dir='ltr'><strong>Quod</strong></span> <span class='ocrx_word' id='word_1_204' title='bbox 1628 3264 1686 3310; x_wconf 91' lang='lat' dir='ltr'><strong>et</strong></span> <span class='ocrx_word' id='word_1_205' title='bbox 1699 3271 1871 3310; x_wconf 77' lang='lat' dir='ltr'><strong>arma-</strong></span> 
     </span>
    </p>
   </div>
   <div class='ocr_carea' id='block_1_37' title="bbox 274 3315 1941 3412">
    <p class='ocr_par' dir='ltr' id='par_1_37' title="bbox 274 3315 1941 3412">
     <span class='ocr_line' id='line_1_37' title="bbox 274 3315 1941 3412; baseline 0.003 -16"><span class='ocrx_word' id='word_1_206' title='bbox 274 3315 341 3400; x_wconf 77' lang='lat' dir='ltr'><strong>tis</strong></span> <span class='ocrx_word' id='word_1_207' title='bbox 355 3351 643 3412; x_wconf 84' lang='lat' dir='ltr'><strong>aptum,et</strong></span> <span class='ocrx_word' id='word_1_208' title='bbox 665 3315 959 3412; x_wconf 73' lang='lat' dir='ltr'><strong>congruum</strong></span> <span class='ocrx_word' id='word_1_209' title='bbox 985 3315 1243 3412; x_wconf 75' lang='lat' dir='ltr'><strong>probatur</strong></span> <span class='ocrx_word' id='word_1_210' title='bbox 1255 3360 1375 3400; x_wconf 86' lang='lat' dir='ltr'><strong>esse</strong></span> <span class='ocrx_word' id='word_1_211' title='bbox 1403 3315 1777 3412; x_wconf 77' lang='lat' dir='ltr'><strong>commerciis;</strong></span> <span class='ocrx_word' id='word_1_212' title='bbox 1809 3354 1870 3402; x_wconf 94' lang='lat' dir='ltr'><strong>ut</strong></span> <span class='ocrx_word' id='word_1_213' title='bbox 1897 3315 1941 3377; x_wconf 68' lang='grc' dir='ltr'>Ο</span> 
     </span>
    </p>
   </div>
   <div class='ocr_carea' id='block_1_38' title="bbox 272 3435 1869 3508">
    <p class='ocr_par' dir='ltr' id='par_1_38' title="bbox 272 3435 1869 3508">
     <span class='ocr_line' id='line_1_38' title="bbox 272 3435 1869 3508; baseline 0 -17"><span class='ocrx_word' id='word_1_214' title='bbox 272 3437 361 3508; x_wconf 87' lang='lat' dir='ltr'><strong>qui</strong></span> <span class='ocrx_word' id='word_1_215' title='bbox 376 3436 700 3508; x_wconf 89' lang='lat' dir='ltr'><strong>peregrinas</strong></span> <span class='ocrx_word' id='word_1_216' title='bbox 726 3435 929 3491; x_wconf 82' lang='lat' dir='ltr'><strong>classes</strong></span> <span class='ocrx_word' id='word_1_217' title='bbox 949 3436 1272 3508; x_wconf 86' lang='lat' dir='ltr'><strong>optabamus</strong></span> <span class='ocrx_word' id='word_1_218' title='bbox 1291 3437 1556 3507; x_wconf 90' lang='lat' dir='ltr'><strong>aspicere,</strong></span> <span class='ocrx_word' id='word_1_219' title='bbox 1573 3452 1717 3492; x_wconf 81' lang='lat' dir='ltr'><strong>nunc</strong></span> <span class='ocrx_word' id='word_1_220' title='bbox 1739 3438 1869 3492; x_wconf 83' lang='lat' dir='ltr'><strong>mit-</strong></span> 
     </span>
    </p>
   </div>
   <div class='ocr_carea' id='block_1_39' title="bbox 271 3525 1871 3602">
    <p class='ocr_par' dir='ltr' id='par_1_39' title="bbox 271 3525 1871 3602">
     <span class='ocr_line' id='line_1_39' title="bbox 271 3525 1871 3602; baseline 0.002 -22"><span class='ocrx_word' id='word_1_221' title='bbox 271 3536 450 3582; x_wconf 85' lang='lat' dir='ltr'><strong>tamus</strong></span> <span class='ocrx_word' id='word_1_222' title='bbox 501 3525 621 3580; x_wconf 87' lang='lat' dir='ltr'><strong>aliis</strong></span> <span class='ocrx_word' id='word_1_223' title='bbox 670 3525 957 3597; x_wconf 83' lang='lat' dir='ltr'><strong>provinciis</strong></span> <span class='ocrx_word' id='word_1_224' title='bbox 985 3527 1093 3596; x_wconf 76' lang='lat'><strong>35</strong></span> <span class='ocrx_word' id='word_1_225' title='bbox 1143 3535 1200 3580; x_wconf 85' lang='lat' dir='ltr'><strong>et</strong></span> <span class='ocrx_word' id='word_1_226' title='bbox 1253 3541 1518 3582; x_wconf 88' lang='lat' dir='ltr'><strong>terrorem</strong></span> <span class='ocrx_word' id='word_1_227' title='bbox 1554 3529 1760 3602; x_wconf 89' lang='lat' dir='ltr'><strong>pariter</strong></span> <span class='ocrx_word' id='word_1_228' title='bbox 1812 3536 1871 3583; x_wconf 86' lang='lat' dir='ltr'><strong>et</strong></span> 
     </span>
    </p>
   </div>
   <div class='ocr_carea' id='block_1_40' title="bbox 269 3613 1870 3686">
    <p class='ocr_par' dir='ltr' id='par_1_40' title="bbox 269 3613 1870 3686">
     <span class='ocr_line' id='line_1_40' title="bbox 269 3613 1870 3686; baseline 0.001 -15"><span class='ocrx_word' id='word_1_229' title='bbox 269 3614 548 3671; x_wconf 83' lang='lat' dir='ltr'><strong>decorem.</strong></span> <span class='ocrx_word' id='word_1_230' title='bbox 599 3613 813 3669; x_wconf 87' lang='lat' dir='ltr'><strong>Ornasti</strong></span> <span class='ocrx_word' id='word_1_231' title='bbox 860 3615 1109 3684; x_wconf 90' lang='lat' dir='ltr'><strong>rempub.</strong></span> <span class='ocrx_word' id='word_1_232' title='bbox 1165 3627 1256 3670; x_wconf 74' lang='lat' dir='ltr'><strong>tua</strong></span> <span class='ocrx_word' id='word_1_233' title='bbox 1323 3616 1660 3672; x_wconf 84' lang='lat' dir='ltr'><strong>institutione</strong></span> <span class='ocrx_word' id='word_1_234' title='bbox 1708 3633 1870 3686; x_wconf 84' lang='lat' dir='ltr'><strong>repa-</strong></span> 
     </span>
    </p>
   </div>
   <div class='ocr_carea' id='block_1_41' title="bbox 271 3704 1871 3778">
    <p class='ocr_par' dir='ltr' id='par_1_41' title="bbox 271 3704 1871 3778">
     <span class='ocr_line' id='line_1_41' title="bbox 271 3704 1871 3778; baseline 0.001 -19"><span class='ocrx_word' id='word_1_235' title='bbox 271 3715 469 3760; x_wconf 87' lang='lat' dir='ltr'><strong>ratam.</strong></span> <span class='ocrx_word' id='word_1_236' title='bbox 489 3704 608 3759; x_wconf 82' lang='lat' dir='ltr'><strong>Non</strong></span> <span class='ocrx_word' id='word_1_237' title='bbox 634 3705 794 3760; x_wconf 87' lang='lat' dir='ltr'><strong>habet</strong></span> <span class='ocrx_word' id='word_1_238' title='bbox 818 3705 963 3774; x_wconf 90' lang='lat' dir='ltr'><strong>quod</strong></span> <span class='ocrx_word' id='word_1_239' title='bbox 982 3707 1139 3760; x_wconf 89' lang='lat' dir='ltr'><strong>nobis</strong></span> <span class='ocrx_word' id='word_1_240' title='bbox 1152 3705 1369 3761; x_wconf 62' lang='lat' dir='ltr'><strong>Caecus</strong></span> <span class='ocrx_word' id='word_1_241' title='bbox 1388 3706 1613 3778; x_wconf 88' lang='lat' dir='ltr'><strong>imputet</strong></span> <span class='ocrx_word' id='word_1_242' title='bbox 1631 3715 1725 3762; x_wconf 90' lang='lat' dir='ltr'><strong>aut</strong></span> <span class='ocrx_word' id='word_1_243' title='bbox 1742 3705 1871 3762; x_wconf 81' lang='lat' dir='ltr'><strong>Afer</strong></span> 
     </span>
    </p>
   </div>
   <div class='ocr_carea' id='block_1_42' title="bbox 270 3795 1865 3868">
    <p class='ocr_par' dir='ltr' id='par_1_42' title="bbox 270 3795 1865 3868">
     <span class='ocr_line' id='line_1_42' title="bbox 270 3795 1865 3868; baseline 0.003 -17"><span class='ocrx_word' id='word_1_244' title='bbox 270 3798 510 3851; x_wconf 81' lang='lat' dir='ltr'><strong>insultet.</strong></span> <span class='ocrx_word' id='word_1_245' title='bbox 543 3795 679 3851; x_wconf 91' lang='lat' dir='ltr'><strong>Illud</strong></span> <span class='ocrx_word' id='word_1_246' title='bbox 698 3795 838 3866; x_wconf 88' lang='lat' dir='ltr'><strong>apud</strong></span> <span class='ocrx_word' id='word_1_247' title='bbox 867 3811 966 3852; x_wconf 92' lang='lat' dir='ltr'><strong>nos</strong></span> <span class='ocrx_word' id='word_1_248' title='bbox 988 3796 1150 3851; x_wconf 88' lang='lat' dir='ltr'><strong>invidi</strong></span> <span class='ocrx_word' id='word_1_249' title='bbox 1172 3797 1354 3867; x_wconf 83' lang='lat' dir='ltr'><strong>vigere</strong></span> <span class='ocrx_word' id='word_1_250' title='bbox 1376 3797 1694 3868; x_wconf 87' lang='lat' dir='ltr'><strong>respiciunt,</strong></span> <span class='ocrx_word' id='word_1_251' title='bbox 1719 3799 1865 3855; x_wconf 70' lang='lat' dir='ltr'><strong>unde</strong></span> 
     </span>
    </p>
   </div>
   <div class='ocr_carea' id='block_1_43' title="bbox 266 3888 1871 3961">
    <p class='ocr_par' dir='ltr' id='par_1_43' title="bbox 266 3888 1871 3961">
     <span class='ocr_line' id='line_1_43' title="bbox 266 3888 1871 3961; baseline 0 -17"><span class='ocrx_word' id='word_1_252' title='bbox 266 3889 354 3945; x_wconf 89' lang='lat' dir='ltr'><strong>illi</strong></span> <span class='ocrx_word' id='word_1_253' title='bbox 368 3905 470 3960; x_wconf 86' lang='lat' dir='ltr'><strong>per</strong></span> <span class='ocrx_word' id='word_1_254' title='bbox 496 3903 689 3959; x_wconf 87' lang='lat' dir='ltr'><strong>magna</strong></span> <span class='ocrx_word' id='word_1_255' title='bbox 713 3890 885 3961; x_wconf 88' lang='lat' dir='ltr'><strong>pretia</strong></span> <span class='ocrx_word' id='word_1_256' title='bbox 907 3904 1002 3945; x_wconf 88' lang='lat' dir='ltr'><strong>sua</strong></span> <span class='ocrx_word' id='word_1_257' title='bbox 1026 3899 1153 3943; x_wconf 87' lang='lat' dir='ltr'><strong>vota</strong></span> <span class='ocrx_word' id='word_1_258' title='bbox 1179 3889 1542 3959; x_wconf 87' lang='lat' dir='ltr'><strong>complebant.</strong></span> <span class='ocrx_word' id='word_1_259' title='bbox 1560 3888 1712 3944; x_wconf 86' lang='lat' dir='ltr'><strong>Nunc</strong></span> <span class='ocrx_word' id='word_1_260' title='bbox 1732 3903 1871 3958; x_wconf 76' lang='lat' dir='ltr'><strong>prte-</strong></span> 
     </span>
    </p>
   </div>
   <div class='ocr_carea' id='block_1_44' title="bbox 269 3980 1873 4051">
    <p class='ocr_par' dir='ltr' id='par_1_44' title="bbox 269 3980 1873 4051">
     <span class='ocr_line' id='line_1_44' title="bbox 269 3980 1873 4051; baseline 0 -16"><span class='ocrx_word' id='word_1_261' title='bbox 269 3981 425 4037; x_wconf 87' lang='lat' dir='ltr'><strong>dietis</strong></span> <span class='ocrx_word' id='word_1_262' title='bbox 448 3982 612 4037; x_wconf 85' lang='lat' dir='ltr'><strong>rebus</strong></span> <span class='ocrx_word' id='word_1_263' title='bbox 640 3990 972 4036; x_wconf 89' lang='lat' dir='ltr'><strong>armamenta</strong></span> <span class='ocrx_word' id='word_1_264' title='bbox 1008 3989 1318 4051; x_wconf 88' lang='lat' dir='ltr'><strong>procurate,</strong></span> <span class='ocrx_word' id='word_1_265' title='bbox 1336 3981 1455 4036; x_wconf 91' lang='lat' dir='ltr'><strong>vela</strong></span> <span class='ocrx_word' id='word_1_266' title='bbox 1474 3980 1743 4051; x_wconf 67' lang='lat' dir='ltr'><strong>praecipue</strong></span> <span class='ocrx_word' id='word_1_267' title='bbox 1759 3981 1873 4036; x_wconf 86' lang='lat' dir='ltr'><strong>alas</strong></span> 
     </span>
    </p>
   </div>
   <div class='ocr_carea' id='block_1_45' title="bbox 269 4070 1867 4140">
    <p class='ocr_par' dir='ltr' id='par_1_45' title="bbox 269 4070 1867 4140">
     <span class='ocr_line' id='line_1_45' title="bbox 269 4070 1867 4140; baseline 0.001 -15"><span class='ocrx_word' id='word_1_268' title='bbox 269 4071 488 4125; x_wconf 81' lang='lat' dir='ltr'><strong>navium</strong></span> <span class='ocrx_word' id='word_1_269' title='bbox 517 4070 969 4136; x_wconf 87' lang='lat' dir='ltr'><strong>facientia,linum</strong></span> <span class='ocrx_word' id='word_1_270' title='bbox 999 4070 1237 4132; x_wconf 81' lang='lat' dir='ltr'><strong>volatile,</strong></span> <span class='ocrx_word' id='word_1_271' title='bbox 1254 4070 1473 4139; x_wconf 89' lang='lat' dir='ltr'><strong>quidam</strong></span> <span class='ocrx_word' id='word_1_272' title='bbox 1497 4071 1718 4140; x_wconf 87' lang='lat' dir='ltr'><strong>spiritus</strong></span> <span class='ocrx_word' id='word_1_273' title='bbox 1739 4086 1867 4126; x_wconf 89' lang='lat' dir='ltr'><strong>cur-</strong></span> 
     </span>
    </p>
   </div>
   <div class='ocr_carea' id='block_1_46' title="bbox 269 4164 1868 4235">
    <p class='ocr_par' dir='ltr' id='par_1_46' title="bbox 269 4164 1868 4235">
     <span class='ocr_line' id='line_1_46' title="bbox 269 4164 1868 4235; baseline 0.001 -17"><span class='ocrx_word' id='word_1_274' title='bbox 269 4164 505 4218; x_wconf 87' lang='lat' dir='ltr'><strong>rentium</strong></span> <span class='ocrx_word' id='word_1_275' title='bbox 519 4164 849 4231; x_wconf 89' lang='lat' dir='ltr'><strong>carinarum,</strong></span> <span class='ocrx_word' id='word_1_276' title='bbox 860 4164 1161 4233; x_wconf 70' lang='lat' dir='ltr'><strong>praenuntia</strong></span> <span class='ocrx_word' id='word_1_277' title='bbox 1177 4165 1456 4231; x_wconf 89' lang='lat' dir='ltr'><strong>mercium,</strong></span> <span class='ocrx_word' id='word_1_278' title='bbox 1474 4165 1671 4220; x_wconf 84' lang='lat' dir='ltr'><strong>auxilia</strong></span> <span class='ocrx_word' id='word_1_279' title='bbox 1684 4166 1868 4235; x_wconf 79' lang='lat' dir='ltr'><strong>quieta</strong></span> 
     </span>
    </p>
   </div>
   <div class='ocr_carea' id='block_1_47' title="bbox 271 4253 1864 4326">
    <p class='ocr_par' dir='ltr' id='par_1_47' title="bbox 271 4253 1864 4326">
     <span class='ocr_line' id='line_1_47' title="bbox 271 4253 1864 4326; baseline 0.003 -18"><span class='ocrx_word' id='word_1_280' title='bbox 271 4264 563 4311; x_wconf 84' lang='lat' dir='ltr'><strong>nautarum</strong></span> <span class='ocrx_word' id='word_1_281' title='bbox 587 4273 600 4308; x_wconf 95' lang='lat'><strong>:</strong></span> <span class='ocrx_word' id='word_1_282' title='bbox 624 4269 854 4324; x_wconf 89' lang='lat' dir='ltr'><strong>quorum</strong></span> <span class='ocrx_word' id='word_1_283' title='bbox 878 4253 1141 4311; x_wconf 86' lang='lat' dir='ltr'><strong>beneficio</strong></span> <span class='ocrx_word' id='word_1_284' title='bbox 1156 4255 1803 4326; x_wconf 89' lang='lat' dir='ltr'><strong>conficiuntotiosi,quod</strong></span> <span class='ocrx_word' id='word_1_285' title='bbox 1834 4273 1864 4311; x_wconf 90' lang='lat' dir='ltr'><strong>a</strong></span> 
     </span>
    </p>
   </div>
   <div class='ocr_carea' id='block_1_48' title="bbox 267 4344 1871 4418">
    <p class='ocr_par' dir='ltr' id='par_1_48' title="bbox 267 4344 1871 4418">
     <span class='ocr_line' id='line_1_48' title="bbox 267 4344 1871 4418; baseline 0.002 -18"><span class='ocrx_word' id='word_1_286' title='bbox 267 4344 575 4400; x_wconf 82' lang='lat' dir='ltr'><strong>celerrimis</strong></span> <span class='ocrx_word' id='word_1_287' title='bbox 602 4346 792 4402; x_wconf 89' lang='lat' dir='ltr'><strong>avibus</strong></span> <span class='ocrx_word' id='word_1_288' title='bbox 822 4345 909 4400; x_wconf 81' lang='lat' dir='ltr'><strong>vix</strong></span> <span class='ocrx_word' id='word_1_289' title='bbox 949 4347 1209 4416; x_wconf 88' lang='lat' dir='ltr'><strong>probatur</strong></span> <span class='ocrx_word' id='word_1_290' title='bbox 1243 4347 1471 4418; x_wconf 83' lang='lat' dir='ltr'><strong>impleri.</strong></span> <span class='ocrx_word' id='word_1_291' title='bbox 1501 4347 1616 4403; x_wconf 82' lang='lat' dir='ltr'><strong>Hoc</strong></span> <span class='ocrx_word' id='word_1_292' title='bbox 1642 4347 1739 4403; x_wconf 93' lang='lat' dir='ltr'><strong>Isis</strong></span> <span class='ocrx_word' id='word_1_293' title='bbox 1768 4348 1871 4403; x_wconf 87' lang='lat' dir='ltr'><strong>rati</strong></span> 
     </span>
    </p>
   </div>
   <div class='ocr_carea' id='block_1_49' title="bbox 270 4438 1870 4509">
    <p class='ocr_par' dir='ltr' id='par_1_49' title="bbox 270 4438 1870 4509">
     <span class='ocr_line' id='line_1_49' title="bbox 270 4438 1870 4509; baseline 0.001 -17"><span class='ocrx_word' id='word_1_294' title='bbox 270 4438 445 4507; x_wconf 87' lang='lat' dir='ltr'><strong>prima</strong></span> <span class='ocrx_word' id='word_1_295' title='bbox 489 4438 794 4509; x_wconf 80' lang='lat' dir='ltr'><strong>suspendit,</strong></span> <span class='ocrx_word' id='word_1_296' title='bbox 847 4452 968 4492; x_wconf 89' lang='lat' dir='ltr'><strong>cum</strong></span> <span class='ocrx_word' id='word_1_297' title='bbox 1017 4453 1115 4508; x_wconf 90' lang='lat' dir='ltr'><strong>per</strong></span> <span class='ocrx_word' id='word_1_298' title='bbox 1162 4440 1331 4494; x_wconf 87' lang='lat' dir='ltr'><strong>maria</strong></span> <span class='ocrx_word' id='word_1_299' title='bbox 1376 4440 1661 4509; x_wconf 89' lang='lat' dir='ltr'><strong>Apochran</strong></span> <span class='ocrx_word' id='word_1_300' title='bbox 1703 4439 1870 4494; x_wconf 88' lang='lat' dir='ltr'><strong>filium</strong></span> 
     </span>
    </p>
   </div>
   <div class='ocr_carea' id='block_1_50' title="bbox 265 4528 1869 4599">
    <p class='ocr_par' dir='ltr' id='par_1_50' title="bbox 265 4528 1869 4599">
     <span class='ocr_line' id='line_1_50' title="bbox 265 4528 1869 4599; baseline 0.002 -17"><span class='ocrx_word' id='word_1_301' title='bbox 265 4542 430 4582; x_wconf 87' lang='lat' dir='ltr'><strong>suum</strong></span> <span class='ocrx_word' id='word_1_302' title='bbox 481 4528 673 4584; x_wconf 86' lang='lat' dir='ltr'><strong>audaci</strong></span> <span class='ocrx_word' id='word_1_303' title='bbox 722 4529 918 4584; x_wconf 88' lang='lat' dir='ltr'><strong>femina</strong></span> <span class='ocrx_word' id='word_1_304' title='bbox 969 4529 1168 4599; x_wconf 89' lang='lat' dir='ltr'><strong>pietate</strong></span> <span class='ocrx_word' id='word_1_305' title='bbox 1210 4530 1565 4599; x_wconf 90' lang='lat' dir='ltr'><strong>perquireret.</strong></span> <span class='ocrx_word' id='word_1_306' title='bbox 1617 4529 1695 4584; x_wconf 90' lang='lat' dir='ltr'><strong>Ita</strong></span> <span class='ocrx_word' id='word_1_307' title='bbox 1741 4531 1869 4585; x_wconf 91' lang='lat' dir='ltr'><strong>dum</strong></span> 
     </span>
    </p>
   </div>
   <div class='ocr_carea' id='block_1_51' title="bbox 265 4618 1866 4690">
    <p class='ocr_par' dir='ltr' id='par_1_51' title="bbox 265 4618 1866 4690">
     <span class='ocr_line' id='line_1_51' title="bbox 265 4618 1866 4690; baseline 0.001 -16"><span class='ocrx_word' id='word_1_308' title='bbox 265 4628 518 4674; x_wconf 81' lang='lat' dir='ltr'><strong>materna</strong></span> <span class='ocrx_word' id='word_1_309' title='bbox 547 4620 784 4674; x_wconf 90' lang='lat' dir='ltr'><strong>charitas</strong></span> <span class='ocrx_word' id='word_1_310' title='bbox 823 4634 979 4674; x_wconf 90' lang='lat' dir='ltr'><strong>suum</strong></span> <span class='ocrx_word' id='word_1_311' title='bbox 1007 4618 1328 4673; x_wconf 76' lang='lat' dir='ltr'><strong>desiderium</strong></span> <span class='ocrx_word' id='word_1_312' title='bbox 1373 4618 1592 4675; x_wconf 85' lang='lat' dir='ltr'><strong>festinat</strong></span> <span class='ocrx_word' id='word_1_313' title='bbox 1628 4620 1866 4690; x_wconf 79' lang='lat' dir='ltr'><strong>explere,</strong></span> 
     </span>
    </p>
   </div>
   <div class='ocr_carea' id='block_1_52' title="bbox 1951 648 3544 721">
    <p class='ocr_par' dir='ltr' id='par_1_52' title="bbox 1951 648 3544 721">
     <span class='ocr_line' id='line_1_52' title="bbox 1951 648 3544 721; baseline 0.005 -19"><span class='ocrx_word' id='word_1_314' title='bbox 1951 648 2160 714; x_wconf 86' lang='lat' dir='ltr'><strong>veniat;</strong></span> <span class='ocrx_word' id='word_1_315' title='bbox 2211 660 2478 719; x_wconf 87' lang='lat' dir='ltr'><strong>quatenus</strong></span> <span class='ocrx_word' id='word_1_316' title='bbox 2521 667 2609 706; x_wconf 89' lang='lat' dir='ltr'><strong>res</strong></span> <span class='ocrx_word' id='word_1_317' title='bbox 2644 651 2712 706; x_wconf 87' lang='lat' dir='ltr'><strong>de</strong></span> <span class='ocrx_word' id='word_1_318' title='bbox 2753 652 2932 707; x_wconf 90' lang='lat' dir='ltr'><strong>vicino</strong></span> <span class='ocrx_word' id='word_1_319' title='bbox 2972 652 3076 708; x_wconf 90' lang='lat' dir='ltr'><strong>fine</strong></span> <span class='ocrx_word' id='word_1_320' title='bbox 3103 653 3420 721; x_wconf 82' lang='lat' dir='ltr'><strong>gaudentes,</strong></span> <span class='ocrx_word' id='word_1_321' title='bbox 3473 653 3544 710; x_wconf 84' lang='lat' dir='ltr'><strong>ad</strong></span> 
     </span>
    </p>
   </div>
   <div class='ocr_carea' id='block_1_53' title="bbox 1952 738 3542 813">
    <p class='ocr_par' dir='ltr' id='par_1_53' title="bbox 1952 738 3542 813">
     <span class='ocr_line' id='line_1_53' title="bbox 1952 738 3542 813; baseline 0.004 -21"><span class='ocrx_word' id='word_1_322' title='bbox 1952 738 2322 807; x_wconf 86' lang='lat' dir='ltr'><strong>plenissimum</strong></span> <span class='ocrx_word' id='word_1_323' title='bbox 2371 739 2738 810; x_wconf 88' lang='lat' dir='ltr'><strong>perducantur</strong></span> <span class='ocrx_word' id='word_1_324' title='bbox 2788 742 3056 798; x_wconf 80' lang='lat' dir='ltr'><strong>effectum.</strong></span> <span class='ocrx_word' id='word_1_325' title='bbox 3126 741 3233 798; x_wconf 90' lang='lat' dir='ltr'><strong>Sed</strong></span> <span class='ocrx_word' id='word_1_326' title='bbox 3288 744 3542 813; x_wconf 89' lang='lat' dir='ltr'><strong>quoniam</strong></span> 
     </span>
    </p>
   </div>
   <div class='ocr_carea' id='block_1_54' title="bbox 1952 829 3544 904">
    <p class='ocr_par' dir='ltr' id='par_1_54' title="bbox 1952 829 3544 904">
     <span class='ocr_line' id='line_1_54' title="bbox 1952 829 3544 904; baseline 0.003 -20"><span class='ocrx_word' id='word_1_327' title='bbox 1952 829 2270 884; x_wconf 90' lang='lat' dir='ltr'><strong>dromonum</strong></span> <span class='ocrx_word' id='word_1_328' title='bbox 2320 846 2622 895; x_wconf 90' lang='lat' dir='ltr'><strong>numerum,</strong></span> <span class='ocrx_word' id='word_1_329' title='bbox 2670 831 2893 901; x_wconf 89' lang='lat' dir='ltr'><strong>juvante</strong></span> <span class='ocrx_word' id='word_1_330' title='bbox 2950 833 3081 900; x_wconf 87' lang='lat' dir='ltr'><strong>Deo,</strong></span> <span class='ocrx_word' id='word_1_331' title='bbox 3134 834 3379 904; x_wconf 88' lang='lat' dir='ltr'><strong>cupimus</strong></span> <span class='ocrx_word' id='word_1_332' title='bbox 3423 850 3544 890; x_wconf 88' lang='lat' dir='ltr'><strong>am-</strong></span> 
     </span>
    </p>
   </div>
   <div class='ocr_carea' id='block_1_55' title="bbox 1954 910 3547 995">
    <p class='ocr_par' dir='ltr' id='par_1_55' title="bbox 1954 910 3547 995">
     <span class='ocr_line' id='line_1_55' title="bbox 1954 910 3547 995; baseline 0.005 -22"><span class='ocrx_word' id='word_1_333' title='bbox 1954 918 2143 990; x_wconf 88' lang='lat' dir='ltr'><strong>pliari;</strong></span> <span class='ocrx_word' id='word_1_334' title='bbox 2194 922 2239 975; x_wconf 89' lang='lat' dir='ltr'><strong>si</strong></span> <span class='ocrx_word' id='word_1_335' title='bbox 2277 936 2381 991; x_wconf 85' lang='lat' dir='ltr'><strong>qua</strong></span> <span class='ocrx_word' id='word_1_336' title='bbox 2413 921 2552 990; x_wconf 88' lang='lat' dir='ltr'><strong>ligna</strong></span> <span class='ocrx_word' id='word_1_337' title='bbox 2603 921 2821 978; x_wconf 90' lang='lat' dir='ltr'><strong>fabricis</strong></span> <span class='ocrx_word' id='word_1_338' title='bbox 2865 938 3052 978; x_wconf 87' lang='lat' dir='ltr'><strong>eorum</strong></span> <span class='ocrx_word' id='word_1_339' title='bbox 3099 910 3413 980; x_wconf 21' lang='lat' dir='ltr'><strong>necessaria)</strong></span> <span class='ocrx_word' id='word_1_340' title='bbox 3448 940 3547 995; x_wconf 87' lang='lat' dir='ltr'><strong>per</strong></span> 
     </span>
    </p>
   </div>
   <div class='ocr_carea' id='block_1_56' title="bbox 1954 1013 3544 1086">
    <p class='ocr_par' dir='ltr' id='par_1_56' title="bbox 1954 1013 3544 1086">
     <span class='ocr_line' id='line_1_56' title="bbox 1954 1013 3544 1086; baseline 0.002 -19"><span class='ocrx_word' id='word_1_341' title='bbox 1954 1023 2238 1084; x_wconf 83' lang='lat' dir='ltr'><strong>utramque</strong></span> <span class='ocrx_word' id='word_1_342' title='bbox 2261 1013 2390 1068; x_wconf 89' lang='lat' dir='ltr'><strong>Padi</strong></span> <span class='ocrx_word' id='word_1_343' title='bbox 2419 1016 2589 1085; x_wconf 89' lang='lat' dir='ltr'><strong>ripam</strong></span> <span class='ocrx_word' id='word_1_344' title='bbox 2620 1018 2893 1086; x_wconf 89' lang='lat' dir='ltr'><strong>potuerint</strong></span> <span class='ocrx_word' id='word_1_345' title='bbox 2929 1017 3177 1083; x_wconf 87' lang='lat' dir='ltr'><strong>inveniri,</strong></span> <span class='ocrx_word' id='word_1_346' title='bbox 3225 1017 3373 1072; x_wconf 87' lang='lat' dir='ltr'><strong>nullo</strong></span> <span class='ocrx_word' id='word_1_347' title='bbox 3399 1017 3544 1072; x_wconf 91' lang='lat' dir='ltr'><strong>obsi-</strong></span> 
     </span>
    </p>
   </div>
   <div class='ocr_carea' id='block_1_57' title="bbox 1953 1104 3546 1177">
    <p class='ocr_par' dir='ltr' id='par_1_57' title="bbox 1953 1104 3546 1177">
     <span class='ocr_line' id='line_1_57' title="bbox 1953 1104 3546 1177; baseline 0.001 -18"><span class='ocrx_word' id='word_1_348' title='bbox 1953 1104 2402 1175; x_wconf 88' lang='lat' dir='ltr'><strong>stentejubemus</strong></span> <span class='ocrx_word' id='word_1_349' title='bbox 2447 1106 2670 1173; x_wconf 83' lang='lat' dir='ltr'><strong>abscidi,</strong></span> <span class='ocrx_word' id='word_1_350' title='bbox 2725 1106 2851 1175; x_wconf 86' lang='lat' dir='ltr'><strong>quia</strong></span> <span class='ocrx_word' id='word_1_351' title='bbox 2891 1107 3006 1162; x_wconf 91' lang='lat' dir='ltr'><strong>sine</strong></span> <span class='ocrx_word' id='word_1_352' title='bbox 3037 1106 3344 1177; x_wconf 72' lang='lat' dir='ltr'><strong>przejudicio</strong></span> <span class='ocrx_word' id='word_1_353' title='bbox 3370 1106 3546 1162; x_wconf 83' lang='lat' dir='ltr'><strong>donti-</strong></span> 
     </span>
    </p>
   </div>
   <div class='ocr_carea' id='block_1_58' title="bbox 1954 1198 3548 1269">
    <p class='ocr_par' dir='ltr' id='par_1_58' title="bbox 1954 1198 3548 1269">
     <span class='ocr_line' id='line_1_58' title="bbox 1954 1198 3548 1269; baseline 0.001 -15"><span class='ocrx_word' id='word_1_354' title='bbox 1954 1215 2145 1255; x_wconf 91' lang='lat' dir='ltr'><strong>norum</strong></span> <span class='ocrx_word' id='word_1_355' title='bbox 2178 1198 2326 1268; x_wconf 88' lang='lat' dir='ltr'><strong>operi</strong></span> <span class='ocrx_word' id='word_1_356' title='bbox 2356 1205 2560 1254; x_wconf 86' lang='lat' dir='ltr'><strong>tantum</strong></span> <span class='ocrx_word' id='word_1_357' title='bbox 2593 1200 2849 1269; x_wconf 57' lang='lat' dir='ltr'><strong>praesenti</strong></span> <span class='ocrx_word' id='word_1_358' title='bbox 2879 1200 3125 1256; x_wconf 87' lang='lat' dir='ltr'><strong>volumus</strong></span> <span class='ocrx_word' id='word_1_359' title='bbox 3152 1199 3387 1269; x_wconf 86' lang='lat' dir='ltr'><strong>injuncta</strong></span> <span class='ocrx_word' id='word_1_360' title='bbox 3413 1215 3548 1256; x_wconf 84' lang='lat' dir='ltr'><strong>con-</strong></span> 
     </span>
    </p>
   </div>
   <div class='ocr_carea' id='block_1_59' title="bbox 1954 1288 3547 1360">
    <p class='ocr_par' dir='ltr' id='par_1_59' title="bbox 1954 1288 3547 1360">
     <span class='ocr_line' id='line_1_59' title="bbox 1954 1288 3547 1360; baseline 0 -16"><span class='ocrx_word' id='word_1_361' title='bbox 1954 1289 2092 1345; x_wconf 88' lang='lat' dir='ltr'><strong>cedi.</strong></span> <span class='ocrx_word' id='word_1_362' title='bbox 2123 1288 2301 1343; x_wconf 81' lang='lat' dir='ltr'><strong>Mitta&#39;.</strong></span> <span class='ocrx_word' id='word_1_363' title='bbox 2326 1288 2503 1345; x_wconf 88' lang='lat' dir='ltr'><strong>Padus</strong></span> <span class='ocrx_word' id='word_1_364' title='bbox 2534 1297 2719 1344; x_wconf 88' lang='lat' dir='ltr'><strong>noster</strong></span> <span class='ocrx_word' id='word_1_365' title='bbox 2744 1290 3020 1359; x_wconf 82' lang='lat' dir='ltr'><strong>indigenas</strong></span> <span class='ocrx_word' id='word_1_366' title='bbox 3041 1290 3231 1360; x_wconf 88' lang='lat' dir='ltr'><strong>pelago</strong></span> <span class='ocrx_word' id='word_1_367' title='bbox 3258 1304 3457 1356; x_wconf 88' lang='lat' dir='ltr'><strong>naves;</strong></span> <span class='ocrx_word' id='word_1_368' title='bbox 3490 1296 3547 1345; x_wconf 87' lang='lat' dir='ltr'><strong>et</strong></span> 
     </span>
    </p>
   </div>
   <div class='ocr_carea' id='block_1_60' title="bbox 1955 1380 3548 1458">
    <p class='ocr_par' dir='ltr' id='par_1_60' title="bbox 1955 1380 3548 1458">
     <span class='ocr_line' id='line_1_60' title="bbox 1955 1380 3548 1458; baseline 0.001 -22"><span class='ocrx_word' id='word_1_369' title='bbox 1955 1382 2121 1446; x_wconf 88' lang='lat' dir='ltr'><strong>abies,</strong></span> <span class='ocrx_word' id='word_1_370' title='bbox 2151 1396 2270 1450; x_wconf 74' lang='lat' dir='ltr'><strong>qum</strong></span> <span class='ocrx_word' id='word_1_371' title='bbox 2298 1380 2516 1437; x_wconf 85' lang='lat' dir='ltr'><strong>ﬂuentis</strong></span> <span class='ocrx_word' id='word_1_372' title='bbox 2563 1382 2788 1438; x_wconf 89' lang='lat' dir='ltr'><strong>amnicis</strong></span> <span class='ocrx_word' id='word_1_373' title='bbox 2834 1382 3039 1436; x_wconf 87' lang='lat' dir='ltr'><strong>nutrita</strong></span> <span class='ocrx_word' id='word_1_374' title='bbox 3081 1383 3332 1458; x_wconf 69' lang='lat' dir='ltr'><strong>surrexit,</strong></span> <span class='ocrx_word' id='word_1_375' title='bbox 3378 1383 3548 1437; x_wconf 88' lang='lat' dir='ltr'><strong>mari-</strong></span> 
     </span>
    </p>
   </div>
   <div class='ocr_carea' id='block_1_61' title="bbox 1955 1470 3542 1541">
    <p class='ocr_par' dir='ltr' id='par_1_61' title="bbox 1955 1470 3542 1541">
     <span class='ocr_line' id='line_1_61' title="bbox 1955 1470 3542 1541; baseline 0.001 -16"><span class='ocrx_word' id='word_1_376' title='bbox 1955 1486 2142 1526; x_wconf 87' lang='lat' dir='ltr'><strong>narum</strong></span> <span class='ocrx_word' id='word_1_377' title='bbox 2166 1486 2422 1541; x_wconf 89' lang='lat' dir='ltr'><strong>superare</strong></span> <span class='ocrx_word' id='word_1_378' title='bbox 2446 1471 2691 1527; x_wconf 84' lang='lat' dir='ltr'><strong>cumulos</strong></span> <span class='ocrx_word' id='word_1_379' title='bbox 2715 1470 2888 1528; x_wconf 88' lang='lat' dir='ltr'><strong>discat</strong></span> <span class='ocrx_word' id='word_1_380' title='bbox 2914 1472 3198 1527; x_wconf 86' lang='lat' dir='ltr'><strong>undarum.</strong></span> <span class='ocrx_word' id='word_1_381' title='bbox 3223 1470 3355 1525; x_wconf 89' lang='lat' dir='ltr'><strong>Illud</strong></span> <span class='ocrx_word' id='word_1_382' title='bbox 3379 1472 3542 1526; x_wconf 87' lang='lat' dir='ltr'><strong>etiam</strong></span> 
     </span>
    </p>
   </div>
   <div class='ocr_carea' id='block_1_62' title="bbox 1956 1561 3544 1634">
    <p class='ocr_par' dir='ltr' id='par_1_62' title="bbox 1956 1561 3544 1634">
     <span class='ocr_line' id='line_1_62' title="bbox 1956 1561 3544 1634; baseline 0.003 -21"><span class='ocrx_word' id='word_1_383' title='bbox 1956 1575 2282 1631; x_wconf 82' lang='lat' dir='ltr'><strong>magnopere</strong></span> <span class='ocrx_word' id='word_1_384' title='bbox 2329 1561 2658 1617; x_wconf 89' lang='lat' dir='ltr'><strong>credidimus</strong></span> <span class='ocrx_word' id='word_1_385' title='bbox 2701 1562 3083 1634; x_wconf 89' lang='lat' dir='ltr'><strong>amputandum</strong></span> <span class='ocrx_word' id='word_1_386' title='bbox 3110 1602 3125 1629; x_wconf 94' lang='lat'><strong>,</strong></span> <span class='ocrx_word' id='word_1_387' title='bbox 3177 1563 3321 1632; x_wconf 91' lang='lat' dir='ltr'><strong>quod</strong></span> <span class='ocrx_word' id='word_1_388' title='bbox 3366 1572 3544 1618; x_wconf 88' lang='lat' dir='ltr'><strong>vestra</strong></span> 
     </span>
    </p>
   </div>
   <div class='ocr_carea' id='block_1_63' title="bbox 1959 1650 3548 1726">
    <p class='ocr_par' dir='ltr' id='par_1_63' title="bbox 1959 1650 3548 1726">
     <span class='ocr_line' id='line_1_63' title="bbox 1959 1650 3548 1726; baseline 0.004 -22"><span class='ocrx_word' id='word_1_389' title='bbox 1959 1650 2071 1707; x_wconf 89' lang='lat' dir='ltr'><strong>fieri</strong></span> <span class='ocrx_word' id='word_1_390' title='bbox 2099 1653 2446 1722; x_wconf 89' lang='lat' dir='ltr'><strong>suggestione</strong></span> <span class='ocrx_word' id='word_1_391' title='bbox 2475 1655 2840 1724; x_wconf 90' lang='lat' dir='ltr'><strong>comperimus</strong></span> <span class='ocrx_word' id='word_1_392' title='bbox 2866 1673 2879 1707; x_wconf 91' lang='lat'><strong>:</strong></span> <span class='ocrx_word' id='word_1_393' title='bbox 2914 1671 2982 1711; x_wconf 92' lang='lat' dir='ltr'><strong>ne</strong></span> <span class='ocrx_word' id='word_1_394' title='bbox 3009 1656 3129 1726; x_wconf 90' lang='lat' dir='ltr'><strong>quis</strong></span> <span class='ocrx_word' id='word_1_395' title='bbox 3158 1655 3210 1709; x_wconf 92' lang='lat' dir='ltr'><strong>in</strong></span> <span class='ocrx_word' id='word_1_396' title='bbox 3240 1654 3548 1711; x_wconf 87' lang='lat' dir='ltr'><strong>fluminibus</strong></span> 
     </span>
    </p>
   </div>
   <div class='ocr_carea' id='block_1_64' title="bbox 1958 1744 3546 1814">
    <p class='ocr_par' dir='ltr' id='par_1_64' title="bbox 1958 1744 3546 1814">
     <span class='ocr_line' id='line_1_64' title="bbox 1958 1744 3546 1814; baseline 0.002 -15"><span class='ocrx_word' id='word_1_397' title='bbox 1958 1744 2244 1814; x_wconf 88' lang='lat' dir='ltr'><strong>navigeris,</strong></span> <span class='ocrx_word' id='word_1_398' title='bbox 2292 1744 2518 1799; x_wconf 80' lang='lat' dir='ltr'><strong>diversis</strong></span> <span class='ocrx_word' id='word_1_399' title='bbox 2566 1746 2850 1802; x_wconf 88' lang='lat' dir='ltr'><strong>territoriis</strong></span> <span class='ocrx_word' id='word_1_400' title='bbox 2890 1747 3214 1813; x_wconf 86' lang='lat' dir='ltr'><strong>meantibus,</strong></span> <span class='ocrx_word' id='word_1_401' title='bbox 3265 1747 3319 1801; x_wconf 90' lang='lat' dir='ltr'><strong>id</strong></span> <span class='ocrx_word' id='word_1_402' title='bbox 3365 1755 3444 1802; x_wconf 90' lang='lat' dir='ltr'><strong>est</strong></span> <span class='ocrx_word' id='word_1_403' title='bbox 3492 1747 3546 1802; x_wconf 91' lang='lat' dir='ltr'><strong>in</strong></span> 
     </span>
    </p>
   </div>
   <div class='ocr_carea' id='block_1_65' title="bbox 1958 1832 3550 1903">
    <p class='ocr_par' dir='ltr' id='par_1_65' title="bbox 1958 1832 3550 1903">
     <span class='ocr_line' id='line_1_65' title="bbox 1958 1832 3550 1903; baseline 0.001 -14"><span class='ocrx_word' id='word_1_404' title='bbox 1958 1834 2177 1903; x_wconf 79' lang='lat' dir='ltr'><strong>Mincio,</strong></span> <span class='ocrx_word' id='word_1_405' title='bbox 2224 1832 2382 1901; x_wconf 92' lang='lat' dir='ltr'><strong>Ollio,</strong></span> <span class='ocrx_word' id='word_1_406' title='bbox 2429 1833 2657 1901; x_wconf 82' lang='lat' dir='ltr'><strong>Ansere,</strong></span> <span class='ocrx_word' id='word_1_407' title='bbox 2687 1835 2853 1900; x_wconf 84' lang='lat' dir='ltr'><strong>Arno,</strong></span> <span class='ocrx_word' id='word_1_408' title='bbox 2905 1835 3107 1901; x_wconf 87' lang='lat' dir='ltr'><strong>Tiberi,</strong></span> <span class='ocrx_word' id='word_1_409' title='bbox 3157 1835 3349 1891; x_wconf 90' lang='lat' dir='ltr'><strong>audeat</strong></span> <span class='ocrx_word' id='word_1_410' title='bbox 3373 1834 3550 1891; x_wconf 89' lang='lat' dir='ltr'><strong>flumi-</strong></span> 
     </span>
    </p>
   </div>
   <div class='ocr_carea' id='block_1_66' title="bbox 1893 1926 3550 1999">
    <p class='ocr_par' dir='ltr' id='par_1_66' title="bbox 1893 1926 3550 1999">
     <span class='ocr_line' id='line_1_66' title="bbox 1893 1926 3550 1999; baseline 0 -15"><span class='ocrx_word' id='word_1_411' title='bbox 1893 1930 1934 1987; x_wconf 69' lang='lat' dir='ltr'><strong>li</strong></span> <span class='ocrx_word' id='word_1_412' title='bbox 1960 1941 2087 1980; x_wconf 91' lang='lat' dir='ltr'><strong>num</strong></span> <span class='ocrx_word' id='word_1_413' title='bbox 2117 1926 2299 1982; x_wconf 90' lang='lat' dir='ltr'><strong>alveos</strong></span> <span class='ocrx_word' id='word_1_414' title='bbox 2338 1926 2578 1997; x_wconf 87' lang='lat' dir='ltr'><strong>piscandi</strong></span> <span class='ocrx_word' id='word_1_415' title='bbox 2620 1927 2798 1982; x_wconf 84' lang='lat' dir='ltr'><strong>studio</strong></span> <span class='ocrx_word' id='word_1_416' title='bbox 2830 1928 3136 1998; x_wconf 83' lang='lat' dir='ltr'><strong>turpissima</strong></span> <span class='ocrx_word' id='word_1_417' title='bbox 3163 1944 3292 1999; x_wconf 85' lang='lat' dir='ltr'><strong>sepe</strong></span> <span class='ocrx_word' id='word_1_418' title='bbox 3330 1930 3550 1984; x_wconf 90' lang='lat' dir='ltr'><strong>conclu-</strong></span> 
     </span>
    </p>
   </div>
   <div class='ocr_carea' id='block_1_67' title="bbox 1958 2014 3544 2088">
    <p class='ocr_par' dir='ltr' id='par_1_67' title="bbox 1958 2014 3544 2088">
     <span class='ocr_line' id='line_1_67' title="bbox 1958 2014 3544 2088; baseline 0.002 -18"><span class='ocrx_word' id='word_1_419' title='bbox 1958 2014 2158 2083; x_wconf 69' lang='lat' dir='ltr'><strong>dereb;</strong></span> <span class='ocrx_word' id='word_1_420' title='bbox 2189 2026 2245 2072; x_wconf 91' lang='lat' dir='ltr'><strong>et</strong></span> <span class='ocrx_word' id='word_1_421' title='bbox 2271 2032 2391 2087; x_wconf 77' lang='lat' dir='ltr'><strong>quze</strong></span> <span class='ocrx_word' id='word_1_422' title='bbox 2418 2025 2544 2072; x_wconf 90' lang='lat' dir='ltr'><strong>sunt</strong></span> <span class='ocrx_word' id='word_1_423' title='bbox 2568 2027 2911 2087; x_wconf 61' lang='lat' dir='ltr'><strong>praesumpta,</strong></span> <span class='ocrx_word' id='word_1_424' title='bbox 2936 2019 3184 2088; x_wconf 86' lang='lat' dir='ltr'><strong>protinus</strong></span> <span class='ocrx_word' id='word_1_425' title='bbox 3211 2016 3544 2073; x_wconf 86' lang='lat' dir='ltr'><strong>auferantur.</strong></span> 
     </span>
    </p>
   </div>
   <div class='ocr_carea' id='block_1_68' title="bbox 1962 2095 3549 2173">
    <p class='ocr_par' dir='ltr' id='par_1_68' title="bbox 1962 2095 3549 2173">
     <span class='ocr_line' id='line_1_68' title="bbox 1962 2095 3549 2173; baseline 0.003 -13"><span class='ocrx_word' id='word_1_426' title='bbox 1962 2095 2153 2163; x_wconf 78' lang='lat' dir='ltr'><strong>Patent</strong></span> <span class='ocrx_word' id='word_1_427' title='bbox 2198 2109 2371 2163; x_wconf 88' lang='lat' dir='ltr'><strong>amnis</strong></span> <span class='ocrx_word' id='word_1_428' title='bbox 2408 2110 2463 2163; x_wconf 91' lang='lat' dir='ltr'><strong>in</strong></span> <span class='ocrx_word' id='word_1_429' title='bbox 2507 2109 2723 2163; x_wconf 89' lang='lat' dir='ltr'><strong>navium</strong></span> <span class='ocrx_word' id='word_1_430' title='bbox 2764 2124 2991 2173; x_wconf 88' lang='lat' dir='ltr'><strong>cursus;</strong></span> <span class='ocrx_word' id='word_1_431' title='bbox 3042 2108 3274 2164; x_wconf 84' lang='lat' dir='ltr'><strong>sufficiat</strong></span> <span class='ocrx_word' id='word_1_432' title='bbox 3315 2111 3549 2165; x_wconf 84' lang='lat' dir='ltr'><strong>humano</strong></span> 
     </span>
    </p>
   </div>
   <div class='ocr_carea' id='block_1_69' title="bbox 1960 2197 3549 2269">
    <p class='ocr_par' dir='ltr' id='par_1_69' title="bbox 1960 2197 3549 2269">
     <span class='ocr_line' id='line_1_69' title="bbox 1960 2197 3549 2269; baseline 0.003 -18"><span class='ocrx_word' id='word_1_433' title='bbox 1960 2197 2231 2252; x_wconf 88' lang='lat' dir='ltr'><strong>desiderio</strong></span> <span class='ocrx_word' id='word_1_434' title='bbox 2274 2199 2549 2255; x_wconf 89' lang='lat' dir='ltr'><strong>consuetis</strong></span> <span class='ocrx_word' id='word_1_435' title='bbox 2596 2199 2803 2254; x_wconf 91' lang='lat' dir='ltr'><strong>artibus</strong></span> <span class='ocrx_word' id='word_1_436' title='bbox 2850 2199 3071 2255; x_wconf 90' lang='lat' dir='ltr'><strong>delicias</strong></span> <span class='ocrx_word' id='word_1_437' title='bbox 3112 2214 3353 2269; x_wconf 74' lang='lat' dir='ltr'><strong>qumrere</strong></span> <span class='ocrx_word' id='word_1_438' title='bbox 3380 2243 3395 2268; x_wconf 95' lang='lat'><strong>,</strong></span> <span class='ocrx_word' id='word_1_439' title='bbox 3442 2215 3549 2255; x_wconf 89' lang='lat' dir='ltr'><strong>non</strong></span> 
     </span>
    </p>
   </div>
   <div class='ocr_carea' id='block_1_70' title="bbox 1961 2285 3550 2361">
    <p class='ocr_par' dir='ltr' id='par_1_70' title="bbox 1961 2285 3550 2361">
     <span class='ocr_line' id='line_1_70' title="bbox 1961 2285 3550 2361; baseline 0.003 -21"><span class='ocrx_word' id='word_1_440' title='bbox 1961 2285 2188 2342; x_wconf 83' lang='lat' dir='ltr'><strong>artificio</strong></span> <span class='ocrx_word' id='word_1_441' title='bbox 2219 2286 2358 2361; x_wconf 84' lang='lat' dir='ltr'><strong>[Ac.,</strong></span> <span class='ocrx_word' id='word_1_442' title='bbox 2380 2286 2707 2359; x_wconf 89' lang='lat' dir='ltr'><strong>commento]</strong></span> <span class='ocrx_word' id='word_1_443' title='bbox 2750 2289 2952 2348; x_wconf 86' lang='lat' dir='ltr'><strong>rustico</strong></span> <span class='ocrx_word' id='word_1_444' title='bbox 2979 2288 3283 2344; x_wconf 89' lang='lat' dir='ltr'><strong>libertatem</strong></span> <span class='ocrx_word' id='word_1_445' title='bbox 3316 2290 3550 2345; x_wconf 82' lang='lat' dir='ltr'><strong>ﬂuminis</strong></span> 
     </span>
    </p>
   </div>
   <div class='ocr_carea' id='block_1_71' title="bbox 1964 2376 3550 2455">
    <p class='ocr_par' dir='ltr' id='par_1_71' title="bbox 1964 2376 3550 2455">
     <span class='ocr_line' id='line_1_71' title="bbox 1964 2376 3550 2455; baseline 0.006 -24"><span class='ocrx_word' id='word_1_446' title='bbox 1964 2376 2223 2447; x_wconf 74' lang='lat' dir='ltr'><strong>impedire</strong></span> <span class='ocrx_word' id='word_1_447' title='bbox 2255 2396 2268 2433; x_wconf 91' lang='lat'><strong>:</strong></span> <span class='ocrx_word' id='word_1_448' title='bbox 2302 2395 2389 2447; x_wconf 90' lang='lat' dir='ltr'><strong>ne,</strong></span> <span class='ocrx_word' id='word_1_449' title='bbox 2437 2380 2584 2450; x_wconf 89' lang='lat' dir='ltr'><strong>quod</strong></span> <span class='ocrx_word' id='word_1_450' title='bbox 2610 2380 2713 2436; x_wconf 91' lang='lat' dir='ltr'><strong>dici</strong></span> <span class='ocrx_word' id='word_1_451' title='bbox 2742 2381 2894 2437; x_wconf 86' lang='lat' dir='ltr'><strong>nefas</strong></span> <span class='ocrx_word' id='word_1_452' title='bbox 2922 2390 3025 2446; x_wconf 89' lang='lat' dir='ltr'><strong>est,</strong></span> <span class='ocrx_word' id='word_1_453' title='bbox 3076 2382 3294 2438; x_wconf 88' lang='lat' dir='ltr'><strong>utilitati</strong></span> <span class='ocrx_word' id='word_1_454' title='bbox 3323 2387 3550 2455; x_wconf 77' lang='lat' dir='ltr'><strong>publica:</strong></span> 
     </span>
    </p>
   </div>
   <div class='ocr_carea' id='block_1_72' title="bbox 1966 2468 3045 2540">
    <p class='ocr_par' dir='ltr' id='par_1_72' title="bbox 1966 2468 3045 2540">
     <span class='ocr_line' id='line_1_72' title="bbox 1966 2468 3045 2540; baseline 0.003 -17"><span class='ocrx_word' id='word_1_455' title='bbox 1966 2468 2211 2540; x_wconf 90' lang='lat' dir='ltr'><strong>voluptas</strong></span> <span class='ocrx_word' id='word_1_456' title='bbox 2239 2469 2449 2540; x_wconf 90' lang='lat' dir='ltr'><strong>privata</strong></span> <span class='ocrx_word' id='word_1_457' title='bbox 2476 2471 2750 2527; x_wconf 88' lang='lat' dir='ltr'><strong>obstitisse</strong></span> <span class='ocrx_word' id='word_1_458' title='bbox 2779 2471 3045 2526; x_wconf 89' lang='lat' dir='ltr'><strong>videatur.</strong></span> 
     </span>
    </p>
   </div>
   <div class='ocr_carea' id='block_1_73' title="bbox 2479 2597 3031 2656">
    <p class='ocr_par' dir='ltr' id='par_1_73' title="bbox 2479 2597 3031 2656">
     <span class='ocr_line' id='line_1_73' title="bbox 2479 2597 3031 2656; baseline 0.002 -3"><span class='ocrx_word' id='word_1_459' title='bbox 2479 2597 2817 2655; x_wconf 84' lang='lat' dir='ltr'><strong>EPISTOLA</strong></span> <span class='ocrx_word' id='word_1_460' title='bbox 2844 2598 3031 2656; x_wconf 83' lang='lat' dir='ltr'><strong>XVIII.</strong></span> 
     </span>
    </p>
   </div>
   <div class='ocr_carea' id='block_1_74' title="bbox 1970 2678 3551 2760">
    <p class='ocr_par' dir='ltr' id='par_1_74' title="bbox 1970 2678 3551 2760">
     <span class='ocr_line' id='line_1_74' title="bbox 1970 2678 3551 2760; baseline 0.003 -13"><span class='ocrx_word' id='word_1_461' title='bbox 1970 2706 2160 2747; x_wconf 67' lang='grc' dir='ltr'><strong>υγιιιε</strong></span> <span class='ocrx_word' id='word_1_462' title='bbox 2186 2678 2312 2747; x_wconf 73' lang='grc' dir='ltr'><strong>νιιισ</strong></span> <span class='ocrx_word' id='word_1_463' title='bbox 2341 2707 2799 2759; x_wconf 70' lang='grc' dir='ltr'><strong>ιιιυετιιι,εοιιτι</strong></span> <span class='ocrx_word' id='word_1_464' title='bbox 2827 2709 3155 2760; x_wconf 75' lang='lat' dir='ltr'><strong>PATRIIONII,</strong></span> <span class='ocrx_word' id='word_1_465' title='bbox 3188 2710 3551 2752; x_wconf 67' lang='lat' dir='ltr'><strong>TIIEODOIUCUJ</strong></span> 
     </span>
    </p>
   </div>
   <div class='ocr_carea' id='block_1_75' title="bbox 2688 2779 2815 2819">
    <p class='ocr_par' dir='ltr' id='par_1_75' title="bbox 2688 2779 2815 2819">
     <span class='ocr_line' id='line_1_75' title="bbox 2688 2779 2815 2819; baseline -0.008 -1"><span class='ocrx_word' id='word_1_466' title='bbox 2688 2779 2815 2819; x_wconf 74' lang='lat' dir='ltr'><strong>REI.</strong></span> 
     </span>
    </p>
   </div>
   <div class='ocr_carea' id='block_1_76' title="bbox 1970 2852 3553 2928">
    <p class='ocr_par' dir='ltr' id='par_1_76' title="bbox 1970 2852 3553 2928">
     <span class='ocr_line' id='line_1_76' title="bbox 1970 2852 3553 2928; baseline 0.001 -19"><span class='ocrx_word' id='word_1_467' title='bbox 1970 2852 2163 2928; x_wconf 80' lang='lat' dir='ltr'><strong>Scribit</strong></span> <span class='ocrx_word' id='word_1_468' title='bbox 2185 2872 2240 2909; x_wconf 82' lang='lat' dir='ltr'><strong>se</strong></span> <span class='ocrx_word' id='word_1_469' title='bbox 2259 2855 2480 2925; x_wconf 78' lang='lat' dir='ltr'><strong>jussisse</strong></span> <span class='ocrx_word' id='word_1_470' title='bbox 2505 2865 2563 2909; x_wconf 86' lang='lat' dir='ltr'><strong>ut</strong></span> <span class='ocrx_word' id='word_1_471' title='bbox 2589 2866 2767 2928; x_wconf 52' lang='lat' dir='ltr'><strong>nauta?</strong></span> <span class='ocrx_word' id='word_1_472' title='bbox 2797 2869 3146 2928; x_wconf 65' lang='lat' dir='ltr'><strong>quaererentur</strong></span> <span class='ocrx_word' id='word_1_473' title='bbox 3175 2868 3225 2913; x_wconf 82' lang='lat' dir='ltr'><strong>et</strong></span> <span class='ocrx_word' id='word_1_474' title='bbox 3256 2857 3553 2912; x_wconf 73' lang='lat' dir='ltr'><strong>Ravennam</strong></span> 
     </span>
    </p>
   </div>
   <div class='ocr_carea' id='block_1_77' title="bbox 2038 2926 3554 2999">
    <p class='ocr_par' dir='ltr' id='par_1_77' title="bbox 2038 2926 3554 2999">
     <span class='ocr_line' id='line_1_77' title="bbox 2038 2926 3554 2999; baseline 0.003 -22"><span class='ocrx_word' id='word_1_475' title='bbox 2038 2926 2396 2999; x_wconf 61' lang='lat' dir='ltr'><strong>mitterentur;</strong></span> <span class='ocrx_word' id='word_1_476' title='bbox 2428 2938 2533 2999; x_wconf 73' lang='lat' dir='ltr'><strong>tum</strong></span> <span class='ocrx_word' id='word_1_477' title='bbox 2560 2926 2877 2999; x_wconf 23' lang='lat' dir='ltr'><strong>prwcipitjul</strong></span> <span class='ocrx_word' id='word_1_478' title='bbox 2902 2929 2945 2979; x_wconf 90' lang='lat' dir='ltr'><strong>si</strong></span> <span class='ocrx_word' id='word_1_479' title='bbox 2977 2944 3090 2998; x_wconf 70' lang='lat' dir='ltr'><strong>quae</strong></span> <span class='ocrx_word' id='word_1_480' title='bbox 3115 2928 3258 2998; x_wconf 80' lang='lat' dir='ltr'><strong>ligna</strong></span> <span class='ocrx_word' id='word_1_481' title='bbox 3278 2945 3365 2999; x_wconf 86' lang='lat' dir='ltr'><strong>per</strong></span> <span class='ocrx_word' id='word_1_482' title='bbox 3387 2930 3554 2997; x_wconf 82' lang='lat' dir='ltr'><strong>ripam</strong></span> 
     </span>
    </p>
   </div>
   <div class='ocr_carea' id='block_1_78' title="bbox 2041 2994 3555 3068">
    <p class='ocr_par' dir='ltr' id='par_1_78' title="bbox 2041 2994 3555 3068">
     <span class='ocr_line' id='line_1_78' title="bbox 2041 2994 3555 3068; baseline 0.003 -20"><span class='ocrx_word' id='word_1_483' title='bbox 2041 2994 2526 3068; x_wconf 77' lang='lat' dir='ltr'><strong>Padi[abricandis</strong></span> <span class='ocrx_word' id='word_1_484' title='bbox 2554 2994 2887 3068; x_wconf 77' lang='lat' dir='ltr'><strong>dromonibus</strong></span> <span class='ocrx_word' id='word_1_485' title='bbox 2910 2994 3049 3068; x_wconf 61' lang='lat' dir='ltr'><strong>cpta</strong></span> <span class='ocrx_word' id='word_1_486' title='bbox 3076 2994 3232 3052; x_wconf 65' lang='lat' dir='ltr'><strong>etiam</strong></span> <span class='ocrx_word' id='word_1_487' title='bbox 3260 2994 3312 3051; x_wconf 82' lang='lat' dir='ltr'><strong>in</strong></span> <span class='ocrx_word' id='word_1_488' title='bbox 3342 2994 3555 3068; x_wconf 69' lang='lat' dir='ltr'><strong>prtediis</strong></span> 
     </span>
    </p>
   </div>
   <div class='ocr_carea' id='block_1_79' title="bbox 2042 3063 3294 3136">
    <p class='ocr_par' dir='ltr' id='par_1_79' title="bbox 2042 3063 3294 3136">
     <span class='ocr_line' id='line_1_79' title="bbox 2042 3063 3294 3136; baseline 0.005 -19"><span class='ocrx_word' id='word_1_489' title='bbox 2042 3063 2297 3136; x_wconf 83' lang='lat' dir='ltr'><strong>regalibus</strong></span> <span class='ocrx_word' id='word_1_490' title='bbox 2324 3065 2673 3134; x_wconf 81' lang='lat' dir='ltr'><strong>inreniantur,</strong></span> <span class='ocrx_word' id='word_1_491' title='bbox 2703 3063 3006 3121; x_wconf 74' lang='lat' dir='ltr'><strong>abscindere</strong></span> <span class='ocrx_word' id='word_1_492' title='bbox 3032 3085 3095 3122; x_wconf 81' lang='lat' dir='ltr'><strong>ea</strong></span> <span class='ocrx_word' id='word_1_493' title='bbox 3123 3068 3294 3123; x_wconf 83' lang='lat' dir='ltr'><strong>liceat.</strong></span> 
     </span>
    </p>
   </div>
   <div class='ocr_carea' id='block_1_80' title="bbox 2048 3152 3557 3228">
    <p class='ocr_par' dir='ltr' id='par_1_80' title="bbox 2048 3152 3557 3228">
     <span class='ocr_line' id='line_1_80' title="bbox 2048 3152 3557 3228; baseline 0.005 -19"><span class='ocrx_word' id='word_1_494' title='bbox 2048 3152 2264 3209; x_wconf 89' lang='lat' dir='ltr'><strong>Utilitas</strong></span> <span class='ocrx_word' id='word_1_495' title='bbox 2292 3154 2504 3225; x_wconf 90' lang='lat' dir='ltr'><strong>publica</strong></span> <span class='ocrx_word' id='word_1_496' title='bbox 2546 3156 2685 3211; x_wconf 87' lang='lat' dir='ltr'><strong>sicut</strong></span> <span class='ocrx_word' id='word_1_497' title='bbox 2727 3155 2793 3210; x_wconf 91' lang='lat' dir='ltr'><strong>ad</strong></span> <span class='ocrx_word' id='word_1_498' title='bbox 2829 3158 3291 3212; x_wconf 88' lang='lat' dir='ltr'><strong>conservationem</strong></span> <span class='ocrx_word' id='word_1_499' title='bbox 3340 3159 3557 3228; x_wconf 86' lang='lat' dir='ltr'><strong>respicit</strong></span> 
     </span>
    </p>
   </div>
   <div class='ocr_carea' id='block_1_81' title="bbox 1974 3246 3557 3318">
    <p class='ocr_par' dir='ltr' id='par_1_81' title="bbox 1974 3246 3557 3318">
     <span class='ocr_line' id='line_1_81' title="bbox 1974 3246 3557 3318; baseline 0.003 -18"><span class='ocrx_word' id='word_1_500' title='bbox 1974 3246 2233 3312; x_wconf 77' lang='lat' dir='ltr'><strong>omium,</strong></span> <span class='ocrx_word' id='word_1_501' title='bbox 2284 3246 2356 3301; x_wconf 90' lang='lat' dir='ltr'><strong>ita</strong></span> <span class='ocrx_word' id='word_1_502' title='bbox 2384 3247 2542 3303; x_wconf 89' lang='lat' dir='ltr'><strong>debet</strong></span> <span class='ocrx_word' id='word_1_503' title='bbox 2579 3247 2767 3318; x_wconf 85' lang='lat' dir='ltr'><strong>perfici</strong></span> <span class='ocrx_word' id='word_1_504' title='bbox 2796 3249 2975 3304; x_wconf 85' lang='lat' dir='ltr'><strong>studio</strong></span> <span class='ocrx_word' id='word_1_505' title='bbox 3002 3265 3066 3305; x_wconf 91' lang='lat' dir='ltr'><strong>ac</strong></span> <span class='ocrx_word' id='word_1_506' title='bbox 3106 3250 3290 3306; x_wconf 87' lang='lat' dir='ltr'><strong>labore</strong></span> <span class='ocrx_word' id='word_1_507' title='bbox 3330 3260 3557 3307; x_wconf 82' lang='lat' dir='ltr'><strong>cuncto-</strong></span> 
     </span>
    </p>
   </div>
   <div class='ocr_carea' id='block_1_82' title="bbox 1972 3338 3556 3406">
    <p class='ocr_par' dir='ltr' id='par_1_82' title="bbox 1972 3338 3556 3406">
     <span class='ocr_line' id='line_1_82' title="bbox 1972 3338 3556 3406; baseline 0.003 -14"><span class='ocrx_word' id='word_1_508' title='bbox 1972 3352 2092 3392; x_wconf 85' lang='lat' dir='ltr'><strong>rum</strong></span> <span class='ocrx_word' id='word_1_509' title='bbox 2123 3356 2135 3391; x_wconf 92' lang='lat'><strong>:</strong></span> <span class='ocrx_word' id='word_1_510' title='bbox 2161 3338 2285 3406; x_wconf 89' lang='lat' dir='ltr'><strong>quia</strong></span> <span class='ocrx_word' id='word_1_511' title='bbox 2334 3352 2541 3406; x_wconf 74' lang='lat' dir='ltr'><strong>magnae</strong></span> <span class='ocrx_word' id='word_1_512' title='bbox 2582 3339 2752 3394; x_wconf 88' lang='lat' dir='ltr'><strong>laudis</strong></span> <span class='ocrx_word' id='word_1_513' title='bbox 2794 3340 3011 3395; x_wconf 88' lang='lat' dir='ltr'><strong>occasio</strong></span> <span class='ocrx_word' id='word_1_514' title='bbox 3051 3352 3154 3404; x_wconf 91' lang='lat' dir='ltr'><strong>est,</strong></span> <span class='ocrx_word' id='word_1_515' title='bbox 3205 3343 3251 3397; x_wconf 90' lang='lat' dir='ltr'><strong>si</strong></span> <span class='ocrx_word' id='word_1_516' title='bbox 3300 3342 3354 3397; x_wconf 92' lang='lat' dir='ltr'><strong>in</strong></span> <span class='ocrx_word' id='word_1_517' title='bbox 3395 3358 3556 3398; x_wconf 86' lang='lat' dir='ltr'><strong>causa</strong></span> 
     </span>
    </p>
   </div>
   <div class='ocr_carea' id='block_1_83' title="bbox 1972 3427 3557 3502">
    <p class='ocr_par' dir='ltr' id='par_1_83' title="bbox 1972 3427 3557 3502">
     <span class='ocr_line' id='line_1_83' title="bbox 1972 3427 3557 3502; baseline 0.004 -22"><span class='ocrx_word' id='word_1_518' title='bbox 1972 3427 2245 3481; x_wconf 91' lang='lat' dir='ltr'><strong>communi</strong></span> <span class='ocrx_word' id='word_1_519' title='bbox 2273 3427 2473 3496; x_wconf 81' lang='lat' dir='ltr'><strong>anuid</strong></span> <span class='ocrx_word' id='word_1_520' title='bbox 2502 3428 2844 3496; x_wconf 87' lang='lat' dir='ltr'><strong>singulariter</strong></span> <span class='ocrx_word' id='word_1_521' title='bbox 2868 3430 3115 3485; x_wconf 90' lang='lat' dir='ltr'><strong>videatur</strong></span> <span class='ocrx_word' id='word_1_522' title='bbox 3155 3431 3387 3502; x_wconf 89' lang='lat' dir='ltr'><strong>impleri.</strong></span> <span class='ocrx_word' id='word_1_523' title='bbox 3411 3431 3557 3487; x_wconf 84' lang='lat' dir='ltr'><strong>Facit</strong></span> 
     </span>
    </p>
   </div>
   <div class='ocr_carea' id='block_1_84' title="bbox 1972 3516 3558 3590">
    <p class='ocr_par' dir='ltr' id='par_1_84' title="bbox 1972 3516 3558 3590">
     <span class='ocr_line' id='line_1_84' title="bbox 1972 3516 3558 3590; baseline 0.005 -19"><span class='ocrx_word' id='word_1_524' title='bbox 1972 3517 2115 3571; x_wconf 83' lang='lat' dir='ltr'><strong>enim</strong></span> <span class='ocrx_word' id='word_1_525' title='bbox 2144 3516 2286 3572; x_wconf 90' lang='lat' dir='ltr'><strong>unde</strong></span> <span class='ocrx_word' id='word_1_526' title='bbox 2310 3517 2721 3573; x_wconf 89' lang='lat' dir='ltr'><strong>commendetur</strong></span> <span class='ocrx_word' id='word_1_527' title='bbox 2749 3526 2805 3573; x_wconf 91' lang='lat' dir='ltr'><strong>et</strong></span> <span class='ocrx_word' id='word_1_528' title='bbox 2849 3518 3091 3588; x_wconf 87' lang='lat' dir='ltr'><strong>reliquis,</strong></span> <span class='ocrx_word' id='word_1_529' title='bbox 3141 3521 3232 3590; x_wconf 88' lang='lat' dir='ltr'><strong>qui</strong></span> <span class='ocrx_word' id='word_1_530' title='bbox 3281 3529 3458 3576; x_wconf 87' lang='lat' dir='ltr'><strong>tamen</strong></span> <span class='ocrx_word' id='word_1_531' title='bbox 3502 3531 3558 3579; x_wconf 92' lang='lat' dir='ltr'><strong>et</strong></span> 
     </span>
    </p>
   </div>
   <div class='ocr_carea' id='block_1_85' title="bbox 1970 3607 3558 3681">
    <p class='ocr_par' dir='ltr' id='par_1_85' title="bbox 1970 3607 3558 3681">
     <span class='ocr_line' id='line_1_85' title="bbox 1970 3607 3558 3681; baseline 0.003 -18"><span class='ocrx_word' id='word_1_532' title='bbox 1970 3607 2073 3663; x_wconf 68' lang='lat' dir='ltr'><strong>eiii</strong></span> <span class='ocrx_word' id='word_1_533' title='bbox 2099 3622 2160 3663; x_wconf 90' lang='lat' dir='ltr'><strong>se</strong></span> <span class='ocrx_word' id='word_1_534' title='bbox 2187 3607 2456 3677; x_wconf 83' lang='lat' dir='ltr'><strong>profuisse</strong></span> <span class='ocrx_word' id='word_1_535' title='bbox 2480 3611 2777 3679; x_wconf 87' lang='lat' dir='ltr'><strong>cognoscit.</strong></span> <span class='ocrx_word' id='word_1_536' title='bbox 2801 3608 3016 3666; x_wconf 84' lang='lat' dir='ltr'><strong>Pridem</strong></span> <span class='ocrx_word' id='word_1_537' title='bbox 3043 3612 3204 3681; x_wconf 89' lang='lat' dir='ltr'><strong>igitur</strong></span> <span class='ocrx_word' id='word_1_538' title='bbox 3220 3627 3322 3668; x_wconf 84' lang='lat' dir='ltr'><strong>nos</strong></span> <span class='ocrx_word' id='word_1_539' title='bbox 3337 3611 3558 3681; x_wconf 76' lang='lat' dir='ltr'><strong>iussisse</strong></span> 
     </span>
    </p>
   </div>
   <div class='ocr_carea' id='block_1_86' title="bbox 1972 3700 3558 3776">
    <p class='ocr_par' dir='ltr' id='par_1_86' title="bbox 1972 3700 3558 3776">
     <span class='ocr_line' id='line_1_86' title="bbox 1972 3700 3558 3776; baseline 0.005 -23"><span class='ocrx_word' id='word_1_540' title='bbox 1972 3700 2289 3768; x_wconf 82' lang='lat' dir='ltr'><strong>meministi,</strong></span> <span class='ocrx_word' id='word_1_541' title='bbox 2340 3709 2399 3755; x_wconf 89' lang='lat' dir='ltr'><strong>ut</strong></span> <span class='ocrx_word' id='word_1_542' title='bbox 2426 3715 2525 3771; x_wconf 91' lang='lat' dir='ltr'><strong>per</strong></span> <span class='ocrx_word' id='word_1_543' title='bbox 2551 3701 2770 3757; x_wconf 90' lang='lat' dir='ltr'><strong>domum</strong></span> <span class='ocrx_word' id='word_1_544' title='bbox 2800 3706 3041 3758; x_wconf 78' lang='lat' dir='ltr'><strong>nostram</strong></span> <span class='ocrx_word' id='word_1_545' title='bbox 3083 3704 3369 3773; x_wconf 87' lang='lat' dir='ltr'><strong>navigandi</strong></span> <span class='ocrx_word' id='word_1_546' title='bbox 3413 3720 3558 3776; x_wconf 63' lang='lat' dir='ltr'><strong>quae-</strong></span> 
     </span>
    </p>
   </div>
   <div class='ocr_carea' id='block_1_87' title="bbox 1971 3790 3558 3865">
    <p class='ocr_par' dir='ltr' id='par_1_87' title="bbox 1971 3790 3558 3865">
     <span class='ocr_line' id='line_1_87' title="bbox 1971 3790 3558 3865; baseline 0.004 -20"><span class='ocrx_word' id='word_1_547' title='bbox 1971 3799 2223 3845; x_wconf 89' lang='lat' dir='ltr'><strong>rerentur</strong></span> <span class='ocrx_word' id='word_1_548' title='bbox 2247 3791 2502 3847; x_wconf 87' lang='lat' dir='ltr'><strong>artifices.</strong></span> <span class='ocrx_word' id='word_1_549' title='bbox 2536 3790 2704 3858; x_wconf 85' lang='lat' dir='ltr'><strong>Quos,</strong></span> <span class='ocrx_word' id='word_1_550' title='bbox 2742 3792 2855 3848; x_wconf 89' lang='lat' dir='ltr'><strong>Deo</strong></span> <span class='ocrx_word' id='word_1_551' title='bbox 2882 3792 3195 3860; x_wconf 75' lang='lat' dir='ltr'><strong>auxiliante,</strong></span> <span class='ocrx_word' id='word_1_552' title='bbox 3229 3795 3474 3865; x_wconf 76' lang='lat' dir='ltr'><strong>provisus</strong></span> <span class='ocrx_word' id='word_1_553' title='bbox 3493 3797 3558 3851; x_wconf 90' lang='lat' dir='ltr'><strong>ad</strong></span> 
     </span>
    </p>
   </div>
   <div class='ocr_carea' id='block_1_88' title="bbox 1973 3875 3558 3955">
    <p class='ocr_par' dir='ltr' id='par_1_88' title="bbox 1973 3875 3558 3955">
     <span class='ocr_line' id='line_1_88' title="bbox 1973 3875 3558 3955; baseline 0.004 -22"><span class='ocrx_word' id='word_1_554' title='bbox 1973 3875 2345 3934; x_wconf 81' lang='lat' dir='ltr'><strong>Ravennatem</strong></span> <span class='ocrx_word' id='word_1_555' title='bbox 2375 3880 2564 3935; x_wconf 86' lang='lat' dir='ltr'><strong>urbem</strong></span> <span class='ocrx_word' id='word_1_556' title='bbox 2593 3881 2679 3935; x_wconf 91' lang='lat' dir='ltr'><strong>die</strong></span> <span class='ocrx_word' id='word_1_557' title='bbox 2708 3881 2890 3936; x_wconf 89' lang='lat' dir='ltr'><strong>iduum</strong></span> <span class='ocrx_word' id='word_1_558' title='bbox 2917 3879 3194 3938; x_wconf 86' lang='lat' dir='ltr'><strong>Juniarum</strong></span> <span class='ocrx_word' id='word_1_559' title='bbox 3226 3884 3558 3955; x_wconf 61' lang='lat' dir='ltr'><strong>pratcipimus</strong></span> 
     </span>
    </p>
   </div>
   <div class='ocr_carea' id='block_1_89' title="bbox 1974 3970 3560 4038">
    <p class='ocr_par' dir='ltr' id='par_1_89' title="bbox 1974 3970 3560 4038">
     <span class='ocr_line' id='line_1_89' title="bbox 1974 3970 3560 4038; baseline 0.004 -13"><span class='ocrx_word' id='word_1_560' title='bbox 1974 3970 2352 4026; x_wconf 89' lang='lat' dir='ltr'><strong>incunctanter</strong></span> <span class='ocrx_word' id='word_1_561' title='bbox 2378 3986 2690 4038; x_wconf 88' lang='lat' dir='ltr'><strong>occurrere;</strong></span> <span class='ocrx_word' id='word_1_562' title='bbox 2723 3982 2781 4027; x_wconf 92' lang='lat' dir='ltr'><strong>ut</strong></span> <span class='ocrx_word' id='word_1_563' title='bbox 2808 3973 3071 4030; x_wconf 86' lang='lat' dir='ltr'><strong>adventus</strong></span> <span class='ocrx_word' id='word_1_564' title='bbox 3094 3990 3285 4031; x_wconf 91' lang='lat' dir='ltr'><strong>eorum</strong></span> <span class='ocrx_word' id='word_1_565' title='bbox 3309 3985 3560 4032; x_wconf 84' lang='lat' dir='ltr'><strong>constru-</strong></span> 
     </span>
    </p>
   </div>
   <div class='ocr_carea' id='block_1_90' title="bbox 1973 4054 3560 4133">
    <p class='ocr_par' dir='ltr' id='par_1_90' title="bbox 1973 4054 3560 4133">
     <span class='ocr_line' id='line_1_90' title="bbox 1973 4054 3560 4133; baseline 0.004 -17"><span class='ocrx_word' id='word_1_566' title='bbox 1973 4062 2140 4117; x_wconf 77' lang='lat' dir='ltr'><strong>ctioni</strong></span> <span class='ocrx_word' id='word_1_567' title='bbox 2172 4064 2385 4117; x_wconf 90' lang='lat' dir='ltr'><strong>navium</strong></span> <span class='ocrx_word' id='word_1_568' title='bbox 2417 4054 2720 4133; x_wconf 87' lang='lat' dir='ltr'><strong>opportune</strong></span> <span class='ocrx_word' id='word_1_569' title='bbox 2746 4063 2993 4120; x_wconf 84' lang='lat' dir='ltr'><strong>videatur</strong></span> <span class='ocrx_word' id='word_1_570' title='bbox 3020 4065 3199 4121; x_wconf 79' lang='lat' dir='ltr'><strong>offerri</strong></span> <span class='ocrx_word' id='word_1_571' title='bbox 3229 4082 3243 4121; x_wconf 88' lang='lat'><strong>:</strong></span> <span class='ocrx_word' id='word_1_572' title='bbox 3274 4083 3344 4122; x_wconf 84' lang='lat' dir='ltr'><strong>ue</strong></span> <span class='ocrx_word' id='word_1_573' title='bbox 3365 4083 3453 4123; x_wconf 91' lang='lat' dir='ltr'><strong>res</strong></span> <span class='ocrx_word' id='word_1_574' title='bbox 3480 4068 3560 4123; x_wconf 89' lang='lat' dir='ltr'><strong>di-</strong></span> 
     </span>
    </p>
   </div>
   <div class='ocr_carea' id='block_1_91' title="bbox 1972 4156 3561 4228">
    <p class='ocr_par' dir='ltr' id='par_1_91' title="bbox 1972 4156 3561 4228">
     <span class='ocr_line' id='line_1_91' title="bbox 1972 4156 3561 4228; baseline 0.002 -17"><span class='ocrx_word' id='word_1_575' title='bbox 1972 4156 2099 4211; x_wconf 68' lang='lat' dir='ltr'><strong>visae</strong></span> <span class='ocrx_word' id='word_1_576' title='bbox 2127 4169 2389 4225; x_wconf 88' lang='lat' dir='ltr'><strong>generare</strong></span> <span class='ocrx_word' id='word_1_577' title='bbox 2415 4156 2516 4212; x_wconf 89' lang='lat' dir='ltr'><strong>sibi</strong></span> <span class='ocrx_word' id='word_1_578' title='bbox 2550 4156 2834 4213; x_wconf 89' lang='lat' dir='ltr'><strong>videantur</strong></span> <span class='ocrx_word' id='word_1_579' title='bbox 2860 4159 3092 4228; x_wconf 86' lang='lat' dir='ltr'><strong>aliquam</strong></span> <span class='ocrx_word' id='word_1_580' title='bbox 3121 4160 3459 4227; x_wconf 83' lang='lat' dir='ltr'><strong>tarditatem;</strong></span> <span class='ocrx_word' id='word_1_581' title='bbox 3507 4171 3561 4215; x_wconf 86' lang='lat' dir='ltr'><strong>et</strong></span> 
     </span>
    </p>
   </div>
   <div class='ocr_carea' id='block_1_92' title="bbox 1973 4246 3560 4323">
    <p class='ocr_par' dir='ltr' id='par_1_92' title="bbox 1973 4246 3560 4323">
     <span class='ocr_line' id='line_1_92' title="bbox 1973 4246 3560 4323; baseline 0.006 -24"><span class='ocrx_word' id='word_1_582' title='bbox 1973 4261 2163 4316; x_wconf 88' lang='lat' dir='ltr'><strong>parum</strong></span> <span class='ocrx_word' id='word_1_583' title='bbox 2208 4247 2278 4301; x_wconf 89' lang='lat' dir='ltr'><strong>sit</strong></span> <span class='ocrx_word' id='word_1_584' title='bbox 2307 4264 2468 4302; x_wconf 90' lang='lat' dir='ltr'><strong>unam</strong></span> <span class='ocrx_word' id='word_1_585' title='bbox 2517 4246 2800 4318; x_wconf 83' lang='lat' dir='ltr'><strong>perficere,</strong></span> <span class='ocrx_word' id='word_1_586' title='bbox 2839 4251 2939 4305; x_wconf 87' lang='lat' dir='ltr'><strong>nisi</strong></span> <span class='ocrx_word' id='word_1_587' title='bbox 2968 4253 3243 4319; x_wconf 85' lang='lat' dir='ltr'><strong>contingat</strong></span> <span class='ocrx_word' id='word_1_588' title='bbox 3273 4261 3560 4323; x_wconf 85' lang='lat' dir='ltr'><strong>utramque</strong></span> 
     </span>
    </p>
   </div>
   <div class='ocr_carea' id='block_1_93' title="bbox 1973 4339 3560 4412">
    <p class='ocr_par' dir='ltr' id='par_1_93' title="bbox 1973 4339 3560 4412">
     <span class='ocr_line' id='line_1_93' title="bbox 1973 4339 3560 4412; baseline 0.006 -21"><span class='ocrx_word' id='word_1_589' title='bbox 1973 4354 2283 4408; x_wconf 90' lang='lat' dir='ltr'><strong>procurare.</strong></span> <span class='ocrx_word' id='word_1_590' title='bbox 2334 4339 2392 4394; x_wconf 90' lang='lat' dir='ltr'><strong>Si</strong></span> <span class='ocrx_word' id='word_1_591' title='bbox 2443 4354 2549 4410; x_wconf 91' lang='lat' dir='ltr'><strong>qua</strong></span> <span class='ocrx_word' id='word_1_592' title='bbox 2596 4341 2758 4395; x_wconf 80' lang='lat' dir='ltr'><strong>etiam</strong></span> <span class='ocrx_word' id='word_1_593' title='bbox 2808 4356 2906 4410; x_wconf 92' lang='lat' dir='ltr'><strong>per</strong></span> <span class='ocrx_word' id='word_1_594' title='bbox 2946 4343 3118 4412; x_wconf 84' lang='lat' dir='ltr'><strong>ripam</strong></span> <span class='ocrx_word' id='word_1_595' title='bbox 3157 4343 3389 4400; x_wconf 85' lang='lat' dir='ltr'><strong>fluminis</strong></span> <span class='ocrx_word' id='word_1_596' title='bbox 3429 4342 3560 4401; x_wconf 90' lang='lat' dir='ltr'><strong>Padi</strong></span> 
     </span>
    </p>
   </div>
   <div class='ocr_carea' id='block_1_94' title="bbox 1972 4429 3561 4505">
    <p class='ocr_par' dir='ltr' id='par_1_94' title="bbox 1972 4429 3561 4505">
     <span class='ocr_line' id='line_1_94' title="bbox 1972 4429 3561 4505; baseline 0.005 -21"><span class='ocrx_word' id='word_1_597' title='bbox 1972 4430 2112 4498; x_wconf 61' lang='lat' dir='ltr'><strong>Signa</strong></span> <span class='ocrx_word' id='word_1_598' title='bbox 2152 4429 2479 4485; x_wconf 84' lang='lat' dir='ltr'><strong>fabricandis</strong></span> <span class='ocrx_word' id='word_1_599' title='bbox 2506 4438 2629 4499; x_wconf 86' lang='lat' dir='ltr'><strong>apta</strong></span> <span class='ocrx_word' id='word_1_600' title='bbox 2655 4430 3007 4487; x_wconf 88' lang='lat' dir='ltr'><strong>dromonibus</strong></span> <span class='ocrx_word' id='word_1_601' title='bbox 3049 4433 3104 4488; x_wconf 88' lang='lat' dir='ltr'><strong>in</strong></span> <span class='ocrx_word' id='word_1_602' title='bbox 3130 4435 3341 4504; x_wconf 58' lang='lat' dir='ltr'><strong>praediis</strong></span> <span class='ocrx_word' id='word_1_603' title='bbox 3369 4437 3561 4505; x_wconf 85' lang='lat' dir='ltr'><strong>regali-</strong></span> 
     </span>
    </p>
   </div>
   <div class='ocr_carea' id='block_1_95' title="bbox 1972 4521 3561 4597">
    <p class='ocr_par' dir='ltr' id='par_1_95' title="bbox 1972 4521 3561 4597">
     <span class='ocr_line' id='line_1_95' title="bbox 1972 4521 3561 4597; baseline 0.004 -20"><span class='ocrx_word' id='word_1_604' title='bbox 1972 4523 2073 4577; x_wconf 89' lang='lat' dir='ltr'><strong>bus</strong></span> <span class='ocrx_word' id='word_1_605' title='bbox 2092 4521 2371 4591; x_wconf 89' lang='lat' dir='ltr'><strong>potuerint</strong></span> <span class='ocrx_word' id='word_1_606' title='bbox 2393 4521 2640 4587; x_wconf 75' lang='lat' dir='ltr'><strong>inveniri,</strong></span> <span class='ocrx_word' id='word_1_607' title='bbox 2665 4522 2959 4579; x_wconf 90' lang='lat' dir='ltr'><strong>artificibus</strong></span> <span class='ocrx_word' id='word_1_608' title='bbox 2982 4523 3107 4581; x_wconf 82' lang='lat' dir='ltr'><strong>huic</strong></span> <span class='ocrx_word' id='word_1_609' title='bbox 3123 4527 3275 4596; x_wconf 87' lang='lat' dir='ltr'><strong>operi</strong></span> <span class='ocrx_word' id='word_1_610' title='bbox 3302 4544 3333 4583; x_wconf 92' lang='lat' dir='ltr'><strong>a</strong></span> <span class='ocrx_word' id='word_1_611' title='bbox 3356 4529 3561 4597; x_wconf 89' lang='lat' dir='ltr'><strong>magni-</strong></span> 
     </span>
    </p>
   </div>
   <div class='ocr_carea' id='block_1_96' title="bbox 1975 4610 3560 4688">
    <p class='ocr_par' dir='ltr' id='par_1_96' title="bbox 1975 4610 3560 4688">
     <span class='ocr_line' id='line_1_96' title="bbox 1975 4610 3560 4688; baseline 0.006 -25"><span class='ocrx_word' id='word_1_612' title='bbox 1975 4612 2076 4667; x_wconf 87' lang='lat' dir='ltr'><strong>fico</strong></span> <span class='ocrx_word' id='word_1_613' title='bbox 2106 4612 2222 4666; x_wconf 92' lang='lat' dir='ltr'><strong>viro</strong></span> <span class='ocrx_word' id='word_1_614' title='bbox 2246 4611 2590 4666; x_wconf 85' lang='lat' dir='ltr'><strong>Abundantio</strong></span> <span class='ocrx_word' id='word_1_615' title='bbox 2611 4610 2866 4683; x_wconf 59' lang='lat' dir='ltr'><strong>praefecto</strong></span> <span class='ocrx_word' id='word_1_616' title='bbox 2895 4615 3149 4683; x_wconf 74' lang='lat' dir='ltr'><strong>prmtorio</strong></span> <span class='ocrx_word' id='word_1_617' title='bbox 3170 4616 3436 4688; x_wconf 86' lang='lat' dir='ltr'><strong>deputatis</strong></span> <span class='ocrx_word' id='word_1_618' title='bbox 3463 4617 3560 4672; x_wconf 86' lang='lat' dir='ltr'><strong>ab-</strong></span> 
     </span>
    </p>
   </div>
   <div class='ocr_carea' id='block_1_97' title="bbox 263 4703 3560 4782">
    <p class='ocr_par' dir='ltr' id='par_1_97' title="bbox 263 4703 3560 4782">
     <span class='ocr_line' id='line_1_97' title="bbox 263 4703 3560 4782; baseline 0 -17"><span class='ocrx_word' id='word_1_619' title='bbox 263 4710 475 4766; x_wconf 85' lang='lat' dir='ltr'><strong>mundo</strong></span> <span class='ocrx_word' id='word_1_620' title='bbox 503 4711 619 4766; x_wconf 87' lang='lat' dir='ltr'><strong>visa</strong></span> <span class='ocrx_word' id='word_1_621' title='bbox 650 4720 734 4766; x_wconf 88' lang='lat' dir='ltr'><strong>est</strong></span> <span class='ocrx_word' id='word_1_622' title='bbox 763 4712 946 4780; x_wconf 88' lang='lat' dir='ltr'><strong>ignota</strong></span> <span class='ocrx_word' id='word_1_623' title='bbox 972 4726 1237 4767; x_wconf 88' lang='lat' dir='ltr'><strong>reserare.</strong></span> <span class='ocrx_word' id='word_1_624' title='bbox 1286 4710 1462 4782; x_wconf 88' lang='lat' dir='ltr'><strong>Atque</strong></span> <span class='ocrx_word' id='word_1_625' title='bbox 1511 4713 1653 4779; x_wconf 90' lang='lat' dir='ltr'><strong>ideo,</strong></span> <span class='ocrx_word' id='word_1_626' title='bbox 1685 4713 1870 4769; x_wconf 84' lang='lat' dir='ltr'><strong>divino</strong></span> <span class='ocrx_word' id='word_1_627' title='bbox 1902 4703 1951 4762; x_wconf 89' lang='lat' dir='ltr'><strong>D</strong></span> <span class='ocrx_word' id='word_1_628' title='bbox 1973 4705 2251 4763; x_wconf 88' lang='lat' dir='ltr'><strong>scindendi</strong></span> <span class='ocrx_word' id='word_1_629' title='bbox 2298 4705 2368 4760; x_wconf 92' lang='lat' dir='ltr'><strong>sit</strong></span> <span class='ocrx_word' id='word_1_630' title='bbox 2398 4705 2658 4776; x_wconf 89' lang='lat' dir='ltr'><strong>permissa</strong></span> <span class='ocrx_word' id='word_1_631' title='bbox 2699 4705 2931 4761; x_wconf 78' lang='lat' dir='ltr'><strong>licentia.</strong></span> <span class='ocrx_word' id='word_1_632' title='bbox 2966 4706 3227 4764; x_wconf 86' lang='lat' dir='ltr'><strong>Volumus</strong></span> <span class='ocrx_word' id='word_1_633' title='bbox 3264 4710 3406 4764; x_wconf 90' lang='lat' dir='ltr'><strong>enim</strong></span> <span class='ocrx_word' id='word_1_634' title='bbox 3456 4709 3560 4765; x_wconf 88' lang='lat' dir='ltr'><strong>hoc</strong></span> 
     </span>
    </p>
   </div>
   <div class='ocr_carea' id='block_1_98' title="bbox 262 4800 1866 4872">
    <p class='ocr_par' dir='ltr' id='par_1_98' title="bbox 262 4800 1866 4872">
     <span class='ocr_line' id='line_1_98' title="bbox 262 4800 1866 4872; baseline 0.002 -18"><span class='ocrx_word' id='word_1_635' title='bbox 262 4801 430 4855; x_wconf 81' lang='lat' dir='ltr'><strong>nobis</strong></span> <span class='ocrx_word' id='word_1_636' title='bbox 452 4800 658 4856; x_wconf 86' lang='lat' dir='ltr'><strong>auxilio</strong></span> <span class='ocrx_word' id='word_1_637' title='bbox 686 4800 1034 4872; x_wconf 77' lang='lat' dir='ltr'><strong>suffragante,</strong></span> <span class='ocrx_word' id='word_1_638' title='bbox 1064 4800 1218 4870; x_wconf 88' lang='lat' dir='ltr'><strong>cujus</strong></span> <span class='ocrx_word' id='word_1_639' title='bbox 1237 4802 1450 4859; x_wconf 90' lang='lat' dir='ltr'><strong>virtutis</strong></span> <span class='ocrx_word' id='word_1_640' title='bbox 1473 4814 1559 4859; x_wconf 91' lang='lat' dir='ltr'><strong>est</strong></span> <span class='ocrx_word' id='word_1_641' title='bbox 1587 4805 1866 4860; x_wconf 87' lang='lat' dir='ltr'><strong>hominum</strong></span> 
     </span>
    </p>
   </div>
   <div class='ocr_carea' id='block_1_99' title="bbox 262 4890 1869 4963">
    <p class='ocr_par' dir='ltr' id='par_1_99' title="bbox 262 4890 1869 4963">
     <span class='ocr_line' id='line_1_99' title="bbox 262 4890 1869 4963; baseline 0.004 -20"><span class='ocrx_word' id='word_1_642' title='bbox 262 4900 392 4945; x_wconf 85' lang='lat' dir='ltr'><strong>vota</strong></span> <span class='ocrx_word' id='word_1_643' title='bbox 424 4891 706 4963; x_wconf 82' lang='lat' dir='ltr'><strong>perficere,</strong></span> <span class='ocrx_word' id='word_1_644' title='bbox 738 4892 983 4961; x_wconf 80' lang='lat' dir='ltr'><strong>proxima</strong></span> <span class='ocrx_word' id='word_1_645' title='bbox 1012 4890 1101 4947; x_wconf 88' lang='lat' dir='ltr'><strong>die</strong></span> <span class='ocrx_word' id='word_1_646' title='bbox 1137 4892 1320 4948; x_wconf 89' lang='lat' dir='ltr'><strong>iduum</strong></span> <span class='ocrx_word' id='word_1_647' title='bbox 1362 4891 1642 4950; x_wconf 77' lang='lat' dir='ltr'><strong>Juniarum</strong></span> <span class='ocrx_word' id='word_1_648' title='bbox 1681 4894 1749 4949; x_wconf 90' lang='lat' dir='ltr'><strong>ad</strong></span> <span class='ocrx_word' id='word_1_649' title='bbox 1779 4910 1869 4949; x_wconf 88' lang='lat' dir='ltr'><strong>ur-</strong></span> 
     </span>
    </p>
   </div>
   <div class='ocr_carea' id='block_1_100' title="bbox 336 5110 1862 5185">
    <p class='ocr_par' dir='ltr' id='par_1_100' title="bbox 336 5110 1862 5185">
     <span class='ocr_line' id='line_1_100' title="bbox 336 5110 1862 5185; baseline 0.001 -20"><span class='ocrx_word' id='word_1_650' title='bbox 336 5121 361 5148; x_wconf 78' lang='grc'><strong><em>⁸</em></strong></span> <span class='ocrx_word' id='word_1_651' title='bbox 394 5110 531 5185; x_wconf 78' lang='lat' dir='ltr'><strong>&#39;I’ale</strong></span> <span class='ocrx_word' id='word_1_652' title='bbox 558 5114 807 5185; x_wconf 73' lang='lat' dir='ltr'><strong>estquod</strong></span> <span class='ocrx_word' id='word_1_653' title='bbox 835 5114 911 5170; x_wconf 89' lang='lat' dir='ltr'><strong>ait</strong></span> <span class='ocrx_word' id='word_1_654' title='bbox 936 5115 1233 5185; x_wconf 86' lang='lat' dir='ltr'><strong>impera_tor</strong></span> <span class='ocrx_word' id='word_1_655' title='bbox 1258 5111 1541 5185; x_wconf 80' lang='lat' dir='ltr'><strong>Constant.</strong></span> <span class='ocrx_word' id='word_1_656' title='bbox 1575 5112 1683 5185; x_wconf 52' lang='lat' dir='ltr'><strong>lib.</strong></span> <span class='ocrx_word' id='word_1_657' title='bbox 1702 5128 1772 5166; x_wconf 85' lang='lat' dir='ltr'><strong>vn</strong></span> <span class='ocrx_word' id='word_1_658' title='bbox 1794 5111 1862 5166; x_wconf 90' lang='lat' dir='ltr'><strong>de</strong></span> 
     </span>
    </p>
   </div>
   <div class='ocr_carea' id='block_1_101' title="bbox 256 5130 1864 5264">
    <p class='ocr_par' dir='ltr' id='par_1_101' title="bbox 256 5130 1864 5264">
     <span class='ocr_line' id='line_1_101' title="bbox 336 5130 1862 5185; baseline 0.001 -20"><span class='ocrx_word' id='word_1_659' title='bbox 336 5130 361 5148; x_wconf 83' lang='lat'><strong>-</strong></span> <span class='ocrx_word' id='word_1_660' title='bbox 396 5130 531 5168; x_wconf 66' lang='lat' dir='ltr'><strong>rate</strong></span> <span class='ocrx_word' id='word_1_661' title='bbox 558 5130 641 5168; x_wconf 85' lang='lat' dir='ltr'><strong>est</strong></span> <span class='ocrx_word' id='word_1_662' title='bbox 702 5130 807 5170; x_wconf 86' lang='lat' dir='ltr'><strong>uoa</strong></span> <span class='ocrx_word' id='word_1_663' title='bbox 835 5130 911 5170; x_wconf 80' lang='lat' dir='ltr'><strong>att</strong></span> <span class='ocrx_word' id='word_1_664' title='bbox 936 5130 1233 5185; x_wconf 80' lang='lat' dir='ltr'><strong>imperator</strong></span> <span class='ocrx_word' id='word_1_665' title='bbox 1258 5130 1541 5168; x_wconf 56' lang='lat' dir='ltr'><strong>constant.</strong></span> <span class='ocrx_word' id='word_1_666' title='bbox 1576 5130 1667 5166; x_wconf 88' lang='lat' dir='ltr'><strong>uo.</strong></span> <span class='ocrx_word' id='word_1_667' title='bbox 1702 5130 1772 5166; x_wconf 83' lang='lat' dir='ltr'><strong>vn</strong></span> <span class='ocrx_word' id='word_1_668' title='bbox 1794 5130 1862 5166; x_wconf 87' lang='lat' dir='ltr'><strong>ue</strong></span> 
     </span>
     <span class='ocr_line' id='line_1_102' title="bbox 256 5130 1864 5264; baseline 0.001 -28"><span class='ocrx_word' id='word_1_669' title='bbox 256 5183 526 5264; x_wconf 65' lang='lat' dir='ltr'><strong>operibus</strong></span> <span class='ocrx_word' id='word_1_670' title='bbox 570 5130 815 5264; x_wconf 59' lang='lat' dir='ltr'><strong>publicis.</strong></span> <span class='ocrx_word' id='word_1_671' title='bbox 888 5185 1074 5241; x_wconf 86' lang='lat' dir='ltr'><strong>Codex</strong></span> <span class='ocrx_word' id='word_1_672' title='bbox 1122 5183 1394 5240; x_wconf 84' lang='lat' dir='ltr'><strong>Theodos.</strong></span> <span class='ocrx_word' id='word_1_673' title='bbox 1438 5183 1690 5239; x_wconf 78' lang='lat' dir='ltr'><strong>Monendi</strong></span> <span class='ocrx_word' id='word_1_674' title='bbox 1738 5191 1864 5239; x_wconf 87' lang='lat' dir='ltr'><strong>sunt</strong></span> 
     </span>
    </p>
   </div>
   <div class='ocr_carea' id='block_1_102' title="bbox 254 5252 793 5322">
    <p class='ocr_par' dir='ltr' id='par_1_102' title="bbox 254 5252 793 5322">
     <span class='ocr_line' id='line_1_103' title="bbox 254 5252 793 5322; baseline 0.007 -16"><span class='ocrx_word' id='word_1_675' title='bbox 254 5252 500 5322; x_wconf 76' lang='lat' dir='ltr'><strong>iudices.</strong></span> <span class='ocrx_word' id='word_1_676' title='bbox 534 5252 640 5309; x_wconf 82' lang='lat' dir='ltr'><strong>etc.</strong></span> <span class='ocrx_word' id='word_1_677' title='bbox 671 5254 793 5310; x_wconf 78' lang='lat' dir='ltr'><strong>Jun.</strong></span> 
     </span>
    </p>
   </div>
   <div class='ocr_carea' id='block_1_103' title="bbox 331 5321 1862 5396">
    <p class='ocr_par' dir='ltr' id='par_1_103' title="bbox 331 5321 1862 5396">
     <span class='ocr_line' id='line_1_104' title="bbox 331 5321 1862 5396; baseline 0.002 -20"><span class='ocrx_word' id='word_1_678' title='bbox 331 5322 363 5363; x_wconf 70' lang='grc' dir='ltr'>δ</span> <span class='ocrx_word' id='word_1_679' title='bbox 393 5321 734 5380; x_wconf 81' lang='lat' dir='ltr'><strong>Libertatem</strong></span> <span class='ocrx_word' id='word_1_680' title='bbox 776 5324 1008 5380; x_wconf 88' lang='lat' dir='ltr'><strong>fluminis</strong></span> <span class='ocrx_word' id='word_1_681' title='bbox 1055 5324 1333 5396; x_wconf 87' lang='lat' dir='ltr'><strong>impedire.</strong></span> <span class='ocrx_word' id='word_1_682' title='bbox 1379 5322 1615 5396; x_wconf 9' lang='lat' dir='ltr'><strong>Proditar</strong></span> <span class='ocrx_word' id='word_1_683' title='bbox 1640 5330 1768 5378; x_wconf 90' lang='lat' dir='ltr'><strong>sunt</strong></span> <span class='ocrx_word' id='word_1_684' title='bbox 1807 5324 1862 5379; x_wconf 90' lang='lat' dir='ltr'><strong>in</strong></span> 
     </span>
    </p>
   </div>
   <div class='ocr_carea' id='block_1_104' title="bbox 256 5393 1866 5464">
    <p class='ocr_par' dir='ltr' id='par_1_104' title="bbox 256 5393 1866 5464">
     <span class='ocr_line' id='line_1_105' title="bbox 256 5393 1866 5464; baseline -0.001 -16"><span class='ocrx_word' id='word_1_685' title='bbox 256 5394 411 5448; x_wconf 84' lang='lat' dir='ltr'><strong>hanc</strong></span> <span class='ocrx_word' id='word_1_686' title='bbox 442 5409 557 5448; x_wconf 90' lang='lat' dir='ltr'><strong>rem</strong></span> <span class='ocrx_word' id='word_1_687' title='bbox 584 5410 612 5448; x_wconf 93' lang='lat' dir='ltr'><strong>a</strong></span> <span class='ocrx_word' id='word_1_688' title='bbox 642 5396 960 5464; x_wconf 69' lang='lat' dir='ltr'><strong>praetoribus</strong></span> <span class='ocrx_word' id='word_1_689' title='bbox 991 5393 1296 5460; x_wconf 81' lang='lat' dir='ltr'><strong>interdicta,</strong></span> <span class='ocrx_word' id='word_1_690' title='bbox 1327 5408 1396 5449; x_wconf 90' lang='lat' dir='ltr'><strong>ne</strong></span> <span class='ocrx_word' id='word_1_691' title='bbox 1422 5393 1748 5463; x_wconf 89' lang='lat' dir='ltr'><strong>impediatur</strong></span> <span class='ocrx_word' id='word_1_692' title='bbox 1774 5410 1866 5448; x_wconf 86' lang='lat' dir='ltr'><strong>na-</strong></span> 
     </span>
    </p>
   </div>
   <div class='ocr_carea' id='block_1_105' title="bbox 256 5463 1864 5535">
    <p class='ocr_par' dir='ltr' id='par_1_105' title="bbox 256 5463 1864 5535">
     <span class='ocr_line' id='line_1_106' title="bbox 256 5463 1864 5535; baseline 0.001 -18"><span class='ocrx_word' id='word_1_693' title='bbox 256 5464 472 5532; x_wconf 79' lang='lat' dir='ltr'><strong>vigatio</strong></span> <span class='ocrx_word' id='word_1_694' title='bbox 516 5463 659 5535; x_wconf 27' lang='lat' dir='ltr'><strong>ine</strong></span> <span class='ocrx_word' id='word_1_695' title='bbox 703 5465 832 5535; x_wconf 85' lang='lat' dir='ltr'><strong>quid</strong></span> <span class='ocrx_word' id='word_1_696' title='bbox 880 5465 934 5519; x_wconf 92' lang='lat' dir='ltr'><strong>in</strong></span> <span class='ocrx_word' id='word_1_697' title='bbox 976 5464 1198 5521; x_wconf 88' lang='lat' dir='ltr'><strong>flumine</strong></span> <span class='ocrx_word' id='word_1_698' title='bbox 1243 5465 1460 5535; x_wconf 90' lang='lat' dir='ltr'><strong>publico</strong></span> <span class='ocrx_word' id='word_1_699' title='bbox 1514 5465 1698 5533; x_wconf 87' lang='lat' dir='ltr'><strong>ripave</strong></span> <span class='ocrx_word' id='word_1_700' title='bbox 1746 5464 1864 5529; x_wconf 89' lang='lat' dir='ltr'><strong>ejus</strong></span> 
     </span>
    </p>
   </div>
   <div class='ocr_carea' id='block_1_106' title="bbox 254 5532 1861 5605">
    <p class='ocr_par' dir='ltr' id='par_1_106' title="bbox 254 5532 1861 5605">
     <span class='ocr_line' id='line_1_107' title="bbox 254 5532 1861 5605; baseline 0 -16"><span class='ocrx_word' id='word_1_701' title='bbox 254 5535 474 5597; x_wconf 77' lang='lat' dir='ltr'><strong>facias;</strong></span> <span class='ocrx_word' id='word_1_702' title='bbox 516 5532 595 5605; x_wconf 82' lang='lat' dir='ltr'><strong>Ne</strong></span> <span class='ocrx_word' id='word_1_703' title='bbox 638 5532 765 5603; x_wconf 81' lang='lat' dir='ltr'><strong>quid</strong></span> <span class='ocrx_word' id='word_1_704' title='bbox 814 5536 870 5590; x_wconf 90' lang='lat' dir='ltr'><strong>in</strong></span> <span class='ocrx_word' id='word_1_705' title='bbox 916 5535 1135 5591; x_wconf 88' lang='lat' dir='ltr'><strong>flumine</strong></span> <span class='ocrx_word' id='word_1_706' title='bbox 1180 5532 1417 5605; x_wconf 86' lang='lat' dir='ltr'><strong>publico,</strong></span> <span class='ocrx_word' id='word_1_707' title='bbox 1467 5532 1601 5605; x_wconf 86' lang='lat' dir='ltr'><strong>neve</strong></span> <span class='ocrx_word' id='word_1_708' title='bbox 1645 5535 1698 5589; x_wconf 92' lang='lat' dir='ltr'><strong>in</strong></span> <span class='ocrx_word' id='word_1_709' title='bbox 1746 5535 1861 5604; x_wconf 83' lang='lat' dir='ltr'><strong>ripa</strong></span> 
     </span>
    </p>
   </div>
   <div class='ocr_carea' id='block_1_107' title="bbox 255 5604 1864 5744">
    <p class='ocr_par' dir='ltr' id='par_1_107' title="bbox 255 5604 1864 5744">
     <span class='ocr_line' id='line_1_108' title="bbox 255 5604 1857 5674; baseline -0.001 -15"><span class='ocrx_word' id='word_1_710' title='bbox 255 5606 387 5673; x_wconf 84' lang='lat' dir='ltr'><strong>ejus</strong></span> <span class='ocrx_word' id='word_1_711' title='bbox 419 5604 703 5668; x_wconf 73' lang='lat' dir='ltr'><strong>immittas,</strong></span> <span class='ocrx_word' id='word_1_712' title='bbox 729 5620 839 5674; x_wconf 89' lang='lat' dir='ltr'><strong>quo</strong></span> <span class='ocrx_word' id='word_1_713' title='bbox 868 5606 1031 5659; x_wconf 82' lang='lat' dir='ltr'><strong>statio</strong></span> <span class='ocrx_word' id='word_1_714' title='bbox 1062 5604 1228 5661; x_wconf 75' lang='lat' dir='ltr'><strong>iterve</strong></span> <span class='ocrx_word' id='word_1_715' title='bbox 1260 5605 1473 5672; x_wconf 85' lang='lat' dir='ltr'><strong>navigio</strong></span> <span class='ocrx_word' id='word_1_716' title='bbox 1501 5604 1741 5660; x_wconf 89' lang='lat' dir='ltr'><strong>deterior</strong></span> <span class='ocrx_word' id='word_1_717' title='bbox 1767 5610 1857 5670; x_wconf 87' lang='lat' dir='ltr'><strong>sit,</strong></span> 
     </span>
     <span class='ocr_line' id='line_1_109' title="bbox 256 5672 1864 5744; baseline -0.001 -14"><span class='ocrx_word' id='word_1_718' title='bbox 256 5672 300 5730; x_wconf 86' lang='lat' dir='ltr'><strong>I.</strong></span> <span class='ocrx_word' id='word_1_719' title='bbox 330 5674 390 5741; x_wconf 83' lang='lat' dir='ltr'><strong>l,</strong></span> <span class='ocrx_word' id='word_1_720' title='bbox 424 5672 589 5744; x_wconf 87' lang='lat' dir='ltr'><strong>D.-de</strong></span> <span class='ocrx_word' id='word_1_721' title='bbox 616 5673 944 5729; x_wconf 78' lang='lat' dir='ltr'><strong>ﬂuminibus.</strong></span> <span class='ocrx_word' id='word_1_722' title='bbox 994 5674 1148 5741; x_wconf 89' lang='lat' dir='ltr'><strong>Item,</strong></span> <span class='ocrx_word' id='word_1_723' title='bbox 1199 5685 1258 5731; x_wconf 91' lang='lat' dir='ltr'><strong>ut</strong></span> <span class='ocrx_word' id='word_1_724' title='bbox 1303 5677 1355 5731; x_wconf 92' lang='lat' dir='ltr'><strong>in</strong></span> <span class='ocrx_word' id='word_1_725' title='bbox 1388 5675 1605 5744; x_wconf 79' lang='lat' dir='ltr'><strong>flumine</strong></span> <span class='ocrx_word' id='word_1_726' title='bbox 1644 5674 1864 5744; x_wconf 84' lang='lat' dir='ltr'><strong>publico</strong></span> 
     </span>
    </p>
   </div>
   <div class='ocr_carea' id='block_1_108' title="bbox 280 5713 1148 5741">
    <p class='ocr_par' dir='ltr' id='par_1_108' title="bbox 280 5713 1148 5741">
     <span class='ocr_line' id='line_1_110' title="bbox 280 5713 1148 5741; baseline 0.002 -14"><span class='ocrx_word' id='word_1_727' title='bbox 280 5713 300 5730; x_wconf 74' lang='grc' dir='ltr'><strong><em>ο</em></strong></span> <span class='ocrx_word' id='word_1_728' title='bbox 334 5713 390 5741; x_wconf 64' lang='grc' dir='ltr'><strong>Ι,</strong></span> <span class='ocrx_word' id='word_1_729' title='bbox 424 5713 494 5730; x_wconf 70' lang='grc' dir='ltr'><strong>υ.</strong></span> <span class='ocrx_word' id='word_1_730' title='bbox 523 5713 587 5728; x_wconf 67' lang='lat' dir='ltr'><strong>“ll</strong></span> <span class='ocrx_word' id='word_1_731' title='bbox 618 5713 944 5729; x_wconf 67' lang='grc' dir='ltr'><strong>ιιιιιιιιιιιυιιεη</strong></span> <span class='ocrx_word' id='word_1_732' title='bbox 995 5713 1148 5741; x_wconf 61' lang='lat' dir='ltr'><strong>IUVIII,</strong></span> 
     </span>
    </p>
   </div>
   <div class='ocr_carea' id='block_1_109' title="bbox 258 5742 1865 5813">
    <p class='ocr_par' dir='ltr' id='par_1_109' title="bbox 258 5742 1865 5813">
     <span class='ocr_line' id='line_1_111' title="bbox 258 5742 1865 5813; baseline -0.001 -13"><span class='ocrx_word' id='word_1_733' title='bbox 258 5746 533 5813; x_wconf 73' lang='lat' dir='ltr'><strong>navigare</strong></span> <span class='ocrx_word' id='word_1_734' title='bbox 557 5743 739 5810; x_wconf 87' lang='lat' dir='ltr'><strong>liceat,</strong></span> <span class='ocrx_word' id='word_1_735' title='bbox 772 5745 863 5798; x_wconf 89' lang='lat' dir='ltr'><strong>lib.</strong></span> <span class='ocrx_word' id='word_1_736' title='bbox 898 5761 1045 5806; x_wconf 81' lang='lat' dir='ltr'><strong>xuu,</strong></span> <span class='ocrx_word' id='word_1_737' title='bbox 1076 5746 1158 5799; x_wconf 88' lang='lat' dir='ltr'><strong>tit.</strong></span> <span class='ocrx_word' id='word_1_738' title='bbox 1188 5747 1255 5801; x_wconf 75' lang='lat'><strong>15</strong></span> <span class='ocrx_word' id='word_1_739' title='bbox 1274 5756 1328 5801; x_wconf 91' lang='lat' dir='ltr'><strong>et</strong></span> <span class='ocrx_word' id='word_1_740' title='bbox 1350 5746 1436 5812; x_wconf 69' lang='grc'><strong>14,</strong></span> <span class='ocrx_word' id='word_1_741' title='bbox 1475 5742 1731 5800; x_wconf 79' lang='lat' dir='ltr'><strong>Pandect.</strong></span> <span class='ocrx_word' id='word_1_742' title='bbox 1755 5743 1865 5799; x_wconf 91' lang='lat' dir='ltr'><strong>Sed</strong></span> 
     </span>
    </p>
   </div>
   <div class='ocr_carea' id='block_1_110' title="bbox 257 5815 1866 5883">
    <p class='ocr_par' dir='ltr' id='par_1_110' title="bbox 257 5815 1866 5883">
     <span class='ocr_line' id='line_1_112' title="bbox 257 5815 1866 5883; baseline 0.001 -15"><span class='ocrx_word' id='word_1_743' title='bbox 257 5824 319 5868; x_wconf 80' lang='lat' dir='ltr'><strong>et</strong></span> <span class='ocrx_word' id='word_1_744' title='bbox 344 5822 600 5867; x_wconf 85' lang='lat' dir='ltr'><strong>veterum</strong></span> <span class='ocrx_word' id='word_1_745' title='bbox 632 5823 920 5883; x_wconf 71' lang='lat' dir='ltr'><strong>przetorum</strong></span> <span class='ocrx_word' id='word_1_746' title='bbox 943 5815 1012 5869; x_wconf 90' lang='lat' dir='ltr'><strong>de</strong></span> <span class='ocrx_word' id='word_1_747' title='bbox 1036 5815 1273 5872; x_wconf 81' lang='lat' dir='ltr'><strong>retandis</strong></span> <span class='ocrx_word' id='word_1_748' title='bbox 1294 5815 1603 5872; x_wconf 88' lang='lat' dir='ltr'><strong>fluminibus</strong></span> <span class='ocrx_word' id='word_1_749' title='bbox 1624 5815 1866 5869; x_wconf 89' lang='lat' dir='ltr'><strong>locandis</strong></span> 
     </span>
    </p>
   </div>
   <div class='ocr_carea' id='block_1_111' title="bbox 255 5883 1864 5954">
    <p class='ocr_par' dir='ltr' id='par_1_111' title="bbox 255 5883 1864 5954">
     <span class='ocr_line' id='line_1_113' title="bbox 255 5883 1864 5954; baseline 0.002 -18"><span class='ocrx_word' id='word_1_750' title='bbox 255 5884 464 5954; x_wconf 66' lang='lat' dir='ltr'><strong>edicta</strong></span> <span class='ocrx_word' id='word_1_751' title='bbox 489 5883 670 5954; x_wconf 83' lang='lat' dir='ltr'><strong>refert,</strong></span> <span class='ocrx_word' id='word_1_752' title='bbox 694 5893 750 5939; x_wconf 92' lang='lat' dir='ltr'><strong>et</strong></span> <span class='ocrx_word' id='word_1_753' title='bbox 773 5885 1156 5954; x_wconf 88' lang='lat' dir='ltr'><strong>interpretatur</strong></span> <span class='ocrx_word' id='word_1_754' title='bbox 1176 5887 1339 5945; x_wconf 85' lang='lat' dir='ltr'><strong>Aulus</strong></span> <span class='ocrx_word' id='word_1_755' title='bbox 1359 5888 1499 5946; x_wconf 83' lang='lat' dir='ltr'><strong>Gell.</strong></span> <span class='ocrx_word' id='word_1_756' title='bbox 1526 5886 1618 5940; x_wconf 92' lang='lat' dir='ltr'><strong>lib.</strong></span> <span class='ocrx_word' id='word_1_757' title='bbox 1646 5900 1717 5947; x_wconf 77' lang='lat' dir='ltr'><strong>xl,</strong></span> <span class='ocrx_word' id='word_1_758' title='bbox 1742 5898 1864 5951; x_wconf 84' lang='lat' dir='ltr'><strong>cap.</strong></span> 
     </span>
    </p>
   </div>
   <div class='ocr_carea' id='block_1_112' title="bbox 226 5952 1867 6032">
    <p class='ocr_par' dir='ltr' id='par_1_112' title="bbox 226 5952 1867 6032">
     <span class='ocr_line' id='line_1_114' title="bbox 226 5952 1867 6032; baseline 0.005 -22"><span class='ocrx_word' id='word_1_759' title='bbox 226 5953 364 6010; x_wconf 66' lang='grc'><strong>47.</strong></span> <span class='ocrx_word' id='word_1_760' title='bbox 399 5952 508 6008; x_wconf 88' lang='lat' dir='ltr'><strong>Cui</strong></span> <span class='ocrx_word' id='word_1_761' title='bbox 526 5955 811 6023; x_wconf 87' lang='lat' dir='ltr'><strong>respondet</strong></span> <span class='ocrx_word' id='word_1_762' title='bbox 842 5952 1141 6012; x_wconf 87' lang='lat' dir='ltr'><strong>institutum</strong></span> <span class='ocrx_word' id='word_1_763' title='bbox 1171 5956 1371 6032; x_wconf 83' lang='lat' dir='ltr'><strong>Ligeris</strong></span> <span class='ocrx_word' id='word_1_764' title='bbox 1400 5957 1541 6017; x_wconf 84' lang='lat' dir='ltr'><strong>alvei</strong></span> <span class='ocrx_word' id='word_1_765' title='bbox 1585 5955 1867 6026; x_wconf 74' lang='lat' dir='ltr'><strong>purgandi.</strong></span> 
     </span>
    </p>
   </div>
   <div class='ocr_carea' id='block_1_113' title="bbox 1973 4799 3560 4877">
    <p class='ocr_par' dir='ltr' id='par_1_113' title="bbox 1973 4799 3560 4877">
     <span class='ocr_line' id='line_1_115' title="bbox 1973 4799 3560 4877; baseline -0.001 -19"><span class='ocrx_word' id='word_1_766' title='bbox 1973 4800 2279 4870; x_wconf 84' lang='lat' dir='ltr'><strong>exemplum</strong></span> <span class='ocrx_word' id='word_1_767' title='bbox 2305 4815 2335 4853; x_wconf 89' lang='lat' dir='ltr'><strong>a</strong></span> <span class='ocrx_word' id='word_1_768' title='bbox 2365 4799 2575 4877; x_wconf 25' lang='lat' dir='ltr'><strong>nostris.</strong></span> <span class='ocrx_word' id='word_1_769' title='bbox 2611 4799 2824 4869; x_wconf 69' lang='lat' dir='ltr'><strong>praediis</strong></span> <span class='ocrx_word' id='word_1_770' title='bbox 2854 4800 3111 4857; x_wconf 87' lang='lat' dir='ltr'><strong>inchoare</strong></span> <span class='ocrx_word' id='word_1_771' title='bbox 3141 4812 3164 4841; x_wconf 75' lang='grc' dir='ltr'><strong>ε</strong></span> <span class='ocrx_word' id='word_1_772' title='bbox 3192 4809 3251 4856; x_wconf 88' lang='grc' dir='ltr'><strong>ιιι</strong></span> <span class='ocrx_word' id='word_1_773' title='bbox 3277 4802 3407 4856; x_wconf 90' lang='lat' dir='ltr'><strong>nulli</strong></span> <span class='ocrx_word' id='word_1_774' title='bbox 3435 4816 3560 4870; x_wconf 88' lang='lat' dir='ltr'><strong>gra-</strong></span> 
     </span>
    </p>
   </div>
   <div class='ocr_carea' id='block_1_114' title="bbox 1970 4892 3282 4966">
    <p class='ocr_par' dir='ltr' id='par_1_114' title="bbox 1970 4892 3282 4966">
     <span class='ocr_line' id='line_1_116' title="bbox 1970 4892 3282 4966; baseline 0 -18"><span class='ocrx_word' id='word_1_775' title='bbox 1970 4894 2051 4949; x_wconf 88' lang='lat' dir='ltr'><strong>vis</strong></span> <span class='ocrx_word' id='word_1_776' title='bbox 2075 4893 2146 4949; x_wconf 90' lang='lat' dir='ltr'><strong>sit</strong></span> <span class='ocrx_word' id='word_1_777' title='bbox 2167 4892 2363 4964; x_wconf 88' lang='lat' dir='ltr'><strong>jussio,</strong></span> <span class='ocrx_word' id='word_1_778' title='bbox 2388 4907 2509 4963; x_wconf 79' lang='lat' dir='ltr'><strong>qua:</strong></span> <span class='ocrx_word' id='word_1_779' title='bbox 2536 4894 2860 4962; x_wconf 89' lang='lat' dir='ltr'><strong>constringit</strong></span> <span class='ocrx_word' id='word_1_780' title='bbox 2885 4902 2939 4949; x_wconf 91' lang='lat' dir='ltr'><strong>et</strong></span> <span class='ocrx_word' id='word_1_781' title='bbox 2964 4895 3282 4966; x_wconf 89' lang='lat' dir='ltr'><strong>principem.</strong></span> 
     </span>
    </p>
   </div>
   <div class='ocr_carea' id='block_1_115' title="bbox 1964 5108 3474 5179">
    <p class='ocr_par' dir='ltr' id='par_1_115' title="bbox 1964 5108 3474 5179">
     <span class='ocr_line' id='line_1_117' title="bbox 1964 5108 3474 5179; baseline 0.001 -14"><span class='ocrx_word' id='word_1_782' title='bbox 1964 5111 2108 5179; x_wconf 86' lang='lat' dir='ltr'><strong>quod</strong></span> <span class='ocrx_word' id='word_1_783' title='bbox 2128 5111 2536 5168; x_wconf 84' lang='lat' dir='ltr'><strong>Aurelianenscs</strong></span> <span class='ocrx_word' id='word_1_784' title='bbox 2559 5113 2776 5175; x_wconf 71' lang='lat' dir='ltr'><strong>accolm,</strong></span> <span class='ocrx_word' id='word_1_785' title='bbox 2803 5112 2999 5165; x_wconf 73' lang='lat' dir='ltr'><strong>baliser</strong></span> <span class='ocrx_word' id='word_1_786' title='bbox 3018 5112 3069 5164; x_wconf 83' lang='lat' dir='ltr'><strong>la</strong></span> <span class='ocrx_word' id='word_1_787' title='bbox 3098 5110 3267 5166; x_wconf 77' lang='lat' dir='ltr'><strong>Loire.</strong></span> <span class='ocrx_word' id='word_1_788' title='bbox 3305 5108 3474 5166; x_wconf 75' lang='lat' dir='ltr'><strong>Fonu.</strong></span> 
     </span>
    </p>
   </div>
   <div class='ocr_carea' id='block_1_116' title="bbox 2043 5179 3562 5252">
    <p class='ocr_par' dir='ltr' id='par_1_116' title="bbox 2043 5179 3562 5252">
     <span class='ocr_line' id='line_1_118' title="bbox 2043 5179 3562 5252; baseline 0.001 -16"><span class='ocrx_word' id='word_1_789' title='bbox 2043 5194 2065 5221; x_wconf 71' lang='grc' dir='ltr'><em>ε</em></span> <span class='ocrx_word' id='word_1_790' title='bbox 2096 5182 2354 5236; x_wconf 82' lang='lat' dir='ltr'><strong>Volumus</strong></span> <span class='ocrx_word' id='word_1_791' title='bbox 2401 5183 2505 5237; x_wconf 89' lang='lat' dir='ltr'><strong>hoc</strong></span> <span class='ocrx_word' id='word_1_792' title='bbox 2544 5183 2851 5252; x_wconf 89' lang='lat' dir='ltr'><strong>exemplum</strong></span> <span class='ocrx_word' id='word_1_793' title='bbox 2897 5198 2927 5235; x_wconf 71' lang='grc' dir='ltr'><strong>ιι</strong></span> <span class='ocrx_word' id='word_1_794' title='bbox 2975 5184 3175 5236; x_wconf 88' lang='lat' dir='ltr'><strong>nostris</strong></span> <span class='ocrx_word' id='word_1_795' title='bbox 3221 5179 3436 5251; x_wconf 73' lang='lat' dir='ltr'><strong>praediis</strong></span> <span class='ocrx_word' id='word_1_796' title='bbox 3478 5183 3562 5237; x_wconf 85' lang='lat' dir='ltr'><strong>in-</strong></span> 
     </span>
    </p>
   </div>
   <div class='ocr_carea' id='block_1_117' title="bbox 1965 5251 3562 5322">
    <p class='ocr_par' dir='ltr' id='par_1_117' title="bbox 1965 5251 3562 5322">
     <span class='ocr_line' id='line_1_119' title="bbox 1965 5251 3562 5322; baseline 0 -13"><span class='ocrx_word' id='word_1_797' title='bbox 1965 5253 2190 5319; x_wconf 86' lang='lat' dir='ltr'><strong>choare,</strong></span> <span class='ocrx_word' id='word_1_798' title='bbox 2223 5259 2282 5305; x_wconf 89' lang='lat' dir='ltr'><strong>ut</strong></span> <span class='ocrx_word' id='word_1_799' title='bbox 2309 5252 2440 5322; x_wconf 87' lang='lat' dir='ltr'><strong>nulli</strong></span> <span class='ocrx_word' id='word_1_800' title='bbox 2486 5255 2703 5322; x_wconf 87' lang='lat' dir='ltr'><strong>gravior</strong></span> <span class='ocrx_word' id='word_1_801' title='bbox 2730 5253 2797 5307; x_wconf 90' lang='lat' dir='ltr'><strong>sit</strong></span> <span class='ocrx_word' id='word_1_802' title='bbox 2819 5251 2990 5322; x_wconf 82' lang='lat' dir='ltr'><strong>jussio</strong></span> <span class='ocrx_word' id='word_1_803' title='bbox 3011 5267 3130 5319; x_wconf 73' lang='lat' dir='ltr'><strong>qum</strong></span> <span class='ocrx_word' id='word_1_804' title='bbox 3158 5252 3477 5322; x_wconf 86' lang='lat' dir='ltr'><strong>constringit</strong></span> <span class='ocrx_word' id='word_1_805' title='bbox 3504 5262 3562 5309; x_wconf 89' lang='lat' dir='ltr'><strong>et</strong></span> 
     </span>
    </p>
   </div>
   <div class='ocr_carea' id='block_1_118' title="bbox 1965 5268 3557 5394">
    <p class='ocr_par' dir='ltr' id='par_1_118' title="bbox 1965 5268 3557 5394">
     <span class='ocr_line' id='line_1_120' title="bbox 1965 5268 3557 5322; baseline 0 -13"><span class='ocrx_word' id='word_1_806' title='bbox 1965 5268 2190 5319; x_wconf 87' lang='lat' dir='ltr'><strong>cnoare,</strong></span> <span class='ocrx_word' id='word_1_807' title='bbox 2223 5268 2282 5305; x_wconf 86' lang='lat' dir='ltr'><strong>ut</strong></span> <span class='ocrx_word' id='word_1_808' title='bbox 2309 5268 2440 5307; x_wconf 86' lang='lat' dir='ltr'><strong>num</strong></span> <span class='ocrx_word' id='word_1_809' title='bbox 2524 5268 2703 5307; x_wconf 79' lang='lat' dir='ltr'><strong>ravtor</strong></span> <span class='ocrx_word' id='word_1_810' title='bbox 2730 5268 2797 5307; x_wconf 87' lang='lat' dir='ltr'><strong>su</strong></span> <span class='ocrx_word' id='word_1_811' title='bbox 2819 5268 2990 5319; x_wconf 82' lang='lat' dir='ltr'><strong>jllSSIO</strong></span> <span class='ocrx_word' id='word_1_812' title='bbox 3011 5268 3130 5319; x_wconf 74' lang='lat' dir='ltr'><strong>qute</strong></span> <span class='ocrx_word' id='word_1_813' title='bbox 3158 5268 3477 5322; x_wconf 79' lang='lat' dir='ltr'><strong>consmngtt</strong></span> <span class='ocrx_word' id='word_1_814' title='bbox 3504 5268 3557 5309; x_wconf 89' lang='lat' dir='ltr'><strong>et</strong></span> 
     </span>
     <span class='ocr_line' id='line_1_121' title="bbox 1965 5268 3557 5394; baseline 0.001 -18"><span class='ocrx_word' id='word_1_815' title='bbox 1965 5321 2285 5394; x_wconf 83' lang='lat' dir='ltr'><strong>principem,</strong></span> <span class='ocrx_word' id='word_1_816' title='bbox 2332 5322 2373 5394; x_wconf 77' lang='lat' dir='ltr'><strong>l._</strong></span> <span class='ocrx_word' id='word_1_817' title='bbox 2404 5321 2456 5394; x_wconf 75' lang='grc'><strong>4,</strong></span> <span class='ocrx_word' id='word_1_818' title='bbox 2577 5321 2645 5394; x_wconf 82' lang='lat' dir='ltr'><strong>de</strong></span> <span class='ocrx_word' id='word_1_819' title='bbox 2674 5321 2899 5394; x_wconf 62' lang='lat' dir='ltr'><strong>legibus,</strong></span> <span class='ocrx_word' id='word_1_820' title='bbox 2936 5320 3128 5394; x_wconf 79' lang='lat' dir='ltr'><strong>Legem</strong></span> <span class='ocrx_word' id='word_1_821' title='bbox 3158 5329 3422 5394; x_wconf 84' lang='lat' dir='ltr'><strong>statuens,</strong></span> <span class='ocrx_word' id='word_1_822' title='bbox 3454 5323 3557 5394; x_wconf 87' lang='lat' dir='ltr'><strong>legi</strong></span> 
     </span>
    </p>
   </div>
   <div class='ocr_carea' id='block_1_119' title="bbox 1966 5391 3557 5464">
    <p class='ocr_par' dir='ltr' id='par_1_119' title="bbox 1966 5391 3557 5464">
     <span class='ocr_line' id='line_1_122' title="bbox 1966 5391 3557 5464; baseline 0.002 -18"><span class='ocrx_word' id='word_1_823' title='bbox 1966 5391 2027 5464; x_wconf 71' lang='lat' dir='ltr'><strong>se</strong></span> <span class='ocrx_word' id='word_1_824' title='bbox 2055 5391 2319 5464; x_wconf 80' lang='lat' dir='ltr'><strong>subjicere</strong></span> <span class='ocrx_word' id='word_1_825' title='bbox 2345 5391 2532 5464; x_wconf 74' lang='lat' dir='ltr'><strong>debet.</strong></span> <span class='ocrx_word' id='word_1_826' title='bbox 2558 5392 2764 5464; x_wconf 80' lang='lat' dir='ltr'><strong>Seneca</strong></span> <span class='ocrx_word' id='word_1_827' title='bbox 2789 5391 2860 5464; x_wconf 69' lang='lat' dir='ltr'><strong>de</strong></span> <span class='ocrx_word' id='word_1_828' title='bbox 2888 5391 3063 5464; x_wconf 83' lang='lat' dir='ltr'><strong>legum</strong></span> <span class='ocrx_word' id='word_1_829' title='bbox 3089 5392 3372 5464; x_wconf 85' lang='lat' dir='ltr'><strong>latoribus,</strong></span> <span class='ocrx_word' id='word_1_830' title='bbox 3397 5391 3557 5464; x_wconf 73' lang='lat' dir='ltr'><strong>epist.</strong></span> 
     </span>
    </p>
   </div>
   <div class='ocr_carea' id='block_1_120' title="bbox 1967 5459 3562 5531">
    <p class='ocr_par' dir='ltr' id='par_1_120' title="bbox 1967 5459 3562 5531">
     <span class='ocr_line' id='line_1_123' title="bbox 1967 5459 3562 5531; baseline 0.003 -16"><span class='ocrx_word' id='word_1_831' title='bbox 1967 5460 2056 5516; x_wconf 88' lang='lat'><strong>9|.</strong></span> <span class='ocrx_word' id='word_1_832' title='bbox 2082 5460 2353 5517; x_wconf 82' lang='lat' dir='ltr'><strong>Ausonius</strong></span> <span class='ocrx_word' id='word_1_833' title='bbox 2380 5478 2448 5516; x_wconf 89' lang='lat' dir='ltr'><strong>ex</strong></span> <span class='ocrx_word' id='word_1_834' title='bbox 2480 5462 2727 5517; x_wconf 85' lang='lat' dir='ltr'><strong>Pittbaco</strong></span> <span class='ocrx_word' id='word_1_835' title='bbox 2752 5480 2763 5515; x_wconf 93' lang='lat'>:</span> <span class='ocrx_word' id='word_1_836' title='bbox 2789 5459 2986 5517; x_wconf 87' lang='lat' dir='ltr'><strong>Pareto</strong></span> <span class='ocrx_word' id='word_1_837' title='bbox 3035 5461 3156 5531; x_wconf 81' lang='lat' dir='ltr'><strong>legi.</strong></span> <span class='ocrx_word' id='word_1_838' title='bbox 3208 5459 3451 5531; x_wconf 80' lang='lat' dir='ltr'><strong>quisquis</strong></span> <span class='ocrx_word' id='word_1_839' title='bbox 3485 5464 3562 5520; x_wconf 88' lang='lat' dir='ltr'><strong>le-</strong></span> 
     </span>
    </p>
   </div>
   <div class='ocr_carea' id='block_1_121' title="bbox 1966 5531 3555 5602">
    <p class='ocr_par' dir='ltr' id='par_1_121' title="bbox 1966 5531 3555 5602">
     <span class='ocr_line' id='line_1_124' title="bbox 1966 5531 3555 5602; baseline 0.003 -17"><span class='ocrx_word' id='word_1_840' title='bbox 1966 5546 2087 5602; x_wconf 79' lang='lat' dir='ltr'><strong>gem</strong></span> <span class='ocrx_word' id='word_1_841' title='bbox 2118 5531 2380 5602; x_wconf 78' lang='lat' dir='ltr'><strong>sanxeris.</strong></span> <span class='ocrx_word' id='word_1_842' title='bbox 2415 5531 2670 5599; x_wconf 84' lang='lat' dir='ltr'><strong>Quamvis</strong></span> <span class='ocrx_word' id='word_1_843' title='bbox 2710 5532 2960 5602; x_wconf 89' lang='lat' dir='ltr'><strong>princeps</strong></span> <span class='ocrx_word' id='word_1_844' title='bbox 2999 5533 3068 5587; x_wconf 91' lang='lat' dir='ltr'><strong>sit</strong></span> <span class='ocrx_word' id='word_1_845' title='bbox 3093 5532 3300 5587; x_wconf 90' lang='lat' dir='ltr'><strong>solutus</strong></span> <span class='ocrx_word' id='word_1_846' title='bbox 3329 5533 3555 5602; x_wconf 83' lang='lat' dir='ltr'><strong>legibus,</strong></span> 
     </span>
    </p>
   </div>
   <div class='ocr_carea' id='block_1_122' title="bbox 1968 5600 3561 5670">
    <p class='ocr_par' dir='ltr' id='par_1_122' title="bbox 1968 5600 3561 5670">
     <span class='ocr_line' id='line_1_125' title="bbox 1968 5600 3561 5670; baseline 0.003 -15"><span class='ocrx_word' id='word_1_847' title='bbox 1968 5602 2004 5655; x_wconf 93' lang='lat' dir='ltr'><strong>l.</strong></span> <span class='ocrx_word' id='word_1_848' title='bbox 2038 5600 2312 5670; x_wconf 87' lang='lat' dir='ltr'><strong>Princeps,</strong></span> <span class='ocrx_word' id='word_1_849' title='bbox 2346 5601 2406 5655; x_wconf 89' lang='lat' dir='ltr'><strong>D.</strong></span> <span class='ocrx_word' id='word_1_850' title='bbox 2435 5603 2502 5657; x_wconf 89' lang='lat' dir='ltr'><strong>de</strong></span> <span class='ocrx_word' id='word_1_851' title='bbox 2518 5600 2743 5669; x_wconf 84' lang='lat' dir='ltr'><strong>legibus.</strong></span> <span class='ocrx_word' id='word_1_852' title='bbox 2772 5600 2925 5657; x_wconf 82' lang='lat' dir='ltr'><strong>Dion.</strong></span> <span class='ocrx_word' id='word_1_853' title='bbox 2958 5602 3050 5657; x_wconf 90' lang='lat' dir='ltr'><strong>lib.</strong></span> <span class='ocrx_word' id='word_1_854' title='bbox 3077 5619 3166 5657; x_wconf 84' lang='lat' dir='ltr'><strong>Llll</strong></span> <span class='ocrx_word' id='word_1_855' title='bbox 3200 5600 3479 5661; x_wconf 59' lang='lat' dir='ltr'><strong>:As’lwrai</strong></span> <span class='ocrx_word' id='word_1_856' title='bbox 3507 5606 3561 5662; x_wconf 66' lang='grc' dir='ltr'><strong>δὲ</strong></span> 
     </span>
    </p>
   </div>
   <div class='ocr_carea' id='block_1_123' title="bbox 1966 5671 3564 5748">
    <p class='ocr_par' dir='ltr' id='par_1_123' title="bbox 1966 5671 3564 5748">
     <span class='ocr_line' id='line_1_126' title="bbox 1966 5671 3564 5748; baseline 0.004 -23"><span class='ocrx_word' id='word_1_857' title='bbox 1966 5680 2069 5748; x_wconf 61' lang='grc' dir='ltr'><strong>τῶν</strong></span> <span class='ocrx_word' id='word_1_858' title='bbox 2088 5674 2283 5748; x_wconf 73' lang='grc' dir='ltr'><strong>νόμων,</strong></span> <span class='ocrx_word' id='word_1_859' title='bbox 2318 5671 2518 5748; x_wconf 89' lang='lat' dir='ltr'><strong>inquit,</strong></span> <span class='ocrx_word' id='word_1_860' title='bbox 2558 5673 2697 5748; x_wconf 55' lang='grc' dir='ltr'><strong>τωῦτ’</strong></span> <span class='ocrx_word' id='word_1_861' title='bbox 2725 5672 2869 5748; x_wconf 61' lang='grc' dir='ltr'>ἔστιν</span> <span class='ocrx_word' id='word_1_862' title='bbox 2895 5675 3209 5748; x_wconf 31' lang='grc' dir='ltr'><strong>,Λὶλεύθεροι</strong></span> <span class='ocrx_word' id='word_1_863' title='bbox 3248 5677 3350 5729; x_wconf 83' lang='grc' dir='ltr'><strong>ἀπὸ</strong></span> <span class='ocrx_word' id='word_1_864' title='bbox 3388 5680 3564 5738; x_wconf 78' lang='grc' dir='ltr'><strong>πάσης</strong></span> 
     </span>
    </p>
   </div>
   <div class='ocr_carea' id='block_1_124' title="bbox 1968 5743 3563 5819">
    <p class='ocr_par' dir='ltr' id='par_1_124' title="bbox 1968 5743 3563 5819">
     <span class='ocr_line' id='line_1_127' title="bbox 1968 5743 3563 5819; baseline 0.001 -21"><span class='ocrx_word' id='word_1_865' title='bbox 1968 5746 2240 5819; x_wconf 71' lang='grc' dir='ltr'><strong>ᾀναγκαὶας</strong></span> <span class='ocrx_word' id='word_1_866' title='bbox 2268 5747 2543 5819; x_wconf 43' lang='grc' dir='ltr'><strong>νρμήσιὸξ-</strong></span> <span class='ocrx_word' id='word_1_867' title='bbox 2565 5746 2667 5819; x_wconf 67' lang='lat' dir='ltr'><strong>sict</strong></span> <span class='ocrx_word' id='word_1_868' title='bbox 2686 5784 2722 5819; x_wconf 24' lang='grc' dir='ltr'><strong>,ᾳ</strong></span> <span class='ocrx_word' id='word_1_869' title='bbox 2754 5747 2841 5819; x_wconf 63' lang='grc' dir='ltr'><strong>δεᾳὲ</strong></span> <span class='ocrx_word' id='word_1_870' title='bbox 2869 5743 3043 5819; x_wconf 32' lang='grc' dir='ltr'><strong>οὐδενὶ-</strong></span> <span class='ocrx_word' id='word_1_871' title='bbox 3070 5743 3168 5819; x_wconf 57' lang='grc' dir='ltr'><strong>τῷν</strong></span> <span class='ocrx_word' id='word_1_872' title='bbox 3194 5750 3563 5819; x_wconf 55' lang='grc' dir='ltr'><strong>γεγραμμένων</strong></span> 
     </span>
    </p>
   </div>
   <div class='ocr_carea' id='block_1_125' title="bbox 1970 5812 3567 5884">
    <p class='ocr_par' dir='ltr' id='par_1_125' title="bbox 1970 5812 3567 5884">
     <span class='ocr_line' id='line_1_128' title="bbox 1970 5812 3567 5884; baseline 0.004 -18"><span class='ocrx_word' id='word_1_873' title='bbox 1970 5812 2254 5884; x_wconf 57' lang='grc' dir='ltr'><strong>ξνέχοχται.</strong></span> <span class='ocrx_word' id='word_1_874' title='bbox 2281 5812 2461 5879; x_wconf 83' lang='lat' dir='ltr'><strong>Quare</strong></span> <span class='ocrx_word' id='word_1_875' title='bbox 2486 5812 2880 5884; x_wconf 86' lang='lat' dir='ltr'><strong>Theodahadus</strong></span> <span class='ocrx_word' id='word_1_876' title='bbox 2906 5831 3002 5870; x_wconf 86' lang='lat' dir='ltr'><strong>rex</strong></span> <span class='ocrx_word' id='word_1_877' title='bbox 3031 5814 3168 5870; x_wconf 84' lang='lat' dir='ltr'><strong>infra</strong></span> <span class='ocrx_word' id='word_1_878' title='bbox 3196 5812 3298 5869; x_wconf 51' lang='lat' dir='ltr'><strong>libi</strong></span> <span class='ocrx_word' id='word_1_879' title='bbox 3318 5812 3373 5884; x_wconf 67' lang='lat' dir='ltr'><strong>x,</strong></span> <span class='ocrx_word' id='word_1_880' title='bbox 3399 5812 3567 5884; x_wconf 85' lang='lat' dir='ltr'><strong>epist.</strong></span> 
     </span>
    </p>
   </div>
   <div class='ocr_carea' id='block_1_126' title="bbox 1971 5880 3567 5956">
    <p class='ocr_par' dir='ltr' id='par_1_126' title="bbox 1971 5880 3567 5956">
     <span class='ocr_line' id='line_1_129' title="bbox 1971 5880 3567 5956; baseline 0.006 -20"><span class='ocrx_word' id='word_1_881' title='bbox 1971 5880 2089 5937; x_wconf 63' lang='grc' dir='ltr'><strong>ως</strong></span> <span class='ocrx_word' id='word_1_882' title='bbox 2111 5880 2247 5956; x_wconf 66' lang='lat' dir='ltr'><strong>Cum</strong></span> <span class='ocrx_word' id='word_1_883' title='bbox 2272 5884 2559 5956; x_wconf 81' lang='lat' dir='ltr'><strong>possimus,</strong></span> <span class='ocrx_word' id='word_1_884' title='bbox 2589 5883 2778 5956; x_wconf 78' lang='lat' dir='ltr'><strong>inquit,</strong></span> <span class='ocrx_word' id='word_1_885' title='bbox 2808 5886 3011 5956; x_wconf 89' lang='lat' dir='ltr'><strong>omnia,</strong></span> <span class='ocrx_word' id='word_1_886' title='bbox 3042 5885 3159 5944; x_wconf 88' lang='lat' dir='ltr'><strong>sola</strong></span> <span class='ocrx_word' id='word_1_887' title='bbox 3201 5883 3359 5939; x_wconf 84' lang='lat' dir='ltr'><strong>nobis</strong></span> <span class='ocrx_word' id='word_1_888' title='bbox 3386 5880 3567 5945; x_wconf 79' lang='lat' dir='ltr'><strong>credi-</strong></span> 
     </span>
    </p>
   </div>
   <div class='ocr_carea' id='block_1_127' title="bbox 1973 5951 2810 6013">
    <p class='ocr_par' dir='ltr' id='par_1_127' title="bbox 1973 5951 2810 6013">
     <span class='ocr_line' id='line_1_130' title="bbox 1973 5951 2810 6013; baseline 0.006 -5"><span class='ocrx_word' id='word_1_889' title='bbox 1973 5970 2091 6010; x_wconf 90' lang='lat' dir='ltr'><strong>mus</strong></span> <span class='ocrx_word' id='word_1_890' title='bbox 2119 5951 2289 6013; x_wconf 80' lang='lat' dir='ltr'><strong>licere</strong></span> <span class='ocrx_word' id='word_1_891' title='bbox 2312 5953 2596 6011; x_wconf 86' lang='lat' dir='ltr'><strong>laudanda.</strong></span> <span class='ocrx_word' id='word_1_892' title='bbox 2641 5953 2810 6013; x_wconf 63' lang='lat' dir='ltr'><strong>Fons.</strong></span> 
     </span>
    </p>
   </div>
  </div>
