3988 6178
322 323 417 383 εει

1586 330 1947 389 νΑηιΑιξωι
2015 271 2214 389 1..ιῦεῆ
2245 330 2307 386 V.

3469 340 3575 396 662

315 444 411 510 ris,
441 451 499 498 ut
543 442 683 499 inter
710 452 789 501 tot
816 446 1130 516 eloquentes
1148 449 1302 504 viros
1346 449 1419 503 sis
1461 448 1667 503 dicendi
1698 448 1896 518 prima-
1927 461 1973 512 Λ
1999 450 2232 505 studium
2254 451 2540 507 doceamus
2568 465 2689 507 esse
2716 460 3058 523 conceptum.
3092 453 3185 510 His
3212 470 3366 526 ergo,
3393 453 3454 511 P.
3485 456 3571 524 C.,

310 536 446 601 rius,
485 551 626 605 quos
673 538 835 592 etiam
878 540 1034 594 nobis
1060 540 1376 609 proﬁtemur
1402 555 1522 596 esse
1548 540 1890 595 reverendos.

315 624 541 680 Assume
567 639 699 693 ergo
728 629 1025 685 concedere
1052 645 1171 699 qua:
1188 630 1457 700 jubemus,
1489 641 1741 701 pmstare
1772 646 1894 700 utne

313 716 612 783 credimus;
643 727 702 773 ut
731 719 835 774 illis
862 706 1071 790 aperias
1088 722 1287 789 januas
1315 722 1495 787 curizc,
1545 737 1682 793 quos
1710 730 1892 776 nostra

309 808 511 865 electio
541 811 718 866 aulam
738 811 963 882 jusserit
991 813 1252 869 libertatis
1280 814 1499 869 intrare.

848 945 1177 1001 EPISTOLA
1204 946 1366 1002 XXII.

525 1072 751 1114 SENATUI
780 1075 926 1117 URBIS
959 1076 1116 1117 ΒΟΗΕ
1145 1077 1508 1117 τηεουοῐιιευε
1538 1078 1663 1117 REX.

304 1167 336 1221 I
341 1168 519 1223 ndicat
543 1187 599 1224 se
620 1170 836 1243 elegisse
872 1172 926 1243 in
950 1181 1197 1243 rectorem
1236 1173 1561 1226 decuriqu
1589 1173 1892 1243 Capuanum

640 1241 911 1309 paucioris
930 1241 1210 1296 virtutibus
1231 1252 1556 1303 inornatum.

368 1349 528 1405 Licet
556 1361 717 1406 caute
744 1367 959 1422 semper
986 1352 1262 1422 eligendus
1287 1353 1359 1407 sit
1404 1353 1494 1422 qui
1523 1353 1677 1409 vobis
1718 1352 1890 1407 mitti-

299 1447 395 1494 tur
420 1441 800 1511 approbandus
822 1442 973 1511 (quia
1018 1442 1138 1512 ipse
1167 1444 1335 1512 magis
1380 1443 1607 1497 traditur
1633 1444 1885 1511 examini,

290 1528 458 1597 cujus
480 1530 749 1584 sententia
774 1532 1021 1586 noscitur
1047 1532 1255 1601 prolata
1279 1533 1535 1603 pensari),
1562 1532 1679 1589 illas
1707 1541 1886 1588 tamen

296 1619 656 1690 prudentibus
674 1620 1017 1675 virisvsociari
1046 1622 1291 1692 cupimus
1315 1621 1619 1690 dignitates,
1642 1636 1762 1691 qu:e
1786 1622 1888 1677 Ro-

299 1710 480 1765 manis
520 1710 738 1765 arcibus
783 1710 898 1782 [Gn
946 1720 997 1765 et
1022 1710 1162 1782 Cuj.,
1205 1709 1429 1782 artibus]
1475 1712 1628 1779 quasi
1662 1725 1886 1780 gemina:

1997 540 2309 612 Capuanum
2338 544 2494 599 bonis
2522 544 2785 608 dotatum,
2811 561 2841 599 a
2870 546 3119 615 praesenti
3154 547 3451 606 indictione
3479 556 3577 605 de-

1996 637 2267 692 curiarum
2297 645 2566 693 rectorem
2597 652 2717 692 esse
2746 638 3098 708 praecipimus,
3147 640 3367 709 majoris
3412 642 3572 697 etiam

1994 736 2126 784 natu
2155 729 2479 785 auctoritate
2506 728 2879 795 subvebimus;
2910 738 2970 784 ut
2997 731 3088 800 qui
3118 747 3177 787 sc
3206 748 3417 787 morum
3439 750 3573 788 cana

1993 819 2300 875 maturitate
2324 820 2592 888 tractavit,
2620 820 2763 892 quod
2793 828 2875 875 est
2912 821 3292 890 amplissimum
3322 839 3573 879 reveren-

1993 909 2081 963 tiae
2108 922 2295 977 genus,
2324 909 2376 963 in
2403 917 2584 965 vestro
2605 909 2794 965 ordine
2821 911 2992 965 aetatis
3018 913 3224 967 honore
3251 913 3567 981 gratuletur.

1993 1000 2221 1067 Augebit
2267 1000 2627 1069 eloquentiam
2671 999 2850 1055 officio
2894 1001 3118 1057 meliore
3158 1002 3395 1058 ditatus:
3432 1018 3569 1071 quo-

1992 1092 2131 1145 niam
2148 1091 2370 1145 multum
2388 1090 2859 1166 facundiorestqui
2877 1094 3197 1148 sententiam
3210 1094 3393 1161 dictat,
3406 1111 3569 1163 quam

1992 1181 2081 1236 ille
2108 1182 2199 1250 qui
2242 1182 2527 1253 supplicat.
2578 1183 2822 1239 Libertas
2863 1185 3023 1239 verba
3054 1186 3243 1253 nutrit,
3270 1196 3447 1242 metus
3473 1203 3567 1244 aue

1993 1280 2097 1325 tem
2125 1272 2335 1340 copiam
2366 1271 2675 1341 frequenter
2701 1274 2990 1344 intercipit.
3023 1276 3188 1331 Actus
3210 1292 3423 1347 quoque
3452 1278 3566 1348 ipse

1990 1360 2145 1431 longe
2174 1360 2471 1427 dissimilis;
2504 1371 2562 1417 ut
2589 1363 2679 1433 qui
2707 1364 2913 1433 pridem
2945 1364 3228 1421 assistebat
3256 1368 3415 1421 etiam
3448 1383 3563 1423 me-

1987 1450 2256 1505 diocribus
2306 1451 2702 1521 humilibusque
2749 1453 3017 1518 fortunis,
3075 1471 3217 1510 nunc
3262 1454 3564 1514 introducat

1986 1549 2175 1596 vestrae
2204 1542 2367 1597 curizc
2394 1543 2727 1598 consulares.

2488 1650 2824 1710 EPISTOLA
2858 1653 3041 1711 XXIII.

2019 1758 2349 1798 LBUNDAN‘I‘IO
2379 1760 2667 1801 I’BEFECTO
2696 1763 2972 1803 PRIETOBIO
3001 1765 3362 1807 TREODOBICUS
3389 1768 3515 1807 REX.

299 1803 513 1858 nobiles
555 1800 863 1870 aﬂiguntur.
892 1800 994 1857 Ubi
1022 1804 1164 1858 enim
1193 1803 1403 1871 dignius
1427 1801 1690 1871 eloquens
1715 1818 1877 1873 quam

1984 1833 2130 1888 lubet
2155 1843 2212 1888 ut
2255 1836 2539 1905 sagittariis
2599 1837 2670 1890 ad
2708 1839 2944 1893 comitem
2978 1839 3245 1895 lulianum
3291 1842 3560 1898 destinatis

295 1892 355 1947 in
382 1890 601 1945 civitate
628 1888 875 1960 proﬁciat
902 1890 1221 1956 litterarum,
1252 1901 1311 1946 ut
1348 1891 1426 1947 ibi
1452 1890 1689 1947 declaret
1708 1892 1886 1947 meri-‘

294 1992 434 2048 tum,
456 1983 549 2039 ubi
568 1983 796 2039 nutrivit
821 1984 1131 2052 ingenium?
1159 1984 1354 2054 Aptum
1380 1993 1461 2040 est
1491 2000 1649 2040 omne
1674 1985 1876 2042 bonum

295 2076 433 2130 locis
468 2076 619 2142 suis;
670 2085 727 2130 et
772 2075 1061 2131 laudabilia
1106 2090 1331 2145 quaeque
1372 2075 1727 2145 sordescunt,
1776 2076 1878 2133 nisi

292 2182 533 2238 congrua
562 2167 691 2223 sede
716 2167 1011 2238 potiantur.
1043 2165 1288 2235 Requirit
1327 2181 1504 2235 pugna
1537 2168 1739 2222 validas
1765 2184 1878 2222 ma-

295 2273 419 2324 nus,
452 2256 725 2312 desiderat
753 2256 1023 2325 navigium
1052 2263 1239 2325 pectus
1267 2256 1562 2311 animosum
1598 2275 1611 2310 :
1643 2258 1720 2311 sic
1745 2257 1879 2311 scri-

294 2349 386 2403 nia
418 2356 599 2402 vestra
622 2346 785 2401 ﬁdele
814 2347 1165 2417 propositum,
1190 2346 1268 2400 sic
1288 2345 1433 2401 curia
1466 2346 1688 2401 facunda
1714 2346 1880 2403 diser-

293 2448 433 2495 tum.
463 2437 628 2493 Multa
652 2451 798 2506 :ergo
816 2436 1206 2493 deliberatione
1229 2436 1533 2506 pensandus
1557 2451 1675 2492 esse
1690 2438 1880 2492 credi-

292 2536 404 2597 tur,
454 2528 547 2598 qui
591 2528 833 2597 quotidie
864 2527 1060 2583 vestris
1086 2527 1332 2583 sensibus
1360 2525 1632 2581 olTeratur.
1665 2525 1876 2597 Capua—

292 2638 428 2677 num
470 2622 632 2690 igitur
678 2621 1029 2691 spectabilem
1056 2621 1231 2675 virum
1258 2620 1545 2676 aestimatio
1573 2628 1876 2687 nostrane-

290 2712 492 2781 spexit,
541 2710 632 2781 qui
670 2711 844 2766 curiae
889 2719 1083 2767 vestrm
1123 2711 1447 2767 sententiam
1496 2711 1878 2781 majorisnatu

292 2802 619 2858 auctoritate
648 2800 910 2858 facundus
937 2803 1193 2870 eliceret,
1220 2810 1275 2858 et
1298 2812 1513 2859 senatus
1532 2804 1878 2860 scrinincon-

290 2893 535 2949 scientize
560 2894 792 2965 puritate
817 2902 1088 2961 servaret;
1121 2903 1180 2949 ut
1196 2904 1352 2949 actus
1373 2895 1491 2951 illos
1512 2896 1712 2951 mundo
1732 2896 1877 2951 cele-

290 2985 565 3041 berrimos
590 2987 698 3057 87
729 3001 826 3040 sua
856 2985 1049 3040 reddat
1078 2986 1384 3055 integritate
1422 2987 1733 3043 laudandos.
1765 2987 1879 3043 Ma-

289 3090 456 3144 gnum
486 3091 682 3130 munus
710 3083 811 3142 est,
844 3073 1035 3130 Patres
1063 3077 1385 3147 Conscripti,
1418 3076 1484 3132 ad
1515 3078 1875 3147 integritatem

291 3168 489 3238 deligi;
539 3185 636 3224 nec
660 3168 1002 3225 mediocriter
1031 3169 1290 3239 probatur
1316 3170 1644 3225 conscientia
1672 3169 1759 3227 cui
1793 3178 1878 3226 est

288 3258 497 3313 veritas
542 3259 826 3313 commissa
884 3259 1224 3315 saeculorum.
1272 3258 1407 3314 Nam
1468 3260 1513 3315 si
1560 3260 1880 3330 praedicatur

290 3348 445 3403 testis
473 3348 566 3418 qui
595 3347 648 3401 in
678 3348 928 3418 praesenti
958 3349 1176 3417 negotio
1197 3364 1323 3403 vera
1348 3348 1561 3414 dixerit,
1585 3364 1691 3419 qua
1722 3350 1878 3406 laude

287 3437 504 3492 censeri
532 3439 734 3507 poterit
776 3438 865 3508 qui
896 3439 1103 3493 cunctis
1150 3438 1484 3509 temporibus
1531 3448 1677 3495 certa
1707 3447 1877 3495 trans-

286 3511 497 3582 mittit?
542 3528 646 3583 Sed
695 3530 939 3598 quamvis
984 3529 1185 3584 alumni
1222 3530 1384 3584 vestri
1414 3529 1657 3585 habeatis
1682 3540 1875 3586 cuncta

287 3618 596 3685 notissima,
643 3619 797 3690 juvat
832 3620 1003 3689 magis
1049 3619 1136 3674 illa
1182 3630 1429 3690 repetere
1472 3636 1591 3690 qum
1636 3622 1875 3677 omnium

286 3726 589 3766 consensus
634 3712 806 3781 possit
853 3718 1164 3780 agnoscere.
1225 3710 1390 3767 Adest
1447 3728 1659 3782 semper
1704 3713 1872 3769 electa

285 3802 536 3871 quaedam
563 3819 871 3858 sermonum
901 3805 1095 3873 gratia,
1142 3804 1410 3859 blanditur
1438 3806 1671 3870 auribus,
1724 3823 1877 3863 men-

286 3900 397 3947 tem
430 3893 615 3959 trahit,
649 3895 819 3948 utitur
847 3894 1226 3965 perspicuitate
1254 3895 1533 3959 facundiae,
1566 3896 1778 3965 qualem
1806 3895 1875 3951 de

283 4000 421 4055 pura
449 3986 783 4041 conscientia
809 3986 968 4042 deCet
995 4002 1273 4043 emanare.
1302 3986 1397 4043 Est
1430 3988 1573 4043 enim
1604 3988 1873 4059 quoddam

280 4074 567 4147 speculum
609 4092 818 4131 morum
848 4076 1054 4146 agentis
1086 4078 1294 4143 oratio;
1344 4094 1448 4133 nec
1493 4078 1669 4149 majus
1697 4086 1875 4149 potest

280 4182 407 4221 esse
453 4167 651 4221 mentis
697 4167 1103 4235 testimonium,
1151 4185 1310 4239 quam
1357 4169 1587 4237 qualitas
1633 4169 1872 4239 inspecta

278 4260 597 4311 verborum.
620 4256 751 4311 Nam
784 4264 842 4311 ut
870 4258 985 4328 ejus
1013 4261 1229 4329 propria
1260 4260 1641 4325 describamus,
1670 4260 1873 4330 patitur

262 4349 332 4419 in
359 4348 699 4418 simplicibus
723 4350 883 4405 rebus
915 4350 1109 4421 lingua:
1138 4352 1437 4407 retinacula
1464 4371 1475 4406 :
1501 4353 1582 4408 bis
1602 4368 1667 4408 eo
1688 4364 1871 4409 tamen

277 4440 583 4496 torrentior
606 4440 750 4514 μω,
783 4440 1108 4514 correctior]
1135 4458 1256 4498 cum
1286 4452 1532 4512 perorat;
1583 4453 1638 4498 et
1665 4444 1769 4501 hoc
1794 4444 1871 4500 illi

2376 1921 2613 1960 annonas
2631 1915 2681 1960 et
2700 1909 2902 1979 navigia
2921 1909 3164 1980 praebeat.

2049 2015 2306 2072 Tatanem
2336 2014 2452 2089 [Cn
2481 2026 2530 2072 et
2557 2017 2698 2090 Cuj.,
2727 2016 3005 2094 Tanmem]
3032 2023 3271 2093 sajonem
3314 2036 3556 2082 nostrum

1976 2124 2096 2165 cum
2122 2109 2410 2176 sagittariis
2431 2110 2498 2165 ad
2528 2110 2787 2166 illustrem
2816 2113 2989 2168 virum
3011 2117 3260 2171 comitem
3286 2115 3554 2173 lulianum

1974 2200 2352 2257 (estimavimus
2379 2215 2497 2256 esse
2522 2200 2878 2270 dirigentium,
2909 2215 2967 2259 ut
2993 2204 3165 2274 majus
3192 2220 3425 2263 sumeret
3465 2224 3555 2264 ro-

1971 2291 2077 2345 bur
2122 2291 2422 2363 duplicatus
2467 2288 2749 2349 exercitus.
2796 2290 3079 2350 Ostentent
3120 2295 3345 2365 juvenes
3385 2301 3553 2353 nostri

1974 2380 2146 2448 bellis,
2163 2381 2306 2451 quod
2326 2382 2376 2436 in
2393 2382 2669 2453 gymnasio
2690 2382 2926 2440 didicere
2938 2386 3170 2442 virtutis.
3188 2387 3386 2444 Schola
3410 2390 3553 2445 Mar-

1976 2475 2049 2530 tia
2078 2476 2253 2531 mittat
2280 2476 2543 2543 examina,
2564 2472 2897 2548 pugnaturus
2917 2480 3062 2547 ludo,
3096 2483 3189 2556 qui
3225 2499 3283 2539 se
3305 2499 3553 2540 exercere

1976 2570 2253 2625 consuevit
2280 2570 2335 2624 in
2355 2570 2486 2625 otio.
2520 2570 2692 2640 Atque
2714 2571 2834 2628 ideo
2855 2574 3111 2630 illustrem
3140 2577 3552 2644 magnitudinem

1979 2670 2123 2714 tuam
2141 2660 2218 2716 eis
2242 2675 2484 2717 annoms
2504 2668 2560 2716 et
2578 2663 2785 2733 navigia
2807 2665 3100 2721 secundum
3115 2668 3553 2724 consuetudinem

1976 2752 2218 2821 praebere
2264 2767 2582 2819 censemus;
2614 2765 2876 2825 quatenus
2904 2757 3143 2828 (iuvante
3187 2759 3320 2831 Deo)
3345 2775 3452 2828 quo
3477 2761 3554 2815 di-

1976 2841 2109 2898 recti
2137 2849 2281 2908 sunt,
2313 2842 2544 2899 debeant
2569 2848 2868 2914 pervenire.
2897 2847 3101 2906 Vestrae
3129 2850 3271 2905 enim
3300 2851 3556 2907 sollicitu-

1976 2932 2086 2986 dini
2133 2931 2321 2988 damus
2367 2943 2671 2991 nostrarum
2722 2935 3022 2995 emcaciam
3069 2939 3366 3009 jussiouum
3392 2960 3405 2996 :
3433 2946 3555 3011 quia

1978 3021 2283 3077 nullatenus
2306 3022 2524 3079 destitui
2542 3041 2704 3094 posse
2723 3028 2959 3087 creditur
2988 3031 3152 3100 quod,
3180 3030 3291 3087 Deo
3315 3031 3553 3102 juvante,

1979 3112 2085 3168 tuis
2102 3112 2526 3170 ordinationibus
2552 3116 2855 3174 inchoatur.

2505 3246 2838 3303 EPISTOLA
2874 3249 3057 3306 XXIV.

1979 3354 2255 3395 IPIPHANIO
2280 3356 2403 3397 VIRO
2422 3357 2699 3407 SENATORI,
2723 3358 3010 3401 CONSULARI
3039 3363 3326 3405 PROVINCIE
3358 3366 3554 3405 DALSIA-

2428 3427 2530 3467 ’ΠΕ
2552 3454 2567 3479 ,
2594 3429 2957 3471 TBEODOBICUS
2980 3433 3108 3471 ηπ.

1977 3496 2155 3578 Monet
2181 3508 2237 3552 ut
2279 3498 2418 3554 bona
2444 3500 2703 3578 donante,
2726 3519 2839 3578 qua:
2878 3506 3220 3578 intestata,“
3264 3507 3421 3562 nullis
3450 3510 3554 3578 ιιθῖ-

2047 3568 2197 3647 nibus
2224 3570 2589 3647 superstitibus
2617 3568 2895 3647 decessisse
2919 3576 3303 3646 perhibebamr,
3330 3578 3455 3647 ﬁsco
3482 3568 3557 3632 ἵε-

2044 3641 2130 3710 gio
2154 3643 2395 3710 applicet,
2413 3641 2689 3698 dummodo
2720 3652 2888 3700 tamen
2912 3641 3017 3701 rem
3038 3647 3111 3701 ita
3139 3664 3193 3701 se
3222 3641 3408 3703 habere
3430 3666 3554 3703 com-

2050 3712 2259 3779 pererit.

2043 3818 2250 3876 Joanna
2263 3821 2491 3879 Andreae
2509 3823 2779 3893 quondam
2790 3823 2961 3894 jugali
2975 3842 3072 3880 suo
3096 3828 3419 3883 successisse
3434 3829 3559 3897 legis

1973 3925 2195 3966 munere
2222 3912 2693 3984 perbibetur;qu:e
2722 3914 2990 3981 intestata,
3032 3918 3188 3972 nullis
3213 3919 3560 3975 existentibus

1973 4003 2262 4071 proximis,
2295 4004 2415 4059 luce
2442 4005 2637 4061 dicitur
2663 4022 2783 4062 esse
2821 4009 3045 4079 privata.
3076 4009 3239 4081 Cujus
3266 4013 3559 4069 substantia

1973 4108 2003 4147 a
2025 4094 2251 4151 diversis
2278 4096 2424 4152 nullo
2447 4097 2683 4167 legitimo
2698 4099 2820 4168 jure
2847 4100 3077 4156 sullultis
3096 4106 3443 4172 usurpatione
3467 4123 3558 4161 vo-

1973 4188 2201 4243 luntaria
2243 4191 2545 4260 suggeritur
2571 4193 2850 4263 possideri.
2889 4193 2956 4249 Et
2999 4197 3124 4264 quia
3166 4198 3379 4254 caduca
3418 4200 3559 4255 bona

1972 4278 2104 4334 lisco
2150 4288 2335 4335 nostro
2368 4291 2678 4351 competere
2708 4293 2732 4319 α
2765 4284 2941 4353 legum
2986 4293 3140 4340 cauta
3184 4286 3559 4357 decreverunt,

1971 4370 2094 4426 ideo
2138 4379 2191 4425 te
2241 4373 2594 4441 prmsentibus
2634 4374 2874 4430 oraculis
2901 4375 3268 4441 admonemus,
3301 4386 3358 4432 ut
3404 4379 3559 4448 hujus

1971 4463 2050 4517 rei
2086 4462 2314 4518 veritate
2356 4463 2616 4530 diswssa,
2650 4465 2700 4520 si
2727 4481 2932 4533 revera,
2956 4475 3018 4521 ut
3057 4467 3123 4522 ad
3173 4485 3271 4524 nos
3296 4471 3558 4540 perlatum

275 4531 343 4584 ad
373 4532 607 4600 gratiam
634 4531 819 4586 datum
849 4540 934 4587 est
988 4533 1305 4603 providente
1347 4542 1557 4599 natura,
1608 4544 1668 4588 ut
1708 4549 1867 4604 quem

1984 4559 2072 4617 est,
2101 4554 2277 4609 nullus
2304 4555 2353 4610 ei
2381 4563 2471 4611 aut
2501 4564 2822 4613 testamento
2845 4531 3016 4614 haeres
3046 4560 3245 4615 exstitit
3268 4531 3405 4630 ,-aut
3433 4580 3557 4633 pro-

273 4635 390 4690 prte
418 4620 626 4676 foribus
652 4620 987 4676 luesitantem
1026 4621 1257 4686 videras,
1292 4623 1633 4695 eloquentem
1662 4624 1714 4679 in
1752 4639 1871 4680 cer-

273 4709 576 4767 tuuunibus
604 4711 974 4783 obstupescas.
1005 4713 1102 4768 Illa
1134 4730 1261 4770 vero
1290 4718 1569 4782 memoria,
1599 4731 1719 4787 qum
1748 4730 1872 4771 ora-

268 4812 459 4859 torum
492 4804 778 4861 thesaurus
811 4804 933 4875 jure
956 4808 1245 4873 vocitatur,
1290 4815 1439 4863 tanta
1464 4811 1522 4864 in
1552 4824 1675 4866 eum
1706 4812 1873 4868 ﬁrmi-

270 4904 391 4951 tate
439 4897 708 4962 consedit,
759 4906 818 4952 ut
863 4898 1030 4954 semel
1074 4899 1258 4954 audita
1307 4902 1511 4972 scripto
1560 4904 1698 4973 apud
1745 4922 1870 4962 eum

270 4995 595 5056 putes-esse
622 4989 922 5044 recondita.
966 4989 1214 5061 Magnum
1264 4992 1606 5064 beneﬁcium,
1634 4996 1868 5055 oblivio-

265 5079 360 5134 nis
412 5080 624 5136 nescire
672 5078 969 5148 defectum;
1020 5091 1076 5137 et
1109 5082 1353 5153 quaedam
1399 5084 1692 5142 similitudo
1738 5103 1869 5145 vere

262 5174 580 5230 celestium
606 5184 712 5244 est,
744 5185 987 5248 tempore
1014 5179 1239 5236 decursa
1267 5196 1481 5253 semper
1502 5183 1702 5241 habere
1729 5202 1867 5257 prte-

264 5266 475 5322 sentia.
507 5266 637 5334 Quae
665 5285 810 5325 nunc
856 5269 979 5327 ideo
1019 5270 1377 5339 declaramus,
1426 5284 1484 5330 ut
1526 5280 1869 5346 cognoscatis

258 5356 645 5426 subiectorum
672 5368 854 5429 gratas
880 5375 982 5417 nos
1007 5363 1207 5419 habere
1235 5367 1500 5433 virtutes;
1531 5377 1588 5423 et
1603 5370 1863 5439 judicium

263 5457 526 5506 nostrum
556 5466 666 5505 non
690 5467 788 5523 per
814 5453 1030 5509 casuale
1058 5464 1263 5522 votum,
1317 5458 1415 5514 sed
1452 5475 1555 5529 per
1580 5462 1865 5518 electionis

339 5710 371 5739 ι
387 5696 637 5788 laniare
659 5715 767 5788 quo
788 5703 1072 5788 ξδίσποιςα,
1099 5713 1179 5788 καὶ
1214 5712 1590 5788 ἀκληρωᾷμητα
1619 5715 1873 5788 principis

264 5768 412 5851 ﬁsco
440 5768 660 5851 cedunt,
680 5768 745 5827 ut
784 5773 1040 5851 thesauri,
1058 5768 1142 5851 :ut_
1164 5768 1409 5841 vacan'tia
1430 5768 1593 5847 bona,
1620 5768 1872 5851 auehi;

262 5838 466 5898 redeat
489 5855 600 5897 non
627 5842 922 5911 inveniunt,
950 5838 1035 5904 viai
1056 5838 1502 5926 indignisrrelicta
1542 5838 1875 5928 aut'incapa-

1975 4646 2230 4701 ximitatis
2254 4653 2376 4716 jure
2397 4649 2685 4714 successit,
2709 4648 2818 4705 ﬁsci
2865 4651 3032 4706 nostri
3073 4668 3193 4709 eam
3217 4651 3378 4711 facias
3407 4670 3557 4711 com-

1972 4736 2178 4805 pendiis
2204 4738 2476 4806 aggregari
2503 4755 2520 4793 :
2546 4739 2763 4808 quando
2786 4740 3113 4797 innocentiae
3138 4754 3335 4799 nostrae
3353 4744 3557 4813 profes-

1968 4828 2051 4882 sio
2078 4835 2182 4891 est,
2206 4827 2348 4898 justa
2381 4831 2700 4901 compendia
2748 4848 2854 4887 non
2896 4835 3186 4903 negligere,
3229 4837 3371 4905 apud
3398 4851 3557 4905 quem

1971 4916 2235 4972 calumnia
2278 4920 2775 4988 nunquam'locum
2822 4925 2997 4991 potuit
3049 4925 3305 4980 invenire.
3360 4925 3557 4995 Rogari

1970 5007 2114 5062 enim
2143 5008 2195 5063 in
2224 5009 2423 5064 talibus
2449 5011 2623 5066 causis
2651 5008 2758 5066 non
2786 5010 3019 5067 fraudari
3055 5014 3351 5084 principem
3379 5016 3557 5083 decet,

1968 5099 2092 5168 quia
2112 5098 2448 5169 negligentiae
2465 5102 2653 5156 vitium
2676 5111 2759 5158 est
2786 5104 3228 5173 praesumptiones
3255 5107 3556 5178 relinquere

1967 5204 2102 5261 quas
2116 5188 2237 5259 jura
2264 5192 2577 5263 praecipiunt
2606 5204 2901 5264 amputare.
2925 5194 2982 5250 Si
3011 5196 3137 5265 quid
3163 5206 3340 5257 autem
3371 5209 3557 5257 contra

1964 5281 2253 5352 repereris,
2279 5283 2491 5353 quietos
2519 5284 2765 5341 dominos
2785 5285 2991 5340 habere
3016 5288 3257 5357 patieris,
3278 5291 3410 5360 quia
3432 5308 3560 5346 ana-

1965 5372 2046 5440 gis
2065 5372 2154 5426 illa
2194 5381 2373 5428 nostra
2402 5382 2527 5428 sunt
2549 5375 2874 5445 patrimonia
2903 5392 3022 5448 quae
3042 5394 3073 5434 a
3094 5380 3353 5451 subjectis
3380 5383 3564 5453 legiti-

1966 5477 2053 5516 me
2084 5463 2437 5532 possidentur.
2532 5496 2537 5503 -

1972 5719 2123 5807 gibps
2143 5724 2707 5807 auferuntur-:__lllpiap.
2732 5729 2923 5807 fragm.
2951 5734 3033 5790 tit.
3058 5735 3125 5807 l1
3148 5744 3204 5792 et
3225 5736 3314 5807 l8,
3337 5737 3373 5793 l.
3389 5736 3558 5807 unic;
3578 5769 3603 5797 ι

1973 5788 2034 5844 C.
2049 5791 2117 5846 de
2136 5795 2254 5850 cad.
2270 5795 2406 5856 toll.:
2431 5788 2629 5857 Plinius
2648 5788 3611 5879 PanegvricoadiTrajarnT‘dup:lib:

1975 5876 2046 5928 γι,
2077 5862 2233 5922 form.
2265 5864 2317 5918 3.
2350 5867 2516 5925 Fons.
