3988 6178
307 430 414 487 663

830 535 1160 595 EPISTOLA
1197 532 1360 592 XXV.

504 668 754 708 BACAUDE
787 668 905 708 νιιιο
934 667 1138 706 ευθιιιιι
1168 663 1529 704 τιιεοιιοιιιωε
1558 662 1683 701 κει.

300 764 548 822 Concedit
594 765 670 820 illi
696 767 771 821 'in
808 745 1105 838 perpetuum
1155 762 1563 818 Mediolanensis
1603 761 1892 815 tribunatus

996 852 1194 889 curam.

377 948 571 1006 Fessos
596 965 766 1005 annos
795 949 1159 1004 munificentia
1188 956 1371 1002 nostra
1402 945 1735 1010 corroborat,
1767 942 1894 997 dum

299 1052 512 1099 tetatem
543 1043 819 1098 occiduam
848 1042 1085 1113 penuria:
1113 1056 1220 1094 non
1249 1040 1378 1092 facit
1403 1038 1726 1092 detrimenta
1768 1050 1894 1088 sen-

301 1135 423 1191 tire.
469 1133 732 1189 Juvenum
763 1134 1027 1204 siquidem
1059 1133 1228 1186 virtus
1256 1129 1671 1200 praesumptione
1699 1125 1897 1180 laboris

301 1224 609 1279 animatur:
640 1223 755 1278 sola
802 1238 989 1278 senum
1017 1222 1128 1275 vita
1155 1228 1240 1274 est
1280 1219 1474 1288 quietis
1517 1215 1784 1272 invenisse
1810 1230 1898 1268 rc-

302 1313 502 1371 media.
546 1315 722 1383 Atque
760 1312 886 1368 ideo
924 1321 1013 1367 tua
1051 1310 1443 1382 supplicatione
1472 1307 1732 1379 permoti,
1758 1306 1898 1360 desi-

300 1404 447 1472 gnati
469 1404 769 1461 tribunatus
796 1412 819 1440 ³
844 1417 1030 1459 curam
1068 1401 1121 1456 in
1170 1398 1554 1456 Mediolanensi
1599 1397 1734 1452 urbe
1777 1395 1899 1450 dili-

300 1493 608 1562 gentissime
621 1494 1002 1563 peragendam,
1013 1492 1081 1547 ad
1098 1501 1147 1547 te
1169 1491 1503 1547 decrevimus
1518 1488 1806 1559 pertinere.
1824 1488 1898 1542 ita

301 1596 389 1653 ut,
420 1588 563 1657 quod
585 1596 668 1641 est
694 1587 749 1641 in
775 1586 1002 1655 reipubl.
1026 1585 1214 1639 militia
1243 1600 1462 1648 novum,
1484 1583 1657 1637 donec
1677 1581 1898 1647 vixeris,

303 1691 573 1745 nunquam
604 1676 699 1731 tibi
745 1691 1112 1733 successorem
1154 1674 1355 1729 tribuat
1393 1673 1709 1742 cujusquam
1752 1671 1901 1741 plec-

304 1768 465 1824 tenda
493 1769 870 1839 praesumptio;
900 1778 1163 1838 quatenus
1188 1768 1241 1822 in
1271 1767 1588 1822 exhibendis
1611 1764 1901 1833 voluptati-

302 1860 403 1915 bus
424 1860 588 1915 oflicii
618 1860 778 1931 hujus
800 1874 932 1931 cura
963 1857 1388 1915 mansuetudinis
1415 1864 1612 1912 nostra;
1641 1854 1899 1910 beneficio

301 1951 499 2021 iugiter
541 1948 870 2022 perfruaris,
902 1950 1105 2006 habens
1153 1951 1206 2005 in
1261 1957 1521 2018 utroque,
1553 1946 1698 2017 quod
1751 1956 1895 2000 tuam

302 2044 615 2098 consoletur
641 2051 873 2107 :etatem,
904 2042 1009 2097 loci
1038 2039 1377 2098 commodum
1407 2048 1462 2095 et
1484 2037 1724 2093 lzetitiam
1751 2036 1898 2090 volu-

302 2142 535 2204 ptatum.

650 2240 657 2245 ·
734 2247 848 2318 33
883 2241 1217 2299 EPISTOLA
1256 2240 1443 2297 xxvr.

303 2350 573 2392 UNIVERSIS
596 2350 784 2392 GOTIIIS
812 2352 914 2390 PER
944 2350 1169 2391 PICENUM
1200 2350 1271 2388 ΕΤ
1297 2347 1527 2389 ΒᾹΙΝΙυὶΙ
1558 2344 1900 2387 εοκετιτυτιε

844 2440 1210 2497 τιιεοοοιιιςυς
1236 2440 1362 2478 REX.

196 2539 205 2552 θ
304 2518 552 2590 Prcecipit
579 2529 635 2590 ut
680 2535 776 2573 vm
804 2518 983 2590 iduum
1009 2516 1286 2590 Juniarum
1322 2515 1392 2590 ad
1437 2498 1613 2568 animi:
1638 2515 1766 2590 sine
1793 2512 1898 2567 ulla

376 2585 771 2657 prouincialium
811 2589 1035 2654 damno,
1076 2586 1275 2658 regalia
1320 2587 1458 2639 dona
1511 2585 1767 2655 accepturi
1816 2600 1899 2637 ve-

378 2660 549 2712 aiant.

373 2748 627 2815 Quamvis
655 2745 1019 2801 munificentia
1066 2754 1249 2801 nostra
1295 2746 1365 2800 sit
1408 2745 1657 2800 omnibus
1705 2744 1900 2814 ubique

306 2839 637 2910 gratissima,
677 2837 849 2892 multo
895 2846 1075 2892 tamen
1121 2836 1425 2905 acceptiora
1471 2834 1738 2890 credimus
1782 2849 1900 2905 qua:

306 2931 473 2988 nostri
514 2929 798 3001 prtesentia
837 2928 1221 2984 conferuntur:
1253 2927 1378 2996 quia
1423 2925 1629 2995 majora
1668 2924 1736 2980 de
1771 2941 1901 2980 con-

305 3030 493 3095 spectu
521 3022 777 3094 principis
804 3019 986 3092 populi
1009 3026 1247 3088 sumunt,
1272 3033 1433 3087 quam
1453 3018 1520 3072 de
1544 3017 1789 3086 largitate
1808 3016 1901 3071 be-

306 3114 495 3171 neficia
525 3121 951 3183 consequuntur.
992 3111 1125 3166 Nam
1156 3126 1293 3181 pene
1334 3109 1525 3165 similis
1554 3116 1636 3164 est
1662 3117 1897 3174 mortuo,

305 3207 397 3276 qui
425 3222 455 3261 a
484 3221 583 3261 suo
608 3205 920 3260 dominante
943 3205 1206 3268 nescitur;
1232 3218 1332 3257 nec
1359 3202 1458 3257 sub
1487 3201 1669 3271 aliquo
1696 3200 1903 3254 honore

306 3297 455 3363 vivit,
478 3311 638 3366 quem
678 3296 820 3365 regis
868 3296 951 3353 sui
1000 3295 1189 3350 notitia
1232 3309 1338 3348 non
1383 3290 1636 3347 defendit.
1666 3289 1734 3345 Et
1774 3290 1896 3345 ideo
1925 3297 1969 3360 ο

307 3387 555 3459 prresenti
574 3386 811 3456 iussione
838 3384 1154 3441 mandamus
1191 3392 1251 3439 ut
1293 3392 1485 3441 octavo
1517 3382 1701 3437 iduum
1724 3379 1898 3436 Iunia-

306 3492 426 3532 rum
453 3476 560 3544 die,
588 3476 702 3533 Deo
730 3477 1043 3543 auxiliante,
1072 3475 1139 3531 ad
1168 3475 1507 3547 prtescntiam
1531 3482 1768 3529 nostram
1801 3486 1897 3526 ve-

307 3570 426 3625 nire
451 3568 717 3637 debeatis,
738 3564 828 3638 qui
854 3568 1169 3624 solemniter
1186 3566 1384 3636 regalia
1409 3564 1551 3620 dona
1576 3563 1847 3634 suscipitis
1871 3559 1898 3600 δ

307 3662 354 3718 si
395 3663 579 3718 venire
616 3663 861 3732 protinus
889 3661 1171 3717 festinatis.
1210 3657 1344 3713 Illud
1388 3665 1567 3713 tamen
1596 3656 1899 3713 necessario

308 3758 746 3817 commonentes,
773 3759 832 3805 ut
866 3749 1196 3805 venientium
1224 3746 1405 3821 nullus
1423 3747 1707 3816 provenire
1732 3744 1903 3815 possit

305 3859 579 3909 excessus,
612 3858 713 3899 nec
738 3855 1111 3913 possessorum
1139 3847 1370 3909 segetes,
1402 3845 1495 3893 aut
1524 3845 1676 3907 prata
1719 3845 1901 3891 vaste-

310 3935 379 3989 tis
412 3945 433 3972 ο
452 3952 465 3964 ·
493 3934 587 3990 sed
616 3934 715 3989 sub
743 3933 890 3989 omni
916 3932 1248 3988 continentia
1277 3937 1660 4003 properantes,
1693 3928 1762 3985 de
1804 3944 1902 3985 cu-

382 4191 411 4220 η
439 4181 501 4235 D.
514 4180 684 4236 Juret.
703 4182 975 4237 existimat
989 4183 1100 4239 haec
1115 4182 1455 4251 intelligenda
1471 4197 1588 4237 esse
1605 4182 1674 4238 de
1690 4184 1903 4239 tribuno

310 4253 664 4322 voluptatum,
690 4252 844 4322 cujus
864 4255 1066 4309 mentio
1093 4263 1177 4309 est
1214 4252 1350 4308 infra
1381 4252 1474 4308 lib.
1508 4270 1577 4317 v1,
1604 4254 1703 4309 for.
1736 4252 1822 4319 l9,
1852 4265 1908 4310 et

310 4322 403 4379 lib.
432 4339 524 4379 vu.
548 4321 650 4378 for.
682 4320 769 4377 10.

332 4338 403 4379 ιι).
432 4339 524 4386 VII,
548 4338 650 4378 101⁵.
682 4338 769 4377 Ίυ.

383 4395 411 4432 δ
441 4393 574 4448 Vide
598 4392 1336 4464 Luitprandum,lib.vi,cap.
1352 4392 1403 4448 5.
1421 4392 1545 4448 Haec
1567 4401 1743 4448 autem
1766 4395 1908 4451 dona

311 4463 738 4520 conferebantur
774 4465 1012 4520 calendis
1058 4463 1346 4520 Januariis.
1384 4464 1671 4533 Nicephor.
1715 4466 1806 4520 lib.
1854 4483 1906 4531 x,

311 4533 562 4613 cap..23;
592 4532 808 4590 Sozom.
834 4535 928 4590 lib.
972 4552 1005 4590 v
1050 4550 1171 4606 cap.
1207 4534 1307 4601 l7;
1335 4534 1583 4658 Ambrgs.
1619 4550 1781 4590 serui.
1815 4536 1902 4591 l4.

375 4640 380 4644 -
1546 4621 1703 4658 uaer.

375 4640 380 4644 -
1511 4621 1703 4659 JURET.

387 4684 411 4713 ε
442 4672 722 4744 Transitns
752 4674 979 4729 militum
1009 4675 1080 4729 sit
1109 4675 1398 4738 innocens,
1430 4690 1566 4729 neve
1611 4674 1788 4744 fruges
1815 4675 1905 4731 lte-

312 4742 638 4814 dat.Itaque
650 4744 792 4813 quod
823 4744 890 4799 de
900 4744 1020 4813 jure
1048 4746 1324 4800 servitutis
1352 4746 1519 4799 hasta:
1547 4742 1715 4799 recte
1735 4746 1911 4801 illmsis

313 4815 577 4885 fructibus
616 4813 849 4885 ferenda:
897 4830 929 4868 a
965 4815 1133 4870 Paulo
1166 4816 1434 4885 scriptum
1473 4824 1586 4881 est,
1625 4815 1662 4868 l.
1716 4816 1779 4877 7,
1819 4816 1911 4884 qui

312 4885 467 4951 sella,
499 4883 561 4938 υ.
602 4883 672 4939 de
699 4900 837 4939 serv.
870 4894 1004 4939 rust.
1035 4884 1199 4955 prmd.
1220 4926 1235 4951 ,
1259 4883 1473 4955 quidam
1506 4892 1734 4955 tractum
1763 4902 1792 4939 a
1821 4883 1911 4940 re-

314 4956 469 5021 gibus
514 4955 889 5023 suspicantur,
918 4955 1009 5023 qui
1040 4954 1248 5009 extero
1297 4954 1557 5009 exercitui
1606 4970 1913 5011 commeare

315 5026 535 5079 ditionis
563 5040 672 5079 sua:
701 5026 972 5091 regionem
1004 5040 1100 5093 per
1128 5024 1360 5091 aliquam
1392 5025 1724 5089 permittunt.
1764 5024 1913 5081 Unde

314 5095 591 5166 Lysander
606 5095 881 5166 Lacunmn
896 5093 1006 5149 dux
1027 5095 1165 5165 apud
1189 5093 1531 5149 Plutarchum
1555 5093 1738 5166 videns
1760 5095 1915 5151 Βωο-

316 5164 403 5221 tos
433 5166 651 5221 incerta:
678 5164 825 5231 fidei,
849 5181 970 5220 cum
998 5164 1095 5235 per
1119 5180 1304 5219 eorum
1327 5179 1485 5235 agros
1506 5165 1774 5231 transiret,
1802 5167 1912 5221 sci-

317 5237 541 5290 scitatus
557 5245 639 5291 est
658 5243 839 5291 utrum
870 5233 1032 5291 rectis
1058 5252 1125 5289 an
1156 5235 1420 5290 inclinatis
1446 5233 1614 5290 hastis
1638 5238 1909 5292 transiret.

317 5304 425 5376 Sed
454 5320 555 5374 ego
576 5312 759 5375 putem
790 5305 1230 5376 jurisconsultum
1260 5304 1330 5360 de
1368 5305 1576 5376 privato
1620 5305 1771 5375 jure,
1801 5322 1909 5361 non

318 5375 666 5448 imperatorio
711 5377 979 5448 sensisse,
1019 5376 1056 5430 l.
1098 5375 1355 5448 l'5;item
1387 5376 1668 5448 quazritur,
1703 5376 1729 5448 §
1760 5393 1910 5431 exer-

318 5446 458 5519 citu;
484 5445 522 5499 l.
548 5445 637 5519 1‘5,
659 5460 727 5500 ex
755 5446 1270 5519 conducto,_versic.
1303 5446 1570 5519 exercitus
1599 5445 1911 5519 prieterierps

320 5531 422 5586 per
444 5515 738 5581 lasciviam,
763 5515 826 5571 D.
855 5517 1016 5572 locat.
1042 5515 1186 5572 Idem
1208 5515 1537 5582 Iustinianus
1562 5515 1755 5572 novell.
1785 5518 1908 5583 150,

320 5591 442 5665 περὶ
461 5587 692 5665 τξᾳρόδείδ
714 5596 1042 5665 ετροετιωτῶν
1057 5587 1425 5665 constituerat
1449 5586 1640 5665 :_cujus
1661 5589 1911 5665 auspiciis

322 5654 611 5727 ac'legibus
638 5654 924 5727 Belisarius
958 5657 1097 5727 rexit
1129 5657 1445 5727 exercitum.
1468 5654 1599 5710 Nam
1621 5673 1740 5712 cum
1762 5654 1901 5713 mili-

324 5735 435 5781 tum
457 5725 671 5796 quidam
696 5726 748 5796 in
771 5741 929 5794 agros
947 5726 1327 5792 discurrentes,
1342 5725 1546 5796 fruetus
1565 5729 1910 5796 attingerent,

324 5809 422 5850 eos
451 5795 740 5863 ignominia
769 5805 984 5851 notatos
1017 5810 1352 5861 convocans,
1380 5795 1459 5849 sic
1499 5802 1578 5850 est
1608 5795 1908 5854 allocutus:

324 5865 445 5937 _Vim
469 5865 689 5937 afferre,
721 5874 776 5919 et
803 5881 870 5919 ex
890 5866 1079 5937 alienis
1107 5865 1252 5933 pasci
1275 5873 1431 5937 turpe
1457 5879 1674 5937 semper
1693 5883 1756 5922 ac
1783 5884 1911 5937 pro-

323 5934 546 5991 brosum
574 5934 801 5997 videtur,
827 5934 972 6002 quod
1001 5934 1253 6005 injustum
1284 5935 1336 5991 in
1356 5936 1472 6005 ipso
1502 5933 1719 5992 feratur.
1755 5933 1909 5994 Auct.

1511 395 1610 479 ‘u.
1652 418 1932 476 AURELH
1971 414 2366 475 cassronom

1925 537 1970 593 Α
1999 530 2194 586 stodita
2232 527 2511 599 disciplina
2559 533 2707 597 grata
2753 527 2905 583 nobis
2948 540 3068 582 esse
3112 530 3291 579 vestra
3339 521 3582 578 occursio

1938 4718 1991 4778 D

3477 406 3582 465 661

1993 622 2167 691 possit
2191 639 2203 675 :
2236 621 2360 691 quia
2404 618 2525 674 ideo
2553 618 2904 675 exercituales
2929 625 3204 686 gratanter
3228 614 3467 670 subimus
3486 628 3552 668 ex
3567 644 3589 656 -

1993 726 2212 782 pensas,
2241 719 2302 766 ut
2326 711 2394 765 ab
2413 710 2633 765 armatis
2659 709 2995 765 custodiatur
3015 708 3215 762 intacta
3240 705 3487 762 civilitas.

2503 842 2834 899 EPISTULA
2870 841 3079 897 XXVII.

2325 951 2520 991 GUDUIU
2549 950 2724 990 διυοΜ
2754 948 3114 989 TBEODORICUS
3141 948 3266 987 REX.

1999 1025 2232 1093 Imperat
2271 1028 2589 1081 millenarios
2628 1027 2907 1095 provincia:
2940 1023 3116 1077 Piceni
3139 1034 3190 1078 et
3216 1024 3420 1079 Samnit
3450 1041 3590 1078 com—

2068 1107 2275 1152 moneat
2303 1106 2356 1149 ut
2384 1098 2453 1150 ad
2481 1099 2657 1150 aulam
2698 1106 2803 1149 tum
2838 1095 3133 1148 donativum
3180 1097 3457 1164 accepturi,
3482 1103 3589 1147 tum

2073 1178 2329 1238 gestarum
2360 1169 2413 1221 in
2458 1167 2591 1221 bello
2639 1182 2809 1220 rerum
2856 1167 3104 1219 rationem
3145 1164 3395 1219 reddituri
3439 1166 3591 1219 citius

2069 1246 2361 1309 properent.

2069 1328 2473 1385 Consuetudine
2518 1329 2852 1384 liberalitatis
2899 1330 3061 1397 regite
3103 1344 3508 1385 commonemur
3535 1339 3594 1383 ut

2001 1423 2192 1479 Gothis
2219 1423 2417 1479 nostris
2454 1422 2744 1478 debeamus
2776 1422 3036 1477 solemnia
3065 1421 3206 1476 dona
3235 1422 3417 1491 largiri
3445 1420 3495 1477 τι.
3528 1422 3598 1477 Et

2002 1516 2124 1571 ideo
2143 1514 2359 1571 devotio
2377 1523 2466 1569 tua
2495 1514 2824 1569 millenarios
2849 1513 3141 1584 provincite
3160 1512 3335 1570 Piceni
3357 1523 3414 1570 et
3434 1513 3594 1569 Sam-

2003 1606 2078 1661 nii
2098 1606 2216 1660 sine
2243 1604 2418 1674 aliqua
2447 1604 2702 1660 dilatione
2728 1610 3090 1668 commoneat,
3123 1611 3181 1658 ut
3204 1619 3300 1659 eos
3326 1604 3418 1673 qui
3440 1606 3597 1661 annis

2006 1697 2229 1768 singulis
2265 1704 2464 1752 nostra:
2488 1696 2909 1751 mansuetudinis
2933 1696 3152 1766 praemia
3171 1706 3594 1766 consequuntur,

2004 1807 2104 1862 pro
2132 1790 2443 1860 accipiendo
2495 1789 2750 1845 donativo
2775 1789 2843 1844 ad
2882 1790 3195 1844 comitatum
3220 1787 3380 1844 faciat
3407 1805 3598 1844 utcun-

1937 1918 1974 1972 η
2005 1891 2215 1939 ctanter
2260 1896 2584 1947 occanere;
2633 1888 2898 1951 quatenus
2935 1879 3027 1947 qui
3069 1878 3206 1934 bene
3232 1879 3385 1933 nobis
3413 1880 3599 1934 meriti

2003 1972 2227 2041 fuerint,
2287 1971 2493 2041 majore
2539 1969 2903 2026 munificentia
2947 1970 3299 2040 gratulentur.
3346 1969 3601 2041 Inculpa-

1998 2063 2177 2118 biliter
2204 2063 2345 2117 enim
2390 2077 2610 2118 necesse
2644 2070 2729 2116 est
2770 2061 2916 2117 vivat
2955 2061 3047 2131 qui
3075 2077 3229 2117 suam
3255 2063 3599 2131 prmsentiam

1999 2154 2151 2210 novit
2168 2153 2498 2222 principibus
2517 2153 2867 2208 offerendam.
2894 2150 3073 2208 Bonos
3098 2152 3241 2208 enim
3269 2153 3404 2219 laus,
3427 2153 3602 2209 malos

2000 2245 2216 2316 querela
2235 2246 2542 2301 comitatur.
2566 2245 2731 2300 Decet
2749 2246 2909 2300 etiam
2938 2262 3037 2302 nos
3058 2246 3157 2300 sub
3184 2246 3287 2302 bac
3313 2247 3601 2302 occasione

1999 2336 2326 2407 singulorum
2360 2336 2501 2391 facta
2529 2337 2842 2406 perquirere
2871 2346 2920 2405 ο,
2944 2345 3005 2392 ut
3048 2337 3178 2392 nulli
3207 2338 3378 2407 possit
3420 2338 3600 2408 perire

2000 2427 2149 2498 quod
2160 2428 2284 2483 lecit
2302 2429 2353 2482 in
2372 2428 2489 2483 acie
2505 2426 2548 2480 ί.
2568 2427 2698 2481 Nam
2715 2428 2758 2482 si
2771 2442 2984 2498 semper
2994 2429 3494 2485 consuetudinarias
3511 2445 3601 2485 res

2002 2528 2276 2590 exspectet
2296 2519 2584 2583 exercitus,
2601 2519 2850 2574 virtutem
2874 2535 2978 2574 non
3007 2528 3188 2590 potest
3211 2535 3394 2575 amare
3420 2520 3602 2589 negle-

2000 2623 2140 2668 ctus.
2186 2610 2448 2680 Trepidus
2497 2612 2668 2667 discat
2704 2611 2770 2665 ad
2795 2610 3028 2680 iudicem
3055 2613 3261 2677 venire,
3287 2612 3380 2682 qui
3408 2627 3468 2666 se
3491 2629 3600 2667 non

2000 2705 2243 2759 meminit
2270 2704 2524 2760 audacter
2551 2704 2748 2773 aliquid
2771 2705 2977 2773 egisse;
3003 2712 3062 2758 ut
3085 2704 3277 2759 melius
3305 2704 3476 2774 possit
3504 2703 3601 2758 bo-

2000 2793 2170 2849 stibus
2194 2792 2459 2848 violentus
2479 2793 2776 2861 insurgere,
2801 2791 2894 2862 qui
2925 2799 3126 2847 nostrae
3150 2792 3339 2847 maluit
3366 2791 3597 2863 imputa-

2002 2868 2162 2940 tionis
2188 2884 2409 2939 vulnera
2437 2883 2725 2939 declinare.

2495 2992 2827 3070 EPISTOLA
2866 3013 3102 3071 xxvm.

2221 3145 2412 3186 CAIUNO
2444 3145 2566 3183 ΠΕΟ
2591 3142 2837 3184 ιιιῠετιιι
2866 3142 3235 3183 τηεοοοιιιουε
3265 3143 3391 3181 REX.

2007 3220 2165 3277 Illum
2194 3221 2413 3275 accersit
2441 3202 2517 3272 adi
2540 3219 2839 3273 comitatum
2867 3234 3014 3272 suum
3034 3257 3048 3283 ,
3074 3228 3131 3270 ut
3157 3227 3274 3289 pote
3296 3219 3459 3272 virum
3478 3218 3592 3272 illa-

2423 3299 2578 3345 strem
2598 3288 2790 3361 sibique
2817 3288 3179 3343 necessarium.

2070 3382 2278 3437 Habent
2302 3382 2405 3437 boc
2430 3381 2723 3449 gloriosum
2739 3379 3102 3450 prtejudicium
3128 3379 3392 3433 bonarum
3408 3378 3589 3434 merita

1999 3490 2348 3547 personarum
2359 3516 2374 3543 ,
2386 3483 2446 3528 ut
2456 3474 2569 3529 otio
2583 3482 2889 3544 torpescere
2909 3486 3014 3526 non
3037 3472 3282 3525 sinautur
3295 3472 3389 3542 qui
3417 3471 3591 3542 probis

2001 3566 2299 3622 actionibus
2328 3567 2670 3621 innotescunt
2701 3583 2715 3619 :
2743 3572 2800 3620 et
2846 3563 2967 3619 ideo
2991 3571 3100 3617 tam
3129 3562 3396 3619 desiderio
3419 3560 3588 3618 vbstro

2001 3655 2413 3722 satisfacientes,
2438 3672 2599 3727 quam
2629 3655 2773 3725 quod
2800 3672 2896 3711 vos
2918 3657 3255 3712 necessarios
3283 3671 3405 3711 esse
3430 3657 3589 3712 credi-

2002 3746 2193 3813 dimus,
2204 3747 2366 3817 jussis
2387 3747 2741 3817 praesentibus
2761 3762 3052 3802 evocamus
3070 3764 3084 3811 ;
3104 3754 3368 3818 quatenus
3388 3754 3440 3803 et
3471 3747 3591 3801 viris

2005 3836 2271 3893 nobilibus
2315 3829 2579 3906 obsequia
2611 3844 2796 3891 nostra
2831 3835 3184 3902 decorentur,
3219 3845 3274 3891 et
3299 3852 3419 3907 quae
3446 3837 3585 3891 utilia

2007 3930 2162 3986 nobis
2181 3930 2468 3995 credimus,
2501 3945 2599 4000 per
2628 3938 2681 3985 te
2706 3929 2962 4000 expedire
2991 3929 3274 3999 possimus.

2013 4182 2242 4253 Procop.
2266 4182 2358 4237 lib.
2387 4197 2439 4237 tv
2463 4183 2530 4237 de
2564 4181 2712 4238 Bello
2750 4182 3059 4239 Vandalico.
3091 4182 3279 4307 Infr.[i.
3306 4201 3399 4250 xu,
3431 4202 3512 4255 ep.
3538 4184 3583 4237 5.

3260 4272 3452 4307 ORNER.

3260 4272 3452 4311 ORNER.

2084 4322 2109 4397 Si
2144 4323 2571 4397 suiemnia_d01ta
2594 4333 2643 4377 et
2682 4342 2858 4379 annua
2888 4341 3130 4389 munera,
3158 4324 3294 4381 infra
3343 4328 3496 4397 epist.
3527 4324 3589 4377 42

2014 4395 2172 4461 hujus
2202 4394 2292 4448 lib.
2323 4410 2379 4449 γ.
2412 4393 2649 4449 Fonven.

2092 4477 2114 4504 ο
2148 4464 2289 4538 Ιιιςηι
2339 4464 2526 4519 tribuit
2559 4466 2863 4522 Alexandro
2905 4467 3179 4521 Mammete
3206 4465 3318 4522 lilio
3360 4466 3593 4538 Lampri-

2017 4535 2154 4589 dius.
2183 4534 2421 4591 Fonssn.

2091 4605 2108 4644 ί
2144 4604 2305 4673 Regia
2350 4621 2598 4679 munera
2628 4607 2743 4661 haec
2783 4606 3291 4679 donativa,ipra3_ter
3340 4608 3594 4679 stipendia

2012 4685 2289 4741 consueta,
2308 4676 2565 4731 militibus
2584 4675 2636 4731 in
2664 4679 2941 4747 praemium
2972 4676 3295 4733 fortitudinis
3320 4675 3594 4743 cedebant,

2016 4761 2116 4818 uec
2147 4756 2351 4818 temere
2372 4788 2387 4811 ,
2411 4760 2591 4818 neque
2634 4749 2832 4818 passim
2876 4747 3123 4803 omnibus
3151 4747 3284 4803 citra
3324 4748 3596 4804 delictum.

2014 4814 2136 4889 Fuit
2160 4816 2258 4889 su_b
2285 4814 2847 4889 ἶΙιιειξηίιιιιο-(ᾑιῖιλςιοιξ
2867 4817 3204 4889 praemiorum
3235 4818 3491 4883 Agathias
3510 4820 3598 4872 lib.

2014 4902 2069 4942 ιιι
2095 4886 2162 4955 de
2209 4884 2357 4940 Bello
2390 4884 2553 4941 Goth.
2582 4884 2930 4952 In‘exercit'u,
2962 4887 3155 4955 inquit,
3187 4904 3286 4944 nec
3314 4890 3484 4953 ducis,
3507 4906 3603 4944 nec

2013 4953 2252 5028 prtefecti
2305 4971 2529 5028 munere
2572 4956 2922 5026 fungebatur;
2969 4953 3067 5010 nec
3136 4953 3292 5013 miles
3364 4960 3601 5028 quidem.

2015 5026 2260 5094 Quaestor
2279 5026 2515 5095 alioquin
2535 5068 2549 5090 ,
2583 5037 2637 5082 et
2661 5030 2820 5095 regite
2848 5028 3087 5098 pecunia:
3107 5034 3321 5098 custos,
3352 5026 3499 5083 haud
3528 5039 3605 5083 ta-

2017 5112 2138 5151 men
2177 5111 2367 5168 earum
2391 5112 2509 5166 qum
2538 5098 2794 5152 militibus
2837 5096 2888 5151 i’n
2918 5096 3244 5168 stipendium
3292 5100 3604 5168 pendeban-

2018 5176 2102 5221 tur
2119 5183 2143 5240 ;_
2167 5181 2291 5221 nam
2321 5167 2477 5240 alteri
2501 5176 2620 5222 erat
2647 5168 2760 5240 hmo
2783 5184 2930 5240 cura
2970 5167 3329 5240 demandata;
3356 5169 3460 5225 sed
3490 5186 3607 5240 quae.

2017 5252 2085 5292 ex
2131 5236 2466 5307 imperatoris
2512 5238 2705 5293 aerario
2733 5238 2797 5292 ad
2829 5239 3262 5305 exercitum,his
3290 5249 3347 5295 et
3373 5241 3428 5294 in
3467 5236 3606 5307 pite-

2018 5256 2085 5292 ex
2131 5256 2466 5307 imperatoris
2512 5256 2705 5293 ιρι-ει·ιο
2733 5256 2797 5292 ao
2829 5256 3123 5293 exercitum
3142 5281 3161 5305 ,
3181 5256 3262 5293 ms
3290 5256 3347 5295 et
3373 5256 3428 5294 in
3506 5257 3606 5296 ne-

2018 5308 2182 5379 mium
2210 5306 2677 5379 mittebantur,qui
2704 5307 2908 5376 insigne
2928 5308 3145 5379 aliquod
3168 5308 3441 5364 facinusin
3464 5256 3609 5365 Bello

2014 5378 2324 5451 gessissent.
2349 5376 2465 5443 Qua
2481 5395 2548 5432 ex
2564 5394 2624 5451 re
2653 5395 2758 5433 non
2775 5376 3035 5434 obscurus
3052 5377 3097 5431 is
3123 5380 3363 5441 erat,scd
3390 5396 3606 5451 praepo-

2015 5455 2134 5501 tens
2148 5446 2336 5513 factus,
2349 5456 2509 5518 atque
2523 5447 2657 5503 adeo
2675 5460 2731 5503 ut
2747 5464 3065 5515 arcanorum
3079 5458 3222 5505 esset
3232 5451 3373 5505 inter
3385 5446 3611 5506 cmtéros

2016 5521 2303 5590 particeps,
2328 5519 2399 5572 ita
2426 5518 2777 5590 ut‘ﬁrmitatis
2801 5527 2913 5576 tum
2930 5520 3217 5589 plurimum
3235 5531 3293 5577 ct
3316 5520 3436 5575 lidei
3460 5523 3611 5590 prin-

2017 5587 2375 5661 cipumdictu
2418 5587 2730 5661 viderentur
2768 5587 2994 5652 habere.
3029 5591 3257 5661 cumilli
3287 5587 3609 5661 placerent:

2015 5659 2159 5730 quod
2205 5659 2310 5730 hic
2337 5657 2691 5730 Cassiodorus
2727 5674 2943 5730 quoque
2990 5657 3328 5718 subindicare
3372 5661 3611 5726 videtur,

2013 5728 2137 5783 dum
2169 5729 2245 5783 ait
2266 5727 2597 5851 singulorum
2628 5727 2764 5784 facta
2783 5772 2799 5799 ,
2829 5727 2957 5793 εἷο..
2988 5731 3139 5851 quasi
3160 5740 3307 5789 eSSet
3331 5731 3386 5785 in
3415 5734 3616 5788 caetris

2014 5799 2228 5851 quidam
2260 5813 2362 5851 exn
2385 5806 2571 5851 orator
2597 5798 2871 5851 industrius
2907 5810 2964 5851 et
3012 5800 3314 5851 ortitudinis
3342 5801 3616 5851 cuiusmm

2014 5799 2228 5871 quidam
2260 5798 2571 5871 explorator
2597 5798 2871 5855 industriae
2907 5810 2964 5855 et
2991 5798 3314 5871 fortitudinis
3342 5801 3616 5871 cujusque

2014 5866 2275 5941 militum,
2318 5866 2471 5935 cujus
2514 5871 2842 5941 renuntiatio
2889 5870 3031 5939 apud
3077 5871 3370 5941 principem
3402 5866 3620 5931 valeret

2019 5940 2086 5996 ad
2115 5939 2296 5996 militis
2324 5939 2527 5997 strenui
2553 5939 3093 6000 commendationem;
3126 5939 3291 5999 Fons.
