3988 6178
258 359 364 414 669

1554 344 1913 403 VARIARUM
1959 342 2160 398 LIBER
2200 343 2272 399 ν.

3443 337 3547 394 670

259 486 475 541 :cquum
518 469 878 540 judicavimus
925 466 1198 540 Hispania:
1246 466 1487 523 triticeas
1534 465 1607 520 illi
1666 465 1851 533 copias
1881 467 1929 525 Α
1957 463 2155 527 lantur,
2186 458 2422 516 maxime
2450 474 2573 515 cum
2608 472 2707 529 pro
2738 456 3000 513 servanda
3028 456 3284 513 civilitate
3310 471 3414 512 nec
3442 456 3547 510 illis

261 561 548 625 exhibere;
583 570 642 616 ut
684 560 964 629 antiquum
1002 558 1233 627 vectigal
1280 558 1383 613 sub
1430 555 1587 611 nobis
1640 553 1847 607 felicior

262 653 437 708 Bonna
469 653 757 723 reciperet.
792 650 963 706 Jussis
992 650 1257 720 siquidem
1291 648 1494 704 nostris
1512 646 1615 701 viri
1638 651 1853 714 specta-

263 744 390 800 bilis
417 743 673 799 Marciani
695 743 855 798 laude
877 743 1037 813 digna
1064 740 1286 797 servivit
1320 738 1602 793 industria.
1632 735 1738 791 Sed
1767 749 1857 805 pa-

264 856 389 895 rum
419 837 711 907 diligenter
756 837 977 906 impleta
1022 843 1166 899 sunt,
1221 848 1341 904 qua:
1388 838 1603 888 constat
1650 828 1858 899 optime

266 930 432 987 fuisse
459 937 768 999 procurata.
810 927 878 982 Ili
909 928 1072 993 enim,
1098 926 1189 997 qui
1218 922 1484 996 portanda
1528 924 1633 993 91
1678 932 1860 974 susce-

266 1030 488 1095 perant,
529 1037 806 1077 morarum
855 1021 1013 1076 taedia
1066 1036 1174 1075 non
1224 1018 1481 1079 ferentes,
1534 1013 1860 1069 destinatum

270 1114 600 1168 frumentum
629 1112 684 1167 in
714 1111 907 1165 Africm
937 1111 1179 1181 partibus
1206 1126 1305 1180 pro
1334 1124 1432 1163 suo
1461 1106 1710 1161 dicuntur
1728 1119 1864 1159 ven-

269 1204 473 1259 didisse
496 1203 838 1274 compendio.
867 1200 1023 1271 Quod
1070 1200 1316 1271 quamvis
1366 1198 1594 1252 inultum
1644 1193 1863 1248 minime

270 1293 507 1348 transire
554 1291 827 1348 debuisset
877 1294 982 1370 (ut
1034 1307 1189 1356 amor
1227 1288 1429 1361 proprii
1465 1284 1735 1343 commodi
1784 1290 1865 1338 tot

266 1385 601 1455 populorum
653 1382 838 1453 jejuna
891 1390 1018 1455 vota
1063 1377 1463 1450 suspenderet),
1516 1388 1697 1431 tamen
1739 1375 1865 1446 quia

271 1473 672 1529 uobisinsitnm
703 1482 787 1527 est
831 1473 1019 1543 culpas
1043 1472 1345 1535 remittere,
1392 1484 1530 1538 quas
1578 1481 1868 1538 possumus

1954 561 2080 608 sunt
2110 551 2354 622 neganda
2393 548 2657 606 beneﬁcia
2700 547 2946 619 justitiae,
2995 547 3087 617 qui
3131 545 3309 603 adhuc
3349 545 3403 600 in
3446 543 3552 600 fide

1956 651 2359 714 cognoscuntur
2400 656 2607 697 errare.
2639 640 2817 711 Atque
2847 639 2972 694 ideo
3002 638 3217 695 discant
3243 653 3423 693 rerum
3453 638 3553 692 bo-

1958 750 2148 790 narum
2168 735 2544 790 suavissimum
2564 747 2849 803 saporem;
2879 739 2939 785 ut
2962 730 3053 799 qui
3081 730 3372 785 humanam
3389 729 3549 798 justi-

1959 827 2088 882 tiam
2140 826 2383 882 nituntur
2419 839 2684 895 quaerere,
2733 823 3016 879 sollicitius
3063 821 3323 892 incipiant
3371 820 3550 874 divina

1955 918 2158 989 judicia
2186 918 2441 987 cogitare.
2475 914 2709 970 Proinde
2737 914 2994 984 quoniam
3042 911 3420 983 nonnullorum
3453 926 3551 965 vos

1962 1009 2274 1080 frequenter
2320 1008 2614 1064 causamini
2661 1007 3083 1077 praesumptione
3128 1005 3416 1071 laceratos,
3475 1012 3552 1070 et,

1962 1116 2083 1171 quae
2131 1099 2197 1154 ad
2244 1098 2585 1171 Synagogam
2628 1106 2869 1153 vestram
2918 1096 3229 1165 pertinent,
3262 1093 3554 1164 perhibetis

1958 1193 2081 1261 jura
2120 1191 2381 1256 rescindi;
2419 1189 2772 1260 opitulabitur
2806 1186 2961 1242 vobis
2998 1185 3420 1240 mansuetudinis
3457 1201 3558 1237 no-

1958 1282 2093 1337 stra:
2120 1282 2392 1352 postulata
2416 1281 2609 1347 tuitio;
2642 1286 2908 1348 quatenus
2938 1277 3115 1333 nullus
3136 1274 3552 1339 ecclesiasticus,

1964 1387 2088 1441 qua:
2115 1372 2415 1443 Synagogze
2441 1379 2635 1426 vestrae
2658 1369 2780 1438 jure
2809 1375 3126 1438 competunt
3144 1409 3157 1431 ,
3188 1365 3445 1420 violentia
3476 1363 3557 1417 in-

1970 1462 2280 1517 tercedente
2309 1459 2590 1531 pervadat,
2622 1473 2724 1513 nec
2752 1459 2942 1513 vestris
2969 1472 3027 1511 se
3049 1454 3225 1511 causis
3252 1455 3557 1523 importuna

271 1576 435 1620 cauta
462 1565 807 1620 ordinatione
832 1566 1130 1634 corrigere,
1163 1562 1424 1618 Catellum
1449 1570 1505 1616 et
1530 1558 1866 1615 Servandum

272 1658 422 1713 viros
442 1665 693 1712 strenuos
732 1672 852 1712 esse
877 1655 1200 1712 credidimus
1237 1652 1570 1722 dirigendos;
1621 1657 1683 1706 ut
1730 1649 1857 1721 quia
1971 1653 2027 1699 et
2055 1651 2274 1698 actuum
2319 1642 2429 1696 sint
2471 1638 2884 1696 conversatione
2932 1635 3199 1690 discreti:
3234 1633 3336 1688 hac
3380 1642 3559 1687 tamen

275 1749 520 1804 nancleri
563 1748 825 1803 ducentos
846 1747 1117 1816 octoginta
1142 1745 1345 1801 solidos
1376 1744 1427 1798 in
1454 1743 1708 1809 triticum,
1731 1748 1789 1796 et
1815 1741 1868 1795 in
1971 1732 2343 1789 moderatione
2372 1729 2687 1802 principalis
2714 1728 2900 1783 auxilii
2918 1725 3239 1781 benelieium
3265 1722 3563 1778 conceden-

277 1842 455 1898 naulis
477 1841 850 1912 septingentos
878 1812 1263 1911 quinquaginta
1293 1844 1420 1892 octo
1466 1833 1669 1890 solidos
1713 1846 1867 1888 acce-
1896 1849 1948 1908 CB
1973 1833 2075 1888 teS.
2102 1829 2160 1878 ul
2188 1838 2289 1878 nec
2317 1838 2413 1877 vos
2435 1820 2577 1891 quod
2606 1820 2672 1873 ad
2701 1816 2937 1889 pnefata:
2968 1815 3221 1883 Ecclesiae
3244 1812 3335 1883 jus
3360 1812 3445 1867 vel
3472 1826 3561 1866 re-

275 1938 424 2009 pisse
452 1936 825 2008 perhibentur,
859 1936 906 1989 si
943 1934 1084 2005 apud
1113 1949 1212 1989 vos
1252 1931 1377 1987 lacti
1406 1929 1607 1986 veritas
1658 1929 1871 1983 innote—
1905 1904 1938 1908 w
1973 1918 2189 1987 ligiosas
2209 1929 2470 1986 personas
2506 1920 2732 1969 caeteras
2767 1911 2973 1980 legibus
2999 1906 3276 1979 pertinere
3304 1904 3566 1962 constite-

277 2029 402 2093 scit,
528 2042 792 2082 summam
823 1998 1035 2081 ratione
1074 2024 1323 2086 collecta,
1375 2022 1443 2076 ab
1480 2021 1560 2076 eis
1587 2020 1735 2075 mille
1776 2020 1872 2077 tri-
1971 2013 2070 2075 rit,
2099 2008 2382 2066 inciviliter
2404 2013 2697 2063 attrectare
2730 2002 2970 2059 tentetis.
3014 1998 3352 2055 Tricennalis
3380 2002 3564 2051 autem

276 2121 432 2190 ginta
479 2128 605 2174 octo
642 2117 943 2172 solidorum
997 2115 1270 2185 quantitas
1322 2111 1614 2175 inferatur;
1665 2118 1726 2166 ut
1780 2110 1872 2180 qui
1974 2103 2210 2157 humano
2232 2098 2415 2169 generi
2437 2106 2665 2169 patrona
2686 2093 3017 2166 praescriptio
3042 2102 3091 2156 ε,
3117 2106 3184 2145 eo
3206 2104 3314 2159 quo
3334 2086 3565 2153 cunctis,

276 2211 574 2267 vindictam
613 2210 941 2273 remisimus,
976 2209 1172 2263 damna
1200 2206 1418 2261 minime
1472 2204 1785 2259 sentiamus.
1818 2202 1875 2257 In
1975 2193 2127 2248 vobis
2175 2193 2298 2261 jure
2371 2186 2718 2250 servabitur;
2781 2199 2881 2239 nec
2949 2178 3383 2237 (ιοῐινεηιίοηίιῖί³
3442 2176 3562 2246 (8d-

282 2318 393 2373 qua
416 2310 573 2372 parte
601 2302 673 2356 ita
702 2316 763 2357 se
807 2300 1107 2357 sublimitas
1133 2306 1313 2353 vestra
1356 2296 1641 2365 diligenter
1669 2296 1877 2365 impen—
1976 2284 2122 2347 Ασεον
2168 2277 2548 2347 commOdalia)
2589 2291 2686 2331 V05
2743 2271 3184 2373 ξηαῑίοηθδίξίῑθΐ
3228 2267 3568 2373 lineali?“

1971 1552 2265 1606 acerbitate
2310 1550 2662 1622 permisceat;
2706 1548 2800 1603 sed
2859 1555 2917 1602 ut
2955 1545 3232 1614 religionis
3254 1544 3438 1608 cultu,
3482 1543 3558 1598 ita

282 2395 401 2458 dat,
432 2401 494 2448 ut
519 2402 573 2449 et
596 2393 818 2465 justitia:
845 2402 902 2448 et
944 2391 1173 2463 publicis
1212 2388 1532 2445 utilitatibus
1556 2386 1878 2443 satisfecisse

283 2484 536 2540 videatur
562 2495 612 2540 ⁸.
822 2492 827 2497 ’

786 2594 1115 2652 EPISTOLA
1150 2592 1391 2649 XXXVI.

469 2704 760 2746 ετΛιιοευιο
790 2703 912 2743 YIRO
940 2703 1149 2742 SUBLIII
1181 2699 1549 2742 THEODORICUS
1575 2699 1702 2740 REX.

288 2782 455 2838 Illum
467 2783 531 2836 ob
553 2778 897 2834 membrorum
920 2776 1235 2831 debilitatem
1252 2776 1316 2829 ab
1345 2775 1672 2844 expeditione
1701 2772 1885 2827 bellica

358 2852 587 2914 eximit;
634 2861 683 2904 et
729 2849 980 2918 permittit
1016 2857 1072 2900 ut
1118 2847 1359 2917 deinceps
1396 2846 1555 2901 vitam
1594 2845 1884 2911 remissam,

363 2924 600 2995 privam
630 2930 801 2974 tamen
827 2919 1091 2984 donativo,
1111 2919 1310 2991 exigat.

356 3031 711 3089 Continuatis
739 3030 1013 3085 laboribus
1042 3028 1288 3082 attritum
1330 3041 1526 3097 corpus
1550 3025 1888 3081 debilitatem

297 3128 392 3182 tibi
418 3125 661 3181 causaris
691 3122 935 3177 attulisse
960 3120 1354 3183 membrorum;
1386 3126 1443 3174 ut
1464 3120 1555 3195 qui
1577 3128 1703 3173 ante
1725 3116 1885 3172 belli-

298 3236 377 3275 εις
405 3217 591 3272 fueras
635 3224 792 3286 aptus
829 3214 1146 3282 insignibus,
1177 3226 1321 3267 nunc
1346 3211 1431 3267 vel
1460 3212 1527 3266 ad
1554 3211 1782 3267 otiosam
1809 3209 1892 3264 vi-
1921 3230 1969 3294 ρ

298 3320 412 3364 tam
442 3311 533 3365 vix
562 3309 785 3363 idoneus
812 3307 1162 3378 approberis:
1194 3313 1455 3376 expetens
1498 3313 1553 3360 ut
1580 3305 1648 3360 ad
1669 3304 1892 3375 expedi-

300 3404 484 3458 tiones
526 3399 866 3455 felicissimas
896 3414 1004 3454 non
1032 3397 1244 3466 cogaris
1269 3434 1283 3460 ,
1335 3411 1365 3450 a
1392 3395 1588 3467 quibus
1611 3410 1718 3451 non
1740 3403 1893 3463 voto,

301 3494 401 3551 sed
424 3491 749 3548 necessitate
771 3489 1102 3545 subduceris.
1134 3489 1310 3557 Atque
1337 3487 1460 3542 ideo
1489 3485 1899 3557 allegationibus

303 3589 416 3642 tnis
444 3586 646 3640 diutius
672 3582 1002 3656 perquisitis,
1032 3590 1089 3637 et
1116 3580 1185 3637 ad
1207 3595 1387 3636 rerum
1433 3578 1591 3634 fidem
1631 3578 1895 3644 deductis,

306 3679 482 3732 otin'n
510 3676 608 3730 tibi
648 3690 754 3730 non
784 3672 1023 3741 ignobile
1050 3670 1168 3745 [Gn
1193 3681 1243 3725 et
1269 3668 1387 3741 Cuj.
1418 3668 1740 3741 ignorabile]
1762 3684 1900 3739 prte-

306 3770 453 3826 senti
473 3768 716 3837 iussione
738 3766 1034 3835 largimur:
1066 3763 1192 3833 quia
1222 3778 1329 3818 non
1356 3770 1442 3817 est
1471 3763 1693 3831 ignavias
1719 3762 1900 3832 culpa,
1932 3789 1938 3795 ~

309 3875 475 3929 quem
498 3864 726 3914 excusat
748 3856 1053 3912 miseranda
1073 3855 1372 3911 calamitas.
1397 3854 1504 3911 Sed
1529 3855 1668 3910 sicut
1694 3855 1791 3910 tibi
1816 3870 1904 3909 re-

308 3952 536 4008 missam
570 3950 735 4003 vitam
769 3947 1146 4015 concedimus,
1178 3946 1251 4001 ita
1281 3953 1334 4000 te
1362 3945 1619 4001 donativo
1648 3946 1904 4017 praesenti

312 4042 643 4097 auctoritate
661 4040 935 4111 privamus
965 4055 978 4091 :
1009 4038 1136 4107 quia
1162 4052 1270 4092 non
1299 4046 1385 4092 est
1406 4051 1622 4108 {equum
1651 4044 1709 4091 ut
1727 4077 1743 4102 ,
1779 4052 1903 4092 cum

311 4131 383 4189 de
422 4142 517 4187 tuo
548 4129 895 4200 ctgnoscaris
941 4128 1198 4197 idoneus,
1229 4143 1348 4184 rem
1377 4127 1735 4183 laborantium
1764 4127 1909 4183 acci-

313 4242 450 4297 pere
476 4224 679 4280 debeas
691 4222 915 4278 otiosus.
930 4220 1136 4277 Fruere
1165 4220 1328 4289 igitur
1346 4228 1537 4275 secura
1557 4220 1686 4285 vita,
1712 4219 1907 4276 adver-

304 4332 503 4373 sorum
530 4316 734 4370 insidiis
754 4323 940 4369 nostro
962 4312 1257 4369 munimine
1281 4311 1558 4368 liberatus.
1582 4310 1693 4367 Nec
1713 4311 1909 4382 aliquis

313 4411 417 4465 tibi
472 4407 759 4477 impntabit
804 4404 1097 4461 desertoris
1148 4404 1520 4474 opprobrium,
1568 4403 1787 4474 quando
1832 4403 1909 4459 illi

317 4517 461 4570 quos
504 4498 847 4568 contigerita
894 4497 1082 4551 militia
1114 4496 1286 4551 morbi
1312 4511 1473 4552 causa
1517 4494 1795 4565 suSpendi,
1844 4512 1911 4551 ex

1978 2373 2245 2427 sustinere
2290 2369 2602 2441 dispendia;
2647 2375 2709 2421 ut
2748 2365 2853 2420 hac
2893 2361 3110 2434 pietatis
3157 2366 3353 2415 nostra:
3380 2354 3569 2410 defen-

1961 2465 2132 2542 sione
2160 2462 2376 2526 muniti,
2406 2459 2593 2530 petitio
2624 2465 2804 2512 vestra
2853 2456 2920 2510 ab
2952 2451 3153 2509 illicitis
3198 2466 3257 2505 se
3286 2448 3569 2504 liberatam

1982 2554 2279 2623 gratuletur
2321 2548 2695 2607 incommodis.
2743 2545 3106 2602 Concedimus
3155 2540 3393 2613 quidem,
3462 2536 3574 2593 cle-

1984 2649 2198 2705 mentia:
2220 2653 2417 2701 nostr-.e
2440 2643 2855 2709 consuetudine,
2871 2656 2991 2712 qum
3013 2637 3267 2707 rogastis.
3297 2634 3404 2690 Sed
3424 2632 3572 2704 quid,

1984 2740 2184 2804 Iudaee,
2230 2737 2537 2809 supplicans
2567 2733 2921 2805 temporalem
2973 2730 3207 2802 quietem
3260 2726 3476 2798 quaeris,
3527 2724 3576 2781 si

1986 2841 2245 2889 teternam
2278 2829 2520 2900 requiem
2552 2826 2792 2882 invenire
2821 2840 2928 2880 non
2956 2821 3164 2893 possis?

2451 2936 2790 2996 EPISTOLA
2826 2932 3112 2991 XXXVIII.

2156 3046 2426 3090 UNIVEBSIS
2447 3043 2865 3096 ,ροεεεθεοιιωυε
2893 3036 3257 3080 τιωουοιιιευε
3284 3035 3410 3076 κει.

2029 3122 2184 3178 Iubet
2207 3130 2263 3177 ut
2290 3120 2501 3176 arbores
2526 3119 2749 3192 Signina
2775 3117 2917 3171 alveo
2945 3117 3272 3169 innascentes
3298 3108 3546 3164 radicitus

2548 3238 2551 3241 Α
2620 3196 2971 3260 amputentur.

2070 3282 2343 3340 Admonet
2389 3297 2489 3338 nos
2534 3280 2829 3336 formarum
2880 3292 3011 3334 cura
3057 3273 3347 3347 praecipua,
3378 3279 3439 3326 ut
3466 3284 3585 3340 quae

1996 3383 2226 3451 possunt
2242 3374 2404 3431 noxie
2424 3387 2694 3440 crescere,
2716 3370 3011 3425 debeamus
3035 3366 3266 3423 celerius
3285 3370 3583 3433 amputare;

1999 3476 2266 3540 quatenus
2295 3473 2351 3521 et
2377 3463 2621 3520 soliditas
2636 3460 3008 3533 aquaeductus,
3042 3459 3153 3513 Deo
3176 3455 3494 3518 auxiliante,
3517 3451 3588 3506 in-

2000 3567 2254 3631 corrupta
2279 3565 2547 3621 servetur,
2577 3562 2633 3610 et
2660 3554 2814 3609 vobis
2842 3553 2959 3607 leve
2982 3552 3053 3607 sit
3080 3564 3236 3621 opus,
3260 3546 3404 3617 quod
3428 3546 3480 3599 in
3507 3554 3587 3599 te-

1988 3652 2148 3707 neris
2187 3648 2470 3704 arboribus
2512 3645 2817 3701 adhibetur.
2850 3641 2984 3696 Nam
3010 3655 3130 3709 quae
3168 3652 3310 3693 nunc
3359 3634 3589 3703 virgulta

2002 3752 2146 3807 sunt,
2176 3746 2354 3805 erunt,
2384 3738 2429 3794 si
2453 3736 2808 3806 negligantur,
2840 3739 2895 3788 et
2917 3731 3136 3787 robora.
3169 3728 3274 3783 Ista
3306 3726 3449 3782 enim
3473 3739 3593 3793 quae

2003 3830 2166 3885 modo
2195 3828 2339 3884 facili
2380 3825 2660 3881 avulsione
2708 3821 3032 3881 dirimuntur
3056 3860 3071 3884 ,
3109 3825 3298 3888 postea
3320 3816 3409 3870 vix
3439 3829 3594 3869 secuo

2004 3924 2155 3979 ribus
2183 3923 2290 3978 icta
2326 3917 2698 3977 succumbunt.
2743 3915 2920 3985 Atque
2968 3912 3093 3968 ideo
3139 3911 3342 3966 sociata
3389 3904 3596 3961 debetis

2006 4015 2389 4089 properatione
2409 4010 2759 4075 contendere,
2780 4017 2839 4063 ut
2860 4006 3109 4079 praesenti
3136 4002 3409 4073 diligentia
3435 3998 3597 4054 futuri

2007 4109 2210 4165 laboris
2254 4105 2501 4163 evadatis
2550 4101 2911 4159 incommoda.
2961 4098 3087 4154 Haec
3128 4105 3213 4153 est
3254 4096 3397 4151 enim
3426 4090 3599 4148 civilis

2010 4201 2104 4278 [1).
2130 4199 2277 4254 Grut.
2311 4208 2359 4253 et
2384 4197 2501 4269 Cuj.
2520 4238 2536 4263 ,
2559 4194 2773 4260 curilis;
2796 4182 2991 4256 Juret.,
3011 4192 3164 4262 forte,
3190 4184 3422 4256 subtilis]
3444 4197 3598 4238 ever-

2010 4274 2113 4359 sio,
2136 4292 2253 4347 sine
2281 4287 2684 4360 oppugnatione
2712 4280 2989 4341 dissidium
3012 4321 3027 4345 ,
3069 4280 3229 4343 aries,
3257 4285 3318 4331 ut
3344 4278 3418 4330 ita
3445 4274 3603 4328 dixe-

2012 4386 2135 4450 rim,
2166 4383 2509 4438 fabricarum.
2541 4378 2885 4448 Quapropter
2905 4388 3123 4430 omnem
3144 4369 3333 4424 silvam
3360 4380 3479 4436 qua:
3506 4379 3603 4434 pa-

2014 4478 2240 4534 rietibus
2265 4475 2482 4529 inimica
2524 4470 2802 4539 consurgit
2825 4510 2841 4537 ,
2876 4467 2945 4523 de
2975 4465 3292 4519 Ravennate
3320 4458 3491 4514 forma
3517 4455 3607 4525 ju-

316 4552 600 4664 prioribus
652 4552 808 4645 factis
858 4587 1092 4644 habendi
1139 4595 1265 4643 sunt
1299 4587 1420 4656 jure
1469 4552 1892 4642 reverendi.’Net

2015 4568 2205 4625 bemus
2231 4566 2489 4621 radicitus
2529 4560 2830 4633 amputari;
2852 4566 2916 4614 ut
2951 4554 3157 4627 Signini
3190 4552 3330 4608 alvei
3355 4554 3607 4620 reparata

2300 4658 2312 4664 -
2438 4657 2451 4664 -
2650 4654 2699 4664 ..
2774 4652 2789 4664 .
2844 4652 2860 4664 .
3397 4641 3601 4664 ____,____

318 4684 467 4739 enim
497 4680 688 4750 dignus
717 4688 800 4733 est
822 4694 852 4733 a
880 4692 1153 4747 quoquam
1182 4677 1459 4746 redargui,
1491 4676 1585 4746 qui
1613 4685 1802 4733 nostro
1823 4677 1913 4748 ju-

318 4776 466 4831 dicio
497 4782 740 4830 meretur
767 4772 974 4826 absolvi
998 4770 1046 4824 δ.

789 4877 1123 4936 EPISTOLA
1159 4874 1423 4946 XXXVII;

483 4974 679 5032 manus
705 4986 1188 5029 ιευιοιλιηεκεωυε
1213 4984 1581 5025 THEODOBICUS
1618 4985 1745 5024 REI.

322 5067 607 5123 Conservat
638 5064 767 5137 jura
786 5078 964 5137 eorum
994 5060 1293 5137 S_ynagogte
1321 5060 1443 5112 olim
1470 5074 1735 5125 concessa,
1763 5056 1917 5115 dum-

596 5130 750 5189 modo
770 5132 975 5204 juribus
996 5130 1245 5185 Ecclesia:
1269 5145 1374 5184 non
1404 5136 1644 5183 noceant.

396 5225 657 5281 Libenter
684 5222 973 5278 annuimus
1000 5236 1118 5292 qua:
1154 5220 1273 5275 sine
1301 5219 1477 5287 legum
1510 5218 1704 5288 injuria
1734 5224 1922 5289 postu-

401 5389 427 5415 ι
460 5375 594 5432 Vide
621 5373 1005 5446 Symmachum
1024 5371 1117 5427 lib.
1144 5388 1197 5435 χ,
1229 5386 1316 5446 e_p_.
1351 5369 1437 5425 50.
1462 5369 1656 5446 Junsr.

405 5447 431 5486 δ
453 5447 556 5501 Fas
585 5440 997 5501 est'maculosas
1022 5452 1178 5497 notas
1210 5440 1409 5497 vitiata:
1436 5442 1693 5511 principis
1715 5440 1927 5511 opinio-

329 5519 418 5573 nis
447 5519 776 5586 abstergere.
826 5513 918 5569 Sic
947 5512 1085 5586 ιλ,
1110 5512 1180 5586 ἓΟ.
1209 5512 1279 5586 ad
1306 5511 1363 5586 S.
1395 5507 1457 5565 C'.
1490 5507 1807 5586 'I'ert'ullian.
1837 5511 1917 5586 ait

331 5589 575 5668 maculas
593 5581 809 5668 remitti.
823 5583 1370 5668 imperialibeneticio
1393 5620 1408 5644 ,
1439 5581 1918 5668 sed‘tamen‘prin-

331 5660 469 5727 cipis
518 5656 863 5727 indulgentia,
897 5650 1037 5727 quos
1066 5653 1294 5727 liberat,
1318 5660 1499 5727 notat.
1530 5652 1569 5727 _l_.
1597 5650 1804 5727 Δ2,-μ.
1846 5650 1918 5727 de

333 5720 709 5800 generuahol.
739 5741 754 5791 ;
781 5725 867 5782 cui
898 5720 1038 5779 addo
1085 5720 1287 5780 locum
1316 5722 1565 5780 Suetonii
1596 5722 1651 5778 in
1690 5720 1919 5779 Claudio

333 5795 452 5868 ἕλη).
468 5796 577 5868 718.
600 5795 786 5868 Bnoss.

412 5861 433 5906 ἓ
465 5867 525 5921 ln
555 5866 760 5935 legibus
786 5863 1207 5933 Wisigotharum
1247 5866 1341 5925 lib.
1393 5880 1429 5921 ι
1459 5904 1472 5932 ,
1508 5861 1589 5918 tit.
1621 5861 1658 5916 2
1686 5902 1700 5931 ,
1726 5876 1831 5919 tera
1862 5862 1918 5934 4,

2016 4658 2352 4718 constructio
2380 4657 2544 4712 talem
2577 4654 2732 4710 nobis
2759 4652 2992 4708 deducat
3040 4649 3340 4718 liquorem,
3391 4641 3605 4713 qualem
3702 4684 3727 4701 ,

2017 4756 2195 4828 potuit
2215 4770 2246 4810 a
2275 4753 2514 4809 fontibus
2540 4749 2817 4822 suscipere
2845 4747 3156 4817 puritatem.
3188 4739 3341 4795 Tunc
3370 4736 3474 4828 erit
3512 4747 3613 4785 ex-

2017 4821 2210 4902 hibitio
2232 4842 2429 4899 decora
2468 4821 2819 4905 thermarum,
2843 4828 2982 4892 tunc“
2998 4833 3218 4905 piscina:
3236 4826 3421 4883 vitreis
3444 4821 3611 4878 fonti-

2019 4940 2118 4997 bus
2142 4938 2512 5003 ﬂuctuabunt;
2559 4942 2691 4991 tunc
2716 4933 2820 4988 erit
2844 4946 2962 5001 qua:
2983 4929 3154 4984 diluat
3182 4939 3322 4995 aqua
3346 4963 3362 4987 ,
3394 4934 3499 4975 non
3527 4917 3612 4972 iu-

2019 5035 2238 5107 quinet;
2270 5040 2395 5108 post
2431 5046 2592 5101 quam
2632 5028 2805 5086 lavari
2838 5025 3097 5083 continuo
3132 5037 3240 5076 non
3262 5020 3332 5075 sit
3360 5028 3604 5072 necesse.

2022 5105 2250 5181 Additur
2272 5105 2441 5179 etiam
2470 5120 2614 5192 quod
2657 5120 2703 5174 si
2727 5117 2798 5173 ad
2837 5113 3133 5187 potandum
3155 5110 3298 5166 unda
3325 5105 3504 5163 suavis
3529 5105 3610 5158 in-

2021 5217 2254 5283 ﬂuxerit,
2302 5213 2483 5272 omnia
2536 5220 2725 5269 nostro
2765 5210 2930 5267 victui
2976 5205 3273 5263 redduntur
3322 5207 3543 5272 accepta
3591 5213 3606 5252 :

2024 5368 2281 5426 scribitur
2303 5364 2655 5422 tricennalem
2697 5358 3158 5434 praescriptionem
3187 5356 3266 5412 sic
3296 5359 3611 5434 constanter

2030 5438 2320 5495 inolevisse
2342 5438 2395 5491 in
2422 5436 2652 5505 negotiis
2673 5430 2966 5505 actionum,
2996 5438 3058 5505 ut
3082 5430 3193 5505 jam
3224 5442 3331 5482 non
3359 5430 3512 5494 quasi
3542 5436 3613 5477 ex

2025 5509 2379 5564 instructione
2424 5501 2657 5561 humana
2679 5544 2695 5569 ,
2725 5505 2816 5559 sed
2846 5502 3013 5557 veluti
3038 5516 3107 5555 ex
3132 5501 3243 5570 ipsa
3271 5510 3451 5570 rerum
3481 5508 3612 5570 pro-

2025 5561 2252 5635 cessisse
2281 5584 2470 5631 natura
2502 5561 2762 5632 videatur.
2789 5574 2859 5628 Et
2890 5573 3050 5644 paulo
3079 5561 3202 5642 post
3243 5561 3504 5644 additur;
3535 5561 3616 5617 Ne

2025 5656 2215 5705 contra
2242 5648 2387 5703 hunc
2416 5661 2698 5701 numerum
2729 5646 2782 5700 in
2820 5638 2929 5713 quo
2955 5638 3156 5697 veritas
3189 5638 3441 5713 perfecta!
3463 5648 3616 5691 como

2026 5721 2207 5791 pletur
2232 5719 2413 5791 aetatis
2430 5760 2450 5791 ,
2477 5724 2720 5791 attentet_
2735 5710 3066 5791 commoveri
3081 5710 3215 5791 χοί
3242 5710 3624 5791 cujuscunque

2026 5779 2489 5917 pstitligsgd’ide
2514 5803 2676 5860 supra
2709 5787 2801 5843 lib.
2850 5802 2929 5858 ιιι,
2962 5802 3049 5857 ep.
3081 5783 3143 5839 '51
3173 5822 3189 5849 ,
3222 5791 3279 5838 ct
3307 5779 3401 5836 Lib.
3431 5793 3448 5834 l
3475 5816 3490 5843 .
3525 5786 3627 5841 υν-

2106 5903 2119 5919 .
2152 5874 2343 5918 JURE’I‘.
