3988 6178
379 390 472 446 671

1612 386 1683 441 Μ.
1716 380 1990 440 AURELII
2028 382 2423 440 CASSIODORI

3550 388 3648 444 672

380 500 595 571 quando
615 501 864 556 humanae
882 498 1008 555 vitae
1030 497 1208 554 nullus
1229 498 1380 554 cibus
1399 508 1585 568 gratus
1606 498 1858 565 eflicitur,
1875 497 1966 552 ubi
1995 499 2049 559 Λ
2070 497 2286 555 fraudes
2308 507 2568 555 noscatur
2584 515 2704 556 esse
2716 501 3442 573 corruptumYConductores
3461 501 3649 560 domus

381 608 639 661 aquarum
691 591 923 645 dulcium
987 589 1343 662 perspicuitas
1390 605 1499 643 non
1562 589 1807 644 habetur.
1859 589 1971 659 92

381 685 513 739 Nam
540 686 585 738 si
615 684 779 737 lavari
810 684 1059 753 cupimus
1089 681 1386 752 purissimis
1418 680 1745 750 liquoribus,
1767 689 1970 748 quanto

383 778 551 844 magis
575 777 760 831 satiari
804 777 997 830 talibus
1026 774 1378 829 festinamus‘t
1400 772 1528 839 Quae
1552 772 1597 826 si
1628 787 1772 826 nunc
1796 771 1972 825 futura

382 873 681 920 tractentur
699 908 714 930 ,
741 867 870 920 nulli
901 867 1055 921 labor
1085 865 1213 920 facit
1240 864 1476 932 taalium,
1499 863 1592 933 qui
1612 864 1843 918 sumitur
1872 877 1972 933 pro

385 958 745 1012 delecta.ione
768 968 1108 1013 cunctorum.

890 1091 1225 1148 EPISTULA
1266 1089 1510 1145 XXXIX.

600 1202 831 1241 AMPELIO
860 1202 929 1239 ΕΤ
962 1200 1190 1239 ιινειυιε
1237 1196 1604 1237 τηεουοιιιουε
1633 1197 1757 1235 REX.

388 1300 554 1355 Mittit
615 1317 702 1355 eos
744 1302 798 1353 in
845 1297 1178 1367 Hispaniam,
1230 1304 1285 1348 ut
1330 1297 1619 1364 reprimant
1676 1293 1980 1367 auctoritate

457 1373 625 1442 legum
648 1382 754 1424 tum
771 1365 1076 1444 homicidas,
1095 1378 1201 1444 tum
1219 1368 1482 1436 erigentes
1504 1380 1672 1419 assem
1693 1365 1975 1444 publicum,

459 1438 542 1516 qui
573 1460 663 1511 per
696 1441 1001 1516 gravantiua
1038 1438 1323 1516 ponderum
1353 1438 1978 1516 possessorum‘patrimo-

460 1505 550 1566 nia
573 1505 908 1581 premebant;
943 1505 1047 1562 turn
1089 1509 1305 1579 denique
1333 1505 1507 1561 Omnes
1538 1507 1592 1559 in
1616 1505 1769 1559 malis
1799 1513 1848 1557 et
1878 1505 1985 1575 {ur-

461 1584 575 1637 tivis
607 1583 806 1635 actibus
834 1590 1080 1634 rersatos.

461 1697 630 1751 Decet
669 1695 975 1764 provincias
1020 1706 1189 1760 regno
1236 1698 1458 1754 nostro,
1506 1690 1622 1746 Deo
1666 1688 1981 1753 auxiliante,

393 1790 685 1859 subjectas,
735 1787 943 1855 legibus
983 1794 1035 1840 et
1077 1786 1233 1841 bonis
1262 1784 1501 1839 moribus
1552 1782 1828 1837 ordinari:
1860 1780 1987 1850 quia

2071 592 2250 660 regiae,
2274 606 2591 662 quacunque
2631 602 2791 662 gente
2828 595 2933 650 sint
2959 594 3108 659 editi,
3135 595 3201 648 ad
3226 594 3487 663 liquidum
3512 595 3650 650 veri-

2072 689 2184 736 tate
2203 681 2478 747 discussa,
2503 690 2710 741 tantum
2741 683 3081 740 decernimus
3115 685 3325 741 solvere
3350 724 3365 748 ,
3394 695 3651 756 quantum

2073 786 2259 832 nostra
2306 779 2500 848 praedia
2538 780 2840 837 constiterit
2868 782 3158 851 pensitare.
3204 780 3269 837 Et
3300 797 3367 837 ne
3406 784 3654 851 cuiquam

2073 868 2227 923 labor
2250 884 2378 924 suus
2404 869 2646 925 videatur
2662 872 2920 940 ingratus,
2940 872 3135 928 salaria
3160 872 3258 937 eis,
3279 888 3379 943 pro
3398 874 3658 942 qualitate

2074 955 2266 1011 locata:
2316 958 2412 1024 rei,
2464 967 2642 1014 vestra
2671 960 2919 1016 volumus
2970 962 3220 1030 azquitate
3240 964 3514 1018 constitui.
3539 963 3659 1017 Non

2077 1048 2219 1101 enim
2244 1056 2447 1115 nostra,
2480 1050 2574 1104 sed
2601 1050 2815 1105 illorum
2837 1066 2963 1106 rura
2990 1052 3093 1126 [ed.
3122 1055 3196 1106 Ac
3224 1092 3240 1118 ,
3260 1050 3403 1125 jura]
3430 1054 3663 1109 dicenda

2077 1148 2222 1205 sunt,
2265 1140 2309 1195 si
2349 1156 2447 1211 pro
2490 1141 2766 1223 voluntate
2806 1143 3157 1201 conducentis
3200 1145 3393 1200 modus
3443 1145 3666 1201 eveniat

2081 1229 2375 1300 pensionis.
2405 1230 2907 1288 Trausmarinorum
2931 1235 3094 1303 igitur
3116 1250 3375 1291 canonem
3392 1277 3406 1302 ,
3432 1237 3524 1291 ubi
3551 1252 3666 1292 non

2082 1337 2247 1391 parva
2286 1322 2428 1377 fraus
2458 1323 2572 1378 fleri
2609 1324 2928 1381 utilitatibus
2968 1316 3196 1395 publicis
3222 1326 3499 1383 intimatur
3519 1369 3535 1394 ,
3566 1345 3670 1385 vos

2083 1420 2288 1467 attente
2303 1413 2555 1482 jubemus
2578 1415 2882 1484 exquirere,
2913 1425 3075 1487 atque
3100 1425 3355 1472 statutum
3378 1435 3671 1476 numerum

2085 1518 2185 1573 pro
2223 1502 2425 1573 jurium
2462 1504 2720 1573 qualitate
2763 1503 3030 1561 delinire:
3074 1508 3200 1577 quia
3234 1517 3420 1564 contra
3448 1508 3674 1565 fraudes

2087 1598 2219 1653 utile
2243 1599 2538 1655 remedium
2567 1609 2651 1655 est
2682 1616 2841 1656 nosse
2860 1602 3004 1672 quod
3026 1603 3305 1658 inferatur.
3335 1603 3677 1661 Monetarios

2088 1701 2268 1748 autem
2293 1735 2310 1761 ,
2337 1708 2476 1762 quos
2515 1694 2821 1763 specialiter
2870 1696 2925 1749 in
2972 1712 3128 1752 usum
3160 1697 3428 1764 publicum
3457 1705 3681 1752 constat

2091 1784 2357 1847 inventos,
2383 1784 2436 1838 in
2460 1784 2790 1855 privatorqu
2812 1786 3094 1841 didicimus
3111 1787 3386 1842 transiisse
3405 1803 3679 1857 compen-

394 1882 485 1936 illa
517 1880 623 1933 vita
657 1894 782 1933 vere
808 1876 1086 1933 hominum
1106 1883 1213 1944 cst,
1237 1890 1357 1944 qua:
1375 1873 1511 1943 juris
1532 1871 1721 1927 ordine
1740 1870 1984 1926 contine-
2015 1877 2060 1938 Β
2087 1876 2253 1932 dium.
2284 1876 2400 1944 Qua
2428 1879 2846 1949 praesumptione
2887 1879 3097 1935 sublata
3122 1920 3138 1944 ,
3162 1896 3262 1952 pro
3282 1879 3474 1934 virium
3498 1881 3683 1948 quali-

397 1984 500 2028 tur.
526 1971 657 2026 Nam
685 1971 985 2025 belluarum
1030 1969 1165 2023 ritus
1208 1975 1291 2021 est
1327 1966 1425 2022 sub
1459 1980 1586 2021 casu
1612 1963 1797 2018 vivere
1825 1978 1839 2015 :
1868 1975 1986 2031 quae

397 2065 524 2120 dum
547 2062 789 2133 rapiendi
812 2062 1017 2116 ambitu
1055 2059 1303 2114 feruntur
1322 2100 1336 2122 ,
1365 2055 1658 2127 improvisa
1682 2053 1988 2110 temeritate

398 2156 774 2210 succumbunt.
820 2153 1019 2222 Agrum
1045 2166 1201 2208 suum
1227 2150 1460 2219 denique
1495 2163 1526 2202 a
1552 2146 1793 2202 dumosis
1821 2144 1990 2200 senti-

398 2245 499 2301 bus
522 2246 714 2300 doctus
741 2253 932 2316 purgat
958 2243 1193 2312 agricola
1228 2260 1240 2295 :
1273 2241 1400 2312 quia
1429 2240 1546 2295 laus
1566 2237 1866 2294 excolentis
1887 2243 1988 2300 est,

400 2337 447 2392 si
465 2345 676 2406 agreste
709 2337 883 2391 solum
922 2334 1244 2391 dulcissimis
1265 2332 1526 2389 fructibus
1548 2336 1870 2385 ammnetur.
1901 2325 1992 2382 Sic

401 2429 555 2499 quies
605 2428 920 2482 suavissima
949 2425 1163 2495 populi,
1193 2433 1249 2479 et
1285 2422 1576 2492 tranquilla
1600 2419 1882 2495 dispositio
1906 2432 1993 2472 re-

401 2521 654 2587 gionum,
684 2517 1012 2586 praeconium
1040 2515 1299 2585 probatur
1321 2529 1442 2568 esse
1469 2512 1831 2581 regnantium.
1860 2507 1994 2562 Mul-

404 2621 583 2667 torum
614 2613 795 2680 itaque
814 2609 1033 2679 querela
1059 2608 1443 2677 comperimus,
1476 2605 1530 2660 in
1571 2604 1845 2675 provincia
1876 2600 1996 2657 His-

405 2702 600 2773 panim,
640 2700 791 2771 quod
842 2714 1111 2754 summum
1153 2698 1294 2753 inter
1340 2695 1596 2751 mortales
1638 2694 1842 2749 crimen
1890 2698 1994 2757 est,

407 2794 548 2847 vitas
591 2790 865 2846 hominum
896 2805 1030 2858 vaga
1056 2776 1471 2860 prmsumptione
1518 2785 1799 2856 populari,
1829 2792 1885 2838 et
1912 2783 1995 2839 le-

406 2882 554 2936 vium
597 2882 885 2936 occasione
911 2895 1191 2935 causarum
1234 2879 1419 2934 subire
1453 2878 1653 2932 multos
1697 2876 1993 2930 interitum.

407 2972 499 3029 Sic
524 2974 661 3027 mala
686 2988 817 3043 pace
838 2972 993 3042 quasi
1019 2973 1144 3026 ludo
1173 2979 1453 3036 corruunt,
1477 2970 1664 3040 quanti
1685 2970 1772 3023 vix
1792 2969 2000 3038 potuis—
2032 2996 2053 3003 ~

409 3072 533 3121 sent
572 3063 767 3119 cadere
800 3064 899 3118 sub
936 3063 1265 3119 necessitate
1310 3062 1598 3117 bellorum.
1662 3060 1866 3116 Dehinc
1892 3075 2001 3115 non

410 3157 751 3228 polyptychis
790 3156 1016 3226 publicis
1035 3197 1049 3221 ,
1073 3162 1133 3210 ut
1161 3154 1326 3211 moris
1347 3162 1449 3219 est,
1469 3152 1563 3209 sed
1597 3154 1821 3208 arbitrio
1847 3168 1999 3208 com-

2090 1976 2200 2023 tate
2226 1967 2588 2043 functionibus
2613 1970 2839 2039 publicis
2870 1970 3232 2041 applicentur.
3263 1969 3487 2027 Tolonei
3514 1971 3684 2041 quin-

2090 2058 2250 2113 etiam
2292 2074 2555 2113 canonem
2601 2059 2744 2114 nulla
2783 2059 2990 2115 faciatis
3011 2061 3361 2131 usurpatione
3390 2062 3683 2128 confundi;

2091 2151 2184 2205 sed
2206 2151 2424 2206 modum
2452 2153 2611 2207 rebus
2632 2153 2917 2207 utillimum
2942 2195 2957 2220 ,
2988 2170 3147 2224 quem
3178 2163 3434 2224 praestare
3456 2136 3682 2218 debeat,

2092 2241 2449 2310 imponeutes.
2470 2244 2883 2298 commereiandi
2898 2243 3168 2299 licentiam
3191 2245 3435 2314 mquahili
3460 2246 3687 2301 ratione

2092 2343 2365 2401 revocate,
2386 2350 2453 2388 ne
2477 2348 2537 2388 se
2565 2334 2752 2390 tendat
2779 2335 2832 2388 in
2860 2348 3051 2402 vagum
3074 2335 3354 2390 ambitiosa
3382 2334 3690 2391 enormitas

2093 2425 2441 2494 exigentium.
2490 2424 2657 2480 Actus
2690 2434 2950 2495 prmtcrea
2976 2427 3134 2490 Laeti,
3161 2425 3313 2495 cujus
3350 2427 3690 2487 conscientia

2091 2530 2303 2569 summa
2329 2514 2572 2584 pulsatur
2593 2515 2814 2577 invidia,
2831 2517 2931 2572 sub
2951 2525 3210 2572 consueta
3229 2516 3381 2571 nobis
3396 2532 3692 2572 censerms

2094 2608 2349 2676 mquitate
2370 2607 2634 2677 perquiri;
2667 2616 2725 2661 ut
2754 2623 2855 2664 nec
2880 2607 3024 2663 fraus
3054 2609 3242 2664 astulis
3263 2607 3692 2664 machinationi-

2095 2698 2197 2753 bus
2238 2698 2535 2762 oceulatur,
2566 2713 2667 2753 nec
2692 2698 3002 2754 innocentia
3046 2697 3195 2754 falsis
3217 2698 3694 2754 criminationibus

2097 2789 2422 2859 ingravetur.
2455 2786 2814 2859 Quoscunque
2843 2804 2971 2843 vero
3014 2788 3067 2843 in
3117 2787 3326 2844 furtivis
3379 2787 3694 2843 actionibus

2097 2881 2347 2951 reperitis
2390 2881 2555 2937 fuisse
2579 2890 2851 2946 versatos,
2880 2896 2979 2951 pro
3022 2880 3358 2936 fortunarum
3379 2881 3694 2951 quantitate

2098 2990 2424 3045 suppressa,
2478 2974 2709 3030 reddant
2746 2983 2926 3030 vestra
2971 2974 3326 3029 aestimatione
3376 2974 3692 3042 pecuniam.

2101 3065 2255 3134 Quod
2300 3068 2345 3120 si
2383 3068 2497 3121 hazc
2539 3082 2636 3137 per
2661 3066 2798 3122 alios
2826 3066 3067 3136 dispersa
3108 3080 3230 3122 esse
3278 3064 3615 3129 constiterit,
3644 3070 3703 3118 et

2102 3158 2179 3212 illi
2205 3159 2551 3213 nihilominus
2577 3167 2867 3213 teneantur
2886 3157 3138 3219 obnoxii,
3162 3157 3254 3225 qui
3280 3156 3513 3211 scientes
3538 3155 3698 3224 passi

412 3249 687 3319 pulsorum
729 3256 1090 3322 suggeruntur
1128 3246 1536 3316 provincialium
1575 3246 1856 3316 subjacere
1891 3245 2003 3301 for—
2030 3248 2075 3310 C
2104 3258 2230 3304 sunt
2252 3251 2304 3304 in
2329 3249 2417 3303 tali
2441 3249 2659 3305 actione
2691 3249 2929 3304 misceri.
2961 3247 3262 3319 Complices
3285 3248 3426 3302 enim
3463 3247 3699 3301 exstite-

414 3350 577 3396 tuute.
609 3340 959 3410 Quod‘geuus
978 3340 1242 3395 evidentis
1271 3350 1354 3395 est
1370 3339 1584 3410 praedic,
1614 3357 1711 3410 pro
1733 3340 1878 3394 illius
1904 3356 1999 3394 vo-

414 3433 619 3487 luntate
658 3433 788 3487 dare
828 3433 920 3502 qui
946 3432 1013 3486 ad
1039 3448 1192 3487 suum
1225 3434 1563 3488 commodum
1597 3433 1827 3502 amplius
1855 3429 2004 3487 festi-

416 3532 511 3578 nat
533 3524 769 3604 exigere.
793 3523 892 3579 Cui
919 3524 997 3579 rei
1023 3539 1122 3578 nos
1137 3524 1303 3592 regali
1324 3523 1662 3594 providentia
1687 3532 2003 3578 succurrere

417 3616 715 3685 cupientes,
763 3615 1149 3670 sublimitatem
1174 3624 1408 3669 vestram
1436 3630 1529 3683 per
1553 3616 1857 3669 universam
1885 3613 2005 3668 His-

417 3705 631 3775 paniam
656 3705 777 3759 loco
796 3705 1030 3758 muneris
1052 3701 1381 3758 credidimus
1397 3702 1802 3769 destinandam;
1830 3711 1887 3755 ut
1907 3701 2005 3756 sub

419 3795 774 3849 ordinationis
813 3802 1006 3848 vestrm
1035 3794 1274 3849 novitate
1298 3834 1313 3859 ,
1347 3792 1660 3849 inveterata:
1686 3794 1853 3861 possit
1876 3808 2007 3849 con-

419 3887 689 3942 suetudini
718 3886 789 3940 nil
823 3885 1007 3941 licere.
1039 3884 1233 3940 Verum
1260 3894 1320 3939 ut
1349 3901 1501 3940 more
1536 3886 1867 3941 medicormn
1907 3902 2008 3941 sa:-

421 3978 660 4032 vioribus
685 3978 887 4031 morbis
910 3976 1211 4032 accelerata
1252 3977 1489 4031 remedia
1521 3977 1851 4043 tribuamus,
1883 3978 2009 4032 inde

422 4068 715 4122 curationis
741 4075 938 4121 nostra:
960 4068 1273 4122 liatinitium
1290 4110 1306 4135 ,
1323 4068 1411 4123 ubi
1439 4064 1607 4135 magis
1631 4069 1869 4122 noscitur
1890 4084 2010 4125 esse

423 4164 738 4234 periculum.
773 4162 1055 4219 Homicidii
1096 4164 1273 4219 scelus
1297 4164 1473 4234 legum
1498 4163 1752 4233 jubemus
1775 4164 2011 4219 auctori-

425 4265 535 4311 tate
572 4256 833 4323 resecari;
864 4256 957 4312 sed
1004 4265 1263 4325 quantum
1293 4256 1666 4311 vehementior
1691 4272 1850 4326 pinna
1892 4265 2006 4323 est,

427 4356 578 4401 tanto
605 4346 721 4416 ejus
742 4348 820 4403 rei
842 4347 1003 4404 debet
1032 4348 1306 4417 inquisitio
1334 4348 1452 4418 plus
1478 4348 1698 4405 haberi:
1729 4364 1796 4402 ne
1827 4362 2011 4402 amore

425 4440 673 4494 vindictm
701 4440 1017 4496 innocentes
1066 4441 1351 4496 videantur
1397 4441 1520 4497 vita:
1564 4441 1802 4511 pericula
1851 4441 2013 4496 susti-

426 4545 576 4584 nere.
602 4528 834 4584 Percant
853 4532 1034 4601 itaque
1054 4530 1153 4587 soli
1174 4541 1432 4587 nocentes
1447 4533 1501 4586 in
1527 4532 1866 4589 correctione
1887 4531 2012 4587 mul-

2103 3352 2230 3398 runt
2267 3344 2506 3399 criminis
2531 3385 2545 3406 ,
2595 3344 2688 3413 qui
2729 3358 2836 3398 non
2879 3342 3198 3398 detexerunt
3243 3340 3383 3396 facta
3430 3341 3700 3408 raptoris.

2105 3433 2520 3491 Prtebendarum
2547 3445 2572 3474 ι
2597 3444 2754 3490 tenor
2781 3436 3063 3504 ascriptus,
3086 3448 3245 3503 quem
3267 3440 3450 3487 nostra
3464 3432 3703 3486 diversis

2104 3529 2329 3598 largitur
2355 3530 2663 3584 humanitas
2685 3569 2700 3594 ,
2732 3527 3148 3598 provincialibus
3171 3525 3474 3594 suggeritur
3494 3524 3703 3578 intole-

2105 3621 2290 3674 rabilis
2316 3635 2475 3674 causa
2519 3635 2638 3675 esse
2652 3619 2986 3695 ,damnorum
3010 3656 3024 3680 ,
3055 3615 3270 3685 quando
3298 3623 3353 3670 et
3391 3615 3443 3668 in
3482 3615 3704 3684 species

2106 3712 2368 3781 exigitur,
2396 3721 2450 3767 et
2472 3713 2812 3783 impudenter
2838 3709 2957 3780 ejus
2985 3709 3213 3778 pretium
3241 3706 3569 3777 postulatur.
3604 3706 3705 3761 De-

2108 3805 2370 3879 testabilis
2397 3804 2699 3875 cupiditatis
2729 3803 2825 3856 ista
2856 3810 2980 3857 sunt
3004 3800 3323 3855 documenta
3342 3840 3357 3865 ,
3380 3806 3706 3866 competen-

2110 3895 2179 3950 tia
2202 3897 2302 3950 sibi
2340 3896 2639 3951 distrahere
2664 3939 2678 3962 ,
2704 3906 2762 3952 et
2784 3894 2849 3948 ad
2875 3892 3122 3961 exigendi
3152 3889 3547 3960 impudentiam
3576 3907 3705 3945 mox

2108 3985 2305 4041 redire.
2335 3986 2489 4053 Quod
2528 3987 2685 4041 nimis
2713 3985 3035 4057 improbum,
3088 3982 3246 4035 nimis
3269 3980 3482 4035 videtur
3505 3981 3707 4035 absur-

2110 4080 2265 4147 dum;
2294 4093 2345 4134 ut
2367 4088 2423 4134 et
2437 4087 2617 4135 nostra
2640 4081 2930 4135 constituta
2944 4080 3366 4146 prietereant,.et
3384 4072 3707 4127 tributario-

2111 4189 2227 4227 rum
2247 4213 2262 4237 ,
2307 4172 2398 4243 qui
2429 4171 2644 4226 fovendi
2674 4182 2798 4226 sunt
2821 4211 2836 4237 ,
2861 4172 3143 4227 vidcantur
3165 4170 3419 4226 amixisse
3449 4169 3708 4226 substan-

2111 4263 2261 4317 tiam.
2287 4261 2406 4318 Sint
2447 4262 2610 4331 igitur
2633 4262 2852 4333 prmlixo
2875 4260 3035 4317 modo
3055 4261 3289 4317 contenti
3312 4303 3328 4328 ,
3351 4261 3467 4315 sive
3499 4260 3707 4315 ibidem

2111 4351 2296 4421 positi,
2326 4351 2438 4405 sive
2464 4351 2589 4405 hinc
2614 4350 2963 4405 nihilominus
2986 4348 3240 4405 destinati
3271 4366 3285 4403 :
3311 4348 3553 4403 habeant
3574 4348 3709 4403 libe-

2112 4458 2231 4497 rum
2260 4442 2538 4497 arbitrium
2565 4478 2580 4504 ,
2612 4455 2775 4495 unum
2806 4446 3014 4520 tantum
3062 4439 3129 4494 de
3169 4439 3378 4494 duobus
3420 4446 3706 4508 expetere,

2113 4532 2405 4588 dummodo
2444 4532 2715 4601 geminata
2757 4531 3044 4586 exactione
3088 4529 3329 4584 fortunas
3357 4527 3569 4582 alienas
3600 4541 3709 4581 non

426 4627 628 4684 torum,
659 4623 873 4689 quando
895 4630 950 4675 et
974 4622 1078 4676 hoc
1098 4620 1318 4692 pietatis
1345 4637 1514 4690 genus
1535 4631 1636 4687 est,
1666 4637 1919 4678 coercere
1940 4626 2011 4678 in-
2041 4625 2089 4685 D
2115 4621 2346 4677 debeant
2366 4623 2667 4690 ingravare.
2699 4620 3027 4675 Exactorum
3057 4634 3272 4688 quoque
3294 4616 3507 4673 licentia
3534 4615 3710 4672 fertur

428 4712 649 4767 fantiam
670 4711 927 4780 criminis,
960 4713 1353 4782 nejuvenescat
1380 4714 1698 4783 augmentis.
1723 4714 2011 4783 Exigentes

428 4818 559 4858 vero
599 4819 773 4858 assem
814 4804 1083 4878 publicum
1109 4820 1205 4874 per
1235 4805 1543 4874 gravamina
1564 4805 1859 4875 ponderum
1889 4821 2012 4876 pre-

428 4912 576 4952 mere
602 4896 850 4951 dicuutur
874 4898 1194 4967 patrimonia
1219 4914 1591 4968 possessorum
1618 4916 1632 4965 ;
1666 4907 1723 4954 ut
1761 4916 1868 4955 non
1901 4909 2009 4955 tam

429 4989 641 5044 exactio
683 5004 843 5059 quam
891 4989 1068 5059 praeda
1115 5003 1234 5044 esse
1276 4990 1542 5045 videatur.
1588 4990 1696 5046 Sed
1747 5000 1807 5046 ut
1846 4993 2011 5049 totius

429 5081 629 5135 fraudis
652 5082 941 5151 abrogetur
962 5081 1197 5146 occasio,
1228 5081 1297 5136 ad
1326 5082 1516 5137 libram
1545 5084 1776 5139 cubiculi
1818 5084 2011 5150 nostri,

427 5190 553 5242 qua:
579 5177 731 5230 vobis
761 5176 811 5229 in
840 5176 1092 5244 praesenti
1122 5175 1246 5229 data
1275 5184 1375 5241 est,
1410 5176 1686 5231 universas
1711 5176 2016 5233 functiones

429 5263 923 5335 pulﬁicasjubemus
940 5264 1286 5332 inferri.Quid
1300 5266 1439 5321 enim
1455 5275 1562 5321 tam
1577 5267 1839 5325 nefarium
1853 5284 2015 5337 quam

430 5357 1081 5427 prmsumptoribusliceat
1108 5357 1163 5410 in
1196 5358 1309 5426 ipsa
1334 5357 1495 5412 etiam
1520 5358 1733 5412 trutinze
1757 5359 2017 5427 qualitate

429 5462 688 5528 peccare;
717 5455 776 5503 ut
801 5448 942 5517 quod
960 5457 1043 5504 est
1065 5446 1287 5517 justitite
1312 5450 1529 5519 proprie
1554 5450 1735 5503 datum
1756 5492 1770 5516 ,
1795 5451 1897 5504 hoc
1921 5464 2018 5519 per

503 5618 528 5644 ιι
566 5604 987 5676 Prrpbendarum,
1012 5606 1082 5660 al.
1104 5606 1519 5676 praebendorum.
1548 5606 1605 5659 L.
1633 5605 1720 5669 i9,
1745 5605 1923 5673 inviti,
1947 5605 2015 5659 de

430 5673 816 5746 testib._Plaut.
847 5676 901 5729 in
932 5673 1114 5740 Persa,
1148 5677 1434 5746 praebenda
1463 5676 2011 5731 mdilesJocaverunt.

434 5746 553 5800 Aul.
598 5744 737 5818 Gell.
771 5746 880 5818 93
935 5747 1028 5801 l-ib.
1073 5744 1165 5818 xv,
1217 5761 1360 5818 cap._
1389 5746 1459 5811 4;
1511 5746 1825 5818 Symmach.
1857 5746 1949 5800 lib.
1976 5761 2014 5810 ι,

432 5818 591 5885 epist.
627 5811 719 5878 i9,
751 5811 1243 5887 ead—tamqueiorma
1277 5811 1729 5887 tribuenda’dixit
1750 5856 1764 5883 ,
1801 5826 1857 5870 ut
1881 5831 2019 5887 pra):

434 5884 608 5943 benda
637 5900 757 5957 qua:
784 5898 938 5941 more
962 5885 1123 5942 solito
1149 5886 1543 5953 tribuebantur,
1570 5885 1662 5942 lib.
1713 5902 1764 5953 ι,
1798 5884 1957 5956 epist.
1988 5884 2020 5940 6

2118 4715 2348 4785 amplius
2397 4730 2428 4768 a
2466 4714 2886 4784 provincialibus
2930 4711 3261 4781 extorqueri,
3302 4724 3469 4779 quam
3518 4722 3710 4765 nos-tre

2116 4807 2365 4865 cubiculo
2391 4815 2601 4863 constat
2625 4805 2829 4862 inferri.
2857 4804 3009 4872 Quod
3039 4802 3279 4871 diligenti
3303 4801 3711 4856 examinatione

2116 4900 2441 4969 discussum,
2471 4899 2540 4954 ad
2577 4899 2719 4954 hunc
2760 4914 2855 4952 vos
2882 4897 3097 4951 modum
3136 4894 3444 4948 functiones
3464 4892 3710 4962 publicas

2117 5008 2376 5048 revocare
2419 4992 2798 5057 decernimus,
2851 5004 3010 5059 quem
3065 4985 3260 5041 Alarici
3310 4993 3475 5053 atque
3526 4980 3709 5037 Eurici

2121 5087 2452 5157 temporibus
2496 5094 2712 5141 constat
2750 5083 2947 5139 illatas.
2979 5078 3439 5136 Paraveredorum
3466 5075 3492 5114 δ
3522 5076 3711 5143 itaque

2118 5179 2494 5234 subvectiones
2516 5178 2730 5246 exigere
2756 5190 2852 5231 eos
2867 5215 2880 5238 ,
2912 5173 3001 5242 qui
3024 5172 3225 5227 habent
3247 5167 3477 5224 veredos
3498 5166 3709 5232 ascrip-

2122 5280 2226 5335 tos,
2250 5269 2659 5339 provincialium
2682 5266 2903 5336 querela
2921 5263 3298 5334 comperimus,
3326 5258 3472 5329 quod
3499 5255 3705 5310 nullum

2119 5362 2335 5431 penitus
2359 5361 2547 5415 sinatis
2594 5373 2919 5429 praesumere
2941 5397 2956 5422 ,
2986 5354 3203 5424 quando
3244 5366 3342 5422 per
3367 5346 3708 5416 turpissimos

2122 5459 2357 5519 qumstus
2384 5460 2439 5504 et
2480 5462 2761 5519 possessor
2789 5446 3069 5513 atteritur,
3100 5452 3156 5499 et
3185 5437 3603 5497 commeantium
3625 5447 3708 5488 ee-

2121 5613 2174 5660 et
2194 5604 2711 5730 3813a§33¢fredorum
2737 5671 2979 5728 meminit
3002 5677 3056 5725 et
3086 5666 3178 5724 inf.
3209 5667 3300 5722 lib.
3336 5683 3409 5731 x1,
3426 5665 3581 5734 epist.
3613 5660 3702 5725 η,

2122 5754 2179 5801 et
2207 5746 2241 5800 l.
2275 5745 2325 5812 2,
2357 5747 2395 5799 Ι.
2429 5743 2534 5809 22,
2565 5745 2627 5799 C.
2658 5744 2724 5799 de
2747 5759 2888 5800 curs.
2920 5741 3068 5814 pubi.
3098 5757 3114 5807 ;
3146 5739 3181 5793 l.
3204 5738 3269 5805 2,
3292 5736 3353 5793 C.
3380 5739 3447 5793 de
3474 5749 3684 5807 prrepos

2123 5833 2264 5875 sacr.
2306 5817 2428 5873 cub.
2456 5815 2621 5870 Fons.
