3988 6178
247 149 357 206 675

1573 168 1935 227 VARIAKUM
1976 172 2179 231 LIBER
2221 178 2283 235 γ.

3440 197 3541 255 674

243 262 435 322 feritas
472 264 782 337 impeditur.
810 270 1123 332 Villicornm
1148 291 1367 348 quoque
1390 292 1580 350 genus,
1606 281 1750 352 quod
1772 280 1841 336 ad
1874 289 1915 344 Α
1944 284 2179 343 officium
2198 331 2216 359 ,
2244 291 2439 350 missus
2463 294 2533 350 ad
2573 311 2798 354 summa:
2846 299 3063 370 quidem
3111 302 3319 375 peritite
3362 310 3536 377 viros;

243 352 559 377 ,ωμηψ
595 368 610 377 ,
1129 375 1133 377 λ
1262 370 1273 377 ,
1792 371 1805 377 -

235 352 564 412 damnosam
595 361 879 419 tuitionem
907 375 1208 437 queruntur
1259 370 1537 445 inventum
1561 412 1577 437 ,
1626 380 1734 427 tam
1774 371 1843 429 de

234 446 456 515 privata
480 454 822 519 possessione
864 472 1026 526 quam
1071 460 1287 529 publica
1316 460 1555 518 funditus
1597 463 1842 520 volumus

233 541 484 595 amoveri
518 560 532 593 :
556 544 682 611 quia
707 561 815 601 non
839 556 923 603 est
935 548 1179 607 defensio
1194 566 1315 621 qua:
1336 562 1621 623 praestatur
1637 555 1836 622 invitis,

232 643 554 701 suspectum
574 639 823 709 estquod
854 642 1133 711 patiuntur
1159 646 1427 703 nolentes.
1460 647 1594 704 Nam
1625 650 1729 705 hoc
1752 659 1841 707 est

232 736 431 776 revera
456 724 800 794 beneficium,
817 731 862 784 si
883 731 1001 788 sine
1018 748 1291 790 murmure
1312 733 1516 792 feratur
1530 751 1835 810 acceptum.

230 811 470 868 Srrvitia
496 816 660 886 igitur
680 835 800 894 qua:
820 821 1079 880 Gothisin
1104 825 1324 883 civitate
1352 830 1540 899 positis
1567 834 1837 903 superflue

231 909 659 974 pratstabantur,
683 911 1028 970 decernimus
1070 919 1331 972 amoveri.
1368 919 1485 975 Non
1512 924 1655 976 enim
1678 924 1837 979 decet

230 998 303 1052 ab
332 999 585 1067 ingenuis
616 1002 929 1060 famulatum
956 1022 1197 1077 quaerere
1218 1050 1233 1076 ,
1266 1024 1402 1080 quos
1452 1012 1695 1071 misimus
1735 1031 1834 1086 pro

227 1090 490 1148 libertate
513 1109 778 1166 pugnare.

794 1206 1130 1266 EPISTOLA
1168 1212 1281 1270 XL.

227 1302 493 1353 εἶΡΒΙΑβῖο
530 1314 716 1355 οοιιιτι
760 1316 1037 1359 SACRARUII
1068 1322 1423 1364 LARGITIONUM
1461 1328 1831 1370 TBEODORICUS

974 1414 1100 1454 REX.

227 1479 323 1537 Illi
347 1488 552 1556 confert
579 1503 854 1566 sacrarum
882 1493 1217 1566 largitionum
1265 1496 1556 1551 comitivam
1579 1540 1595 1566 ,
1620 1500 1826 1555 multis.

648 1575 745 1629 que
769 1561 1005 1616 laudibus
1034 1580 1147 1617 eum
1169 1576 1409 1619 exornat.

1944 379 2039 434 sed
2067 383 2212 438 nulla
2230 385 2369 441 inter
2389 403 2484 444 eos
2504 390 2760 447 confusus
2780 409 2840 449 es
2862 394 3240 465 trepidatione,
3264 402 3389 471 quia
3409 403 3539 459 nihil

1947 473 2041 528 tibi
2090 485 2212 546 post
2262 495 2362 536 nos
2390 483 2568 551 potuit
2601 498 2722 539 esse
2747 487 3014 543 mirabile.
3063 489 3363 549 Instructus
3392 495 3537 550 enim

1945 563 2165 620 trifariis
2196 568 2420 639 linguis,
2450 588 2555 628 non
2587 575 2680 629 tibi
2709 576 2918 634 Gracia
2949 582 3093 649 quod
3118 599 3317 639 novum
3348 596 3536 643 osten-

1942 661 2087 711 taret
2130 662 2365 727 invenit;
2422 679 2525 720 nec
2560 666 2698 736 ipsa,
2737 685 2842 738 qua
2890 672 3113 728 nimium
3162 679 3447 747 praevalet,
3480 691 3536 737 te

1947 751 2273 805 transcendit
2303 756 2532 823 argutia.
2568 758 2811 815 Accessit
2838 765 3042 819 meritis
3065 768 3170 821 tuis
3195 773 3403 827 cunctis
3424 773 3535 828 lau-

1940 838 2095 895 dibus
2124 844 2415 911 prctiosior
2460 846 2608 915 fides,
2641 865 2801 920 quam
2836 855 3016 909 divina
3045 858 3292 927 diligunt,
3325 874 3533 920 morta—

1940 927 2011 982 lia
2041 941 2385 987 venerantur.
2416 936 2548 991 Nam
2583 940 2724 994 inter
2762 945 2944 998 mundi
2968 944 3292 1006 fluctuantes
3322 956 3531 1022 procel-

1939 1020 2019 1076 las
2049 1022 2187 1078 unde
2215 1040 2276 1079 se
2313 1026 2545 1082 humana
2578 1030 2836 1101 fragilitas
2876 1038 3216 1106 contineret,
3259 1020 3529 1101 siluestris

1937 1113 2145 1169 actibus
2173 1118 2367 1173 mentis
2396 1119 2680 1179 infirmitas
2726 1141 2833 1180 non
2865 1127 3079 1185 abesset
3110 1130 3281 1203 [Niv.,
3332 1139 3526 1193 mentis

1935 1201 2160 1261 firmitas
2210 1223 2319 1263 non
2357 1209 2627 1283 adesset]?
2676 1214 2800 1271 Haec
2849 1218 2988 1274 inter
3028 1201 3205 1279 socios
3234 1226 3525 1286 amicitiam

1935 1308 2133 1363 servat,
2167 1300 2280 1357 hzec
2301 1301 2532 1360 dominis
2558 1322 2689 1376 pura
2722 1309 3028 1379 integritate
3057 1316 3381 1385 famulatur,
3408 1322 3523 1378 haec

1933 1402 2180 1458 supernae
2207 1394 2472 1461 majestati
2501 1400 2858 1454 reverentiam
2903 1403 3002 1472 pite
3042 1407 3376 1464 credulitatis
3420 1412 3523 1466 im-

1932 1478 2152 1548 pendit;
2198 1489 2274 1549 et,
2319 1483 2363 1538 si
2412 1484 2735 1543 beneficium
2784 1498 2947 1547 tanta:
2991 1496 3068 1550 rei
3099 1496 3258 1554 latius
3287 1517 3522 1570 qumras,

1933 1567 2391 1628 incommutabilis
2445 1572 2569 1631 fidei
2617 1586 2700 1631 est
2731 1594 2894 1635 omne
2941 1585 3087 1651 quod
3134 1586 3271 1643 bene
3297 1567 3516 1648 vivitur.

299 1666 561 1735 Quamvis
587 1670 728 1724 ultra
758 1672 1022 1728 desideria
1048 1676 1685 1749 snpplicumfrequenter
1727 1697 1827 1737 nos
1863 1680 1903 1737 Β
1933 1658 2099 1753 ξνξηθ
2162 1663 2323 1753 igitur
2366 1682 2463 1737 Per
2503 1669 2854 1728 indic‘ionem
2908 1680 3124 1734 “imam
3174 1681 3346 1753 [Amm
3392 1684 3517 1742 Ch"

224 1757 549 1826 praestitisse
578 1758 837 1814 beneficia
864 1762 1215 1830 gaudeamus,
1246 1774 1321 1830 et,
1349 1767 1493 1836 quod
1509 1777 1591 1823 est
1612 1769 1826 1826 difficil-

226 1849 417 1903 limum
438 1889 455 1915 ,
503 1849 754 1904 humana:
789 1852 1098 1910 ambitionis
1127 1855 1395 1911 interdum
1423 1866 1551 1913 vota
1595 1874 1823 1929 supere-

224 1956 388 1994 mus:
435 1941 553 1997 haic
597 1938 778 1998 tamen
830 1944 1084 2001 libentius
1128 1948 1529 2019 amplectimur,
1560 1965 1680 2020 qua:
1712 1967 1823 2008 .nos

224 2033 427 2088 merito
453 2031 648 2089 fecisse
666 2036 982 2105 gloriantur.
1014 2036 1113 2092 Diu
1138 2039 1339 2110 quippe
1359 2041 1697 2097 trutinandus
1717 2051 1817 2111 est,

223 2124 314 2178 cui
345 2125 631 2180 traduntur
652 2127 941 2193 examina;
965 2129 1195 2198 talisque
1220 2129 1382 2185 debet
1411 2146 1441 2184 a
1465 2132 1709 2202 principe
1726 2133 1822 2213 tle-

224 2216 352 2284 ligi,
393 2216 571 2286 qualis
594 2217 663 2273 ab
692 2219 807 2289 ipsa
851 2229 1029 2289 potest
1073 2221 1190 2290 lege
1232 2218 1445 2278 dictari.
1473 2222 1820 2280 Gemmarum

221 2310 418 2365 divites
446 2324 595 2365 vente
618 2311 733 2365 auri
771 2309 977 2380 fulgore
1007 2313 1337 2382 pretiantur;
1370 2323 1424 2369 et
1451 2315 1675 2383 gloriam
1701 2314 1814 2384 pul-

223 2402 549 2457 chritudinis
587 2403 826 2472 capiunt,
876 2403 1004 2474 quia
1049 2405 1192 2459 nulla
1240 2405 1495 2473 degeneri
1541 2405 1818 2461 vicinitate

221 2494 568 2550 sonlescunt.
611 2493 702 2549 Sic
728 2495 870 2549 bona
900 2495 1095 2550 merita
1136 2496 1428 2566 splendidis
1468 2496 1816 2566 dignitatibus

223 2589 453 2653 sociata,
495 2586 717 2642 alternis
761 2588 1048 2658 praeconis
1094 2587 1242 2662 [Ga.,
1289 2589 1511 2643 alterius
1559 2588 1814 2661 praemiis]

222 2678 580 2748 adjuvantur;
610 2686 669 2733 et
710 2679 871 2735 unius
898 2681 977 2735 rei
1017 2681 1183 2735 facies
1212 2680 1281 2735 de
1323 2680 1502 2735 addita
1532 2690 1815 2744 venustate

220 2770 574 2840 pulchrescit.
602 2768 720 2825 Non
753 2770 897 2826 enim
923 2770 993 2826 de
1017 2778 1068 2826 te
1099 2770 1299 2841 aliquid
1324 2770 1613 2841 redempta:
1644 2772 1810 2840 laudi,

220 2870 317 2918 aut
341 2861 561 2930 loquaci
591 2860 746 2917 fama:
784 2862 1133 2931 credidimus,
1160 2864 1250 2934 qui
1269 2864 1425 2920 nobis
1443 2865 1814 2934 spectantibus

218 2969 365 3025 sat-pe
412 2954 683 3025 placuisti.
736 2955 1196 3027 lnterpellantium
1245 2957 1510 3029 siquidem
1561 2959 1812 3017 confusas

1928 1749 2035 1805 510
2062 1754 2138 1808 vel
2161 1752 2283 1827 525]
2330 1773 2603 1814 sacrarum
2636 1763 2976 1832 largitionum
3010 1778 3036 1805 ⁸
3064 1809 3079 1835 ,
3108 1749 3217 1827 Βέο
3263 1778 3520 1847 propitio,

1925 1842 2260 1912 dignitatem.
2295 1848 2458 1907 Utere
2485 1856 2738 1923 congruis
2781 1858 2885 1914 tuis
2932 1864 3202 1920 natalibus
3233 1842 3516 1929 institutis.

1925 1932 2168 1992 Meruisti
2197 1939 2472 2007 hactenus,
2510 1952 2568 1997 ut
2591 1945 2857 2002 honorum
2890 1950 3101 2021 fastigia
3125 1956 3469 2016 crederemus
3500 1980 3514 2016 :

1924 2039 2025 2095 age
2049 2044 2218 2096 nunc,
2252 2039 2310 2086 ut
2342 2033 2436 2088 tibi
2457 2035 2643 2091 gratia:
2671 2047 2870 2095 nostrae
2891 2043 3119 2101 celsiora
3170 2050 3518 2110 nihilominus

1924 2117 2283 2175 conferamus.

2457 2257 2790 2318 EPISTOLA
2830 2265 2963 2322 XLI.

2154 2361 2381 2403 SENATUI
2398 2365 2546 2406 UBBIS
2565 2369 2725 2409 ΚΟΙᾹΞ
2754 2373 3125 2419 THBODOBICUS
3148 2382 3272 2421 REX.

1921 2432 2132 2521 Iudicat
2165 2455 2231 2521 ,σε
2276 2437 2592 2521 Qyprianum
2648 2448 2844 2521 meritis
2888 2455 3113 2521 propriis
3164 2468 3214 2510 et
3260 2463 3510 2518 natalium

1989 2506 2269 2628 :plendore
2299 2506 2577 2591 [algentem
2599 2516 2668 2568 ad
2692 2506 2961 2574 sacrarum
2986 2506 3510 2597 'rarguidnaiiiliiiiii

2014 2593 2146 2628 tuam
2174 2594 2420 2628 evensse-

2014 2593 2146 2631 tuam
2174 2594 2420 2635 erexisse.

1990 2667 2142 2724 Licet
2163 2673 2481 2729 candidatos
2528 2677 2683 2733 vobis
2712 2680 3022 2751 frequenter
3054 2692 3303 2758 genuerit
3331 2697 3510 2751 muni-

1920 2753 2133 2813 ficentia
2177 2761 2489 2833 principalis
2512 2806 2527 2832 ,
2558 2778 2614 2821 et
2640 2768 2866 2828 fecunda
2897 2753 3225 2847 indulgentia
3258 2782 3283 2822 b
3323 2796 3509 2843 nostra

1917 2849 2074 2905 vobis
2100 2852 2270 2907 altera
2305 2855 2376 2910 sit
2402 2867 2623 2926 natura;
2655 2862 2865 2922 habetis
2894 2885 3035 2925 nunc
3064 2873 3309 2941 profecto
3337 2878 3510 2937 virum

1917 2958 2080 3013 quem
2121 2953 2175 3001 et
2203 2963 2301 3003 nos
2329 2948 2557 3020 elegisse
2585 2953 2791 3022 deceat,
2837 2967 2893 3013 et
2922 2977 3020 3017 vos
3049 2967 3352 3035 suscepisse
3375 2984 3509 3026 con-

217 3048 473 3116 querelas
501 3048 755 3104 distincta
782 3050 939 3105 nimis
954 3066 1017 3106 ac
1039 3050 1213 3106 lucida
1243 3047 1505 3123 relatione
1530 3054 1809 3110 narrabas.

1922 3039 2121 3093 veniat.
2148 3038 2246 3095 Cni
2274 3040 2413 3098 sicut
2453 3042 2786 3104 fortunatum
2827 3053 2927 3108 fuit
2972 3071 3001 3110 a
3032 3058 3189 3114 nobis
3226 3060 3390 3131 eligi,
3431 3066 3509 3121 ita

220 3136 287 3192 Et
305 3137 401 3209 qui
431 3139 681 3209 proprios
700 3140 917 3195 dolores
939 3142 1242 3211 exprimere
1266 3159 1371 3197 non
1403 3151 1677 3213 poterant,
1706 3146 1811 3200 tuis

220 3227 594 3283 commendati
632 3229 1042 3299 allegationibus
1064 3232 1416 3297 obtinebant;
1448 3241 1587 3287 etne
1614 3233 1813 3289 favoris

220 3321 455 3390 alicujus
474 3329 756 3391 putaretur
770 3338 1024 3378 excessus
1036 3364 1050 3387 ,
1076 3323 1341 3378 desideria
1357 3325 1655 3394 supplicum
1681 3326 1811 3395 ipsis

220 3413 580 3483 praesentibus
594 3413 895 3468 intimabas.
921 3411 1013 3468 Ori
1029 3422 1122 3470 tuo
1142 3414 1516 3470 altercantium
1539 3416 1810 3471 desideria

220 3513 639 3570 convenerunt;
694 3515 770 3569 et,
815 3505 960 3574 quod
989 3505 1360 3561 difficillimum
1412 3507 1598 3575 gratia:
1640 3519 1811 3575 genus

220 3605 326 3660 est,
357 3598 582 3652 alterna:
611 3596 749 3667 parti
801 3595 1095 3654 indiscreta
1145 3598 1307 3655 laude
1352 3600 1644 3669 placuisti:
1689 3582 1809 3671 qui:

220 3706 309 3746 res
336 3692 486 3761 ipsos
511 3698 756 3745 oratores
781 3705 998 3760 quoque
1044 3693 1339 3762 postponit.
1386 3692 1523 3748 Nam
1549 3709 1672 3749 cum
1704 3694 1809 3750 illis

221 3783 291 3836 sit
319 3782 655 3853 propositum
675 3782 765 3836 diu
794 3790 1022 3836 tractata
1051 3783 1208 3837 unius
1236 3783 1404 3852 partis
1430 3792 1555 3838 vota
1594 3784 1804 3850 dicere;

221 3874 316 3927 tibi
354 3886 575 3942 semper
612 3885 834 3927 necesse
860 3869 962 3926 fult
988 3868 1327 3941 repentinum
1353 3873 1628 3941 negotium
1658 3883 1808 3928 utro-

220 3980 326 4035 que
348 3964 521 4019 latere
549 3962 843 4019 declarare.
873 3961 1098 4017 Additur
1136 3963 1300 4018 etiam
1342 3963 1539 4032 regalis
1569 3978 1808 4033 prcesen—

222 4058 309 4111 tia:
342 4055 719 4125 gravissimum
767 4052 939 4126 [Niv.,
982 4052 1363 4125 gratissimum]
1410 4054 1657 4124 pondus:
1706 4055 1807 4111 sub

219 4163 329 4217 quo
364 4158 418 4201 te
457 4146 531 4201 ita
562 4145 717 4201 facile
742 4145 969 4214 contigit
1004 4144 1336 4214 expeditum,
1359 4152 1419 4199 ut
1443 4144 1586 4213 quod
1616 4144 1691 4198 illi
1715 4144 1806 4200 vix

217 4247 446 4308 possunt
474 4235 780 4291 artificiosis
806 4236 1168 4291 schematibus
1188 4251 1218 4289 a
1246 4235 1518 4304 judicibns
1536 4236 1804 4303 obtinere,

218 4337 274 4383 tu
303 4328 616 4398 probarcris
642 4342 674 4381 a
703 4326 946 4397 principe
982 4326 1145 4395 puris
1185 4325 1599 4396 allegationibus
1634 4326 1805 4396 impe-

216 4428 381 4474 trare.
406 4416 538 4472 Erat
556 4417 808 4472 nimirum
833 4416 1141 4472 serenitatis
1169 4424 1369 4470 nostra:
1397 4415 1449 4469 in
1473 4416 1675 4471 bonum
1702 4431 1804 4485 pu-

212 4512 413 4567 blicum
450 4520 641 4580 parata
668 4509 936 4565 sententia
968 4525 982 4563 :
1013 4508 1138 4577 quia
1167 4508 1368 4561 nullam
1406 4506 1713 4561 tarditatem
1744 4507 1798 4562 in

209 4602 592 4672 agnoscendo
613 4601 832 4670 negotio
860 4599 1179 4656 sustinebat.
1210 4598 1336 4655 Mox
1365 4600 1508 4654 enim
1537 4615 1568 4654 a
1595 4607 1650 4655 te
1674 4615 1800 4655 nar-

208 4704 328 4750 rata
349 4708 516 4751 causa
539 4701 829 4761 conspecta
843 4701 955 4759 est;
983 4701 1142 4747 etcur
1172 4690 1412 4746 tardaret
1433 4690 1635 4759 negotii
1658 4689 1797 4756 linis,

207 4803 333 4842 cum
357 4795 417 4841 tu
463 4785 863 4854 Suggestionetn
890 4782 1066 4837 lucida
1116 4780 1381 4836 brevitate
1409 4780 1802 4836 concluderes?

208 4877 478 4944 Didicisti,
507 4884 568 4930 ut
593 4875 885 4937 credimus,
912 4874 1159 4943 judicare
1181 4872 1380 4928 nostris
1398 4872 1682 4928 serviendo
1704 4871 1795 4941 ju-

203 4966 380 5023 diciis.
413 4963 491 5021 Ita
518 5004 534 5029 ,
566 4964 712 5035 quod
756 4964 1187 5020 efficacissimum
1227 4962 1579 5033 discipulatus
1625 4977 1794 5032 genus

197 5068 309 5120 est,
333 5057 543 5127 agendo
564 5058 744 5126 potius
763 5056 1058 5111 instructus
1079 5070 1139 5110 es
1166 5070 1329 5124 quam
1361 5053 1611 5123 legendo.
1646 5053 1793 5111 Tali-

205 5153 305 5209 bus
329 5149 493 5219 igitur
513 5146 770 5203 institutis
796 5145 1040 5211 edoctus,
1074 5144 1198 5202 Eoze
1217 5143 1491 5215 sumpsisti
1512 5145 1793 5215 legationis

278 5313 303 5341 ⁸
331 5303 581 5359 Officium
608 5305 821 5359 comitis
849 5318 1123 5376 sacrarum
1154 5301 1500 5376 largitionum
1530 5304 1788 5363 describit

200 5374 533 5431 Claudianus
562 5378 614 5429 in
644 5390 899 5446 pancgyr.
924 5374 1108 5430 Mallii.

359 5494 484 5542 Hinc
506 5501 654 5555 sach
672 5488 1122 5555 il‘lillttj-allllll'uopes.
1146 5491 1379 5554 orbisque
1401 5492 1603 5555 tributa,

361 5551 831 5616 lfmsessiquidqnhl
858 5553 1017 5616 fluviis
1041 5556 1280 5602 ενυινιιυι·
1298 5551 1430 5616 auri;

357 5606 603 5675 Quidquid
623 5606 747 5682 iure
765 5611 927 5682 prpcttl
955 5617 1293 5682 venasrimata
1314 5606 1576 5682 sequaces,

358 5672 536 5728 iihdita
563 5673 790 5737 pallentis
812 5672 933 5725 fodit
953 5674 1153 5728 wIcrita
1177 5676 1334 5730 Bessi.

1917 3130 2182 3187 laudabile
2213 3133 2317 3188 erit
2370 3145 2553 3193 vestro
2594 3144 2757 3197 οωιυί
2805 3144 3073 3204 honorum
3127 3152 3245 3222 lege
3288 3130 3507 3216 sociari.

1915 3219 2032 3279 Hoc
2074 3232 2252 3279 tamen
2281 3226 2703 3312 curiaefelicius
2749 3239 3023 3305 provenit,
3053 3219 3201 3312 quod
3249 3248 3408 3303 nobis
3448 3258 3507 3305 et

1914 3312 2188 3382 impolitus
2219 3317 2323 3371 tiro
2363 3310 2559 3375 militat
2584 3341 2596 3375 :
2628 3324 2717 3379 illa
2744 3343 2873 3383 vero
2894 3345 3004 3387 non
3034 3310 3249 3406 recipit,
3281 3340 3383 3396 nisi
3409 3341 3502 3409 qui

1908 3402 2020 3472 jam
2064 3404 2258 3473 dignus
2284 3408 2581 3468 honoribus
2611 3417 2849 3483 potuerit
2876 3419 3128 3478 inveniri.
3149 3402 3506 3486 Convenien-

1914 3502 1998 3550 ter
2017 3509 2148 3565 ergo
2178 3496 2315 3553 ordo
2340 3510 2519 3556 vester
2543 3504 2841 3561 restituatur
2868 3510 3100 3567 eximius
3122 3552 3138 3578 ,
3167 3516 3259 3583 qui
3289 3533 3505 3589 semper

1912 3592 1995 3639 est
2015 3584 2081 3640 de
2109 3588 2499 3656 probatissimis
2520 3605 2898 3665 congregatus.
2923 3597 3041 3655 Non
3068 3603 3213 3659 enim
3244 3605 3354 3663 illic
3375 3584 3505 3678 pro-

1912 3672 2050 3730 fanis
2088 3688 2359 3737 reseratur
2388 3681 2657 3750 introitus,
2682 3687 2778 3742 sed
2806 3690 2943 3745 tales
2962 3690 3088 3748 illuc
3116 3672 3500 3764 permittuntur

1910 3767 2169 3824 accedere
2186 3808 2203 3834 ,
2225 3772 2413 3839 quales
2451 3774 2575 3830 inde
2602 3776 2764 3832 etiam
2787 3792 3081 3838 cemuutur
3108 3786 3278 3842 exire.
3310 3787 3499 3846 Susci-

1909 3859 2022 3929 pite
2050 3861 2232 3931 itaque
2260 3864 2520 3934 collegam
2551 3882 2711 3937 quem
2739 3872 2939 3941 palatia
2981 3884 3163 3931 nostra
3187 3878 3346 3949 longa
3371 3895 3503 3937 exa-

1910 3955 2207 4012 minatione
2230 3959 2597 4027 probaverunt
2627 3978 2639 4013 :
2664 3962 2756 4031 qui
2779 3964 2942 4032 regiis
2963 3964 3037 4020 ita
3068 3967 3367 4038 intrepidus
3394 3973 3497 4026 mi-

1908 4048 2083 4102 litavit
2110 4047 2385 4116 affatibus,
2420 4060 2477 4105 ut
2499 4050 2651 4120 jussa
2678 4062 2865 4110 nostra
2887 4071 3033 4126 smpe
3064 4059 3219 4114 nobis
3244 4071 3491 4130 spectan-

1908 4141 2050 4196 tibus
2074 4149 2237 4212 atque
2276 4142 2617 4200 laudantibus
2644 4146 2962 4216 explicaret.
2994 4149 3336 4220 Cognoscitis
3373 4170 3504 4226 pro-

1909 4227 2051 4285 fecto
2091 4245 2212 4300 quae
2247 4232 2536 4303 loquimur.
2569 4233 2699 4309 Quis
2731 4237 2876 4291 enim
2905 4248 3139 4294 vestrum
3162 4256 3193 4295 a
3237 4241 3494 4313 Cypriani

1906 4321 2195 4378 devotione
2218 4324 2503 4381 submotus
2529 4329 2645 4381 est?
2672 4326 2804 4382 Nam
2828 4330 2918 4398 qui
2945 4331 3136 4385 solatia
3163 4332 3282 4400 ejus
3304 4335 3497 4402 petiit,

1906 4426 2032 4466 mox
2061 4412 2319 4468 beneficia
2370 4423 2555 4470 nostra
2585 4419 2843 4487 suscepit.
2893 4416 3137 4475 Obtinuit
3188 4422 3277 4476 ille
3304 4426 3503 4495 saepius

1902 4500 2354 4559 invectatiunibus
2380 4505 2598 4569 nostris,
2624 4508 2771 4577 quod
2792 4507 2846 4561 in
2874 4510 3215 4567 consistoriis
3241 4513 3327 4581 agi
3351 4516 3500 4572 sole-

1899 4593 1995 4648 bat
2015 4595 2267 4664 antiquis.
2292 4596 2349 4652 Si
2386 4598 2603 4667 quando
2632 4600 2774 4654 enim
2807 4601 3049 4660 relevare
3083 4603 3238 4661 libuit
3256 4608 3496 4664 animum

1900 4685 2111 4756 reipub.
2143 4702 2271 4743 cura
2301 4688 2604 4762 fatigatum,
2633 4692 2828 4762 equina
2855 4696 3114 4751 exercitia
3152 4700 3493 4769 petebamus,

1905 4785 1965 4830 ut
1986 4777 2100 4848 ipsa
2128 4779 2390 4836 varietate
2411 4782 2856 4840 rerumsoliditas
2883 4801 2943 4841 se
2962 4789 3209 4859 corporis
3236 4791 3495 4863 vigorque

1908 4878 2179 4926 recrearet
2207 4889 2220 4925 :
2253 4882 2382 4927 tunc
2412 4874 2567 4929 nobis
2592 4890 2784 4931 causas
2811 4878 3138 4951 multiplices
3178 4880 3378 4947 relator
3405 4882 3495 4937 de-

1901 4959 2164 5017 lcctabilis
2194 4963 2502 5032 ingerebat,
2542 4975 2768 5036 eratque
2796 4966 2914 5036 ejus
2941 4967 3232 5023 infastidita
3275 4982 3496 5039 sugges-

1901 5052 2001 5121 tio,
2030 5054 2130 5109 sub
2164 5054 2360 5124 judicis
2389 5058 2570 5114 animo
2602 5058 2841 5114 taedioso.
2872 5058 2949 5114 Ita
2974 5060 3099 5113 dum
3134 5075 3328 5117 causas
3355 5078 3493 5133 prte-

1900 5145 2078 5201 standi
2101 5148 2367 5219 benignus
2386 5149 2578 5206 artifex
2601 5150 2898 5219 ingerebat,
2928 5150 3270 5207 reficiebatur
3284 5153 3495 5211 animus

1896 5307 2067 5380 Hujus
2107 5307 2359 5380 frequens
2387 5308 2592 5363 mentio
2621 5307 2681 5363 fit
2707 5308 2761 5364 in
2789 5306 2922 5363 Cod.
2955 5308 3164 5366 Theod.
3206 5320 3262 5367 et
3285 5311 3483 5371 Justin.

1895 5379 2162 5504 nimam
2189 5457 2500 5506 senatorum
2532 5442 2623 5502 lilii
2655 5448 3020 5518 nascebantur
3041 5461 3326 5509 senatores
3346 5494 3361 5518 ,
3391 5454 3485 5511 lib.

1896 5521 1953 5648 §i
2002 5522 2123 5589 quis
2163 5519 2518 5578 senatorium.
2574 5517 2714 5574 Cod.
2757 5517 2971 5575 Theod.
3032 5522 3126 5578 lib.
3188 5539 3259 5590 Vl,
3311 5526 3394 5580 tit.
3428 5526 3483 5583 2.

1931 5606 2091 5648 υιετ.

1931 5606 2091 5648 ῠιετ.
