3988 6178
430 190 533 246 675

1655 188 1726 242 Μ’.
1768 185 2045 242 AURELR
2080 186 2475 245 CASSEODORI

3590 188 3695 247 676

423 301 806 359 beneficiorum
834 300 1093 356 aviditate
1117 311 1429 354 succensus.
1460 296 1561 355 llis
1585 297 1747 368 igitur
1787 298 2014 354 adhaesit
2041 309 2091 369 Α
2115 301 2377 370 suspirat.
2432 299 2812 372 Spectaculum
2841 307 3049 357 tantum
3077 299 3299 358 fabricis
3321 302 3534 359 clarum
3554 344 3570 370 ,
3607 301 3701 358 sed

423 393 695 464 obsequiis
723 391 1046 449 candidatus
1083 390 1175 459 qui
1202 389 1282 444 sic
1310 388 1562 444 militavit
1600 390 1782 445 animo
1807 399 2012 461 nostro,

424 495 483 540 ut
511 486 653 541 nulla
700 500 825 540 eum
872 490 1122 553 gravaret
1150 480 1399 538 offensio.
1448 481 1822 538 lrasoehamur
1875 499 2018 556 saepe

425 577 600 632 causis
631 574 914 644 improbis,
945 589 1047 628 nec
1076 582 1257 629 tamen
1284 573 1569 643 displicere
1598 582 1815 643 poterat
1835 574 2017 646 lingua

426 665 674 720 relatoris
704 681 718 717 :
754 664 1150 719 damnabamus
1192 663 1461 718 interdum
1515 665 1817 732 negotium,
1866 666 2019 735 cujus

426 754 676 826 placebat
703 763 976 819 assertor;
1008 761 1063 808 et
1093 754 1351 823 impetum
1379 753 1552 807 nostri
1571 754 1738 808 animi
1766 752 2019 824 frequen-

427 856 511 902 ter
536 846 809 909 sustinuit,
834 846 927 915 qui
947 847 1133 914 gratia:
1161 853 1435 900 momenta
1459 846 1720 915 possedit.
1743 844 2020 902 Gloriatur

427 942 590 997 etiam
620 959 727 997 non
759 950 1005 997 extrema
1036 941 1156 997 luce
1179 941 1460 995 natalium.
1512 941 1647 996 Nam
1677 951 1836 1012 pater
1861 944 2014 1010 huic,

428 1033 566 1088 sicut
604 1032 955 1098 meministis,
1013 1029 1194 1102 Opilio
1248 1030 1369 1098 fuit,
1422 1033 1504 1086 vir
1527 1032 1742 1101 quidem
1796 1035 2020 1104 abjectis

431 1125 766 1196 temporibus
792 1124 860 1179 ad
882 1124 1137 1180 excubias
1168 1133 1349 1179 tamen
1378 1124 1642 1195 palatinas
1668 1126 1895 1182 electus.
1917 1127 2019 1195 Qui

429 1222 601 1277 multo
630 1222 861 1291 amplius
890 1236 1138 1276 crescere
1166 1223 1380 1292 potuit,
1415 1222 1516 1277 nisi
1545 1223 1677 1278 fides
1704 1221 1804 1278 sub
1833 1222 2022 1277 aridis-

428 1316 564 1369 sima
611 1315 1065 1370 remunerationis
1101 1314 1386 1371 sterilitate
1412 1315 1688 1385 jacuisset.
1721 1315 1832 1387 94
1884 1314 2021 1381 Quid

430 1407 578 1461 enim
602 1404 850 1462 conferre
879 1413 1094 1477 poterat
1123 1408 1298 1462 tenuis
1336 1407 1602 1464 donator?
1631 1406 1736 1475 Qui
1765 1409 1811 1463 si
1842 1415 2023 1463 tamen

431 1514 538 1553 non
593 1498 804 1563 ditavit,
853 1499 1090 1555 innotuit
1136 1508 1205 1552 ιε
1258 1500 1383 1569 quia
1422 1513 1633 1569 magnae
1682 1499 2025 1555 abundantia:

431 1588 603 1643 laudis
631 1598 714 1644 est
736 1632 751 1657 ,
775 1589 826 1643 in
856 1589 1082 1660 penuria
1111 1589 1322 1660 reipub.
1355 1591 1443 1646 vel
1470 1591 1765 1647 mediocria
1795 1606 2020 1646 munera

2118 395 2334 450 actione
2360 393 2733 462 deterrimum,
2788 394 2843 450 in
2871 395 3079 453 honore
3106 394 3374 467 Scythica:
3400 395 3581 452 Biante
3616 412 3706 453 re-

2114 493 2348 556 pertum,
2373 501 2493 555 quas
2513 486 2791 557 sanguinis
2818 485 3084 543 effusione
3111 486 3402 556 gaudebat.
3431 487 3476 542 0
3496 488 3707 545 misere

2116 577 2452 648 deeeptionis
2502 593 2768 646 errorem,
2822 576 2965 631 illam
3012 577 3350 633 desiderasse
3376 577 3559 634 colere
3586 592 3707 648 quas

2116 665 2396 721 hominum
2440 675 2616 723 morte
2645 667 2996 740 plaeabatur!
3030 667 3267 723 Primum
3300 668 3402 724 sibi
3433 684 3532 739 per
3559 669 3707 725 lucos

2119 766 2175 814 et
2200 759 2367 815 silvas
2409 760 2699 830 agrestium
2731 762 3053 831 popinarum
3082 770 3212 816 nota
3253 759 3358 834 [ed.
3390 763 3511 830 Aa,
3559 760 3703 834 vota]

2118 859 2174 905 et
2200 852 2579 907 venationibus
2617 852 2797 907 dedita
2831 871 2844 906 :
2895 853 3037 907 hanc
3075 853 3344 924 triplicem
3372 853 3529 909 deam
3573 853 3706 909 falsa

2119 941 2501 1011 imaginatione
2514 940 2804 1008 finxerunt,
2832 942 3003 1014 ipsum
3034 944 3087 998 in
3110 944 3251 999 ctelo
3276 942 3506 1009 Lunam,
3530 943 3702 1014 ipsam

2119 1032 2173 1087 in
2200 1033 2354 1089 silvis
2393 1032 2648 1097 Dianam,
2690 1034 2860 1103 ipsam
2906 1034 3052 1103 apud
3096 1034 3299 1089 inferos
3330 1032 3708 1104 Proserpinam

2120 1140 2240 1181 esse
2267 1123 2564 1180 firmantes-
2616 1125 2722 1179 Sed
2773 1125 2946 1179 solum
2973 1124 3129 1180 Erebi
3159 1134 3435 1195 potentem
3474 1142 3583 1180 non
3612 1126 3711 1180 im-

2120 1217 2288 1288 probe
2318 1216 2545 1272 forsitan
2584 1216 2931 1271 :estimarunt
2949 1258 2966 1284 ,
2995 1218 3212 1287 quando
3242 1218 3335 1271 tali
3361 1216 3595 1272 falsitate
3616 1216 3713 1272 «ιε.

2122 1311 2283 1382 cepti,
2318 1311 2372 1364 in
2394 1308 2691 1380 profundas
2719 1310 3106 1366 vivi‘tenebras
3131 1327 3254 1365 cum
3295 1312 3406 1367 suis
3430 1313 3711 1368 erroribus

2121 1403 2476 1458 intraverunt.
2524 1401 2678 1457 Hunc
2724 1402 2909 1457 ludum
2959 1402 3255 1468 crudelem,
3308 1403 3713 1473 sanguinariam

2122 1494 2454 1564 voluptatem
2477 1534 2501 1559 ,.
2524 1493 2843 1562 religionem
2893 1492 3114 1563 impiam
3139 1533 3154 1558 ,
3186 1492 3476 1547 humanam
3528 1496 3613 1564 (ut
3636 1495 3713 1549 ita

2122 1585 2374 1654 dixerim)
2413 1583 2681 1639 feritatem
2702 1623 2718 1649 ,
2744 1583 3104 1639 Athenienses
3128 1583 3359 1654 primum
3386 1583 3453 1637 ad
3480 1584 3715 1641 civitatis

430 1679 709 1735 meruisse.
740 1678 880 1735 Vicit
909 1679 1026 1751 ipse
1062 1679 1297 1750 majores
1339 1697 1467 1736 suos
1515 1681 1771 1736 felicitate
1804 1681 2020 1737 saeculo-
2052 1681 2096 1740 B
2126 1691 2237 1731 suae
2264 1674 2565 1745 perduxere
2585 1675 2872 1739 culturam,
2893 1674 3104 1744 justitia
3134 1675 3481 1745 permittente
3508 1676 3711 1741 divina,

429 1787 579 1839 rum;
611 1781 685 1838 et,
716 1773 861 1842 quod
888 1773 1119 1843 amplius
1164 1782 1385 1829 evectus
1413 1782 1517 1842 est,
1544 1772 1743 1828 nostris
1774 1781 1859 1828 est
1887 1780 2023 1827 tem-

396 1892 410 1915 γ
431 1864 653 1933 poribus
681 1863 1082 1934 applicandum.
1131 1861 1277 1918 Talis
1305 1864 1507 1934 quippe
1552 1872 1637 1918 est
1662 1862 1716 1917 in
1763 1861 2021 1932 subjectis

431 1971 682 2011 mensura
713 1966 1088 2026 provectuum,
1115 1956 1289 2026 qualis
1309 1956 1469 2010 fuerit
1496 1964 1551 2011 et
1575 1954 1829 2010 distantia
1849 1953 2020 2009 domi-

431 2062 646 2102 norum.
704 2047 1064 2119 Quapropter,
1097 2046 1158 2102 Ρ.
1211 2048 1296 2113 (1.,
1348 2048 1664 2118 praedictum
1693 2046 2021 2118 Cyprianum

429 2139 542 2194 suis
563 2140 769 2194 meritis
795 2149 850 2195 et
872 2140 1129 2194 natalium
1158 2141 1448 2209 splendore
1477 2139 1766 2208 fulgentem
1792 2178 1807 2203 ,
1837 2138 1908 2193 ad
1936 2154 2023 2193 sa-

430 2246 645 2285 crarum
674 2231 1018 2299 largitionum
1046 2231 1259 2286 culmen
1291 2231 1607 2297 eveximus;
1661 2240 1718 2283 ut
1763 2238 1816 2284 et
1843 2237 2023 2285 vester

433 2332 697 2394 augeatur
717 2338 977 2379 numerus
999 2361 1014 2388 ,
1044 2332 1099 2378 et
1127 2324 1380 2379 incitetur
1408 2323 1627 2397 devotio
1649 2323 2017 2378 servientium.

430 2415 742 2483 Estimate,
770 2416 1202 2472 reverendissinii
1231 2415 1420 2471 Patres
1442 2458 1458 2485 ,
1488 2416 1615 2485 quid
1644 2415 1712 2471 de
1732 2422 1912 2472 vestro
1935 2432 2024 2470 or-

429 2510 558 2566 dine
582 2525 927 2567 censeremus
957 2529 970 2563 :
995 2509 1213 2579 quando
1241 2525 1357 2576 eos,
1388 2526 1525 2581 quos
1554 2510 1706 2566 vobis
1736 2519 2021 2579 aggregen-

428 2603 527 2656 dos
554 2600 845 2667 credimus,
879 2600 1160 2671 multiplici
1188 2601 1511 2670 allegatioue
1540 2601 1910 2671 praedicamus.

959 2750 1288 2806 EPISTOLA
1325 2750 1484 2806 XLII.

463 2859 666 2900 IAXIMO
693 2859 821 2899 VIBO
863 2838 1112 2900 ιιιυενιίιιι
1136 2883 1151 2910 ,
1181 2859 1432 2910 CONSULI,
1462 2858 1830 2901 THEODOIICUS
1851 2861 1980 2901 κει.

428 2932 640 2989 Fet-itas
680 2938 1093 3006 spectaculorum
1116 2977 1131 3001 ,
1175 2936 1623 3004 amphitheatrum;
1658 2936 1789 3004 Titi,
1821 2948 1873 2993 et
1908 2940 2019 2994 ludi

494 3008 581 3081 qui
607 3008 662 3060 in
688 3005 760 3081 eo
777 3006 1063 3081 edebantur
1103 3005 1495 3081 describuntur;
1526 3007 1862 3081 hortaturque
1891 3025 2016 3064 con-

474 3078 659 3202 sulit:
690 3077 760 3130 ad
810 3079 1031 3147 prwmia
1081 3077 1431 3149 pugnantibus
1477 3077 1864 3149 muniﬁcentia:
1908 3080 2018 3135 lar—

496 3163 577 3202 atc
654 3158 737 3201 ιι.Δ

494 3163 705 3217 gtcnaa.

494 3238 553 3293 Si
579 3236 921 3294 consularem
950 3238 1376 3296 munificentiam
1404 3250 1735 3313 provocant,
1766 3243 1858 3312 qui
1889 3258 2013 3314 per-

426 3341 585 3387 uneta
631 3347 929 3403 corporum,
967 3332 1302 3389 flexrhilitate
1345 3335 1617 3391 luctantur
1653 3352 1669 3403 ;
1717 3337 1763 3392 si
1812 3352 2016 3407 organo

423 3425 739 3481 canentibus
766 3425 1008 3482 redditur
1034 3427 1350 3484 vicissitudo
1379 3429 1757 3499 praemiorum;
1789 3431 1834 3485 si
1868 3431 2018 3486 venit

423 3517 494 3572 ad
522 3518 755 3588 pretium
785 3518 1124 3576 delectabilis
1152 3521 1423 3577 cantilena
1456 3540 1469 3576 :
1523 3537 1633 3593 quo
1671 3539 1896 3579 munere
1924 3540 2018 3579 ve-

425 3616 585 3667 nator
613 3611 911 3682 explendus
935 3622 1058 3681 est,
1104 3613 1201 3683 qui
1249 3622 1309 3669 ut
1358 3616 1729 3684 spectantibus
1779 3617 2011 3686 placeat,

425 3703 538 3757 suis
561 3702 826 3757 mortibus
852 3702 1117 3759 elaborat.
1133 3704 1477 3774 Voluptatem
1505 3716 1726 3775 priestat
1753 3708 2015 3777 sanguine

423 3807 526 3846 suo
572 3791 635 3860 δ,
676 3799 735 3846 et-
779 3790 981 3848 infelici
1020 3801 1168 3848 sorte
1219 3794 1543 3849 constrictus
1568 3793 1788 3850 festinat
1813 3797 2013 3867 populi)

423 3886 645 3952 placere
667 3925 683 3951 ,
711 3883 813 3953 qui
833 3899 957 3939 eum
989 3900 1094 3939 non
1123 3893 1278 3955 optat
1304 3885 1562 3942 evadere.
1587 3887 1755 3941 Actus
1774 3888 2013 3943 detesta-

424 3973 566 4036 bilis,
599 3981 874 4028 certamen
923 3972 1141 4037 infelix,
1174 3990 1297 4029 cum
1326 3975 1455 4030 feris
1482 3977 1621 4031 velle
1659 3978 2010 4049 contendere,

422 4075 557 4129 quas
584 4061 837 4117 fortiores
867 4077 926 4118 se
946 4078 1054 4117 non
1083 4061 1296 4119 dubitat
1318 4065 1579 4123 invenire.
1613 4066 1747 4123 Sota-
1770 4077 1853 4124 est
1881 4084 2011 4139 ergo

421 4152 477 4206 in
508 4151 740 4208 fallendo
786 4154 1155 4225 przesumptio,
1186 4156 1411 4212 unicum
1436 4158 1488 4213 in
1519 4158 1847 4232 deceptione
1867 4163 2012 4217 sola-

422 4241 575 4297 tium.
607 4242 708 4310 Qui
739 4243 785 4298 si
826 4243 995 4299 feram
1018 4261 1124 4299 non
1154 4242 1427 4303 mereatur
1452 4247 1714 4318 effugere,
1740 4251 2007 4307 interdum

421 4349 524 4389 nec
566 4336 899 4405 sepulturam
948 4339 1148 4408 poterit
1197 4339 1460 4396 invenire.
1500 4341 1692 4398 Adhuc
1719 4345 2008 4413 superstite

2127 1775 2193 1823 ut
2214 1770 2279 1821 ad
2330 1768 2637 1824 iilusionem
2684 1767 2978 1838 spectaculi
3015 1768 3365 1838 perveniret,
3396 1772 3542 1838 quod
3569 1769 3717 1825 false

2124 1858 2202 1914 rel
2226 1858 2401 1925 gionis
2427 1858 2661 1915 ambitus
2688 1858 3003 1913 invenisset.
3030 1856 3147 1913 Hoc
3170 1856 3275 1912 Titi
3297 1860 3717 1930 potentia-prin-

2125 1950 2312 2020 cipalis
2340 1949 2645 2005 divitiarum
2673 1948 2894 2019 profuse
2915 1950 3133 2006 flumine
3152 1952 3408 2020 cogitavit
3425 1952 3714 2008 aedificium

2125 2041 2262 2107 fieri,
2294 2042 2433 2097 unde
2464 2051 2626 2113 caput
2654 2043 2866 2098 urbium
2895 2044 3175 2112 potuisset.
3228 2044 3365 2099 Cum
3415 2045 3710 2112 theatrum,

2123 2133 2267 2201 quod
2294 2141 2381 2187 est-
2405 2133 2861 2203 bemisphmrium,
2892 2133 3080 2190 Graece
3109 2137 3347 2205 dicatur,
3378 2140 3710 2207 amphithea-

2124 2237 2267 2283 trum
2294 2229 2446 2299 quasi
2476 2229 2530 2283 in
2561 2245 2723 2284 unum
2768 2229 2954 2299 juncta
2994 2229 3101 2284 duo
3144 2231 3364 2296 viseris,
3396 2241 3547 2287 recte
3575 2249 3713 2288 con—

2124 2324 2233 2376 stat
2273 2336 2391 2375 esse
2421 2322 2757 2375 nominatum
2785 2339 2798 2373 :
2831 2321 2919 2376 ovi
2965 2322 3149 2391 specie
3188 2321 3304 2391 ejus
3330 2338 3551 2378 arenam
3581 2339 3714 2379 con-

2124 2414 2348 2469 eludens
2388 2413 2516 2488 [ed.,
2550 2412 2651 2482 Qui
2698 2415 2934 2485 speciem
2983 2415 3101 2485 ejus
3129 2430 3293 2470 arena
3323 2416 3710 2489 concludens],

2125 2517 2184 2561 ut
2221 2508 2666 2563 concurrentibus
2696 2514 2879 2577 aptum
2906 2506 3127 2562 daretur
3153 2507 3424 2576 spatium;
3468 2517 3524 2562 et
3550 2522 3709 2577 spec-

2125 2607 2300 2654 tantes
2328 2599 2508 2653 omnia
2531 2596 2743 2654 facilius
2773 2599 3043 2667 viderent,
3070 2599 3201 2653 dum
3223 2599 3469 2669 quaedam
3499 2600 3708 2670 prolixa

2122 2688 2424 2745 rotunditas
2454 2690 2701 2745 universa
2751 2689 3064 2758 collegerat.
3116 2689 3230 2744 Itur
3270 2703 3401 2758 ergo
3448 2689 3517 2743 ad
3556 2690 3705 2754 talia,

2121 2797 2241 2851 qum
2257 2781 2502 2850 refugere
2527 2781 2753 2837 deberet
2778 2782 3103 2837 humanitas.
3130 2781 3336 2836 Primus
3361 2778 3537 2850 fragili
3563 2781 3709 2851 ligno

2120 2871 2357 2927 cciitisus
2383 2873 2561 2928 currit
2578 2872 2645 2928 ad
2677 2888 2772 2929 ora
2801 2872 3125 2938 beliuarum,
3154 2882 3211 2929 et
3234 2872 3363 2928 illud
3385 2873 3532 2942 quod
3560 2875 3708 2942 cupit

2124 2965 2382 3031 evadere,
2410 2978 2611 3035 magno
2637 2966 2843 3038 impetu
2867 2966 3081 3022 videtur
3105 2974 3379 3037 appetere.
3413 2966 3537 3020 Pari
3564 2966 3619 3021 in
3649 2981 3708 3020 se

2044 3061 2090 3125 ο
2120 3070 2282 3111 cursu
2309 3056 2530 3112 festinat
2557 3065 2612 3112 et
2650 3057 2920 3128 przedator
2938 3067 2994 3112 et
3017 3059 3231 3128 paeda;
3256 3073 3357 3113 nec
3375 3058 3534 3112 aliter
3562 3067 3709 3114 tutus

2118 3166 2241 3207 esse
2260 3158 2443 3222 potest
2460 3190 2476 3217 ,
2510 3150 2611 3205 nisi
2639 3149 2768 3206 huic
2787 3166 2949 3221 quem
2972 3150 3145 3205 vitare
3171 3150 3323 3220 cupit
3344 3188 3359 3215 ,
3385 3152 3708 3204 occurrerit.

2117 3242 2269 3299 Trunc
2294 3245 2347 3297 in
2378 3257 2507 3298 aere
2535 3241 2683 3297 saltu.
2716 3242 2963 3315 corporis
3008 3241 3218 3296 elevato
3242 3241 3404 3311 quasi
3425 3249 3604 3297 vestes
3632 3240 3713 3296 le-

2114 3335 2345 3390 vissima:
2367 3326 2615 3404 supinata
2638 3332 2890 3389 membra.
2904 3331 3195 3402 iaciuntur,
3226 3338 3281 3386 et
3306 3330 3527 3400 quidam
3547 3345 3714 3386 arcus

2116 3441 2417 3497 corporeus
2439 3440 2602 3496 supra
2625 3425 2871 3481 belluam.
2890 3424 3139 3489 libratus,
3171 3423 3300 3478 dum
3320 3437 3502 3477 moras
3530 3422 3711 3477 disce-

2115 3517 2279 3573 dendi
2309 3518 2478 3582 facit,
2511 3517 2610 3573 sub
2638 3518 2757 3587 ipso
2783 3516 3043 3572 velocitas
3093 3515 3275 3570 ferina-
3318 3513 3564 3570 diseedit.
3617 3511 3712 3568 Sic

2116 3609 2314 3665 accidit
2357 3617 2419 3664 ut
2444 3608 2537 3664 ille
2563 3608 2734 3680 magis
2760 3608 2934 3679 possit
2957 3607 3138 3662 mitior
3164 3605 3330 3661 videri
3350 3604 3484 3673 ,.qni
3510 3604 3711 3673 proba-

2114 3707 2204 3754 tur
2231 3698 2390 3755 illudi
2417 3718 2431 3753 :
2462 3700 2600 3755 alter
2625 3699 2836 3770 angulis
2864 3698 2927 3754 in-
2946 3695 3275 3769 quadrifaria
3302 3696 3490 3752 mundi
3517 3696 3704 3752 distri-

2114 3792 2341 3849 butione
2369 3792 2708 3862 compositis,
2762 3792 2980 3848 rotabili
3009 3790 3125 3865 [Gn
3173 3802 3223 3846 et
3267 3788 3408 3862 (ἰδέη
3439 3788 3707 3860 roboralij

2111 3882 2370 3941 facilitate
2398 3899 2732 3954 praesumens
2755 3927 2771 3953 ,
2803 3901 2911 3940 non
2938 3869 3268 3941 discedendo
3296 3882 3432 3953 fugit
3457 3924 3476 3951 ,
3506 3898 3619 3938 non
3643 3896 3708 3938 se

2113 3976 2324 4045 lengius
2359 3976 2604 4032 faciendo
2625 3975 2885 4044 discedit,
2912 3976 3157 4047 sequitur
3186 3975 3584 4045 insequentem,
3606 3989 3708 4044 po-

2113 4068 2337 4138 plitibus
2357 4083 2425 4123 se
2441 4068 2676 4124 reddens
2700 4071 3026 4141 proximum,
3049 4078 3107 4125 ut
3134 4084 3241 4125 ora
3251 4069 3387 4124 vitet
3413 4083 3664 4125 ursorum
3683 4085 3702 4120 :

2111 4162 2204 4217 ille
2229 4161 2284 4216 in
2315 4172 2528 4217 tenuem
2552 4163 2793 4231 regulam
2830 4171 3019 4219 ventre
3056 4162 3193 4235 lolii,
3223 4159 3431 4232 venire]
3478 4175 3707 4230 suspeu‘

2111 4270 2204 4310 sus
2229 4254 2418 4309 invitat
2467 4254 2800 4310 exitiabilem
2846 4254 3051 4321 feram,
3102 4261 3159 4310 et
3207 4254 3310 4314 nisi
3362 4251 3706 4323 periclitatus

2111 4347 2292 4412 fuerit,
2326 4348 2400 4401 nil
2429 4349 2571 4402 unde
2595 4349 2778 4403 vivere
2806 4349 2980 4417 possit
3017 4347 3286 4416 acquirit;
3314 4345 3453 4400 alter
3481 4358 3542 4399 se
3578 4356 3708 4411 ses-

419 4425 639 4485 homine
667 4429 807 4498 perit
830 4444 1048 4499 corpus,
1071 4439 1129 4484 et
1150 4440 1439 4503 antequam
1461 4433 1698 4489 cadaver
1717 4435 2003 4505 efﬁciatur,
2039 4436 2081 4493 ἰ)
2111 4440 2259 4493 tabili
2310 4455 2466 4495 muro
2512 4446 2805 4494 Cannarum
2835 4448 3025 4494 contra
3077 4438 3428 4493 suavissimum
3479 4434 3707 4498 animal,

420 4517 750 4572 truculenter
799 4518 1115 4573 absumitur.
1146 4518 1347 4592 Captus
1368 4537 1493 4579 esca
1525 4522 1584 4577 fit
1608 4523 1749 4580 hosti
1772 4540 1899 4591 suo,
1950 4536 2007 4581 et

418 4608 575 4663 illum
603 4608 780 4679 (proh
814 4608 1039 4681 dolori)
1069 4614 1231 4668 satiat
1257 4629 1418 4685 quem
1447 4631 1507 4672 se
1535 4617 1799 4688 perimere
1843 4633 2004 4689 posse

489 4773 529 4842 ﬁ
547 4763 783 4842 [innotuit
809 4769 985 4842 active
1011 4770 1193 4842 posuit
1213 4788 1311 4842 pro
1332 4781 1518 4828 notum
1540 4773 1684 4838 fecit,
1715 4784 1771 4830 ut
1797 4774 1852 4830 S.
1878 4776 2000 4833 Gre-

413 4836 624 4916 gorius“
645 4834 867 4904 Magnus
892 4834 1107 4916 “lib-vnn
1136 4834 1272 4916 Reg.
1292 4882 1307 4907 ,
1337 4844 1522 4898 indict.
1557 4846 1590 4897 ἓ
1620 4886 1635 4912 ,
1664 4834 1784 4915 cap.
1815 4847 1916 4901 H5
1943 4859 1998 4904 et

419 4906 538 4959 114.
573 4906 661 4960 Sic
689 4924 849 4976 supra
872 4910 1009 4965 dixit
1043 4906 1399 4968 Cassio'dOrus
1424 4906 1793 4970 innotarum-ia
1834 4916 1926 4973 lib.
1956 4936 1996 4989 ι,

419 4993 500 5030 eo.
537 4977 625 5030 2i.
668 4975 862 5030 luam.

415 4993 500 5047 ep.
537 4992 625 5031 es.
668 4992 862 5035 JURET.

493 5048 517 5086 ι)
551 5048 1009 5125 Ῡθιιιιιῇοιιθιιῃθι
1049 5053 1378 5125 spectacula,
1438 5054 1491 5109 in
1530 5055 1723 5125 quibus
1751 5057 1997 5116 homines

412 5134 535 5199 cum
562 5117 1259 5199 fe.risdeecrtabant,‘vocat
1286 5117 1468 5199 ludum
1492 5117 1766 5199 crudelem
1794 5137 1850 5183 et
1868 5146 1994 5184 san-

413 5189 712 5263 guinariam
768 5193 1134 5261 voluptatem,
1192 5195 1645 5263 quemadmodum
1704 5198 1996 5256 theatrales

416 5257 736 5339 functiones,
777 5257 1527 5339 spec'taculorumteditiones,
1559 5276 1613 5321 et
1640 5268 1744 5339 alia
1765 5268 1883 5336 ejus
1909 5283 1993 5338 ge-

414 5332 557 5408 neris
581 5367 596 5391 ,
627 5332 929 5408 voluptates
951 5334 1235 5408 appellari
1253 5346 1502 5408 constat,
1533 5338 1677 5407 quod
1706 5332 1991 5395 continuat

419 5395 672 5464 Vopiscus
720 5395 772 5476 in
800 5395 1091 5476 Aureliano
1137 5395 1568 5476 :Sequentibus
1610 5408 1799 5464 diebus
1848 5408 1989 5466 data:

412 5476 537 5551 sunt
585 5471 784 5551 populo
828 5474 1133 5551 voluptates
1181 5471 1424 5551 ludorum
1477 5479 1845 5551 scenicorum,
1874 5481 1984 5551 95

413 5536 1019 5620 ludorum'c‘ircgnsium,
1051 5547 1430 5620 venationum,
1447 5536 1986 5620 gladiatorum,'n3u'-

412 5607 652 5662 ιιιιιοιιίω.
684 5608 753 5663 Ει
774 5607 1133 5670 Tertullianus
1162 5616 1244 5671 his
1286 5607 1500 5676 verbis:
1534 5619 1666 5675 Nam
1699 5630 1755 5676 et
1791 5607 1982 5678 ciuiles

412 5678 530 5730 ista:
567 5678 803 5747 profana:
855 5686 1285 5754 spectaculorum
1313 5689 1650 5747 smcularium
1672 5692 1978 5763 voluptates

2111 4530 2260 4585 ericii
2289 4531 2581 4599 exemplo,
2630 4538 2941 4601 receptatus
2985 4529 3239 4592 includit,
3298 4527 3392 4597 qui
3429 4526 3614 4581 subito
3642 4527 3705 4578 in

2113 4628 2294 4688 tergus
2320 4618 2792 4688 suum-refugiens,
2836 4621 2989 4677 intra
3002 4636 3065 4677 se
3101 4619 3374 4675 collectus,
3408 4614 3708 4673 abaco-nm

2102 4794 2170 4853 ex
2208 4780 2369 4834 rebus
2418 4780 2519 4853 Dei
2560 4789 2830 4837 constant.
2881 4779 2974 4836 Sic
3017 4780 3331 4838 Lactantius
3384 4781 3707 4853 spectacula

2101 4849 2365 4921 damnans
2391 4893 2408 4918 ,
2435 4852 2731 4921 voluptatis
2752 4866 2885 4907 voce
2911 4866 3285 4921 saepenumero
3313 4849 3501 4909 utitur.
3538 4853 3600 4909 L.
3645 4868 3703 4920 ι,

2100 4917 2162 4973 C.
2188 4919 2256 4973 de
2292 4919 2473 5044 Speci.
2507 4917 2611 4976 LII
2640 4964 2655 4987 ,
2688 4921 2748 4976 C.
2790 4922 2858 4977 de
2907 4917 3130 4992 expens.
3166 4923 3434 4979 ludorum.
3471 4917 3707 4978 Trebel;

2101 4988 2203 5043 lius
2233 4988 2325 5044 Pol
2352 4991 2405 5044 io
2435 4992 2490 5044 in
2535 4990 2774 5044 Galienis
2801 4992 3033 5044 duobus.
3066 4992 3143 5044 Ne
3197 4994 3401 5044 diutius
3423 5037 3438 5044 -
3492 4995 3700 5044 innuit-

2101 4988 2203 5064 lius
2233 4988 2405 5046 Pollio
2435 4992 2490 5064 in
2535 4990 2774 5064 Galienis
2801 4988 3033 5047 duobus.
3066 4992 3143 5048 Ne
3197 4994 3401 5048 diutius
3423 5037 3438 5055 ,
3492 4995 3701 5064 inquit,

2100 5060 2395 5134 theatroet
2423 5063 2566 5134 circo
2595 5063 2805 5134 addicta
2837 5077 2976 5133 resp.
3016 5079 3111 5134 per
3139 5065 3490 5134 voluptatum
3525 5060 3703 5134 depe-

2100 5130 2232 5184 riret
2278 5131 2578 5186 illecebras.
2628 5130 3025 5188 Salvianus'de
3082 5130 3434 5190 Providentia
3486 5130 3701 5189 Dei'ait

2100 5199 2229 5272 nihil
2260 5215 2378 5256 esse
2398 5202 2683 5256 criminum
2712 5205 2797 5257 vel
2844 5203 3171 5271 flagitiorum
3214 5208 3360 5272 quod
3404 5222 3512 5258 non
3546 5214 3703 5258 esset

2096 5268 2151 5323 in
2199 5272 2543 5339 spectaculis,
2589 5274 2677 5327 ubi
2728 5268 2975 5327 homines
3004 5268 3378 5328 lacerarentnr
3417 5292 3542 5328 cum
3583 5277 3700 5329 eir-

2094 5342 2562 5413 cumspicientium
2599 5343 2897 5413 voluptate.
2954 5343 3091 5398 Hinc
3139 5342 3466 5399 Prudentius
3493 5356 3698 5400 contra

2092 5407 2475 5488 Syriiinaclium
2500 5453 2515 5477 ,
2548 5430 2669 5468 cum
2697 5407 3099 5482 ad'abroganda
3145 5415 3459 5485 spectacula
3512 5414 3703 5471 llono-

2090 5482 2229 5534 rium
2258 5482 2596 5538 cohortatur.

2181 5580 2459 5648 :l_‘u__mortes
2481 5585 2768 5648 miserorum
2791 5584 3044 5648 hominum
3070 5586 3330 5648 prohibeto
3346 5560 3484 5637 litari

2178 5642 2350 5693 Nullus
2374 5646 2424 5695 iu
2459 5650 2580 5695 orbe
2613 5646 2769 5707 cadat,
2796 5647 2939 5710 cujus
2958 5651 3022 5700 sit
3045 5642 3189 5711 [iteca
3217 5647 3462 5759 vgluptas.

3282 5723 3413 5759 scas.
