3988 6178
231 150 332 204 677

1529 150 1891 208 VARI‘ARUM
1930 152 2130 237 LIBER
2173 153 2231 208 Υ.

3398 152 3507 210 678

228 275 343 332 tur;
389 274 448 320 et
478 280 600 321 cum
631 279 907 335 nusquam
923 263 1232 320 discesserit
1255 308 1269 331 ,
1300 264 1417 334 ejus
1437 263 1818 334 corpusculum
1854 271 1904 328 Α
1930 265 2105 320 aliena
2152 279 2316 334 regna
2348 267 2671 333 transmitti;
2703 281 2823 337 quae
2853 282 2933 323 ne
2965 267 3122 323 vobis
3164 263 3516 320 redderentur

229 374 334 411 non
367 357 605 412 videtur.
637 356 770 410 Nam
798 356 941 412 sicut
963 356 1052 411 ille
1082 357 1332 412 veniente
1354 356 1628 412 contrario
1667 370 1827 410 revo-

230 450 379 504 lutus
414 450 475 503 in-
497 449 766 518 sphzeram
794 447 1130 501 naturalibus
1157 446 1469 502 defensatur
1492 446 1715 510 aculeis,
1751 446 1832 502 sic

232 538 337 593 iste
368 539 625 595 consutili
679 546 829 593 crate
882 538 1231 608 praecinctus,
1283 537 1550 592 munitior
1591 536 1835 591 redditur

234 631 536 701 fragilitate
561 646 892 695 cannarum;
926 630 1017 683 alii
1040 628 1244 696 tribus,
1283 637 1341 683 ut
1361 628 1432 682 ita
1453 627 1700 691 dixerim,
1725 627 1834 681 dis-

238 725 453 795 positis,
486 722 698 777 ostiolis
726 722 842 794 [alii
858 764 871 786 ,
897 718 1168 791 hostiolis]
1197 730 1441 790 paratam
1462 721 1513 775 in
1539 736 1599 775 se
1629 720 1832 774 rabiem

237 828 541 884 provocare
589 819 923 882 prmsumunt
954 811 1058 865 :rin
1088 811 1294 881 patenti
1352 826 1475 865 area
1514 810 1834 865 cancellosis

235 921 295 961 se
323 905 571 975 postibus
618 904 929 957 occidentes
959 944 973 967 ,
1017 902 1179 957 modo
1226 901 1430 967 facies,
1474 901 1637 961 modo
1684 908 1834 969 terga

238 1006 646 1063 monstrantes;
679 1004 737 1051 ut
770 995 964 1050 mirum
991 995 1061 1049 sit
1082 994 1317 1050 evadere
1343 1009 1481 1065 quos
1508 995 1581 1048 ita
1613 995 1835 1064 respicis

238 1105 337 1161 per
382 1089 604 1143 leonum
636 1101 841 1155 ungues
868 1085 1167 1155 dentesque
1195 1086 1454 1141 volitare:
1481 1086 1621 1139 alter
1636 1084 1836 1139 labenti

237 1189 359 1257 rota
389 1179 518 1236 feris
549 1176 807 1243 offertur;
831 1177 1020 1232 eadem
1057 1176 1196 1231 alter
1220 1176 1475 1245 erigitur,
1495 1184 1554 1231 ut
1582 1175 1838 1246 periculis

237 1272 540 1329 auferatur.
571 1271 662 1327 Sic
689 1271 804 1326 hinc
825 1269 1071 1325 machina
1114 1270 1181 1325 ad
1204 1269 1350 1324 infidi
1380 1270 1565 1325 mundi
1603 1270 1836 1325 formata

237 1367 585 1436 qualitatem,
616 1364 746 1418 istos
767 1378 863 1433 spe
892 1362 1123 1428 refovet,
1154 1363 1274 1418 illos
1300 1361 1495 1417 timore
1523 1359 1835 1417 discruciat:

240 1457 496 1512 omnibus
529 1464 708 1510 tamen
739 1455 996 1521 vicissim,
1021 1463 1085 1510 ut
1108 1454 1363 1524 decipere
1391 1454 1584 1523 possit,
1614 1452 1837 1508 arridet.

241 1547 490 1615 Longum
535 1556 621 1601 est
668 1562 765 1617 per
792 1554 873 1600 tot
916 1546 1282 1617 periculorum
1313 1561 1471 1601 casus
1499 1546 1839 1602 sermonibus

1932 356 2146 423 infesta,
2175 365 2359 411 nostra
2384 356 2628 412 fecerunt
2648 358 2893 412 absolute
2920 357 3237 412 certamina.
3282 357 3382 413 Ubi
3410 369 3515 432 est,

1933 449 2075 518 quod
2101 457 2250 503 tanta
2281 449 2517 504 lectione
2545 451 2818 518 saginatus
2841 491 2855 517 ,
2889 450 3024 505 alios
3068 451 3281 505 solebas
3325 450 3522 507 docere

1934 538 2002 592 de
2053 538 2341 593 moribus?
2384 539 2498 594 Hoc
2527 540 2571 595 ‘si
2620 541 2897 595 voluisses
2937 556 3059 595 cum
3106 555 3296 597 sorore
3333 550 3519 599 nostra

1932 639 2190 697 tractare,
2221 631 2406 700 utique
2433 631 2586 685 vobis
2627 646 2733 685 non
2784 636 3047 702 potuisset
3086 632 3365 688 accidere:
3394 636 3521 706 quia

1935 739 2035 779 nec
2064 724 2284 778 fratrem
2315 725 2641 793 permiserat
2666 725 2805 789 laedi,
2838 740 2935 779 nec
2962 726 3209 779 maritum
3240 725 3521 781 fecerarin

1935 814 2098 870 rebus
2123 815 2317 870 talibus
2352 815 2597 869 inveniri.
2629 814 2802 884 Atque
2832 816 2953 869 ideo
2983 830 3079 885 per
3107 816 3255 869 illum
3294 824 3361 871 et-
3377 816 3523 872 illum

1935 905 2145 973 legatos
2172 914 2386 959 nostros
2413 905 2708 960 salutantes
2732 903 3147 959 honoriﬁcentia
3173 907 3522 976 competenti,

1936 998 2170 1067 petimus
2212 1005 2269 1051 ut
2300 998 2437 1053 hanc
2482 997 2799 1067 injustitiam
2842 997 3154 1053 deliberatio
3197 1008 3376 1053 vestra
3406 1015 3525 1070 per-

1937 1095 2139 1143 tractet
2170 1106 2181 1141 :
2210 1104 2277 1143 ne
2311 1097 2590 1158 parentum
2623 1097 2922 1143 vestrorum
2952 1089 3161 1143 animus
3191 1089 3527 1145 evidentibus

1939 1182 2118 1237 causis
2163 1181 2452 1249 excitatus,
2478 1181 2681 1249 cogitet
2708 1180 2905 1249 aliquid
2930 1187 3137 1235 tentare
3165 1179 3308 1249 quod
3337 1194 3527 1249 pacem

1938 1276 2188 1332 videatur
2214 1276 2534 1344 irrumpere.
2566 1274 2814 1356 Graviter
2841 1272 3103 1343 siquidem
3128 1273 3275 1328 dolet
3313 1274 3524 1342 injuria,

1941 1384 2061 1438 qua:
2100 1369 2387 1438 contigerit
2414 1369 2717 1437 insperata;
2744 1377 2801 1422 et
2825 1367 2869 1422 si
2894 1366 3018 1420 inde
3046 1368 3330 1437 proveniat
3350 1366 3528 1433 dolus,

1941 1461 2085 1516 unde
2105 1461 2426 1516 credebatur
2447 1460 2725 1514 auxilium.
2767 1458 3020 1525 Quaedam
3051 1474 3178 1513 vero
3217 1475 3313 1528 per
3338 1460 3528 1514 harum

1943 1551 2238 1622 portitores
2272 1551 2439 1604 verbo
2468 1548 2622 1603 vobis
2670 1547 2986 1603 insinuanda
3029 1548 3423 1613 commisimus;
3471 1555 3529 1603 ut

239 1638 485 1707 evagari.
512 1635 622 1692 Sed
649 1646 776 1706 apte
799 1635 1134 1707 jungendum
1162 1644 1262 1703 est,
1292 1636 1436 1706 quod
1466 1638 1541 1691 ait
1568 1637 1636 1692 de
1656 1636 1840 1693 inferis
1873 1652 1915 1710 Β
1941 1641 2271 1696 aestimantes
2302 1640 2502 1704 omnia,
2527 1638 2656 1709 quid
2678 1638 2792 1694 fieri
2822 1638 2874 1692 in
2900 1647 3047 1691 tanta
3077 1646 3530 1707 eausa-oporteat,

241 1727 570 1783 Mantuanus
603 1746 616 1781 ε
657 1727 787 1795 Quis
813 1728 1081 1784 scelerum
1111 1727 1571 1799 comprehendere
1598 1729 1838 1785 formas?

175 1873 189 1884 ,
239 1819 365 1887 quis
389 1818 572 1874 omnia
603 1833 882 1888 poenarum
908 1834 1228 1890 percurrere
1257 1820 1476 1874 nomina
1497 1823 1667 1890 possit
1689 1819 1712 1875 ?
1732 1819 1839 1876 Sed

237 1910 418 1975 vobis,
444 1909 638 1978 quibus
667 1925 892 1966 necesse
918 1919 1003 1967 est
1031 1912 1159 1966 talia
1192 1912 1407 1982 populis
1426 1912 1704 1980 exhibere,
1733 1914 1841 1968 lar—

238 2002 410 2077 gitate
442 2018 633 2058 manus
655 2001 862 2059 fundite
892 2005 1132 2075 praemia,
1167 2014 1226 2060 ut
1254 2006 1369 2061 haec
1397 2006 1610 2061 miseris
1631 2005 1841 2063 faciatis

240 2108 363 2149 esse
392 2094 594 2147 votiva.
621 2092 835 2164 Alioqui
855 2095 1095 2150 violenta
1115 2096 1415 2166 compulsio
1443 2105 1545 2164 est,
1578 2098 1841 2154 solemnia

239 2185 387 2240 dona
416 2185 738 2242 subtrahere
766 2229 781 2255 ,
815 2196 871 2243 et
908 2197 1114 2245 mortes
1158 2190 1506 2246 detestabiles
1549 2192 1836 2263 imperare.

239 2276 310 2332 Et
359 2278 485 2333 ideo
514 2279 774 2348 quidquid
814 2280 866 2334 in
894 2280 1107 2350 longam
1138 2283 1586 2338 consuetudinem
1618 2286 1839 2356 antiqua

239 2369 572 2426 liberalitate
600 2371 866 2441 pervenit,
909 2373 1027 2427 sine
1057 2372 1235 2443 aliqua
1259 2373 1519 2430 dilatione
1556 2378 1842 2433 concedite

239 2460 569 2531 supplicanti
608 2478 620 2516 :
649 2462 774 2532 quia
821 2463 1102 2519 homicidii
1128 2474 1323 2540 reatus
1342 2475 1447 2535 est,
1476 2467 1582 2522 illis
1611 2483 1731 2523 esse
1762 2477 1842 2525 te-

245 2566 464 2617 nacem,
507 2567 645 2621 quos
671 2552 839 2607 editio
865 2562 1043 2609 vestra
1074 2555 1326 2609 invitavit
1347 2555 1415 2609 ad
1444 2566 1696 2612 mortem.
1726 2557 1842 2613 Ileu

245 2643 433 2699 mundi
463 2658 620 2698 error
651 2644 946 2701 dolendus!
981 2645 1036 2701 Si
1063 2657 1206 2715 esset
1229 2648 1368 2703 ullus
1393 2650 1661 2719 tequitatis
1690 2652 1844 2705 intui-

243 2741 362 2799 tus,
396 2742 560 2789 tanue
581 2735 780 2791 divitia:
809 2752 906 2806 pro
929 2737 1037 2792 vita
1067 2739 1377 2793 mortalium
1409 2741 1672 2796 deberent
1702 2742 1837 2808 dari,

242 2835 460 2894 quantte
489 2826 544 2880 in
571 2835 774 2884 mortes
800 2827 1080 2883 hominum
1112 2828 1363 2884 videntur
1391 2817 1623 2887 eil‘undi.‘

778 2962 1113 3020 EPISTOLA
1149 2964 1330 3020 XLIII.

313 3068 670 3109 TIANSIUNDO
698 3070 818 3110 REGI
851 3071 1218 3111 WANDALORUM
1250 3073 1614 3114 TREODORICUS
1639 3075 1764 3115 REI.

240 3145 457 3221 Laudat
501 3165 733 3221 sororem
757 3166 937 3212 suam,
983 3166 1137 3221 quam
1174 3150 1534 3205 Transmundo
1575 3153 1636 3206 in-
1659 3153 1844 3206 matri-

314 3220 552 3271 monium
572 3219 813 3283 dederat;
835 3230 885 3272 et
905 3219 1233 3291 conqueritur
1251 3222 1385 3292 quod
1411 3222 1520 3292 ipse
1542 3221 1843 3277 Gesalecum

310 3306 477 3359 regno
508 3300 717 3363 propter
744 3291 1017 3360 perfidiam
1037 3291 1544 3363 exputsumrbenigne
1564 3296 1840 3363 exceperit,

312 3370 473 3430 atque
503 3361 559 3413 in
587 3368 794 3414 exteras
824 3362 1004 3432 plagas
1034 3377 1149 3415 cum
1179 3362 1370 3415 divitiis
1401 3361 1768 3416 transmiserit.

315 3471 583 3538 Quamvis
613 3486 651 3524 a
671 3470 898 3527 diversis
938 3473 1155 3540 regibus
1184 3473 1406 3542 expetiti
1437 3489 1534 3544 pro
1561 3472 1841 3528 solidanda

243 3567 543 3622 concordia
575 3575 667 3620 aut
696 3576 885 3636 neptes
924 3567 1192 3635 dedimus,
1224 3576 1316 3621 aut
1361 3565 1515 3632 tilias,
1550 3565 1658 3621 Deo
1691 3566 1845 3621 nobis

245 3658 571 3730 inspirante,
603 3657 999 3728 conjunximus,
1033 3658 1162 3713 nulli
1195 3666 1372 3713 tamen
1391 3649 1721 3714 instituamus
1745 3673 1846 3713 nos

244 3749 449 3819 aliquid
502 3749 680 3802 simile
707 3750 1020 3815 contulisse,
1046 3765 1215 3820 quam.
1237 3750 1382 3818 quod
1407 3764 1718 3819 germanam
1750 3765 1847 3805 no-

245 3854 437 3909 stram,
486 3844 705 3912 generis
734 3844 907 3898 Amali
938 3845 1208 3915 singulare
1230 3845 1576 3913 praeconium,
1605 3854 1845 3900 vestrum

248 3935 477 3989 fecimus
508 3950 631 3988 esse
659 3934 966 4003 eonjugium
999 3952 1013 3987 :
1046 3934 1297 3989 feminam
1328 3934 1621 4004 prudentia:
1654 3944 1848 3989 vestra:

247 4039 461 4092 parem,
497 4038 621 4093 qua:
650 4040 759 4080 non
791 4034 998 4079 tantum
1030 4026 1323 4081 reverenda
1353 4041 1537 4096 regno,
1588 4036 1847 4096 quantum

246 4116 518 4172 mirabilis
542 4118 713 4185 possit
735 4131 855 4171 esse
876 4118 1125 4173 consilio.
1169 4116 1286 4172 Sed‘
1303 4126 1496 4188 stupeo
1524 4132 1622 4174 vos
1648 4118 1737 4172 his
1757 4118 1849 4173 be-

247 4207 459 4263 neficiis
491 4206 762 4275 obligatos
790 4205 1144 4274 Gesalecum,
1196 4210 1288 4278 qui
1337 4210 1545 4263 nostris
1592 4210 1846 4277 inimicis,

247 4297 372 4352 dum
404 4316 436 4351 a
468 4297 631 4355 nobis
657 4297 953 4367 foveretur,
982 4300 1269 4369 adjunctus
1289 4310 1393 4365 est,
1425 4300 1476 4353 iu
1500 4308 1733 4355 vestram
1754 4300 1851 4354 de-

1942 1732 2281 1803 provideutia
2317 1741 2497 1787 vestra
2529 1739 2797 1802 reponat:
2829 1732 2954 1800 quia
3002 1741 3223 1787 nonest
3263 1731 3379 1787 leve
3405 1747 3531 1803 pru~

1942 1826 2131 1881 dentes
2160 1826 2302 1881 viros
2324 1825 2375 1879 in
2399 1824 2549 1895 pacis
2576 1825 2871 1879 constituta
2890 1838 3138 1894 peccare;

2452 1956 2785 2012 EPISTOLA
2820 1955 3005 2011 XLIV.

2001 2066 2349 2107 TRANSMUNDO
2379 2057 2406 2087 ⁸
2430 2065 2551 2104 REGI
2577 2064 2944 2104 WANDALOBUII
2974 2063 3339 2103 THEODORICUS
3366 2064 3492 2103 REX.

1943 2142 2138 2199 Scribit
2164 2159 2219 2196 se
2244 2144 2633 2196 excusationem
2668 2140 2783 2211 ejus
2823 2140 3279 2211 purgationemque
3312 2142 3376 2195 ob
3425 2140 3529 2194 Ge-

2012 2213 2171 2267 laseci
2214 2214 2587 2281 susceptionem
2616 2210 2793 2265 libenti
2814 2280 2817 2281 ν
2836 2211 3009 2263 animo
3038 2210 3337 2280 accepisse;
3365 2221 3415 2264 et
3443 2229 3527 2265 re-

2012 2285 2168 2338 mittit
2196 2280 2409 2336 munera
2435 2281 2498 2335 ab
2527 2297 2586 2337 eo
2612 2280 2708 2336 sibi
2736 2280 2930 2334 oblata.

2013 2374 2324 2441 Ostendisti,
2353 2375 2763 2445 prudentissime
2783 2385 2989 2441 regum,
3011 2379 3130 2442 post
3150 2371 3350 2428 erroris
3369 2387 3531 2428 even-

1943 2478 2056 2524 tum
2078 2466 2414 2538 sapientibus
2434 2464 2722 2521 subvenire
2750 2478 2910 2534 posse
2938 2462 3251 2529 consilium;
3281 2479 3385 2519 nec
3398 2479 3528 2534 per-

1944 2561 2157 2616 tinaciae
2175 2560 2363 2614 vitium
2392 2573 2491 2613 vos
2517 2572 2720 2623 amare,
2752 2555 2894 2625 quod
2916 2555 3088 2610 brutis
3116 2554 3423 2610 hominibus
3451 2556 3531 2612 vi-

1941 2654 2099 2709 detur
2127 2651 2397 2707 accidere.
2430 2649 2718 2720 Obligastis
2746 2648 2983 2702 animum
3023 2663 3234 2713 meum,
3264 2656 3410 2703 tanta
3432 2664 3532 2703 vos

1944 2742 1997 2796 in
2038 2741 2233 2796 melius
2261 2739 2538 2795 celeritate
2569 2737 2847 2792 mutando.
2881 2735 3013 2789 Nam
3046 2751 3166 2790 cum
3195 2751 3291 2789 rex
3320 2736 3531 2791 satisfa-

1943 2834 2035 2899 cit,
2064 2831 2320 2902 quaalibet
2349 2830 2483 2883 dura
2505 2827 2750 2883 dissolvit
2778 2844 2791 2879 :
2826 2827 2949 2896 quia
2974 2826 3052 2881 sic
3082 2832 3164 2880 est
3190 2826 3249 2880 in
3274 2826 3531 2895 principi-

1943 2926 2045 2982 bus
2060 2925 2334 2980 humilitas
2354 2924 2610 2992 gloriosa,
2632 2919 3083 2991 quemadmodum
3106 2921 3158 2975 in
3172 2921 3532 2978 mediocribus

1866 3022 1911 3082 C
1945 3017 2133 3072 odiosa
2161 3022 2344 3086 potest
2386 3029 2503 3070 esse
2527 3013 2801 3083 jactantia.
2838 3010 3020 3081 Nuper
3056 3010 3211 3066 vobis
3236 3011 3531 3081 objecimus

1943 3105 2188 3162 Gesaleci
2204 3104 2473 3174 quondam
2490 3102 2631 3172 regis
2643 3102 2828 3159 dolosa
2840 3099 3192 3157 meditatione
3205 3101 3495 3157 discessum
3512 3120 3531 3170 ;

1942 3197 2041 3252 sed
2066 3212 2167 3252 vos
2184 3195 2476 3250 nobilitatis
2502 3203 2691 3250 vestae
2712 3206 2984 3248 memores
3003 3199 3060 3245 et
3080 3191 3320 3257 honoris,
3350 3199 3533 3246 actum

1942 3287 2021 3342 rei
2063 3285 2219 3340 nobis
2257 3285 2356 3339 sub
2384 3285 2612 3339 veritate
2640 3282 2979 3339 declarastis.
3012 3279 3164 3337 Unde
3190 3296 3300 3336 non
3326 3280 3424 3337 fuit
3452 3283 3531 3337 sic

1944 3375 2335 3446 vituperabile,
2391 3374 2663 3430 hominem
2712 3372 2816 3446 [εά.
2842 3374 2969 3439 .40.,
3012 3368 3305 3447 hominum]
3353 3377 3535 3447 pravis

1943 3467 2337 3538 suspicionibus
2363 3465 2539 3521 locum
2568 3463 2800 3531 dedisse,
2831 3474 3089 3534 quantum
3130 3464 3421 3535 gloriosum
3449 3479 3533 3523 est

1943 3560 2309 3616 dominantem
2335 3566 2442 3614 tam
2470 3557 2750 3614 celerrime
2776 3572 2835 3611 se
2876 3558 3114 3627 potuisse
3158 3572 3408 3628 purgare.
3437 3556 3532 3614 Ille

1945 3650 2091 3706 enim
2116 3649 2208 3719 qui
2235 3648 2411 3703 minus
2447 3654 2662 3718 poterat
2699 3646 2851 3715 cogi,
2877 3647 3071 3702 animas
3096 3662 3205 3703 non
3231 3663 3422 3718 passus
3450 3659 3534 3705 est

1947 3757 2148 3798 arcana
2172 3741 2398 3796 violare.
2422 3738 2524 3794 Cui
2551 3738 2695 3794 laudi
2725 3740 3166 3807 vicissitudinem,
3188 3740 3242 3795 in
3269 3756 3375 3809 qua
3404 3757 3533 3813 pos-

1947 3849 2132 3889 sumus
2156 3841 2329 3903 parte,
2371 3829 2676 3893 reddentes,
2709 3831 2971 3885 sinceram
3001 3830 3372 3901 purgationem
3402 3847 3535 3903 pura

1947 3932 2131 3979 mente
2168 3922 2527 3992 suscepimus;
2556 3920 2652 3976 sed
2691 3920 2808 3975 auri
2838 3922 3137 3977 transmissi
3162 3937 3385 3977 munera
3428 3937 3536 3976 non

1952 4027 2225 4081 tenemus;
2257 4021 2318 4069 ut
2343 4021 2400 4069 et
2424 4013 2527 4083 ipsi
2556 4011 2898 4081 mtelligatis,
2915 4028 3131 4067 causam
3157 4029 3254 4083 per
3275 4014 3539 4082 justitiam

1950 4106 2115 4165 fuisse
2143 4117 2363 4170 motam,
2393 4120 2555 4176 quam
2578 4104 2731 4159 nulla
2753 4104 2929 4174 potuit
2957 4088 3410 4159 linire‘venalitas.
3439 4104 3539 4159 Fe-

1951 4200 2123 4255 cimns
2145 4197 2360 4268 utrique
2388 4197 2607 4265 regalia.
2642 4195 2735 4251 Sic
2766 4211 2865 4251 nos
2892 4196 3263 4266 superavimus
3302 4198 3540 4268 tyranni-

1952 4307 2073 4348 catu
2096 4291 2463 4361 cupiditatem,
2487 4289 2629 4343 sicut
2646 4295 2702 4343 et
2715 4302 2817 4342 vos
2832 4289 3026 4342 vicisse
3051 4296 3540 4344 constaterrorem.

248 4388 558 4446 fensionem
586 4391 665 4445 sic
694 4390 861 4447 fuisse
880 4402 1208 4464 susceptum,
1239 4400 1297 4446 ut
1316 4393 1406 4460 qui
1437 4391 1504 4446 ad
1530 4408 1626 4447 vos
1655 4393 1855 4447 viribus
1884 4394 1931 4453 D
1960 4383 2204 4438 Redeanl
2261 4381 2330 4435 ad
2374 4379 2965 4459 cubiC“|“m‘_V¢8le
3011 4393 3233 4432 munera
3251 4416 3267 4443 ν
3311 4391 3543 4447 quorum

247 4483 567 4546 destitutus,
604 4483 950 4563 privatusque
980 4484 1210 4539 fortunis
1237 4492 1486 4547 venerat,
1538 4482 1711 4538 subita
1752 4499 1849 4554 pe-

247 4574 425 4627 cunia:
463 4573 713 4628 ubertate
740 4574 1073 4645 completus,
1106 4574 1172 4629 ad
1201 4582 1391 4642 gentes
1417 4582 1631 4629 exteras
1653 4574 1850 4644 probe-

249 4672 339 4717 tur
364 4663 754 4731 transmissus;
786 4666 878 4734 qui
902 4666 1167 4736 quamvis,
1202 4666 1314 4722 Deo
1351 4665 1575 4734 iuvante
1597 4707 1613 4735 ,
1660 4665 1855 4721 laedere

249 4755 325 4809 nil
352 4754 556 4824 possit,
585 4762 764 4810 tamen
788 4758 1024 4812 animum
1044 4764 1239 4813 vestrm
1261 4756 1602 4826 cogitationis
1621 4757 1850 4826 aperuit.

251 4846 394 4913 Quid
448 4856 768 4918 empectent
817 4859 1201 4904 extraneorum
1227 4848 1369 4918 jura,
1413 4849 1457 4903 si
1499 4849 1579 4903 sic
1622 4854 1860 4903 meretur

252 4938 543 4994 afﬁnitas?
569 4940 700 4995 Nam
731 4942 781 4996 si
818 4958 978 4997 causa
1026 4942 1407 4997 misericordia:
1453 4948 1736 5011 susceptus
1779 4946 1862 4996 est

252 5029 311 5084 in
360 5046 538 5101 regno
567 5042 767 5098 vestro,
825 5033 999 5088 teneri
1050 5034 1281 5088 debuit:
1328 5032 1373 5087 si
1405 5039 1594 5086 nostro
1642 5040 1863 5101 propter

251 5138 523 5180 excessus
566 5126 754 5195 pulsus
782 5132 865 5179 est
885 5164 899 5189 ,
933 5140 1042 5181 non
1074 5132 1388 5195 oportuerat
1414 5137 1534 5178 cum
1565 5120 1765 5176 divitiis
1795 5119 1862 5174 ad

332 5337 361 5365 ³
390 5325 475 5382 Ex
496 5325 801 5396 Nicephoro
828 5327 920 5381 lib.
962 5342 1069 5381 xvii
1102 5324 1309 5380 Ercles.
1344 5323 1573 5392 Histor.,
1605 5339 1726 5393 cap.
1760 5322 1846 5396 II.

252 5394 671 5452 Trausmunzlns
699 5397 869 5451 forma
914 5398 1110 5450 eximia
1140 5406 1196 5450 et
1221 5396 1401 5451 animo
1433 5409 1625 5463 magno
1655 5397 1752 5459 vir,
1785 5394 1851 5448 ad

254 5467 667 5523 Theodericum
721 5466 1025 5538 Gothorum
1096 5480 1276 5532 regem
1329 5466 1594 5538 legatione
1646 5467 1848 5533 inissa,

254 5538 714 5593 Amalasuntham
743 5537 860 5607 ejus
886 5551 1195 5607 germanam
1228 5538 1281 5591 in
1311 5538 1711 5592 matrimonium
1755 5550 1852 5605 pe-

263 5616 387 5679 tens
418 5608 741 5679 impetravit,
772 5619 825 5662 et
851 5617 1113 5679 pneterea
1153 5609 1298 5664 mille
1326 5609 1474 5665 dedit
1525 5616 1763 5679 armatos
1798 5611 1856 5659 et

256 5674 511 5749 quinque
552 5678 827 5733 hominum
853 5674 1068 5746 ’niillia,
1111 5692 1229 5746 qua:
1268 5680 1562 5738 satellitum
1606 5674 1854 5731 ordinem

1959 4482 2168 4528 tantum
2212 4469 2416 4527 oblatio
2462 4468 2670 4523 videtur
2716 4482 2835 4523 esse
2861 4467 3181 4542 gratissima.
3237 4466 3554 4537 Negligatur

1956 4580 2168 4628 aurum,
2199 4562 2291 4617 ubi
2331 4560 2560 4617 electum
2611 4567 2701 4615 est
2723 4559 3068 4617 conscientiae
3114 4561 3421 4630 praemium;
3445 4576 3540 4631 pa.-

1958 4657 2123 4711 tiatur
2151 4652 2443 4723 aliquando
2467 4650 2760 4721 repulsam,
2790 4650 2934 4721 quod
2964 4665 3179 4722 semper
3206 4652 3382 4707 avaris
3408 4652 3547 4720 regi-

1957 4749 2061 4806 bus
2106 4747 2426 4819 imperabat.
2473 4743 2579 4799 Eat
2631 4760 2784 4799 nunc
2823 4753 2978 4799 actus
3026 4744 3128 4799 iste
3171 4754 3273 4815 per
3312 4750 3499 4812 gentes
3530 4784 3548 4811 ,

1962 4844 2184 4898 charum
2215 4849 2495 4913 parentem
2536 4856 2643 4895 non
2688 4854 2975 4897 excusasse
3002 4839 3211 4909 culpam
3237 4879 3253 4906 ,
3300 4845 3355 4891 et
3393 4836 3549 4890 latsos

1962 4935 2173 4991 animos
2212 4934 2481 5004 respuisse
2520 4933 2833 5005 pecuniamr
2858 4931 2965 4993 Ita,
2994 4931 3143 4999 quod
3166 4943 3267 4999 per
3288 4926 3439 4981 bella
3456 4941 3550 4980 so-

1963 5027 2109 5082 lebat
2146 5025 2331 5095 qmeri,
2381 5004 2581 5078 amoris
2621 5004 2799 5079 studio
2826 5022 3157 5076 declaratum
3186 5026 3269 5074 est
3311 5015 3551 5088 potuisse

1964 5116 2257 5177 contemni.
2289 5115 2595 5186 Intelligant
2623 5124 2876 5187 parentes
2904 5113 3046 5167 tales
3073 5110 3239 5167 fuisse
3261 5110 3353 5181 qui
3373 5107 3554 5164 studio

1956 5323 2262 5394 implerent.
2295 5319 2413 5377 lloc
2432 5328 2613 5376 autem
2633 5318 2890 5394 defuncto
2919 5314 3266 5394 Hilderichus
3297 5312 3555 5394 Honorici

1956 5385 2346 5450 ex'Genserico
2397 5391 2647 5460 prognati
2691 5388 2828 5443 Illius
2854 5386 3265 5460 regnavit,__vir
3311 5385 3456 5460 mitis
3496 5394 3553 5439 et

1959 5481 2090 5528 non,
2114 5473 2175 5519 ut
2199 5464 2285 5518 hic
2308 5454 2711 5536 Transmuudus
2728 5501 2745 5527 ,
2776 5454 3005 5536 Aristius
3045 5466 3103 5536 et
3126 5454 3554 5536 Christianorum

1956 5525 2194 5590 virorum
2224 5540 2558 5603 persecutor.
2588 5530 2668 5603 Aid
2690 5525 3188 5603 hunc_Hildericum
3216 5525 3559 5582 Athalaricus

1958 5606 2146 5664 scribit
2170 5597 2307 5661 infra
2330 5601 2421 5658 lib.
2446 5617 2524 5672 ix,
2555 5602 2715 5673 epist.
2746 5598 2798 5653 1.
2818 5597 2995 5657 Fons.
