4004 6194
443 202 545 256 679

1635 193 1706 244 Μ.
1749 189 2021 244 AURELII
2058 188 2454 244 CASSIODOBI

3617 187 3714 242 680

442 307 679 364 avaritiae
705 322 898 364 causas
926 306 1028 361 sibi
1068 303 1408 374 nequiverint
1438 301 1696 356 excitare.
1735 299 1926 354 Omnia
1952 301 2029 355 si-
2057 306 2107 362 Α
2134 301 2344 355 animus
2370 301 2421 354 in
2447 298 2658 363 futuris,
2689 299 2902 368 quando
2927 300 3317 370 prasteritorum
3346 309 3719 356 cemmouetur

440 401 655 472 quidem
687 398 959 468 superavit
987 395 1246 450 affectus:
1282 402 1410 447 tunc
1450 393 1613 462 cmpit
1637 391 1830 461 petitio
1859 390 2027 457 magis

441 493 708 558 desinere,
760 488 976 557 quando
1023 486 1264 558 pulsatus
1310 484 1523 551 objecta
1574 498 1680 536 non
1709 496 1899 551 passus
1946 489 2030 535 est

441 583 728 650 abuegare.
764 579 1005 649 Recipite
1035 577 1196 646 igitur
1226 590 1444 629 munera
1477 574 1724 628 sensibus
1757 581 2026 642 suscepta,

441 690 548 728 non
582 671 842 725 manibus.
877 669 1106 723 Suavius
1145 667 1299 722 nobis
1338 665 1436 718 fuit
1474 665 1574 718 ista
1618 663 1839 717 reddere
1867 678 2029 731 quam

441 763 610 817 multo
664 761 886 829 grandia
927 761 1250 830 suscepisse.
1304 755 1491 810 Estote
1543 769 1684 809 nunc
1727 753 1794 808 ad
1837 753 2030 807 similia

441 851 602 915 cauti,
635 851 700 902 ad
725 859 952 904 ventura
994 847 1208 902 solliciti
1242 865 1254 900 :
1301 845 1423 914 quia
1464 845 1758 898 instructus
1786 841 2032 897 redditur

2136 391 2416 459 exemplis.
2449 391 2787 460 Quapropter
2829 391 2922 446 illo
2969 401 3025 446 et
3058 393 3151 446 illo
3179 392 3371 459 legatis
3414 393 3613 449 vestris
3639 408 3722 448 re-

2133 481 2421 542 deuntibus
2473 481 2780 550 plenissime
2834 481 3107 536 reddimus
3160 481 3500 536 salutationis
3560 481 3720 538 affec-

2136 580 2271 640 tum,
2303 581 2550 642 optantes
2580 581 2637 626 ut
2681 573 2994 642 sospitatem
3024 581 3260 628 vestram
3311 574 3493 627 divina
3523 589 3721 630 conce-

2135 663 2286 728 dant,
2319 662 2474 730 Cujus
2520 664 2676 718 nobis
2717 664 2926 718 animos
2969 664 3298 720 validissime
3351 665 3720 734 cognoscimus

2136 769 2254 810 esse
2283 755 2540 810 sociatos.

455 959 3699 990 ___________________________._____._________

1545 1001 1656 1096 96
1708 1034 2052 1116 LIBER
2128 1032 2620 1114 SEXTUS.

877 1219 920 1274 1.
952 1234 1196 1273 ronuUL/t
1225 1231 1579 1271 coasuurus.

509 1315 815 1370 Priscorum
849 1312 1051 1381 judicio
1081 1311 1256 1378 qualis
1284 1309 1354 1362 sit
1391 1308 1724 1372 consulatus,
1748 1309 1872 1363 hinc
1910 1323 2028 1361 om-

440 1408 566 1461 nino
594 1407 751 1459 datur
801 1402 1044 1470 intelligi,
1093 1398 1305 1469 quando
1349 1398 1487 1452 inter
1533 1398 1714 1451 mundi
1741 1398 2028 1466 dignitates

440 1497 664 1552 eximias
693 1495 840 1549 solus
870 1493 1066 1547 meruit
1094 1491 1292 1545 habere
1320 1490 1583 1560 pahnatas
1604 1498 1780 1544 vestes
1810 1499 1854 1553 ³,
1889 1503 2022 1558 quas

440 1592 662 1646 felicitas
686 1588 876 1652 dabat;
896 1585 1112 1656 praemia
1134 1581 1483 1648 vincentium,
1503 1596 1697 1634 nomen
1725 1594 2019 1656 annorum;

441 1681 812 1751 compensatio
862 1679 975 1732 sola
1040 1676 1124 1730 cui
1171 1675 1504 1729 debebantur
1563 1673 1764 1726 omnia.
1817 1653 2026 1725 Statuin

441 1773 664 1842 reipubl.
686 1772 940 1825 Roxnanac
964 1768 1064 1821 viri
1087 1766 1238 1821 fortis
1253 1765 1474 1820 dextera
1492 1767 1761 1828 tuebatur,
1785 1763 2026 1819 fortunas

441 1863 698 1921 omnium,
732 1876 794 1914 ac
825 1859 1026 1912 liberos
1077 1855 1234 1924 hujus
1276 1856 1498 1910 consilia
1539 1855 1920 1921 vindicabant;
1971 1862 2028 1909 et

441 1962 520 2007 tot
549 1952 756 2020 magnis
787 1949 984 2003 debitis
1027 1947 1142 2001 sola
1191 1954 1308 2000 erat
1355 1945 1512 2014 hujus
1541 1946 1822 1999 retributio
1852 1943 2028 2014 digni-

440 2046 580 2107 tatis,
614 2050 826 2111 reperta
860 2041 911 2092 in
942 2037 1202 2092 libertatis
1225 2043 1494 2099 ornatum,
1528 2035 1743 2088 iuventa
1773 2033 1839 2086 ad
1865 2048 2028 2103 gene-

440 2136 550 2190 rale
579 2133 848 2202 gaudium.
887 2129 992 2184 Per
1033 2129 1179 2182 illam
1213 2127 1458 2180 nimirum
1489 2134 1661 2179 status
1708 2125 1913 2194 imperii
1937 2125 2025 2193 ju-

439 2229 573 2296 giter
597 2227 786 2292 crevit,
809 2224 952 2277 illam
976 2237 1188 2291 semper
1210 2220 1337 2274 felix
1357 2218 1525 2272 Roma
1547 2218 1801 2288 suscepit,
1835 2217 2027 2271 merito

439 2319 643 2387 pridem
681 2316 815 2388 [alii,
847 2310 1086 2383 quidem]
1117 2323 1285 2380 genus
1323 2309 1622 2364 habebatur
1648 2309 1878 2381 imperii,
1908 2322 2027 2361 me-

439 2411 542 2461 rito
567 2423 726 2477 supra
748 2419 934 2460 omnes
965 2404 1108 2457 cives
1140 2410 1369 2471 poterat,
1399 2401 1492 2469 qui
1521 2401 1586 2454 ab
1611 2401 1767 2454 hoste
1797 2399 2025 2470 patriam

439 2498 788 2552 vindicabat:
822 2495 1078 2548 utilitates
1120 2493 1360 2562 publicas
1398 2493 1496 2546 sub
1543 2493 1797 2561 aequitate
1845 2491 2027 2560 dispo-

439 2604 591 2648 nens,
620 2586 706 2654 jus
727 2586 941 2640 dicebat
963 2585 1125 2638 etiam
1147 2583 1344 2652 capiti;
1375 2583 1470 2637 sed
1498 2591 1612 2636 tuto
1636 2583 1710 2635 illi
1740 2582 2024 2636 commissa

438 2686 517 2730 est
549 2684 787 2745 potestas
816 2676 982 2738 necis,
1015 2674 1106 2742 qui
1130 2672 1304 2727 fuerat
1329 2683 1516 2727 auctor
1544 2673 1748 2725 salutis.
1781 2671 1916 2727 llinc
1944 2681 2026 2725 est

439 2769 582 2838 quod
613 2769 772 2822 etiam
801 2767 972 2821 fasces
1002 2776 1164 2834 atque
1192 2781 1408 2820 secures
1429 2773 1589 2819 tanta:
1617 2764 1870 2834 potestati
1893 2779 2026 2824 pra:-

437 2869 606 2928 cepta:
633 2866 760 2912 sunt
799 2857 1010 2927 illigari,
1044 2866 1104 2910 ut
1133 2871 1255 2911 cum
1286 2855 1492 2910 tardius
1513 2854 1869 2919 solverentur,
1903 2869 2022 2907 iuo-

437 2966 551 3006 ram
581 2948 980 3004 deliberationis
1026 2947 1364 3016 acciperent,
1413 2945 1460 3000 si
1486 2945 1553 3000 de
1581 2944 1726 3000 caede
1753 2951 1846 2998 aut
1887 2959 2019 2999 nece

437 3040 666 3096 hominis
694 3038 891 3108 aliquid
919 3038 1256 3093 censuissent
1287 3053 1299 3088 :
1335 3036 1409 3089 ita
1440 3045 1498 3090 ut
1541 3051 1664 3090 cum
1695 3035 1874 3091 omnia
1904 3035 2019 3104 ejus

436 3132 774 3186 traderentur
807 3129 1048 3194 arbitrio,
1082 3143 1148 3183 ne
1195 3127 1547 3188 insolesceret
1593 3127 1792 3191 animo,
1833 3127 2020 3181 consul

437 3222 607 3276 dictus
633 3229 714 3274 est
743 3234 773 3272 a
803 3218 1152 3273 consulendo.
1186 3217 1322 3274 Hinc
1350 3227 1497 3272 tanta
1524 3218 1741 3288 largitas
1781 3216 2019 3290 proﬂue-

508 3387 531 3413 η
558 3376 633 3430 Ex
656 3377 736 3431 his
755 3375 932 3429 verbis
957 3381 1180 3444 apparet
1203 3373 1721 3446 habuisseconsules
1736 3380 2022 3442 prmtextas

435 3455 489 3500 et
519 3450 780 3517 palmatas
829 3442 1036 3510 vestes,
1052 3459 1178 3517 qua:
1215 3442 1532 3517 Capitolina:
1569 3445 1915 3517 dicebantur;
1965 3451 2022 3498 et

435 3514 554 3572 cum
599 3520 949 3586 imperatores
969 3515 1209 3586 cuipiam
1230 3515 1592 3586 consulatum
1607 3584 1613 3586 _
1631 3514 2014 3586 decreveran_t,

435 3589 500 3639 ad
531 3604 651 3641 eum
675 3583 788 3640 tale
818 3585 1016 3655 aliquid
1047 3585 1187 3638 datis
1227 3584 1417 3638 litteris
1461 3584 1802 3655 ascribebant
1833 3603 1844 3636 :
1886 3601 1903 3633 ι
1924 3583 2018 3655 ΛΤθ

435 3667 616 3710 manet
644 3653 1196 3725 Capitolia—palmata;
1235 3671 1253 3704 ι
1288 3655 1430 3725 quo_d
1460 3668 1527 3707 ex
1557 3653 1788 3725 Vopisco
1819 3653 2013 3723 probo.

439 3727 565 3780 Vide
599 3721 834 3788 Lazium,
879 3721 997 3792 cap.
1030 3722 1081 3786 4,
1113 3723 1204 3777 lib.
1229 3721 1322 3792 ix,
1373 3721 1676 3776 Comment.
1728 3721 1915 3777 Baoss.
1947 3753 2020 3764 —

435 3795 570 3850 Vide
593 3796 804 3849 Festum
835 3806 889 3848 et
919 3791 1182 3858 Servium,
1211 3791 1362 3847 Grul.
1389 3803 1444 3846 et
1470 3793 1590 3860 Cuj.
1622 3793 1756 3848 Vide
1784 3793 2017 3848 Mamer-

435 3868 602 3920 tinum
631 3867 781 3920 initio
817 3864 1143 3934 l’auegyrici,
1174 3876 1309 3934 pag.
1329 3863 1448 3934 πμ.
1470 3861 1661 3934 Junsr.

507 3937 532 3973 δ
564 3935 625 3989 L.
656 3953 746 3988 uu.
780 3933 856 3986 De
885 3931 1015 4006 offic}
1049 3931 1269 4006 consiil.,
1301 3933 1335 3986 Ι.
1365 3931 1414 3996 5,
1442 3942 1496 3986 et
1523 3933 1560 3984 l.
1585 3932 1669 4006 20.
1703 3933 2013 4006 Sirogatus,

435 4005 496 4057 de
536 4006 834 4056 manumiss.
861 4004 1051 4056 viudic.
1085 4003 1220 4056 Sunt
1248 4012 1428 4056 autem
1458 4011 1584 4056 octo
1614 4004 1702 4057 hic
1721 4003 1894 4058 obiter
1917 4005 2014 4058 ob-

433 4075 712 4137 servanda,
771 4076 800 4124 a
849 4072 1172 4126 Cassiodoro
1218 4073 1549 4142 accuratius,
1596 4089 1758 4140 quam
1789 4089 2013 4142 usquam

433 4160 464 4196 a
501 4158 772 4211 quoquam
820 4150 1005 4195 notata
1051 4141 1360 4196 consulatus
1387 4153 1699 4209 argumenta
1734 4161 1746 4195 :
1783 4143 1832 4197 1.
1863 4141 2014 4199 lastis

433 4213 562 4267 dare
585 4228 812 4273 nomen;
844 4211 898 4264 2.
934 4211 1106 4266 fasces
1135 4219 1188 4266 et
1216 4227 1431 4266 secures
1471 4213 1700 4278 habere;
1734 4214 1784 4266 '5.
1819 4211 2011 4267 mann-

2127 1215 2238 1276 bat,
2272 1221 2329 1266 ut
2373 1212 2461 1265 illa
2508 1210 2696 1264 dextra
2745 1223 2863 1278 quae
2897 1207 3216 1274 sanguinem
3245 1205 3466 1274 copiose
3515 1203 3722 1259 fuderat

2130 1304 2400 1365 hostium,
2435 1303 2554 1355 vitae
2597 1301 2855 1354 auxilium
2899 1297 3102 1352 civibus
3151 1304 3395 1350 manaret
3441 1296 3718 1363 irriguum.

2127 1395 2216 1450 Sic
2246 1409 2383 1465 quos
2413 1393 2596 1448 felices
2623 1406 2720 1460 per
2756 1389 2896 1445 bella
2949 1387 3184 1450 fecerat,
3231 1386 3408 1440 studio
3461 1385 3722 1453 largitatis

2127 1487 2394 1556 explebat.
2449 1483 2504 1538 In
2534 1489 2880 1552 augmentum
2919 1481 3055 1553 (alii,
3109 1477 3509 1548 argumentum]
3559 1478 3720 1532 etiam

2125 1578 2354 1650 publiczc.
2401 1577 2584 1645 glorizn
2634 1573 2879 1628 solvebat
2925 1569 3154 1624 famulos
3187 1567 3316 1637 jugo
3346 1569 3530 1622 servili
3559 1567 3606 1631 δ,
3633 1567 3722 1636 qui

2126 1669 2433 1724 libertatem
2459 1674 2620 1720 tantaz
2647 1664 2867 1719 dederat
2913 1660 3137 1716 civitati.
3169 1659 3274 1713 Sed
3326 1674 3467 1712 nunc
3514 1660 3723 1713 sumitis

2127 1763 2227 1817 ista
2258 1760 2482 1824 felicius,
2511 1758 2726 1826 quando
2755 1770 2853 1810 nos
2881 1753 3142 1808 habemus
3168 1753 3384 1805 labores
3413 1752 3718 1812 consulum,

2128 1859 2184 1906 et
2213 1865 2308 1904 vos
2337 1846 2531 1916 gaudia
2561 1845 2902 1912 dignitatum.
2936 1840 3191 1894 Palmata:
3230 1839 3494 1907 siquidem
3525 1848 3720 1893 vestra:

2129 1949 2328 1996 nostra:
2377 1937 2674 2007 probantur
2724 1948 2844 1988 esse
2894 1931 3166 1995 victorizn;
3227 1940 3281 1984 et
3343 1929 3720 2000 prosperrima:

2128 2027 2450 2086 conditionis
2473 2021 2668 2082 eventu
2689 2035 2734 2085 ο.
2755 2039 2851 2079 vos
2877 2023 2930 2077 in
2956 2037 3088 2093 pace
3119 2022 3503 2089 ingenuitatem
3533 2022 3722 2074 ceditis

2128 2119 2358 2184 famulis,
2407 2131 2528 2170 cum
2557 2131 2658 2170 nos
2684 2114 3031 2169 securitatem
3079 2112 3268 2166 demus
3306 2127 3402 2181 per
3441 2111 3580 2165 bella
3616 2110 3721 2164 Ro-

2129 2207 2320 2264 manis.
2368 2211 2545 2276 Atque
2572 2207 2694 2262 ideo
2725 2216 2821 2276 per
2867 2205 3012 2259 illam
3054 2204 3402 2258 indictiouem
3459 2204 3722 2258 consula-

2129 2312 2214 2357 tus
2244 2310 2295 2356 te
2323 2301 2642 2358 decoramus
2671 2297 2966 2368 insignibus
2991 2294 3042 2350 ἀ.
3074 2294 3237 2363 Pinge
3258 2303 3440 2350 vastos
3467 2295 3721 2350 humeros

2127 2395 2280 2451 vario
2309 2395 2492 2449 colore
2518 2392 2783 2462 palmatae,
2817 2389 3046 2444 validam
3073 2404 3288 2442 manum
3319 2388 3588 2442 victoriali
3617 2389 3722 2442 sci-

2128 2485 2292 2556 pione
2322 2484 2544 2538 nobilita
2568 2523 2583 2547 ,
2629 2482 2770 2541 lares
2813 2479 3059 2550 proprios
3099 2479 3262 2534 etiam
3293 2479 3494 2534 calceis
3521 2479 3721 2534 auratis

2129 2574 2409 2643 egredere,
2437 2571 2626 2626 sellam
2657 2570 2898 2626 curulem
2929 2584 3028 2638 pro
3058 2585 3152 2623 sua
3183 2567 3557 2637 magnitudine
3585 2569 3719 2621 inul-

2131 2667 2199 2721 tis
2224 2666 2480 2736 gradibus
2501 2665 2681 2720 enisus
2705 2662 2969 2728 ascende;
2999 2671 3058 2716 ut
3088 2663 3138 2715 in
3169 2662 3280 2716 otio
3301 2661 3577 2730 subjectus
3608 2677 3721 2716 me-

2128 2759 2327 2826 rearis,
2356 2755 2501 2826 quod
2548 2770 2648 2810 nos
2687 2770 2783 2824 per
2829 2755 3095 2808 maximos
3144 2753 3356 2808 labores
3401 2753 3720 2809 assumimus

2129 2850 2478 2920 imperantes.
2510 2845 2644 2902 Rem
2675 2847 3017 2902 victoriarum
3048 2845 3226 2912 agitis,
3255 2845 3345 2914 qui
3376 2845 3518 2899 bella
3549 2846 3718 2900 nesci-

2126 2942 2194 2996 tis
2227 2959 2240 2995 :
2272 2955 2392 3006 nos,
2418 2939 2640 3009 juvante
2668 2938 2801 3004 Deo,
2843 2939 3097 3006 regimus,
3143 2954 3240 2992 uos
3267 2938 3624 3002 consulimus,
3665 2948 3718 2992 et

2125 3040 2361 3088 vestrum
2392 3045 2591 3086 nomen
2613 3045 2813 3084 annum
2839 3029 3086 3096 designat
3118 3039 3163 3081 ο.
3200 3028 3420 3084 Vicistis
3462 3031 3718 3086 felicitate

2127 3125 2416 3196 principes,
2449 3124 2540 3194 qui
2561 3132 2615 3178 et
2636 3123 2871 3177 honores
2898 3137 3137 3176 summos
3163 3121 3366 3189 geritis,
3391 3132 3446 3177 et
3476 3123 3719 3178 domina-

2129 3219 2291 3274 tionis
2314 3219 2469 3272 tzedia
2499 3233 2607 3271 non
2636 3215 2862 3270 habetis.
2897 3214 3239 3285 Quapropter
3266 3216 3413 3284 erige
3438 3216 3718 3272 cunﬁden-

2128 3373 2412 3429 consilium
2454 3373 2696 3442 prebere
2736 3370 3114 3425 manumittere
3140 3369 3462 3425 volentibus.
3501 3371 3578 3426 De
3607 3372 3716 3426 cir-

2128 3445 2369 3498 censium
2418 3441 2674 3506 editione,
2728 3443 2903 3512 deque
2953 3441 3486 3506 manumissionibus,
3536 3458 3717 3511 quaea

2127 3513 2436 3568 consulibus
2476 3514 2659 3567 statim
2691 3520 2854 3580 atque
2881 3512 3250 3578 magistratum
3282 3513 3512 3566 inierant
3551 3527 3716 3581 expe-

2125 3584 2428 3646 diebantur,
2489 3583 2803 3636 Ammianus
2857 3582 3100 3651 quaedam
3157 3583 3428 3635 memoriae
3479 3584 3717 3651 prodidit

2125 3653 2216 3707 lib.
2251 3669 2378 3706 xxu.
2413 3652 2615 3706 Eodem
2648 3649 2888 3720 pertinet
2907 3649 3110 3706 Sidonii
3141 3653 3463 3722 Apollinaris
3483 3649 3717 3707 carmen

2122 3723 2174 3777 in
2203 3723 2529 3793 Panegyrico
2555 3723 2622 3793 ad
2658 3722 3024 3793 Anthemium,
3070 3723 3122 3775 in
3167 3723 3304 3787 fine,
3335 3730 3391 3777 et
3432 3723 3716 3778 Claudiani

2124 3793 2178 3848 in
2207 3793 2240 3846 4
2265 3790 2545 3849 consulatu
2577 3790 2821 3846 Honorii.
2854 3791 3038 3846 Bnoss.

2196 3864 2222 3900 ά
2253 3863 2482 3930 Insignia
2512 3863 2883 3930 magistratus,
2913 3866 3220 3930 παράσημα,
3249 3863 3424 3930 qualia
3447 3861 3713 3916 Justinia~

2196 3883 2222 3900 “
2253 3883 2482 3930 ms‘tgma
2512 3883 2883 3930 Inagtsuatus,
2913 3885 2987 3917 πα
3025 3885 3220 3924 canna,
3249 3883 3424 3930 qualia
3447 3883 3713 3916 δυδιιιιιειο

2125 3950 2254 4010 nus,
2277 3933 2474 4010 novell.
2501 3931 2588 3996 24,
2615 3934 2684 4010 de
2699 3931 2950 4010 Prauore
2982 3883 3211 4010 Pisidiae,
3234 3934 3509 4010 describit,
3539 3933 3714 4010 δὶερρςν

2122 4026 2176 4060 τε
2208 4006 2523 4081 ἐξᾳᾴργιξμρρν
2546 4008 2625 4056 καὶ
2647 4004 2878 4081 πέλεξευν,
2905 4009 2988 4081 κίιὶ
3019 4004 3254 4081 ῥάϐδους,
3283 4015 3387 4081 etc.
3415 4002 3582 4058 Fons.

2198 4085 2220 4111 ο
2252 4073 2566 4129 Nominibus
2595 4073 2876 4128 consulum
2924 4073 3154 4128 Roman.
3197 4074 3319 4127 anni
3352 4075 3714 4126 numeraban-

2123 4153 2227 4210 tur,
2271 4143 2428 4208 infra,
2482 4143 2575 4197 lib.
2607 4158 2681 4197 ιι.
2731 4157 2820 4212 ep.
2870 4142 2958 4197 29.
2990 4143 3272 4198 Justinian.
3297 4185 3313 4211 ,
3345 4145 3540 4197 novell.
3578 4143 3710 4207 105,

2122 4212 2277 4288 ὄνομα
2317 4216 2592 4288 τῷ-ἒχρρνῳ
2621 4220 2913 4288 γενήσεταί.
2945 4214 3170 4288 Seneca,
3205 4215 3294 4266 lib.
3329 4212 3709 4288 ttl,_cap.__3l,

434 4284 673 4348 mittere;
707 4283 757 4354 4.
795 4282 960 4354 vestis
998 4281 1344 4354 palmata;_5.
1389 4273 1696 4354 victorialis
1726 4284 1925 4353 scipio;
1960 4283 2014 4338 6.
2048 4295 2098 4354 ι)
2124 4273 2298 4339 ἀρἰηι
2333 4273 2532 4339 εὐὲἰιίι
2553 4273 2833 4338 duodecim
2859 4283 3048 4344 fasces,
3081 4273 3174 4338 sed
3200 4300 3304 4336 non
3335 4273 3463 4338 fecit
3491 4273 3712 4337 o'rdina;

433 4355 606 4406 aurati
651 4353 847 4417 calcei;
881 4353 932 4404 7.
977 4353 1107 4422 sella
1137 4352 1363 4418 curulis;
1406 4351 1459 4405 8.
1509 4355 1739 4422 denique
1770 4351 2016 4422 missilia,

432 4439 552 4492 qua:
600 4424 702 4477 hoc
746 4438 904 4477 versu
943 4421 1313 4490 significantur
1343 4441 1354 4475 ε
1387 4425 1453 4476 ad
1483 4424 1577 4476 has
1627 4421 1900 4490 largitates
1926 4421 2018 4478 ve?-

432 4495 610 4564 niatis,
641 4495 732 4560 qui
757 4509 849 4546 vos
871 4509 1026 4564 pares
1057 4493 1221 4548 tantis
1250 4494 1498 4564 expensis
1525 4509 1644 4547 esse
1673 4495 2013 4564 cognoscitis.

433 4563 509 4617 De
557 4565 750 4631 quibus
793 4562 934 4632 sup.,
966 4563 1058 4617 lib.
1111 4580 1166 4628 ιι,
1221 4563 1377 4631 epist.
1409 4562 1476 4628 2,
1511 4565 1733 4633 egimus.
1785 4563 2015 4633 Insignia

431 4633 828 4686 consularitatis
877 4649 942 4685 ac
994 4634 1277 4701 potestatis
1322 4633 1572 4688 dicuntur
1621 4635 1774 4688 initio
1819 4633 1911 4688 lib.
1963 4650 2016 4690 vr

431 4703 562 4757 Cod.
590 4701 790 4756 Theod.
826 4702 990 4756 FonN.

501 4773 590 4826 Sic
618 4771 885 4826 Auimian.
917 4771 1185 4838 Marcell.,
1217 4773 1310 4829 lib.
1341 4765 1494 4838 ‘un,
1525 4772 1843 4828 Mamertino
1872 4789 2004 4828 con-

429 4843 543 4896 sule
573 4842 674 4896 cal.
716 4839 982 4896 Januariis
1028 4843 1182 4896 ludos
1209 4845 1425 4910 edente,
1455 4844 1894 4898 manumittendis
1939 4859 2008 4898 ex

429 4926 580 4966 more
607 4911 837 4983 iqductis
865 4927 962 4983 per
981 4913 1366 4970 admissionum
1408 4914 1730 4983 preximum.
1760 4913 2010 4968 Claudia-

430 4997 530 5036 nus
559 4983 612 5036 in
639 4979 921 5052 Eutropio,
951 4982 1044 5036 lib.
1073 4997 1091 5036 ι
1122 5000 1136 5036 :

798 5099 1199 5162 Libertatemque
1221 5104 1442 5164 daturus,

554 5162 707 5221 Quam
734 5166 941 5210 nondum
965 5167 1164 5225 meruit,
1192 5168 1377 5214 scandit
1399 5162 1609 5214 sublime
1637 5165 1870 5214 tribunal.

401 5265 590 5342 ,__Sic
635 5267 687 5320 in
731 5267 822 5342 lib.
864 5283 919 5322 Ill
968 5266 1268 5342 H_eracliaui
1297 5269 1430 5324 Cod.
1463 5269 1730 5326 TheodOS.
1771 5271 1834 5326 de
1860 5273 2004 5342 iuﬁr.

432 5337 510 5389 his
532 5353 644 5407 quin
667 5336 758 5389 sub
791 5347 962 5407 tyran.
990 5337 1110 5392 Jun.

461 5475 472 5486 ο
505 5417 526 5444 ο
547 5406 914 5486 'Solebant’illi
943 5410 1034 5478 qui
1069 5410 1409 5486 consulatum
1438 5410 1683 5486 inierant,
1716 5412 2007 5468 manumis-

431 5477 609 5552 siones
649 5477 920 5545 expedire,
945 5477 1111 5552 servis
1140 5480 1416 5552 imponere
1461 5481 1775 5547 vindictam,
1805 5498 2007 5552 eosque

431 5545 497 5622 ad
541 5546 843 5622 libertatem
890 5545 1482 5622 perducerefldeoque
1533 5552 1729 5606 factum
1762 5545 2006 5622 puto-ut

437 5612 688 5697 Ul‘pianus
703 5617 796 5697 lib.
819 5633 856 5672 ιι
957 5616 1256 5697 oﬂicio_97
1281 5612 1616 5687 consulis,-de
1633 5612 2006 5679 maminiissio-

433 5691 590 5744 uibus
633 5691 968 5757 tractaverit,
1011 5691 1352 5761 ofﬁciumque
1380 5697 1614 5752 consulis
1643 5711 1761 5752 esse
1787 5697 2002 5766 dixerit,

2123 4355 2260 4408 rium
2302 4355 2580 4408 consulem
2615 4372 2627 4406 :
2660 4370 2689 4407 a
2720 4369 2806 4407 me
2847 4355 3112 4408 numerari
3145 4354 3315 4406 voluit
3361 4370 3582 4412 annum.
3616 4356 3713 4408 sed

2122 4426 2275 4479 deest
2303 4425 2433 4477 mihi
2462 4424 2837 4494 sacerdotium.
2871 4422 3102 4478 Pacatus
3130 4426 3500 4494 pauegyristes
3531 4423 3714 4478 Theo-

2123 4495 2278 4549 dosio
2309 4495 2517 4548 Seniori
2552 4512 2562 4545 :
2599 4493 2796 4548 Consul
2854 4495 2974 4563 quis
3023 4503 3258 4561 creatur,
3306 4493 3590 4547 habiturus
3629 4504 3713 4547 est

2120 4579 2316 4619 nomen
2348 4581 2539 4618 annus.
2573 4563 2845 4633 Apuleius,
2872 4564 3116 4633 apologia
3142 4563 3194 4627 2,
3225 4564 3288 4617 ad
3315 4564 3504 4618 Claud.
3537 4563 3713 4617 Maxi-

2122 4650 2266 4688 mum
2293 4637 2671 4704 proconsulem
2697 4653 2709 4686 :
2741 4634 2923 4702 Signa,
2953 4651 3072 4704 quae
3102 4634 3357 4702 impressa
3387 4643 3517 4687 sunt
3549 4651 3708 4687 ieco-

2113 4713 2358 4828 ‘gnosicat,
2387 4705 2635 4760 consules
2663 4703 2824 4774 legat,
2857 4703 3028 4759 annbs
3082 4714 3380 4775 computet.
3431 4704 3488 4758 lu
3536 4705 3716 4759 veteri

2134 4789 2221 4828 ani
2260 4789 2291 4828 e
2322 4792 2335 4828 :

2134 4789 2291 4844 aptae
2322 4792 2335 4828 :

2249 4907 2350 4971 :l‘er
2373 4910 2481 4971 vice
2501 4911 2585 4969 qui
2610 4921 2746 4958 sacra
2770 4909 2998 4957 discinxit
3015 4912 3175 4971 jurgia
3202 4913 3368 4960 iudex.

2237 4969 2413 5020 Consul
2439 4977 2488 5020 et
2509 4979 2696 5019 aterno
2719 4971 2967 5021 decoravit
2991 4969 3185 5022 nomine
3209 4975 3371 5022 fastos.

2190 5071 2325 5127 Hinc
2346 5072 2502 5128 edita:
2530 5072 2768 5126 rationes
2795 5086 2918 5126 cum
2947 5072 3034 5127 die
3061 5080 3118 5126 et
3157 5074 3405 5137 consule,
3443 5074 3476 5127 l.
3506 5090 3542 5137 ι,
3583 5074 3618 5127 Ι.
3652 5073 3708 5141 6,

2121 5144 2181 5198 Si
2205 5145 2316 5212 quis
2345 5159 2453 5214 ean,
2488 5141 2515 5214 §
2541 5143 2600 5197 Si
2622 5143 2846 5214 initium,
2875 5142 2935 5195 D.
2961 5141 3037 5195 De
3057 5143 3275 5214 edenda.
3308 5143 3526 5198 Libellis
3545 5159 3713 5200 accu-

2119 5222 2359 5268 satorum
2403 5213 2515 5268 dies
2564 5222 2619 5266 et
2663 5213 2910 5282 consules
2956 5213 3413 5282 exprimebantur,
3447 5216 3482 5268 l.
3518 5215 3574 5280 5,
3631 5215 3714 5268 De

2119 5299 2290 5336 aecus.
2325 5282 2494 5350 Leges
2540 5283 2682 5337 inter
2724 5281 2856 5336 Cod.
2907 5281 3318 5338 constitutiones
3359 5286 3477 5338 sine
3518 5287 3610 5339 die
3653 5295 3713 5338 cl

2119 5354 2343 5423 consule
2391 5355 2758 5422 promulgatae.
2812 5351 2882 5406 Ut
2927 5353 3056 5406 mihi
3092 5368 3198 5406 nou
3227 5356 3298 5406 sit
3325 5356 3545 5409 dubium
3573 5358 3709 5423 quin

2117 5421 2448 5494 Lactantius,
2498 5423 2588 5478 lib.
2615 5421 2717 5494 ’vi,
2750 5423 2998 5479 consules
3044 5424 3126 5478 his
3157 5425 3336 5478 verbis
3390 5421 3657 5494 intelligat
3689 5444 3706 5478 :
3761 5431 3764 5433 ’

2115 5492 2216 5559 Qui
2259 5494 2327 5548 ad
2365 5494 2643 5562 gerendos,
2677 5493 2868 5563 inquit,
2901 5493 3246 5564 magistratus
3274 5494 3398 5549 vita:
3424 5511 3532 5549 sua:
3565 5492 3710 5564 ope—

2113 5579 2228 5617 ram
2269 5573 2608 5687 conlvertunt,
2645 5573 2702 5619 ut
2727 5562 2894 5620 fastos
2922 5562 3134 5634 signent
3159 5568 3393 5622 etanuis
3419 5562 3712 5637 imponant

2113 5650 2330 5687 nomen.
2383 5648 2555 5687 ‘0RN.-

2113 5650 2330 5690 nomen.
2365 5648 2392 5687 l‘
2407 5651 2530 5689 ORN.
2551 5674 2555 5678 -
