3988 6178
287 216 381 273 681

1536 214 1894 272 VARIARUM
1935 215 2134 272 LIBER
2175 215 2257 270 Vl.

3463 215 3565 270 CR9.

283 331 416 387 tiam
464 331 662 387 mentis
693 339 834 386 tum:
863 329 1110 386 consules
1139 344 1257 386 esse
1299 331 1669 398 magnanimos
1695 330 1871 387 decet.
1907 340 1958 400 Α
1987 338 2170 393 tatem,
2197 344 2266 385 ne
2304 335 2399 384 aut
2438 343 2537 384 nos
2581 343 2767 399 parum
2806 325 3016 384 dedisse
3044 327 3345 396 videamur,
3391 336 3484 384 aut
3513 339 3568 383 tu

281 421 426 492 Opes
453 421 689 493 privatas
717 436 824 476 non
855 422 1080 488 cogites,
1111 420 1202 490 qui
1232 419 1460 490 gratiam
1486 419 1756 491 publicam
1779 419 1878 476 do-

283 511 464 566 nando
496 512 701 567 habere
744 511 1055 567 deerevisti.
1088 511 1223 566 Hinc
1263 519 1346 566 est
1372 512 1535 575 enim,
1567 511 1712 580 quod
1739 511 1876 575 alios

281 603 491 675 iudices
533 603 698 659 etiam
731 619 839 659 non
868 610 1120 672 rogantes
1148 602 1453 666 evehimus;
1485 602 1738 658 consules
1775 616 1876 656 au-

283 705 392 752 tem
423 703 707 765 sperantes
737 693 1113 749 tantummodo
1143 707 1557 764 promovemus;
1595 700 1654 746 ut
1681 691 1782 747 soli
1811 690 1876 745 ad

279 793 380 847 has
413 787 694 856 largitates
721 787 973 856 veniatis,
1001 787 1094 858 qui
1121 801 1218 842 vos
1246 800 1406 857 pares
1435 785 1598 842 tantis
1625 784 1878 856 expensis

278 895 401 936 esse
451 879 796 949 cognoscitis.
844 879 1058 948 Alioqui
1086 893 1251 935 onera
1281 887 1464 933 essent
1508 877 1718 948 potius,
1768 891 1876 931 non

279 975 539 1037 honores,
570 972 616 1027 si
658 986 822 1042 supra
853 971 994 1026 vires
1020 969 1218 1040 aliquid
1247 969 1646 1039 imponeremus
1672 967 1872 1022 invitis.

275 1063 486 1118 Fruere
527 1062 690 1132 igitur
725 1061 982 1116 decenter
1009 1060 1226 1130 optatis.
1276 1059 1374 1114 Hic
1416 1068 1498 1115 est
1525 1058 1760 1113 ambitus
1784 1056 1875 1126 qui

270 1155 568 1223 probatur.
596 1149 724 1205 Esto
745 1150 947 1204 mundo
973 1149 1173 1213 clarus,
1206 1149 1300 1205 tibi
1333 1149 1747 1220 prosperrimus,
1770 1149 1876 1203 tuis

267 1261 338 1299 au
355 1253 465 1299 tem
489 1243 726 1314 posteris
752 1239 981 1298 feliciter
1005 1241 1316 1298 imitandus.

677 1375 741 1431 ll.
771 1391 1018 1432 rosarum
1052 1384 1078 1412 ἰ
1109 1390 1478 1431 PATRICIATUS.

351 1469 409 1525 Si
443 1468 780 1540 antiquitatis
825 1468 1069 1524 ordinem
1099 1476 1500 1539 perscrutemur
1543 1466 1751 1537 origine
1793 1467 1874 1522 di-

278 1561 578 1631 gnitatum,
627 1558 976 1630 patriciorum
1009 1557 1123 1632 [Gn
1168 1570 1218 1613 et
1248 1557 1389 1630 Cuj.,
1429 1557 1765 1630 potitiorum]
1794 1558 1875 1614 fa-

275 1655 429 1709 milia
455 1651 573 1710 Jovi
597 1652 842 1710 noscitur
868 1651 1033 1709 fuisse
1058 1651 1254 1719 dicata,
1289 1660 1347 1706 ut
1367 1651 1562 1706 summi
1589 1650 1685 1707 Dei
1712 1651 1873 1722 (sicut

1983 421 2338 492 negligentius
2365 428 2586 485 tractes,
2604 418 2648 474 si
2677 429 2731 474 te
2753 419 2949 488 aliquid
2969 418 3240 475 mediocre
3265 434 3571 492 suscepisse

1982 515 2275 584 putaveris.
2311 512 2654 584 Quapropter
2687 513 2757 567 ab
2787 513 2877 567 illa
2913 513 3206 569 indictione
3232 523 3419 570 nostro
3447 531 3565 570 mu-

1981 621 2113 662 nere
2152 606 2490 673 sublevatus,
2527 604 2846 676 patriciatus
2881 604 3090 660 culmen
3127 606 3390 672 ascende,
3421 607 3566 676 quod

1983 698 2202 768 quidam
2224 697 2578 766 juridicorum
2611 705 2636 736 ο
2666 711 2697 750 a
2723 695 2965 766 patribus
2991 696 3192 751 dictum
3219 711 3338 751 esse
3381 697 3564 752 voluc-

1979 795 2126 855 runt,
2149 785 2385 842 facturus
2405 787 2583 842 omnia
2605 800 2724 857 quae
2748 793 2948 839 tantam
2973 786 3328 840 reverentiam
3349 785 3559 840 decent.

1979 878 2111 933 Nam
2157 879 2402 948 quamvis
2448 892 2643 948 magna
2690 877 2978 934 contulerit
3025 885 3208 934 nostra
3253 878 3560 945 clementia,

1978 971 2144 1026 habes
2160 971 2263 1025 adh
2271 986 2336 1026 uc
2358 971 2501 1041 quod
2512 979 2815 1040 exspectes,
2831 969 2876 1025 si
2900 977 2950 1026 te
2965 969 3311 1041 probabiliter
3333 977 3562 1025 tractare

1977 1061 2296 1117 contendas.

2261 1195 2325 1250 l-ll
2371 1212 2617 1252 FORMULA
2649 1211 2922 1252 ιτιιιεγιεοτι
2950 1212 3244 1254 Ριυετοιιιο.

2049 1287 2106 1344 Si
2137 1288 2357 1345 honoris
2385 1288 2610 1358 alicujus
2639 1297 2722 1344 est
2766 1289 2917 1357 origo
2945 1289 3259 1354 laudabilis,
3291 1288 3336 1344 si
3358 1287 3556 1342 bonum

1977 1379 2185 1434 initium
2226 1379 2574 1448 sequentibus
2601 1378 2760 1434 rebus
2808 1388 2985 1450 pot'st
3030 1379 3160 1434 dare
3198 1378 3554 1449 praeconium,

1978 1471 2070 1525 tali
2099 1479 2321 1526 auctore
2357 1470 2675 1541 praefectura
2709 1472 3030 1541 praetoriana
3074 1470 3354 1540 gloriatur,
3382 1469 3475 1540 qui
3502 1477 3558 1524 et

1976 1561 2176 1617 mundo
2215 1560 2679 1631 prudentissimus,
2720 1572 2775 1617 et
2802 1561 3072 1617 Divinitati
3103 1562 3336 1616 maxime
3363 1561 3555 1631 proba-

1977 1659 2065 1706 tur
2091 1660 2362 1722 acceptus.
2395 1651 2527 1707 Nam
2554 1668 2674 1708 cum
2706 1651 2916 1708 Pharao
2946 1668 3040 1708 rex
3063 1651 3349 1724 Egyptius
3369 1650 3435 1706 de
3463 1666 3558 1720 pe-

274 1745 565 1818 putavere)
596 1744 805 1800 cultura
834 1743 1011 1798 locum
1049 1742 1361 1812 primarium
1400 1721 1728 1812 possideret.
1765 1740 1872 1798 Sed
1904 1721 1946 1781 Β
1975 1743 2146 1798 riculo
2174 1721 2365 1799 futurae
2394 1743 2548 1801 famis
2593 1745 2842 1801 inauditis
2872 1746 3094 1803 somniis
3125 1721 3424 1814 urgeretur,
3458 1759 3557 1800 nec

275 1839 406 1908 quia
435 1853 534 1893 vos
559 1836 761 1906 aliquid
791 1835 992 1891 habere
1018 1833 1248 1890 decebat
1273 1833 1559 1901 eximium,
1590 1842 1646 1889 et
1675 1849 1871 1889 nomen

277 1930 457 2001 ipsum
478 1929 723 2000 patribus
759 1941 954 1996 magna
981 1940 1042 1981 se
1064 1925 1342 1981 vicinitate
1373 1923 1653 1995 jungehat,
1683 1939 1875 1995 super-

277 2020 506 2077 stitione
545 2018 834 2086 derelicta,
885 2016 954 2072 ad
1001 2023 1240 2072 vestrum
1269 2024 1468 2072 emtum
1515 2012 1656 2070 felici
1685 2014 1874 2070 condi-

278 2111 432 2167 tione
461 2109 729 2178 migravit,
761 2107 887 2179 quia
915 2105 1240 2178 pontiticalis
1282 2106 1398 2160 laus
1424 2105 1770 2162 conscientia:
1787 2121 1874 2161 se-

278 2201 432 2257 natui
453 2209 604 2257 recte
625 2205 845 2270 poterat
875 2197 1187 2254 convenire.
1210 2196 1301 2252 Sic
1321 2211 1388 2253 ex
1410 2195 1652 2265 augurali
1671 2195 1871 2251 familia

277 2307 436 2362 reges
462 2304 678 2362 quoque
713 2290 846 2358 legis
892 2288 1190 2357 insti.utos,
1230 2303 1339 2342 non
1381 2285 1592 2356 injuria,
1625 2287 1750 2356 quia
1779 2287 1874 2343 de-

277 2383 394 2438 cuit
420 2397 452 2435 a
483 2381 576 2437 tali
603 2380 884 2452 proposito
916 2380 1118 2445 venire,
1147 2378 1239 2449 qui
1278 2379 1490 2449 publica
1517 2385 1731 2449 poterat
1749 2378 1872 2448 jura

278 2482 538 2528 tractare.
589 2469 730 2528 Hine
773 2479 858 2527 est
883 2470 1028 2541 quod
1053 2479 1108 2526 et
1157 2470 1332 2526 honor
1379 2470 1495 2540 ipse
1521 2470 1730 2526 cinctus
1759 2478 1870 2535 est,

278 2580 406 2620 cum
436 2572 676 2632 vacaret,
708 2563 839 2618 nihil
871 2562 1265 2634 jurisdictionis
1293 2562 1520 2631 habens,
1549 2571 1606 2618 et
1627 2561 1873 2633 judican-

279 2657 351 2710 tis
374 2654 650 2726 cingulum
681 2670 789 2710 non
811 2654 1117 2725 deponens;
1143 2653 1195 2708 in
1222 2668 1331 2724 quo
1359 2651 1596 2708 felicitas
1615 2662 1874 2724 perpetua

278 2747 542 2814 nascitur,
565 2746 693 2802 dum
723 2746 1052 2804 successoris
1078 2745 1302 2802 ambitio
1328 2761 1438 2802 non
1466 2746 1705 2801 timetur.
1738 2745 1872 2800 Nam

277 2854 411 2896 mox
433 2847 495 2894 ut
519 2838 676 2894 datus
707 2837 888 2906 fuerit,
913 2839 968 2893 in
993 2838 1116 2894 vita:
1139 2845 1351 2908 tempus
1371 2837 1638 2908 reliquum
1667 2835 1874 2892 homini

279 2929 342 2986 tit
387 2945 611 2986 cernvus
653 2947 665 2984 :
715 2937 941 2986 ornatus
993 2928 1318 2997 individuus,
1372 2927 1642 2998 cingulum
1684 2927 1873 2999 fidele,

277 3021 428 3092 quod
453 3022 628 3077 nescit
664 3030 790 3077 ante
808 3021 1062 3077 deserere
1088 3035 1252 3091 quam
1280 3020 1348 3076 de
1388 3020 1587 3076 mundo
1625 3021 1872 3078 homines

277 3117 565 3185 contingat
586 3115 754 3172 exire.
779 3113 953 3170 Credo
982 3114 1050 3170 ad
1077 3113 1482 3171 similitudinem
1510 3111 1873 3184 pontificatus,

278 3207 426 3265 unde
454 3215 698 3271 venerat,
721 3219 836 3260 rem
862 3203 1029 3260 fuisse
1053 3202 1372 3271 formatam;
1399 3203 1492 3273 qui
1515 3202 1876 3259 sacerdotium

279 3317 390 3358 non
420 3301 725 3371 deponunt,
751 3299 856 3355 nisi
892 3315 1014 3356 cum
1057 3299 1184 3354 vita:
1222 3313 1448 3355 munera
1471 3299 1872 3368 derelinquunt.

281 3393 515 3449 Additur
543 3394 686 3464 quod
726 3394 873 3462 leges
902 3400 1106 3448 tantam
1155 3392 1258 3448 illis
1286 3392 1644 3449 reverentiam
1670 3391 1876 3447 detule-

280 3497 424 3552 runt,
473 3497 537 3542 ut
563 3488 618 3542 in
663 3488 833 3543 sacris
880 3487 1105 3558 positus,
1138 3501 1260 3541 cum
1301 3485 1409 3541 hoc
1458 3484 1619 3540 fuerit
1669 3485 1877 3540 honore

282 3582 632 3653 prazcinctus,
665 3587 903 3650 paternae
931 3580 1214 3651 potestatis
1241 3578 1466 3634 nexibus
1492 3585 1740 3646 exuatur,
1773 3576 1876 3632 nisi

279 3678 472 3727 contra
503 3667 809 3740 specialiter
833 3684 865 3723 a
901 3669 1140 3739 principe
1164 3658 1438 3724 caveatur.
1469 3666 1624 3734 Quod
1664 3673 1878 3722 constat

280 3763 498 3816 ratione
541 3759 805 3830 probabili
833 3760 1220 3825 constitutum,
1250 3766 1310 3814 ut
1353 3759 1443 3828 qui
1491 3758 1876 3830 amplissimum

280 3852 505 3919 genium
538 3851 788 3921 pretiosae
815 3839 1077 3906 libertatis
1097 3859 1398 3920 acceperat,
1423 3849 1729 3904 vilissimam
1751 3863 1878 3904 con-

281 3941 552 3998 ditionem
581 3957 705 3997 cum
733 3941 958 3996 subditis
987 3957 1093 3996 non
1123 3941 1366 3996 haberet.
1412 3938 1785 3995 Praefectorios
1821 3947 1876 3994 et

279 4033 514 4088 aliarum
542 4031 862 4102 dignitatum
889 4034 1034 4087 viros
1055 4032 1328 4102 praecedit,
1362 4030 1388 4070 δ
1420 4031 1510 4086 uni
1541 4039 1746 4086 tantum
1779 4044 1873 4085 ce-

280 4124 418 4181 dens
451 4122 669 4192 fulgori,
701 4138 865 4194 quem
896 4123 1162 4178 interdum
1203 4123 1365 4178 etiam
1410 4137 1440 4176 a
1482 4122 1636 4178 nobis
1663 4127 1876 4178 constat

277 4216 504 4273 assumi.
540 4213 773 4272 Proinde
801 4215 1109 4272 necessario
1134 4215 1402 4271 laudatam
1435 4215 1670 4284 intellige
1698 4212 1872 4284 digni-

349 4401 378 4431 ι
414 4391 756 4458 Patricium,
787 4406 1028 4449 summus
1054 4391 1248 4462 honos,
1279 4399 1339 4446 ut
1377 4391 1546 4456 curia,
1594 4389 1672 4462 sic
1700 4391 1870 4462 patria

274 4470 559 4548 potestate
586 4462 947 4548 liberat._llic‘,
978 4462 1090 4548 et_§
1118 4461 1299 4548 ilius.
1315 4461 1564 4548 familias,
1600 4461 1864 4548 tit.IQuib.
1901 4487 1954 4548 Β

273 4531 422 4589 inod.
441 4534 540 4604 jus
559 4543 698 4604 patr.
721 4544 828 4604 pol.
856 4534 1009 4598 solm,
1036 4531 1085 4586 Ι.’
1105 4533 1200 4604 ult.
1222 4549 1236 4598 ;
1260 4531 1325 4588 C.
1339 4531 1659 4604 perdiscat,
1687 4532 1869 4604 lib.7x;

275 4604 315 4658 l.
351 4600 476 4670 ultf,
504 4600 581 4657 De
603 4600 826 4668 consul.,
851 4604 943 4658 lib.
981 4619 1070 4658 xtt.
1094 4603 1253 4666 Cod.,
1274 4600 1429 4668 infra,
1449 4603 1541 4656 lib.
1567 4617 1678 4665 vnt,
1710 4603 1869 4672 epist.

271 4674 365 4738 2|,
397 4683 455 4745 et
486 4673 581 4745 lib.
613 4689 670 4738 x,
713 4674 870 4745 epist.
901 4673 970 4745 7._
990 4671 1164 4745 Fons.
1193 4705 1264 4745 -έ
1291 4672 1446 4745 Vide
1469 4671 1786 4745 Baronjum,
1819 4673 1873 4727 in

269 4744 652 4868 potationibus
679 4741 763 4799 ad'
775 4744 918 4800 diem
943 4742 1014 4798 29
1042 4743 1287 4813 Augusti,
1319 4743 1372 4800 in
1401 4741 1676 4814 Martyrol.
1712 4743 1870 4799 Rom.

310 4831 477 4868 URET.

310 4831 477 4870 URET.

349 4904 379 4945 δ
410 4904 666 4976 Intelligit
685 4905 1042 4966 consulatum.
1075 4905 1210 4962 Vide
1238 4903 1640 4976 Symmachum,
1673 4905 1766 4960 lib.
1799 4921 1872 4973 tv,

269 4990 366 5046 ep.
395 4976 446 5028 8.
483 4974 680 5031 Junsr.

354 5066 628 5144 f_§uidtt8,
655 5071 942 5144 τῖὀιτρίξιιος3
965 5068 991 5124 ὁ
1019 5074 1191 5144 fortsz
1220 5076 1309 5124 τοῦ
1333 5074 1497 5144 actito»)
1524 5085 1536 5120 :
1553 5065 1788 5144 justiti"
1811 5067 1868 5123 d.

354 5089 375 5106 ε
410 5089 628 5132 auratas,
655 5090 759 5125 πατ
797 5089 942 5131 Latoe.
965 5092 991 5124 ο
1019 5089 1191 5144 πατηρ
1220 5090 1309 5124 του
1333 5089 1497 5123 κοινον
1524 5089 1536 5120 :
1568 5089 1724 5122 ausu!

269 5137 306 5210 ς
344 5137 518 5193 Filius
547 5139 700 5210 (ann,
817 5138 854 5194 ι.
887 5139 984 5195 ult.
1009 5137 1071 5194 C.
1105 5137 1182 5193 De
1205 5139 1522 5195 consulibus.
1553 5136 1724 5192 FonN.

347 5228 376 5268 ἀ
401 5227 653 5302 Praefecti
685 5230 943 5299 praetorio
988 5230 1372 5302 carpentisusi
1410 5235 1558 5302 sunt,
1587 5242 1758 5302 eaque
1786 5243 1873 5284 as-

266 5300 516 5370 cendere
557 5297 829 5370 poterant,
862 5297 1110 5356 utetiam
1141 5299 1376 5370 pmfecti
1419 5297 1596 5361 Urbis,
1628 5299 1719 5369 qui
1740 5314 1870 5370 mos

266 5314 516 5358 cendere
555 5314 829 5424 gowrant,
862 5314 921 5356 ut
946 5314 1110 5356 etiam
1141 5314 1376 5370 pmtecu
1424 5314 1596 5361 Ul'DlS,
1628 5314 1719 5369 qui
1750 5314 1866 5354 mos

265 5368 550 5427 sacerdoti
594 5385 656 5426 us
695 5371 864 5426 sacris
893 5372 1191 5433 antiquitus
1215 5385 1526 5433 concessus,
1555 5377 1616 5424 ut
1641 5385 1708 5425 ex
1731 5367 1866 5424 Sue-

268 5441 433 5496 tonio
460 5439 515 5494 in
539 5438 783 5512 Claudio,
804 5456 938 5512 cap.
986 5438 1046 5494 ll
1075 5448 1308 5512 constat,
1339 5439 1498 5512 matri
1521 5447 1865 5512 carpentum,

259 5526 386 5591 quo
424 5525 526 5591 per
551 5510 755 5565 circum
784 5507 1111 5576 duceretur;
1143 5519 1208 5591 et.
1235 5507 1741 5591 iu'.Ca_|igula..cap.
1774 5507 1866 5575 15,

263 5580 439 5652 matri
459 5580 738 5652 circenses
750 5591 1173 5652 carpentumque
1195 5581 1444 5646 instituit,
1466 5594 1574 5650 quo
1596 5580 1648 5634 in
1671 5593 1866 5652 pompa

265 5649 676 5723 traduceretur.
721 5649 975 5723 Matrona
1006 5649 1221 5722 quoque
1242 5653 1426 5723 _vulgo
1450 5649 1723 5723 carpentis
1753 5657 1869 5704 ute-

271 5723 478 5779 bantur
505 5717 574 5774 ad
601 5733 777 5785 sacra,
804 5721 943 5777 sicut
971 5717 1204 5778 testatur
1230 5717 1384 5781 Ovid'.
1419 5721 1509 5778 lib.
1537 5717 1559 5774 ι’
1583 5718 1728 5775 Fast.
1769 5735 1782 5774 :

567 5811 839 5874 Parant.
887 5813 1114 5874 LXIX.

1971 1833 2233 1890 visionem
2255 1842 2456 1890 tantam
2477 1835 2772 1914 humanum
2792 1842 2974 1907 posset
2991 1837 3230 1892 revelare
3250 1835 3553 1898 consilium,

1971 1925 2170 1996 Ioseph
2194 1928 2275 1982 vir
2298 1927 2490 1983 beatus
2512 1928 2759 1984 inventus
2774 1936 2873 1992 est,
2898 1930 2989 1999 qui
3011 1937 3067 1985 et
3087 1929 3264 1984 futura
3291 1930 3558 1986 veraciter

1971 2017 2308 2088 praediceret,
2337 2027 2393 2073 et
2422 2019 2744 2088 periclitanti
2767 2020 2968 2090 populo
2989 2019 3400 2090 prudentissime
3428 2021 3556 2076 sub.

1971 2111 2200 2165 veniret.
2238 2109 2356 2180 Ipse
2381 2111 2609 2182 primum
2639 2111 2796 2180 hujus
2822 2111 3096 2180 dignitatis
3141 2111 3332 2167 infulas
3359 2125 3554 2167 conse-

1971 2201 2172 2265 cravit;
2218 2197 2244 2236 ἀ
2276 2200 2390 2270 ipse
2427 2210 2745 2272 carpentum
2789 2202 3117 2258 reverendus
3163 2201 3410 2257 ascendit
3440 2219 3454 2254 :
3485 2200 3553 2256 ad

1971 2291 2077 2348 hoc
2101 2293 2287 2361 gloriae
2315 2294 2528 2350 culmen
2550 2303 2795 2363 evectus,
2838 2307 2896 2350 ut
2939 2310 3037 2366 per
3062 2295 3379 2365 sapientiam
3423 2309 3554 2349 con-

1972 2381 2138 2438 ferret
2173 2385 2384 2454 populis
2413 2385 2558 2454 quod
2601 2394 2857 2456 przestare
2884 2401 2992 2440 non
3031 2394 3282 2456 potuerat
3311 2385 3552 2455 potentia

1972 2473 2315 2531 dominantis.
2349 2476 2429 2532 Ab
2457 2477 2548 2533 illo
2570 2493 2803 2548 namque
2832 2478 3133 2549 patriarcha
3155 2486 3210 2532 et
3233 2493 3372 2532 nunc
3399 2485 3554 2544 pater

1973 2567 2274 2639 appellatur
2317 2570 2527 2640 imperii
2559 2587 2574 2623 :
2607 2570 2783 2640 ipsum
2835 2570 3101 2640 hodieque
3143 2577 3361 2624 resonat
3390 2577 3414 2607 ο
3448 2583 3553 2622 vox

1973 2660 2255 2730 praeconis,
2289 2660 2560 2716 instruens
2583 2659 2836 2729 iudicem,
2860 2674 2929 2714 ne
2953 2674 3013 2714 se
3041 2659 3276 2729 patiatur
3304 2671 3424 2713 esse
3445 2656 3554 2711 dis-

1974 2753 2227 2809 similem.
2257 2752 2470 2820 Merito,
2503 2762 2563 2808 ut
2589 2754 2675 2810 cui
2722 2761 2873 2809 tanta
2921 2758 3160 2824 potestas
3205 2753 3380 2823 potuit
3417 2750 3552 2819 dari,

1974 2842 2248 2899 videretur
2274 2859 2488 2915 semper
2508 2845 2776 2900 subtiliter
2801 2844 3099 2902 admoneri.
3129 2841 3384 2910 Qumdam
3411 2841 3553 2897 enim

1976 2931 2100 2987 huic
2143 2931 2388 3003 dignitati
2443 2940 2499 2988 et
2547 2933 2826 2989 nobiseum
2873 2931 2998 3003 jura
3047 2930 3353 2987 communia
3407 2937 3552 2985 sunt.

1976 3022 2210 3080 Exhibet
2249 3025 2393 3081 enim
2423 3025 2540 3080 sine
2560 3025 2964 3096 praescriptione
2991 3024 3332 3094 longinquos,
3362 3036 3554 3092 magna

1905 3103 1949 3165 C
1980 3116 2279 3186 quantitate
2307 3116 2528 3172 mulctat
2550 3125 2810 3183 errantes,
2836 3115 3019 3172 fiscum
3047 3131 3148 3187 pro
3177 3130 3272 3171 sua
3293 3113 3546 3171 delibera-

1977 3205 2124 3260 tione
2152 3205 2441 3272 distribuit,
2474 3207 2782 3272 evectiones
2809 3207 2969 3263 simili
3018 3214 3286 3278 potestate
3313 3206 3554 3275 largitur,

1979 3285 2228 3352 vacantia
2257 3299 2398 3354 bona
2427 3298 2735 3368 proscribit,
2774 3298 2966 3354 delicta
2997 3299 3393 3369 provinciarum
3412 3297 3555 3367 judi-

1977 3403 2101 3442 cum
2126 3387 2298 3458 punit,
2337 3386 2354 3425 ί
2405 3389 2569 3444 verbo
2589 3389 2912 3444 sententiam
2938 3387 3086 3444 dicit.
3118 3387 3254 3454 Quid
3285 3396 3388 3454 est,
3414 3386 3556 3457 quod

1979 3491 2086 3532 non
2109 3477 2306 3532 habeat
2334 3478 2703 3543 commissum,
2737 3477 2890 3548 cujus
2915 3487 2996 3534 est
3023 3478 3108 3533 vel
3139 3479 3250 3547 ipse
3272 3493 3450 3534 sermo
3473 3477 3557 3546 ju-

1976 3566 2214 3622 dicium?
2239 3566 2384 3623 Pene
2430 3577 2513 3624 est
2559 3578 2618 3622 ut
2658 3567 2804 3636 leges
2841 3567 3011 3638 possit
3057 3567 3312 3631 condere,
3344 3566 3558 3637 quando

1977 3657 2094 3727 ejus
2107 3657 2413 3712 reverentia
2435 3665 2614 3728 potest
2633 3657 2847 3727 negotia
2870 3657 2986 3712 sine
3008 3656 3365 3726 appellatione
3383 3654 3556 3710 ﬁnire.

1979 3747 2253 3816 Ingressus
2303 3744 2568 3802 Palatium
2613 3754 2794 3802 nostra
2841 3745 3228 3802 consuetudine
3254 3743 3558 3815 frequenter

1979 3840 2266 3906 adoratur;
2299 3847 2354 3893 et
2391 3839 2499 3894 tale
2535 3835 2772 3893 ofﬁcium
2829 3851 3031 3893 morem
3078 3836 3289 3890 videtur
3327 3835 3556 3898 solvere,

1977 3931 2123 4002 quod
2152 3933 2288 3988 alios
2317 3933 2492 4004 potuit
2518 3946 2794 3987 accusare.
2828 3930 3102 3986 Potestate
3132 3930 3292 3998 igitur
3317 3928 3459 3984 nulla
3489 3926 3562 3982 di-

1977 4024 2152 4092 gnitas
2181 4033 2264 4078 est
2300 4022 2540 4093 aequalis.
2585 4022 2715 4078 Vice
2751 4037 2906 4078 sacra
2943 4021 3143 4090 ubique
3181 4019 3405 4090 judicat.
3451 4020 3561 4091 98

1978 4113 2166 4169 Nullus
2213 4113 2262 4168 ei
2303 4113 2456 4167 miles
2498 4110 2567 4166 de
2613 4110 2714 4166 fori
2742 4110 2824 4165 sui
2855 4109 3178 4164 auctoritate
3223 4108 3558 4179 praescribit,

1976 4212 2205 4275 excepto
2230 4202 2443 4260 olliciali
2465 4200 2704 4270 magistri
2734 4200 2960 4256 militum
2994 4218 3006 4253 :
3039 4198 3224 4262 credo,
3254 4206 3313 4254 ut
3343 4198 3428 4255 vel
3457 4199 3560 4254 illis

2066 4379 2187 4442 Nam
2211 4380 2344 4442 prius
2362 4376 2796 4442 Ausoniasmatres
2818 4376 3048 4442 carpenta
3074 4371 3353 4432 vehebant;

2127 4436 2246 4492 Hte'c
2267 4452 2463 4502 quoque
2487 4439 2548 4487 ab
2574 4436 2781 4486 Evandri
2803 4438 2930 4485 dicta
2956 4442 3161 4497 parente
3184 4447 3319 4484 reor.

1978 4524 2072 4582 sed
2095 4532 2281 4595 postea
2297 4522 2394 4595 hic
2420 4521 2615 4595 mosin
2644 4518 3057 4595 desuetudinem
3078 4518 3230 4595 abiit.
3257 4517 3445 4595 Baoss.

2054 4605 2078 4634 °
2097 4589 2248 4650 infra
2271 4594 2362 4648 lib.
2382 4609 2454 4656 ιι,
2474 4593 2630 4662 epist.
2659 4589 2713 4656 '5,
2737 4604 2856 4662 qua}
2876 4589 3159 4662 in_judiciis
3175 4598 3286 4644 tum
3307 4590 3554 4660 publicis,

1980 4675 2093 4722 tum
2118 4665 2360 4736 privatis,
2405 4659 2780 4736 adhibebatur.
2918 4660 2976 4736 2,
3009 4659 3085 4736 D_e
3117 4659 3556 4736 jitr_._inimunit_.;

1980 4737 2017 4808 l.
2043 4729 2191 4808 per-1.,
2213 4734 2469 4808 Deinteg.
2494 4734 2692 4808 (cuit;
2724 4731 2760 4785 l.
2787 4731 2909 4808 ult,
3025 4729 3104 4808 pe
3120 4729 3285 4803 feriis.
3309 4730 3554 4808 Quintil.,

1979 4799 2073 4862 lib.
2104 4799 2187 4875 vr,
2206 4822 2257 4862 c.
2280 4805 2342 4871 4;
2371 4799 2598 4875 Euseb._,
2623 4801 2715 4875 lib.
2736 4817 2794 4875 Arv
2821 4799 2965 4875 Eccl.
2990 4799 3139 4875 hist.,
3161 4815 3277 4875 cap.
3305 4799 3557 4875 l5._Aga-

1981 4879 2124 4933 thias
2147 4869 2401 4947 judicium
2433 4873 2529 4947 abs
2543 4869 2858 4947 _Justiniano
2873 4871 3189 4947 institutum
3227 4869 3554 4947 describens,

1980 4947 2072 5003 lib.
2106 4937 2166 5002 tv'
2182 4947 2249 5003 de
2274 4947 2415 5001 bello
2436 4944 2690 5009 Gothico,
2721 4942 2797 4997 ait
2829 4959 2842 4995 :
2871 4940 3143 4997 lnstruens
3164 4939 3419 5009 judicetn.
3452 4937 3559 5009 Do.

1983 5027 2141 5074 natus
2169 5019 2222 5072 in
2253 5015 2630 5072 Terentianam
2656 5007 3057 5076 Phormionem,
3087 5017 3192 5064 act.
3220 5007 3270 5073 l,
3301 5023 3461 5062 scena
3490 5008 3554 5072 2;

1983 5087 2334 5166 Demosthen.
2361 5101 2461 5156 pro
2489 5081 2836 5166 Qtesiphonte
2850 5097 2870 5166 I;
2901 5079 3171 5166 huciangs
3279 5076 3367 5132 Bis
3396 5091 3555 5134 accu-

1982 5167 2102 5214 sato
2129 5175 2140 5210 :
2171 5171 2274 5226 qua
2305 5147 2381 5211 de'
2401 5171 2459 5211 re
2485 5153 2617 5210 alias
2640 5147 2786 5208 forte
2812 5150 3072 5222 pluribus.
3106 5147 3269 5203 Fons.

2058 5227 2074 5266 ί
2104 5226 2248 5282 inter
2263 5224 2381 5296 jura
2402 5233 2458 5281 et
2470 5218 3288 5296 potestatispraefecti‘prgtoijo
3309 5217 3556 5286 insignia,

1981 5312 2052 5352 ne
2079 5312 2143 5352 ex
2173 5286 2374 5365 scripto
2399 5286 2905 5365 sententiamtérat,
2937 5288 2976 5365 l_._
3006 5286 3062 5356 2',
3102 5286 3162 5344 C.
3198 5286 3280 5342 De
3330 5297 3462 5342 sent.
3488 5305 3558 5365 ρει

1981 5368 2166 5422 brevic.
2201 5357 2344 5420 recit.
2387 5364 2541 5432 Quod
2564 5362 2773 5432 ceteris
2797 5359 3062 5432 judicibus
3090 5372 3196 5432 non
3224 5366 3306 5413 est
3335 5357 3558 5432 permis-

1971 5453 2112 5504 sum,
2138 5435 2228 5506 qui
2260 5450 2329 5490 ex
2358 5427 2553 5506 tabella
2585 5427 3272 5506 litigantibusserltentiam
3300 5427 3554 5506 edebam.

1972 5495 2362 5578 Symmachus,
2390 5505 2483 5578 lib.
2533 5519 2571 5569 ι,
2593 5495 2757 5578 epist.
2785 5498 2885 5578 27_;
2917 5499 2954 5578 l_.
3009 5497 3110 5565 ὄις
3153 5498 3192 5578 l.
3221 5497 3344 5578 ult.,
3481 5495 3558 5578 ρο

1972 5566 2136 5646 ρὶωᾶ.
2170 5566 2385 5646 ἀεσηζΙ.
2420 5566 2652 5646 μιμεῖ
2683 5569 2758 5624 De
2785 5571 3008 5646 princip.
3039 5575 3212 5646 agent.
3230 5566 3488 5646 _iu_reb.;
3517 5567 3561 5621 l.

1977 5636 2042 5702 'In
2069 5647 2257 5712 sacris,
2286 5644 2350 5698 ϐ.
2413 5642 2486 5699 De
2527 5636 2677 5714 prox.
2709 5636 2850 5714 mer.
2875 5636 3189 5702 scriu.,'l2.
3229 5636 3570 5714 Sed_oppor-

1975 5715 2190 5775 tuniore
2209 5705 2496 5785 aliquando
2527 5705 2646 5770 loco
2675 5726 2774 5766 nos
2803 5709 2853 5766 id
2875 5723 3286 5780 prosequemur.
3319 5705 3562 5764 reas“.

3086 5798 3166 5860 22
