3988 6178
417 261 520 318 633

422 463 564 521 bella
591 471 844 519 tractare.
873 461 1112 518 Curiales
1140 460 1301 515 etiam
1330 460 1596 524 verberat,
1627 461 1716 528 qui
1742 460 1994 530 appellati

422 560 552 609 sunt
581 551 785 620 legibus
814 551 989 605 minor
1014 560 1251 607 senatus.
1274 548 1333 603 1n
1360 547 1538 604 ofﬁcio
1566 563 1664 603 suo
1685 549 1773 618 jus
1801 549 1996 605 retinet

423 642 711 711 singulare,
742 648 797 695 et
823 639 1014 695 talibus
1043 641 1313 710 tantisque
1341 639 1580 695 noscitur
1611 638 1818 708 jubere,
1859 652 1996 708 quos

423 735 586 789 etiam
615 731 1006 802 provinciarum
1052 746 1159 786 non
1199 730 1432 785 audeant
1473 728 1674 799 iudices
1720 729 1772 783 in
1819 728 1997 796 aliqua

427 830 580 892 parte
608 829 970 878 contemnere.
1000 818 1243 876 Ofﬁcium
1273 820 1432 890 plane
1456 820 1753 888 geniatum,
1782 817 1994 884 efﬁcax,

425 915 765 980 instructum,
798 919 852 966 et
880 919 993 967 tota
1022 911 1183 966 animi
1215 910 1466 966 ﬁrmitate
1491 909 1873 980 praevalidum;
1905 907 1998 979 qui

425 1006 505 1061 sic
527 1013 786 1074 peragent
809 1003 979 1071 iussa,
1029 1010 1088 1058 ut
1132 1001 1292 1056 nullis
1331 1009 1610 1056 morentur
1655 999 2000 1054 dilationibus

426 1076 708 1164 imperata.
741 1091 924 1145 Militia
963 1090 1259 1160 perfunctis
1284 1089 1617 1144 tribunorum
1665 1097 1722 1143 et
1759 1088 1998 1142 notario-

428 1200 544 1239 rum
576 1183 833 1237 honorem
865 1181 1083 1245 tribuit;
1113 1188 1168 1234 et
1207 1180 1401 1234 milites
1428 1193 1554 1233 suos
1582 1178 1685 1232 illis
1729 1185 1997 1246 exaequat,

427 1275 516 1344 qui
550 1275 688 1326 inter
713 1285 964 1341 proceres
1004 1269 1155 1324 mixti
1184 1269 1383 1323 nostris
1410 1266 1786 1336 conspectibus
1813 1263 1929 1338 [Gn
1952 1274 2002 1319 et

429 1364 570 1434 Cuj.,
595 1359 947 1432 jussionibus]
980 1359 1368 1420 obsecundant.
1413 1366 1438 1396 ⁸
1483 1356 1768 1412 Gratanter
1809 1354 2002 1426 imple-

401 1470 547 1525 ‘mus
598 1467 718 1522 quae
744 1451 833 1506 ille
860 1451 1168 1516 constituit;
1199 1448 1352 1518 cujus
1380 1449 1680 1504 reverentia
1720 1455 1773 1503 et
1801 1463 1900 1503 nos
1931 1448 2003 1502 ita

427 1543 856 1612 constringimur,
879 1550 940 1597 ut
959 1542 1075 1599 sine
1094 1540 1426 1596 dubitatione
1446 1538 1702 1594 faciamus
1721 1552 1838 1608 quae
1858 1537 2002 1592 illum

427 1636 733 1691 decrevisse
761 1633 1157 1702 cognoscimus.
1189 1629 1307 1686 Non
1349 1629 1637 1693 immerito,
1665 1626 1881 1698 quando
1911 1627 2031 1697 pa-'

1633 257 1703 312 Μ.
1745 256 2014 316 AURELII
2053 254 2446 313 CASSIODORI

422 371 622 443 aliquid
643 371 929 442 antiquitas
957 371 1192 435 cederet,
1213 368 1305 439 qui
1329 365 1656 423 videbantur
1676 383 1779 440 pro
1805 368 1990 438 repub.
2022 373 2069 430 Α

3555 254 3649 311 (ὶδῶ

2348 366 2439 421 ιν.
2473 381 2717 422 vouuuu
2747 383 3123 423 ιιιιιεῖεετυωε
3153 381 3392 422 υιιιωω.

2163 455 2298 513 Cum
2340 457 2409 513 de
2454 457 2712 526 dignitate
2753 459 3036 514 commissa
3082 458 3200 513 laus
3237 471 3452 528 semper
3473 456 3655 526 iudicis

2093 547 2408 614 tes-timetur,
2459 555 2514 602 et
2558 548 2736 617 potior
2779 547 3057 603 habendus
3099 557 3184 604 est
3230 562 3392 618 quam
3437 547 3547 603 sint
3589 549 3657 605 illi

2094 639 2288 709 quibus
2332 654 2562 709 praeesse
2597 640 2959 706 cognoscitur,
2998 655 3160 695 nemo
3197 639 3425 707 amplius
3459 638 3659 694 videtur

2096 730 2228 798 erigi
2268 744 2429 798 quam
2471 730 2557 785 cui
2602 730 2778 800 potuit
2807 729 2978 784 Roma
3006 731 3286 785 committi.
3332 728 3545 784 Grande
3585 738 3660 784 est

2095 821 2311 890 quidem
2338 835 2621 889 procerem
2649 836 2797 888 esse,
2838 821 2935 876 sed
2963 823 3131 876 multo
3158 822 3410 889 grandius
3434 821 3502 876 de
3538 836 3659 890 pro-

2097 913 2312 970 ceribus
2343 913 2604 981 judicare.
2656 913 2683 951 ι)
2733 912 2964 969 Senatus
3010 913 3098 968 ille
3143 913 3373 968 mirabili
3421 913 3663 983 opinione

2097 1002 2362 1071 gloriosus
2390 1003 2644 1072 probatur
2670 1002 2868 1057 habere
2914 1003 3226 1072 praesulem,
3254 1017 3413 1071 quem
3443 1001 3663 1055 mundus

2097 1094 2320 1164 suscipit
2350 1095 2470 1162 jura
2509 1093 2849 1148 condentem.
2879 1092 3067 1162 quue
3097 1092 3152 1146 ﬁt
3181 1100 3237 1147 ut
3267 1092 3343 1146 illi
3374 1099 3590 1145 utantur
3615 1090 3665 1144 in

2099 1192 2288 1240 senatu
2317 1190 2586 1252 potestate
2613 1181 2873 1252 perfecta,
2905 1184 2997 1252 qui
3027 1183 3164 1252 apud
3212 1191 3266 1238 te
3291 1182 3564 1252 trepidant
3589 1181 3664 1236 di-

2100 1289 2226 1331 cere
2265 1275 2508 1345 proprias
2537 1289 2745 1330 causas.
2777 1274 2974 1329 Verum
3005 1275 3117 1330 haec
3154 1289 3368 1344 quoque
3413 1273 3668 1328 modestia

2101 1363 2448 1432 cognoscitur
2492 1376 2612 1416 esse
2639 1361 3012 1431 praedicanda;
3044 1368 3105 1415 nt
3134 1369 3322 1430 optent
3367 1361 3494 1433 [ed.,
3551 1358 3667 1413 Nic.

2101 1460 2150 1506 et
2191 1450 2315 1519 6a.,
2345 1448 2643 1521 oporteret]
2692 1465 2752 1506 se
2794 1450 3002 1519 legibus
3040 1449 3245 1518 teneri,
3294 1465 3413 1519 quae
3451 1450 3521 1504 ab
3552 1449 3672 1520 ipsis

2101 1541 2348 1598 sciuntur
2372 1556 2534 1612 posse
2573 1541 2846 1597 constitui.
2876 1540 3006 1609 Qum
3047 1558 3136 1598 res
3177 1558 3278 1613 pro
3325 1552 3477 1613 parte
3525 1543 3674 1599 nobis

2103 1634 2348 1689 absolute
2377 1633 2675 1688 communis
2703 1641 2785 1688 est
2815 1652 2828 1687 :
2859 1633 2951 1688 sed
2972 1634 3072 1688 hac
3099 1633 3216 1690 sola
3244 1634 3453 1689 ratione
3472 1633 3674 1689 discre-

427 1729 613 1784 latium
657 1741 753 1783 sua
802 1725 1111 1796 provisione
1137 1729 1422 1790 sustentat,
1465 1722 1821 1780 servientibus
1849 1721 2003 1777 nobis
2034 1745 2080 1806 B
2105 1723 2164 1787 ti,
2193 1722 2336 1791 quod
2365 1721 2519 1776 alteri
2560 1721 2712 1776 subdi
2741 1738 2847 1778 non
2875 1737 3179 1792 possumus,
3221 1724 3310 1791 qui
3335 1723 3550 1792 indices
3574 1740 3676 1779 non

428 1825 684 1890 procurat
741 1830 1022 1880 annonas,
1073 1813 1431 1868 humanitates
1475 1827 1692 1882 quoque
1734 1811 2002 1882 iudicibus

427 1909 559 1979 ipsis
587 1905 732 1973 facit,
765 1905 970 1975 legatos
995 1903 1231 1973 gentium
1262 1917 1487 1957 voraces
1507 1902 1688 1972 explet
1714 1900 2007 1957 ordinatio-

419 1998 585 2052 .nibus
622 1997 761 2064 suis,
809 2003 865 2049 et
904 1995 1028 2049 licet
1066 1994 1182 2047 alia:
1227 1992 1515 2062 dignitates
1559 1992 1794 2048 habeant
1821 1991 2005 2048 titulos

428 2088 756 2160 prmlinitos,
801 2085 867 2140 ab
910 2085 1009 2139 ista
1036 2091 1206 2138 totum
1236 2097 1374 2153 pene
1417 2081 1638 2151 geritur,
1667 2081 1922 2152 quidquid
1950 2082 2004 2137 in

429 2179 654 2250 imperio
680 2184 864 2234 nostro
891 2175 1139 2246 aequabili
1165 2173 1534 2230 moderatione
1554 2180 1832 2228 tractatur.
1854 2171 2006 2230 Hanc

429 2275 660 2342 denique
727 2284 975 2327 curarum
1031 2266 1270 2323 omnium
1340 2265 1754 2337 pulcherrimam
1807 2264 2006 2320 molem

430 2365 597 2436 (quod
634 2376 947 2434 prosperum
973 2358 1146 2424 nobis,
1179 2358 1308 2414 utile
1351 2356 1658 2427 reipublicae
1687 2354 1778 2426 sit)
1808 2355 1876 2410 ab
1916 2349 2012 2410 illa

430 2456 720 2511 indictione
742 2453 845 2508 tuis
873 2450 1112 2506 humeris
1151 2449 1409 2504 decenter
1447 2447 1806 2517 imponimus;
1845 2459 2006 2516 quam

431 2554 485 2600 tu
517 2553 573 2600 et
601 2543 797 2613 ingenii
826 2541 1023 2596 virtute
1061 2540 1362 2606 sustineas,
1396 2547 1450 2593 et
1476 2553 1683 2592 summa
1725 2537 1830 2592 fide
1865 2546 2009 2593 trac-

431 2645 548 2692 tare
575 2632 895 2690 contendas.
919 2631 1049 2698 Qua:
1073 2638 1335 2700 quantum
1362 2630 1589 2686 diversis
1632 2628 2007 2684 sollicitudini-

431 2728 531 2783 bus
569 2723 973 2793 constringitur,
1022 2729 1174 2777 tanto
1213 2721 1383 2790 magis
1428 2721 1613 2776 laudes
1654 2720 2006 2790 amplissimas

431 2818 662 2888 dignitas
685 2815 801 2871 haec
829 2813 1140 2883 triumphat.
1163 2810 1229 2866 Et
1245 2811 1365 2866 ideo
1388 2818 1594 2865 tantum
1623 2811 1802 2866 lumen
1824 2811 2006 2880 gloriae

433 2909 492 2964 ﬁt
519 2905 822 2964 actionibus
842 2903 1055 2970 vestris,
1086 2910 1147 2957 ut
1173 2909 1229 2957 et
1257 2901 1308 2954 in
1341 2900 1540 2971 palatio
1570 2908 1757 2956 nostro
1783 2899 2003 2970 fulgeat,

433 3012 489 3060 et
527 3001 578 3057 in
611 2997 1007 3072 provinciarum
1049 2994 1440 3064 longinquitate
1468 2994 1725 3049 reluceat.
1777 2994 1882 3050 Par
1911 2996 2005 3051 tibi

2103 1814 2382 1870 habemus.
2433 1813 2658 1882 ReSpice
2706 1821 2785 1868 tot
2837 1813 3026 1869 doctos
3074 1815 3238 1880 viros,
3291 1823 3346 1869 et
3395 1815 3677 1871 considera

2101 1904 2261 1974 quale
2290 1904 2361 1960 sit
2383 1903 2464 1957 bis
2491 1903 2691 1972 aliquid
2719 1903 2922 1970 dicere,
2951 1918 3051 1959 nec
3075 1905 3272 1959 erroris
3295 1905 3679 1958 verecundiam

2101 1996 2411 2052 formidare.
2442 1995 2519 2051 De
2545 1996 2740 2051 talibus
2779 1995 3066 2067 disceptas,
3113 2011 3248 2066 quos
3275 1996 3368 2050 tibi
3396 1997 3682 2064 cognoscis

2103 2103 2224 2144 esse
2249 2088 2509 2158 potiores.
2532 2088 2621 2142 Sic
2647 2102 2776 2157 ergo
2797 2087 2973 2142 locum
3005 2097 3154 2142 tuum
3183 2097 3372 2154 tracta,
3405 2096 3465 2143 ut
3496 2103 3682 2144 omnes

2105 2187 2160 2236 te
2181 2179 2415 2249 iudicem
2444 2178 2720 2234 honorata:
2745 2179 3179 2248 congregationis
3199 2187 3524 2248 agnoscant.
3547 2177 3685 2234 Con-

2104 2269 2248 2326 sides
2295 2283 2455 2339 supra
2500 2283 2687 2323 omnes
2733 2269 2940 2324 scilicet
2970 2269 3286 2324 consulares
3318 2285 3332 2323 :
3362 2269 3687 2324 sententiam

2104 2362 2310 2433 primus
2352 2360 2521 2427 dicis;
2576 2369 2628 2416 et
2669 2361 2723 2414 in
2770 2360 2860 2415 illa
2906 2359 3166 2416 libertatis
3211 2361 3332 2415 aula
3356 2361 3688 2416 reverendus

2107 2452 2380 2523 aspiceris,
2415 2451 2465 2506 in
2487 2467 2592 2521 qua
2619 2451 2936 2507 commissos
2962 2451 3163 2507 habere
3190 2453 3372 2507 mundi
3399 2454 3690 2522 primarios

2105 2541 2440 2612 approbaris.
2470 2540 2600 2608 Quis
2622 2540 2733 2610 iam
2763 2541 2830 2596 de
2854 2542 3084 2597 obscuro
3111 2543 3244 2598 vitio
3292 2542 3410 2617 [Gr.
3465 2553 3520 2599 et
3574 2543 3687 2615 Cuj.

2107 2632 2280 2688 delent
2319 2632 2416 2686 hoc
2454 2630 2664 2703 nenten]
2710 2632 2947 2700 cogitare
2975 2633 3163 2703 possit,
3195 2634 3284 2702 qui
3311 2649 3373 2688 se
3399 2635 3556 2690 inter
3581 2650 3696 2689 mo-

2106 2740 2224 2780 rum
2246 2724 2446 2779 lumina
2467 2730 2547 2778 tot
2574 2737 2694 2778 esse
2729 2724 3040 2791 cognoscit?
3073 2723 3163 2779 Vis
3191 2724 3368 2779 odium
3411 2741 3535 2782 non
3564 2725 3698 2780 reci-

2106 2818 2272 2888 pere?
2298 2813 2542 2871 Studium
2569 2830 2599 2869 a
2623 2823 2676 2870 te
2701 2814 3105 2885 gratiﬁcationis
3125 2815 3372 2870 exclude.
3405 2816 3696 2872 Publicum

2105 2922 2345 2962 amorem
2366 2921 2585 2961 necesse
2609 2914 2693 2961 est
2708 2905 2922 2971 habeas,
2945 2905 2989 2960 si
3011 2906 3269 2962 secretius
3286 2905 3358 2960 nil
3384 2908 3694 2976 promittas.

2106 2995 2224 3051 Erit
2260 2996 2513 3051 nimirum
2558 3009 2841 3064 magnum,
2889 3004 2945 3050 et
2971 2995 3241 3064 singulare
3266 2997 3628 3065 przeconium,
3654 2996 3698 3050 si

431 3096 502 3150 sit
547 3108 668 3149 cum
712 3097 982 3162 potestate
1011 3086 1294 3159 prudentia
1327 3103 1340 3140 :
1373 3087 1715 3142 conscientiae
1743 3095 1847 3143 tuae
1873 3103 2006 3158 qua—
2031 3113 2075 3175 ρ
2102 3087 2310 3158 judices
2345 3103 2450 3142 non
2498 3087 2796 3156 accipiant,
2820 3088 2910 3142 ubi
2955 3095 3112 3156 sunt,
3164 3089 3258 3157 qui
3284 3089 3525 3144 multum
3573 3089 3699 3143 dare

434 3187 648 3242 drifaria
695 3185 866 3238 virtus
915 3181 1165 3238 assideat.
1223 3178 1476 3234 Tribunal
1527 3186 1676 3233 tuum
1730 3179 1850 3234 ideo
1893 3188 2003 3234 tam

436 3275 704 3332 excelsum
733 3272 927 3328 factum
959 3286 1078 3328 esse
1117 3270 1351 3336 noveris,
1403 3277 1463 3323 ut
1507 3269 1714 3324 locatus
1760 3269 1831 3323 ibi
1876 3267 2008 3322 nihil

437 3365 634 3420 humile
650 3362 1023 3433 abiectumque
1046 3361 1331 3430 cogitares.
1351 3357 1641 3416 Considera
1665 3357 1793 3428 quid
1814 3358 2010 3413 debeas

437 3461 639 3524 dicere,
684 3455 829 3526 quod
868 3469 900 3509 a
927 3453 1088 3509 tantis
1116 3452 1400 3522 excipitur.
1433 3450 1755 3506 Monimenta
1797 3448 2009 3519 publica

438 3547 561 3606 talia
608 3545 953 3609 contineant,
1002 3557 1123 3614 qua:
1167 3557 1228 3597 se
1273 3541 1464 3609 legisse
1501 3541 1678 3595 nullus
1705 3540 2007 3596 erubescat.

435 3637 638 3693 Puesul
660 3635 916 3690 mirabilis
941 3641 1148 3703 partem
1172 3647 1279 3686 non
1304 3631 1607 3686 habetcum
1636 3629 1867 3694 delictis,
1885 3629 2010 3697 quia

441 3728 539 3783 nisi
587 3725 785 3795 aliquid
835 3724 1106 3792 egregium
1161 3720 1372 3776 assidue
1419 3720 1624 3786 fecerit,
1669 3719 1879 3788 culpam
1926 3717 2012 3772 vel

439 3819 642 3874 otiosus
670 3816 912 3871 incurrit.
944 3814 1074 3868 Nam
1119 3814 1164 3868 si
1205 3813 1492 3883 prtedictus
1521 3819 1712 3866 auctor
1738 3810 2013 3866 sanctissi-

441 3924 557 3962 mus
583 3908 671 3962 ille
693 3907 977 3970 recolatur,
1001 3902 1277 3976 quoddam
1303 3902 1658 3960 sacerdotium
1687 3909 1771 3956 est
1797 3899 2015 3970 prmfec—

421 4010 573 4056 .Vturzc
592 4000 926 4072 pnetoriana:
946 3989 1317 4067 competenter
1337 4009 1496 4065 agere
1517 3995 1846 4064 dignitatem.

501 4272 838 4329 'ﬁ‘Pmefcctis
868 4270 1117 4342 prmtorio
1138 4269 1314 4324 datam
1342 4268 1505 4342 fuisse
1534 4268 1826 4342 pleniorem
1849 4269 2010 4342 licen-

414 4382 422 4390 ι
442 4348 566 4400 tiam
589 4345 654 4399 ad
673 4340 965 4414 disciplina:
979 4341 1205 4414 publicae
1216 4340 1642 4395 emendationem
1662 4340 2010 4414 juris_consul—

443 4427 565 4492 ιυεζ
579 4416 615 4468 l.
645 4415 698 4480 l,
729 4409 900 4492 θέρε
927 4409 1018 4481 οῙΤ.
1050 4413 1202 4492 ριἀςῙ.
1230 4420 1403 4481 ρνιει.,
1431 4419 1619 4492 auctor
1639 4417 1748 4465 est.
1781 4409 2012 4492 Tempo-

2108 3178 2452 3234 contendant.
2483 3177 2682 3232 Ditioni
2705 3188 2726 3215 ο
2745 3186 2846 3232 tute
2875 3193 2980 3231 non
3007 3178 3179 3232 solum
3199 3177 3373 3232 Roma
3406 3178 3702 3235 commissa

2106 3276 2190 3323 est
2236 3267 2501 3336 (quamvis
2548 3267 2602 3320 in
2641 3267 2728 3320 illa
2775 3267 3151 3322 contineantur
3179 3268 3704 3338 universa),~verum

2108 3360 2271 3416 etiam
2319 3360 2460 3414 intra
2499 3359 2849 3413 centesimum
2903 3367 3224 3428 potestatem
3271 3367 3326 3413 te
3370 3360 3707 3429 protendere

2109 3452 2325 3521 antiqua
2350 3449 2470 3519 jura
2496 3449 2820 3517 voluerunt,
2863 3465 2930 3505 ne
2971 3459 3132 3506 tantae
3171 3452 3414 3507 civitatis
3465 3451 3708 3522 iudicem

2110 3542 2330 3599 muralis
2358 3554 2520 3610 agger
2548 3540 2867 3609 includeret,
2896 3557 3018 3597 cum
3048 3542 3218 3598 Roma
3245 3545 3436 3598 omnia
3462 3544 3710 3614 posside-

2111 3639 2213 3687 ret.
2246 3630 2324 3685 Tu
2350 3633 2510 3686 etiam
2536 3645 2605 3686 ex
2624 3630 2917 3701 designatis
2945 3631 3062 3701 lege
3083 3632 3399 3702 provinciis,
3428 3634 3503 3688 ab
3525 3633 3714 3704 appel-

2113 3723 2316 3779 latione
2354 3723 2654 3792 cognoscis.
2705 3723 2966 3779 Advocati
3021 3725 3115 3780 tibi
3167 3726 3408 3781 militant
3461 3727 3709 3791 eruditi,

2112 3813 2326 3883 quando
2375 3813 2428 3868 in
2468 3813 2558 3867 illa
2601 3813 2776 3882 patria
2831 3813 3044 3869 difﬁcile
3071 3830 3178 3869 non
3205 3823 3289 3870 est
3317 3826 3588 3872 oratores
3618 3819 3716 3870 im-

2115 3903 2292 3974 plere,
2341 3903 2430 3958 ubi
2475 3903 2759 3971 magistros
2806 3904 3126 3973 eloquentia:
3170 3907 3447 3976 contingit
3496 3923 3717 3978 semper

2116 3993 2322 4049 audire.
2351 3991 2621 4063 Carpento
2647 3992 2861 4050 veheris
2901 4009 2998 4065 per
3023 3993 3260 4051 nobilem
3305 3997 3580 4068 plebem,
3623 4013 3720 4067 pu-

2183 4268 2212 4308 b
2241 4266 2517 4339 Epictetus
2535 4282 2654 4322 cum
2686 4267 2754 4322 ab
2782 4266 3014 4323 Adriano
3043 4269 3378 4336 imperatore
3408 4268 3723 4339 interroga-

2113 4347 2263 4394 retur
2289 4337 2423 4406 'quid
2446 4346 2587 4393 esset
2612 4347 2867 4394 senatus:
2899 4345 3292 4401 ornamentum,
3327 4339 3505 4403 dixit,
3543 4337 3722 4402 Urbis,

2115 4407 2369 4477 Splendor
2394 4408 2608 4462 civium.
2633 4407 2723 4462 Sic
2751 4407 2908 4475 legati
2938 4422 2967 4460 a
2994 4407 3574 4477 Pyrrhointerrogati
3600 4408 3727 4476 quid

426 4502 500 4542 .re
527 4475 826 4539 Constantii
854 4475 1189 4559 imperatoris
1226 4475 1412 4536 omnes
1449 4488 1768 4559 castrenses,
1793 4475 2011 4559 ordina-
2046 4500 2092 4559 υ
2115 4475 2182 4559 de
2210 4477 2465 4558 Romanis
2490 4480 2768 4559 sentirent,
2798 4475 3186 4546 responderunt
3205 4475 3418 4531 Urbem
3448 4475 3560 4533 sibi
3591 4475 3727 4559 tem-

443 4557 568 4622 riteq
578 4569 642 4607 ue
659 4549 970 4622 potestates,
986 4559 1043 4604 ut
1065 4552 1328 4622 honorum
1350 4549 1586 4605 omnium
1602 4551 1806 4620 apicem
1827 4551 2013 4618 priscae

445 4619 758 4679 reverentiae
785 4637 934 4676 more
962 4619 1240 4690 prtefectos
1266 4635 1477 4690 semper
1505 4634 1791 4690 suspexere
1816 4628 2013 4689 praeto-

445 4696 645 4756 rianos,
680 4700 738 4746 ut
767 4689 1029 4744 Ammian.
1057 4689 1501 4752 Marcellinn’lib.
1528 4705 1638 4752 xxi,
1663 4689 1843 4742 tradit.
1869 4690 2012 4741 νηη-

445 4765 662 4819 fecturze
703 4762 951 4814 meritum
990 4760 1197 4814 caeteris
1225 4759 1565 4825 dignitatibus
1593 4766 1862 4825 antestare
1909 4756 2014 4810 Va-

433 4832 788 4894 lentinianus,
819 4829 1032 4892 Valens,
1055 4837 1112 4882 et
1131 4824 1436 4892 Gratianus,
1483 4828 1536 4880 in
1561 4828 1594 4879 Ι.
1626 4826 1677 4892 1,
1708 4827 1768 4880 C.
1803 4824 1879 4882 De
1903 4827 2014 4896 o/ﬁ-

446 4905 524 4957 cio
549 4902 730 4956 vicarii
760 4899 1049 4963 deﬁniunt;
1094 4906 1149 4952 et
1193 4899 1383 4950 merito
1417 4915 1429 4950 :
1462 4896 1660 4966 etenim
1695 4897 2012 4966 prtefectura

439 4971 764 5041 {praetoriana
778 4969 992 5038 quidam
1011 4967 1339 5041 principatus
1355 4965 1624 5041 quondam
1647 4965 1854 5041 imperii
1875 4974 2008 5041 erat,

447 5035 679 5095 attamen
708 5035 824 5094 sine
853 5035 1103 5108 purpura.
1146 5035 1213 5090 Et
1239 5037 1293 5089 in
1329 5052 1404 5108 eo
1438 5035 1720 5090 discrimen
1765 5035 2015 5104 principis

448 5120 504 5165 et
552 5108 787 5179 praefecti
816 5107 1170 5179 statuebatur,
1200 5107 1341 5175 quod
1384 5121 1918 5179 sacrampurpuram
1961 5112 2015 5179 et

449 5174 822 5250 imperatorias
866 5176 1061 5232 infulas
1089 5193 1195 5231 non
1219 5174 1488 5250 gestaret.
1522 5174 1721 5250 Qeinde
1743 5174 2013 5250 'pnefectis

441 5243 700 5321 .pr.i2t_orio
745 5263 924 5304 rerum
963 5262 1169 5302 summa
1208 5243 1491 5321 commissa
1533 5243 1636 5321 fuit
1665 5243 1880 5321 propter
1909 5244 2013 5297 loci

450 5313 788 5386 dignitatem,
825 5325 885 5372 ut
915 5325 1177 5382 testantur
1214 5314 1579 5386 imperatores
1598 5313 2012 5386 Valentinianus,

452 5381 784 5443 Theodosius
830 5396 886 5443 et
922 5386 1178 5442 Arcadius
1199 5425 1216 5448 ,
1256 5381 1309 5440 iri
1350 5385 1385 5439 l.
1421 5382 1662 5448 Quilibet,
1693 5384 1794 5450 40,
1823 5384 1883 5438 C.
1937 5381 2016 5435 De

446 5459 650 5522 derum,
683 5457 773 5511 lib.
815 5473 870 5511 x.
920 5456 1106 5512 Patres
1154 5456 1360 5526 imperii
1407 5456 1568 5526 etiam
1616 5463 1911 5526 vocantur,
1959 5460 2018 5506 ut

449 5536 681 5584 testatur
705 5536 910 5582 auctor.
934 5528 1035 5594 Qui
1055 5524 1240 5580 autem
1260 5526 1410 5595 plura
1437 5525 1508 5595 de»
1529 5524 1864 5595 auctoritate,
1897 5539 2016 5595 uiu-

442 5613 586 5653 mere
627 5606 683 5651 et
725 5592 980 5664 dignitate
1018 5592 1277 5664 praefecti—
1302 5592 1574 5664 prtetorior
1602 5594 1740 5664 scire
1770 5593 2014 5655 voluerit,

455 5667 700 5732 consulat
744 5663 925 5727 Diom,
971 5663 1060 5718 lib.
1094 5681 1184 5728 ιιι,
1213 5663 1530 5718 Suetonium
1566 5663 1617 5716 in
1666 5663 1854 5728 Galba,
1895 5677 2014 5729 cap.

452 5735 544 5802 14,
579 5736 630 5788 in
661 5734 799 5801 Tito,
831 5750 948 5804 cap.
971 5737 1024 5785 6.
1056 5734 1238 5789 Bnoss.

2115 4549 2262 4618 plum
2291 4549 2492 4613 visam;
2516 4555 2759 4601 senatum
2790 4561 2916 4618 vero
2965 4560 3148 4618 regum
3179 4561 3548 4602 consessum.
3595 4547 3731 4618 Qui-7

2114 4616 2234 4671 dam
2261 4632 2387 4698 eum
2416 4627 2680 4698 vocarunt
2701 4616 2837 4671 recti
2868 4616 3104 4698 bonique
3147 4625 3607 4698 prmeeptoLem;
3639 4617 3728 4670 alii

2114 4688 2293 4740 mundi
2318 4687 2535 4739 lumina.
2563 4686 2767 4740 Probus
2807 4686 2943 4755 apud
2977 4684 3258 4754 Vopiscum
3291 4684 3380 4740 ait
3441 4686 3733 4742 Romanos

2115 4765 2390 4810 senatores
2414 4756 2597 4826 mundi
2626 4756 2892 4826 principes
2936 4770 3072 4819 esse,
3106 4755 3511 4826 talesLsemper
3539 4757 3731 4821 fuisse,

2115 4836 2170 4879 et
2197 4826 2246 4878 in
2278 4833 2552 4896 posterum
2575 4822 2811 4896 futuros;
2833 4822 3112 4878 Petronius
3141 4825 3194 4878 in
3242 4822 3521 4896 Satyrico
3568 4836 3734 4880 vocat

2114 4891 2360 4964 senatum
2389 4895 2518 4948 recti
2542 4895 2773 4963 bonique
2801 4905 3204 4964 praeceptorem.
3231 4891 3558 4964 Prudent.,
3591 4896 3686 4949 lib.
3716 4909 3732 4950 t
3773 4894 3778 4897 ’

2119 4963 2601 5034 inSymmachum,
2633 4963 2815 5034 mundi
2847 4965 3064 5034 lumina.
3096 4963 3186 5016 Sic
3213 4963 3562 5034 Ammianus
3592 4966 3733 5019 Mar—

2118 5031 2341 5086 cellinus
2367 5076 2379 5092 .
2436 5033 2522 5085 ubi
2575 5033 2641 5086 de
2669 5032 2983 5086 Constantio
3013 5031 3236 5086 Romam
3279 5033 3557 5100 ingresso
3603 5037 3681 5088 ait
3715 5051 3729 5085 :

2117 5103 2356 5171 Cumque
2381 5101 2506 5157 Urbi
2535 5103 3008 5171 appropinquaret,
3028 5103 3123 5166 ait,
3151 5110 3390 5156 senatus
3419 5103 3614 5160 oflicia
3646 5121 3732 5159 re—

2117 5172 2487 5240 verendasque
2528 5173 2714 5240 patria:
2750 5172 2931 5239 stirpis
2975 5171 3176 5237 efﬁgies
3217 5186 3318 5225 ore
3353 5189 3572 5229 sereno
3602 5191 3733 5229 con-

2118 5239 2411 5310 templans,
2429 5239 2542 5312 non
2561 5241 2850 5312 utCyneas
2879 5242 2964 5296 ille
2994 5239 3178 5312 Pyrrhi
3209 5240 3463 5312 legatus,
3483 5244 3538 5297 in
3565 5258 3730 5297 unum

2118 5309 2359 5366 coactam
2391 5309 2776 5364 multitudinem
2812 5325 3014 5380 regum,
3039 5309 3134 5363 sed
3174 5309 3395 5380 asylum
3423 5312 3620 5367 mundi
3649 5325 3734 5367 to-

2122 5383 2227 5452 tius
2255 5382 2441 5452 adesse
2470 5380 2784 5452 mstimabat.
2803 5379 3253 5452 Cicerosenatum
3279 5382 3621 5452 principem
3647 5397 3736 5435 sa-

2122 5451 2245 5505 lutis
2265 5450 2590 5518 publicaeque
2622 5450 2813 5503 mentis
2840 5451 3090 5518 appellat.
3110 5447 3246 5518 iVide
3279 5447 3596 5518 hiajorian.
3631 5465 3732 5518 n07

2119 5520 2246 5572 vell.
2269 5516 2333 5586 ἠδ,
2358 5519 2434 5572 De
2460 5516 2562 5572 ritu
2588 5521 2788 5587 imperii
2807 5516 2886 5572 sui
2909 5516 2926 5583 ξ
2959 5517 3170 5586 VirgiL,
3194 5531 3243 5570 Vt
3280 5516 3525 5574 Eneid.
3551 5540 3566 5583 ;
3591 5521 3632 5576 1.
3665 5517 3732 5573 Ἠ

2119 5588 2181 5642 C.
2209 5588 2434 5654 Theod.,
2471 5587 2547 5642 De
2574 5588 2745 5641 decur.
2765 5605 2783 5652 ;
2805 5587 3023 5654 Quintil.
3049 5587 3276 5640 declam.
3314 5589 3454 5642 3‘29.
3489 5589 3686 5646 Buoss.

2124 5727 2176 5781 ἀ.
2197 5655 2505 5779 eradat-ct.
2539 5658 2665 5725 legit
2694 5657 2960 5724 dicalioni,
2991 5665 3048 5711 ut
3070 5671 3159 5727 ep.
3192 5654 3222 5708 7
3255 5654 3364 5714 lib.
3389 5674 3486 5729 xi;
3521 5669 3578 5716 et
3610 5662 3731 5728 Ac.,

2163 5743 2204 5778 ιι·
2227 5744 2354 5780 δοκι.

2163 5729 2334 5780 ictioni
2343 5765 2354 5778 .
