3988 6178
299 297 405 353 685

1582 300 1944 357 VARIARUM
1985 301 2185 357 LIBER
2227 301 2311 358 Vl.

3454 303 3558 361 686

299 413 439 469 blica
471 421 524 469 te
549 419 674 468 vota
701 411 1048 481 comitantur,
1083 414 1296 469 favores
1324 413 1614 485 gratissimi
1641 429 1878 471 consona
1909 423 1956 482 Α
1985 417 2055 472 do
2085 425 2271 473 tenere
2298 416 2575 472 hominum
2605 428 2833 486 mentes,
2865 418 3084 476 allicere
3110 419 3434 486 voluntates,
3461 421 3562 475 im-

298 506 603 578 99tecum
633 520 766 561 voce
812 506 1130 575 procedunt.
1184 505 1330 561 Bene
1379 521 1510 577 age,
1538 508 1664 578 quia
1704 517 1755 563 te
1802 522 1888 563 ve—

299 597 484 651 niente
532 595 659 650 licet
705 597 919 666 populis
945 596 1243 652 conticere.
1275 596 1453 654 Habes
1497 600 1719 668 copiose
1747 599 1889 656 unde

306 688 401 742 tibi
440 688 669 756 gratiam
701 695 864 742 tanta:
892 687 1126 743 civitatis
1168 689 1446 758 acquiras,
1496 691 1541 745 si
1571 705 1779 746 merces
1807 691 1888 746 di-

301 791 471 833 versae
518 778 619 832 sub
670 778 815 832 nulla
845 778 1136 834 venalitate
1171 779 1491 846 vendantur,
1540 780 1586 835 si
1631 781 1890 837 exhibitio

301 867 592 926 salubriter
617 882 842 923 accensa
882 869 1213 923 thermarum
1255 870 1566 940 rapinarum
1607 870 1891 925 ardoribus

302 974 413 1013 non
442 964 706 1027 tepescat,
752 957 797 1012 si
827 959 1214 1028 spectaculum,
1243 960 1390 1030 quod
1430 961 1699 1031 praebetur
1739 960 1892 1016 volu-

302 1048 468 1118 ptati,
497 1065 605 1104 non
634 1049 706 1107 sit
732 1063 895 1105 causa
922 1049 1098 1120 litigii.
1153 1049 1401 1108 Suaviter
1427 1053 1570 1108 enim
1599 1053 1745 1122 cogit
1767 1067 1887 1122 gra-

304 1145 420 1194 tum
444 1152 565 1194 esse
590 1138 867 1208 populum,
898 1140 1142 1210 quisquis
1167 1141 1220 1196 in
1249 1144 1633 1198 certaminibus
1661 1146 1893 1214 partium

299 1227 542 1283 declinat
571 1228 848 1297 injustam.
889 1227 1059 1284 Tanta
1085 1239 1166 1286 est
1193 1232 1336 1287 enim
1367 1233 1724 1302 vis-gloriosa:
1747 1233 1890 1288 veri-

311 1317 462 1384 tatis,
495 1325 556 1372 ut
581 1318 743 1371 etiam
773 1317 827 1378 in
858 1318 1019 1374 rebus
1044 1319 1272 1376 scenicis
1289 1321 1514 1391 aequitas
1538 1321 1893 1378 desideretur.

305 1405 745 1466 Admonitionem
766 1407 928 1476 igitur
950 1408 1142 1465 ordine
1159 1410 1406 1477 decurso,
1430 1425 1529 1481 per
1549 1411 1894 1468 indictionem

304 1500 454 1555 illam
498 1499 686 1561 habitu
716 1508 769 1558 te
811 1509 1005 1569 togatae
1043 1502 1320 1572 dignitatis
1346 1517 1631 1568 ornamus,
1671 1512 1734 1558 ut
1759 1512 1785 1540 ι
1815 1504 1898 1557 in-

305 1591 470 1646 dutus
497 1599 644 1646 veste
675 1590 954 1656 Romulea,
973 1592 1096 1661 jura
1117 1593 1317 1648 debeas
1343 1592 1597 1650 aﬂ'ectare
1627 1593 1892 1649 Romana.

1985 507 2185 579 pellere
2205 522 2314 579 quo
2336 507 2485 574 velit,
2514 508 2652 563 unde
2681 517 2859 563 autem
2887 510 3016 564 velit
3042 499 3344 566 deducere.
3363 511 3496 566 Nam
3520 513 3565 566 si

1987 597 2217 653 oratoris
2267 606 2348 652 est
2399 597 2677 666 proprium
2708 597 2942 666 graviter
2969 607 3026 654 et
3053 607 3244 654 ornate
3278 599 3478 666 dicere,
3510 611 3569 654 ut

1988 689 2157 759 possit
2177 689 2384 742 animos
2407 687 2642 758 judicum
2671 703 3031 757 commovere,
3062 698 3264 759 quanto
3292 688 3570 745 facundior

1989 778 2151 835 debet
2175 793 2294 834 esse
2312 779 2403 848 qui
2433 794 2529 834 ore
2558 778 2811 849 principis
2841 778 3072 849 populos
3102 781 3341 836 noscitur
3385 781 3570 836 admo-
3614 771 3622 780 ’

1991 883 2140 934 nere,
2171 875 2232 922 ut
2255 876 2401 923 recta
2447 867 2690 936 diligant,
2720 883 2971 937 perversa
3001 878 3367 934 co:ttemnant,
3398 870 3572 927 honos

1991 959 2107 1015 sine
2126 957 2234 1015 ﬁne
2256 959 2494 1024 laudent,
2525 959 2788 1030 pessimos
2810 961 3158 1016 vehementer
3182 963 3477 1018 accu-ent?
3508 960 3572 1018 Ut

1992 1069 2130 1124 pene
2185 1053 2371 1109 feriata
2427 1054 2498 1108 sit
2548 1053 2814 1110 districtio
2839 1054 2928 1110 ubi
2958 1055 3214 1127 praevalet
3255 1055 3574 1126 eloquentizr.

1992 1143 2268 1198 fortitudo.
2313 1142 2394 1198 Sit
2423 1143 2662 1198 imitator
2711 1143 3158 1214 prudentissimus
3209 1146 3569 1216 antiquorum,

1993 1249 2172 1290 mores
2200 1234 2406 1288 alienos
2432 1235 2684 1302 corrigat,
2707 1243 2761 1290 et
2788 1250 2915 1290 suos
2936 1236 3113 1290 debita
3144 1236 3449 1304 integritate
3477 1251 3574 1290 cu-

1994 1328 2214 1383 stodiat.
2235 1327 2422 1382 Talem
2449 1328 2678 1396 denique
2701 1335 2916 1397 oportet
2944 1343 3062 1383 esse
3082 1337 3426 1397 quiestorem,
3443 1342 3576 1396 qua-

1995 1423 2100 1493 lem
2137 1428 2354 1490 portare
2382 1419 2634 1489 principis
2659 1419 2816 1474 decet
2845 1420 3150 1490 imaginem.
3202 1417 3335 1472 Nam
3380 1419 3426 1473 si
3456 1432 3573 1483 uos,

1997 1521 2055 1565 ut
2083 1510 2302 1578 assolet,
2326 1524 2538 1564 causam
2560 1511 2721 1578 gestis
2743 1509 3231 1578 audirecontingat,
3251 1524 3370 1579 quae
3389 1517 3577 1563 aucto-

1996 1603 2130 1658 ritas
2155 1602 2258 1656 erit
2282 1601 2492 1668 linguae,
2518 1615 2637 1670 quae
2663 1601 2760 1656 sub
2789 1600 2960 1655 oculis
2977 1599 3156 1668 regale
3176 1600 3388 1669 genium
3412 1599 3579 1669 possit

307 1681 442 1736 Nam
471 1680 516 1735 si
545 1681 633 1736 isti
661 1679 690 1720 δ
741 1680 990 1750 dignitati
1033 1697 1134 1752 par
1181 1681 1378 1749 fueriS,
1410 1683 1542 1738 nihil
1588 1683 1842 1753 estquod
1866 1699 1897 1738 ιι
1931 1754 1968 1762 _
1998 1692 2256 1762 implere?
2287 1691 2488 1746 Adesse
2510 1691 2671 1745 debet
2705 1691 2928 1746 scientia
2953 1691 3108 1760 juris,
3139 1691 3348 1746 cautela
3364 1707 3418 1758 ‘St
3435 1706 3579 1745 rmo-

307 1771 465 1826 nobis
499 1770 720 1830 minime
745 1771 1118 1839 consequaris.
1157 1770 1239 1826 Ad
1268 1773 1450 1827 omnia
1478 1772 1622 1827 enim
1662 1772 1756 1827 tali
1783 1772 1893 1827 suf-

2014 1754 2101 1849 tis,
2125 1790 2185 1838 ut
2220 1797 2378 1837 nemo
2407 1781 2604 1836 debeat
2647 1754 3042 1851 reprehendere
3092 1754 3236 1852 quod
3285 1754 3579 1852 principem

305 1862 481 1931 fragio
527 1863 635 1917 eris
688 1862 1037 1920 nihilominus
1085 1862 1296 1932 dignus,
1342 1864 1390 1920 si
1431 1863 1702 1920 actionem
1749 1871 1894 1918 tuam

305 1953 493 2010 laudet
521 1961 761 2010 senatus.
793 1951 1038 2011 Perfecta
1063 1955 1209 2010 enim
1248 1955 1329 2010 rei
1357 1954 1490 2010 ﬁdes
1515 1960 1619 2023 est,
1655 1955 1745 2010 ubi
1769 1969 1897 2011 con-

305 2044 554 2100 sentanei
582 2052 749 2104 testes
777 2043 1074 2114 probantur
1100 2059 1219 2102 esse
1246 2052 1562 2101 summates.

752 2143 817 2200 ν.
847 2159 1092 2200 roauuu
1112 2159 1441 2208 QUES'I'UIE.

378 2239 439 2296 Si
468 2247 676 2295 tantum
715 2238 875 2294 clam
910 2243 1038 2294 sunt
1064 2235 1352 2305 dignitates
1391 2244 1654 2306 quantum
1700 2237 1901 2293 nostris

306 2333 558 2388 affatibus
579 2329 722 2402 [Gr..
752 2328 871 2401 Cuj.
901 2337 950 2384 et
972 2328 1096 2386 Cor.
1127 2326 1228 2395 N.,
1258 2329 1584 2400 aspectibus]
1614 2328 1897 2399 perfruun-

311 2422 477 2489 tur,si
505 2419 789 2490 prmseutia
818 2420 1069 2488 frequens
1085 2418 1266 2490 prodit
1283 2417 1610 2473 dominantis
1629 2420 1898 2482 allectum,

307 2511 492 2566 nullus
511 2509 584 2564 ita
601 2509 838 2578 judicum
867 2517 1045 2578 potest
1071 2523 1191 2564 esse
1215 2507 1480 2578 gloriosus
1507 2521 1666 2576 quam
1694 2507 1784 2562 ille
1806 2509 1904 2579 qui

309 2602 472 2659 estin
504 2601 892 2670 cogitationum
921 2609 1227 2656 nostrarum
1257 2598 1665 2670 participatione
1685 2613 1904 2670 suscep-

310 2704 420 2749 tus.
454 2691 588 2747 Aliis
611 2691 753 2746 enim
781 2690 1023 2761 pecmtize
1049 2690 1274 2761 publica:
1302 2686 1689 2745 committimus
1710 2703 1906 2759 procu-

310 2781 608 2848 rationem,
631 2779 750 2834 aliis
792 2793 985 2836 causas
1033 2780 1379 2834 concedimus
1421 2777 1733 2845 audiendas,
1786 2779 1906 2834 aliis

311 2869 625 2946 patrimonii
655 2869 791 2943 [ιιιίἰ⁹
816 2866 1167 2940 matrimonii]
1213 2869 1384 2924 nostri
1403 2869 1524 2938 jura
1563 2868 1904 2940 delegamus;

313 2971 646 3034 quaesturam
670 2968 784 3018 toto
807 2961 970 3017 corde
991 2961 1303 3031 recipimus,
1315 2975 1476 3030 quam
1497 2967 1697 3016 nostrae
1717 2960 1907 3030 linguas

314 3071 509 3112 vocem
529 3068 650 3110 esse
673 3069 970 3113 censemus.
997 3053 1123 3109 Htec
1142 3053 1344 3108 nostris
1370 3051 1785 3122 cogitationibus
1807 3068 1904 3107 ne-

1997 1875 2301 1931 constiterit
2351 1873 2645 1928 censuisse.
2702 1871 2849 1942 Opus
2901 1874 3006 1928 erit
3043 1882 3304 1943 praaterea
3358 1872 3582 1928 (inuitas

1998 1964 2180 2028 animi,
2213 1971 2324 2018 uta
2349 1961 2572 2032 justitia:
2612 1963 2826 2019 tramite
2862 1963 3022 2019 nullis
3048 1963 3380 2029 muneribus,
3421 1965 3582 2019 nullis

2000 2053 2296 2109 terroribus
2323 2050 2614 2107 auferatur.
2648 2052 2779 2107 Nam
2809 2067 2910 2122 pro
2938 2053 3194 2123 :equitate
3236 2053 3499 2108 servanda
3527 2061 3584 2108 et

2001 2143 2157 2201 nobis
2183 2143 2416 2213 patimur
2437 2142 2752 2207 contradici,
2779 2141 2864 2198 cui
2913 2143 3076 2198 etiam
3105 2149 3321 2212 oportet
3348 2143 3578 2199 obediri.

2000 2234 2105 2290 Sed
2130 2235 2250 2289 vide
2275 2241 2334 2290 ut
2369 2241 2576 2290 tantum
2605 2233 2860 2288 doctrinae
2887 2233 3120 2303 deferas,
3150 2242 3416 2305 quatenus
3458 2250 3584 2305 pro-

1998 2326 2248 2381 babiliter
2296 2325 2476 2382 omnia
2498 2324 2822 2396 perquisitus
2844 2340 3103 2397 exponas.
3131 2325 3258 2381 Alia:
3279 2325 3477 2396 quippe
3503 2326 3586 2380 di-

1999 2417 2233 2486 gnitates
2259 2431 2588 2472 assessorum
2627 2415 2817 2470 solatia
2847 2426 3108 2485 qurerant,
3142 2424 3230 2470 tua
3257 2433 3388 2472 vero
3416 2415 3586 2486 digni-

2002 2514 2087 2562 tas
2111 2505 2340 2577 principi
2369 2505 2593 2562 consilia
2622 2503 3012 2561 subministrat.
3058 2507 3234 2576 Atque
3286 2505 3407 2561 ideo
3455 2522 3586 2577 pru-

2000 2599 2197 2672 dentiae
2216 2597 2302 2653 vel
2328 2596 2650 2667 eloquentia:
2671 2603 2776 2650 tute
2798 2594 2936 2649 fama
2959 2596 3586 2666 provocati,qu:esturam

2003 2688 2120 2756 tibi,
2146 2687 2370 2758 gloriam
2399 2685 2722 2752 litterarum,
2751 2684 3028 2740 civilitatis
3056 2685 3332 2755 templum,
3365 2686 3584 2754 genitri-

2006 2795 2126 2836 cem
2176 2777 2413 2834 omnium
2464 2775 2806 2845 dignitatum,
2851 2775 3196 2831 continentia:
3234 2774 3590 2842 domicilium,

2007 2872 2264 2927 virtutum
2285 2869 2525 2925 omnium
2551 2867 2756 2933 sedem,
2789 2883 2886 2938 per
2913 2868 3056 2922 illam
3089 2867 3454 2934 indictionem,
3478 2867 3590 2924 Deo

2007 2969 2318 3033 prmstante,
2341 2959 2701 3024 concedimus,
2720 2965 2779 3012 ut
2797 2957 2874 3013 sic
2902 2970 3028 3026 agas
3051 2956 3502 3026 quemadmodum
3531 2968 3587 3014 te

2008 3066 2191 3123 parem
2239 3051 2402 3104 rebus
2431 3048 2696 3118 pnedictis
2741 3062 2860 3102 esse
2908 3046 3222 3102 contendas.
3255 3046 3335 3102 Ad
3363 3054 3415 3102 te
3443 3049 3588 3104 enim

314 3147 556 3204 cessario
579 3144 910 3200 familiariter
929 3145 1245 3216 applicatur,
1270 3151 1329 3200 ut
1355 3119 1572 3216 proprie
1586 3145 1767 3220 dicere
1785 3159 1904 3214 pos-
1928 3119 1977 3182 c
2010 3119 2297 3213 provincia:
2322 3152 2417 3193 sua
2465 3147 2589 3194 vota
2631 3137 3031 3203 transmittunt;
3076 3151 3106 3192 a
3137 3145 3190 3193 te
3217 3147 3432 3193 senatus
3457 3138 3592 3208 juris

315 3238 388 3292 sit
415 3235 566 3307 quod
597 3250 695 3291 nos
722 3237 923 3291 sentire
942 3235 1224 3304 cognoscit
1249 3236 1557 3291 :arbitrium
1585 3250 1693 3291 sua:
1713 3235 1906 3290 volun-

318 3329 448 3383 tatis
477 3327 718 3397 deponit,
750 3335 806 3383 et
832 3327 905 3386 ita
944 3328 1138 3383 mentis
1166 3336 1364 3383 nostra:
1392 3327 1531 3383 velle
1576 3327 1816 3396 suscipit,
1847 3334 1909 3381 ut

317 3432 350 3472 a
379 3418 540 3473 nobis
565 3417 732 3486 magis
757 3424 974 3486 putetur
1010 3416 1206 3472 exiisse
1232 3416 1378 3486 quod
1403 3416 1654 3485 loquitur.
1685 3412 1730 3469 0
1747 3430 1906 3485 quam

321 3512 554 3568 arduum
600 3518 685 3566 est
727 3510 1028 3580 subjectum
1051 3510 1216 3565 verba
1261 3509 1586 3566 dominantis
1613 3522 1908 3575 asseruere,

322 3600 473 3670 loqui
523 3614 684 3670 posse
729 3599 876 3669 quod
926 3607 1167 3655 nostrum
1195 3598 1463 3664 credatur,
1489 3605 1545 3652 et
1585 3596 1822 3667 provecti
1855 3596 1908 3650 in

325 3693 606 3764 publicum
628 3690 878 3748 decorem
900 3691 1185 3762 gloriosam
1209 3691 1385 3748 facere
1406 3689 1743 3747 felicitatem!
1775 3687 1910 3744 Con-

325 3784 566 3840 siderate
606 3781 733 3852 quid
779 3782 1033 3853 ponderis
1085 3783 1330 3839 habeatis
1353 3783 1552 3852 pariter
1579 3790 1636 3837 et
1674 3780 1906 3836 decoris.

330 3885 352 3913 ε
386 3872 447 3928 Si
475 3873 606 3943 quid
631 3873 953 3940 dubitamus,
984 3888 1018 3928 a
1047 3881 1316 3942 quaestore
1343 3873 1684 3942 requirimus,
1713 3873 1805 3941 qui
1833 3878 1915 3927 est

330 3962 357 4001 ά
383 3966 670 4020 thesaurus
697 3964 851 4022 famae
879 3965 1122 4036 publicae,
1155 3964 1443 4019 armarium
1468 3964 1665 4033 legum,
1697 3971 1917 4034 paratus

329 4073 553 4129 semper
578 4057 646 4113 ad
665 4058 930 4125 subitum;
959 4066 1033 4122 et,
1084 4065 1144 4112 ut
1163 4058 1239 4113 ait
1260 4056 1484 4123 Tullius,
1510 4057 1765 4126 magister
1805 4053 1918 4109 elo-

332 4149 594 4218 quentiae,
610 4148 739 4204 nihil
763 4147 1115 4220 praestabilius
1128 4149 1337 4203 videtur
1363 4161 1522 4216 quam
1551 4160 1708 4216 posse
1735 4144 1918 4199 dicen-

409 4290 437 4319 ι
465 4280 667 4348 Togam
694 4279 942 4349 intelligit
965 4294 1070 4350 qua
1101 4279 1327 4334 Romani
1366 4277 1835 4350 civcsutehantur,
1867 4274 1902 4328 l.

334 4352 432 4414 δί,
467 4346 934 4422 Sedietsinccept'o,
952 4346 1024 4422 fde
1037 4352 1144 4422 jar.
1169 4351 1282 4420 ﬁn,
1322 4363 1430 4422 quo
1455 4348 1683 4422 allusum
1705 4346 1796 4422 lib.
1817 4360 1905 4422 _tn,

336 4423 502 4501 epist.
525 4421 648 4501 ἰτς
680 4416 968 4501 νεειῖιιιὶηξ
991 4416 1228 4501 moribus
1256 4418 1489 4501 togatis:
1513 4417 1691 4501 exuite
1719 4416 1908 4501 barba-

2010 3231 2204 3302 queerit
2230 3229 2522 3296 auxilium;
2555 3243 2584 3283 a
2616 3238 2669 3284 te
2687 3229 2831 3284 docti
2863 3228 3156 3299 probantur
3173 3238 3427 3298 expetere
3447 3229 3593 3298 quod

2013 3325 2312 3385 noverunt;
2334 3327 2390 3374 et
2417 3331 2640 3372 necesse
2662 3317 2756 3371 tibi
2785 3316 3126 3372 estomnibus
3145 3316 3415 3383 sufficere,
3430 3332 3594 3386 quan—

2017 3420 2097 3467 tos
2125 3426 2156 3466 a
2207 3409 2361 3466 nobis
2388 3407 2675 3476 contigerit
2705 3407 2879 3474 legum
2901 3407 3138 3462 remedia
3163 3407 3454 3477 postulare.
3486 3408 3592 3462 Sed

2011 3520 2135 3562 cum
2161 3504 2275 3559 haec
2301 3500 2481 3558 omnia
2507 3499 2718 3562 feceris,
2774 3498 2936 3554 nullis
2981 3499 3304 3554 elationibus
3329 3497 3592 3563 elferaris,

2011 3594 2154 3651 nulla
2180 3590 2476 3648 mordearis
2499 3588 2715 3655 invidia,
2743 3588 2934 3644 alienis
2952 3588 3344 3643 calamitatibus
3366 3603 3473 3643 non
3504 3589 3597 3642 la:-

2010 3685 2158 3748 teris,
2172 3682 2296 3753 quia
2325 3679 2471 3751 quod
2495 3679 2741 3736 odiosum
2766 3687 2847 3734 est
2871 3678 3097 3749 principi
3125 3693 3234 3733 non
3254 3685 3434 3748 potest
3458 3693 3594 3732 con-

2017 3775 2206 3832 venire
2231 3772 2505 3844 quaistori.
2537 3771 2742 3828 Exerce
2767 3779 3088 3841 potestatem
3127 3770 3384 3842 principis
3411 3769 3595 3825 condi-

2019 3869 2167 3923 tione
2193 3865 2440 3935 subjecti.
2465 3861 2555 3919 Sic
2580 3875 2677 3917 ore
2696 3877 2825 3918 vero
2855 3861 2987 3934 [alii,
3019 3859 3227 3932 nostro]
3267 3861 3598 3930 gloriﬁcatus

2019 3959 2293 4028 eloquere,
2309 3965 2370 4011 ut
2389 3965 2444 4012 te
2472 3963 2651 4010 tamen
2676 3954 2937 4010 rationem
2954 3955 3145 4010 credas
3161 3955 3313 4009 nobis
3333 3953 3599 4024 iudicibus

2022 4049 2372 4112 redditurum,
2398 4046 2487 4102 ubi
2516 4056 2610 4101 aut
2636 4045 2915 4117 culpabilis
2943 4045 3362 4101 vicissitudinem
3389 4044 3596 4115 recipit,

2025 4149 2116 4194 aut
2144 4138 2272 4195 boni
2297 4138 2557 4207 propositi
2577 4137 2805 4205 gloriam
2832 4136 3078 4192 laudatus
3099 4137 3348 4205 acquirit.

2445 4269 2582 4316 cuius
2604 4267 2831 4328 dignatur
2855 4271 2914 4318 ah
2931 4281 3019 4317 ore

2109 4328 2339 4438 ἓῇῗὲἒιιη
2361 4330 2483 4377 orbe
2509 4329 2662 4390 loqui,
2686 4329 2804 4379 licet
2827 4339 2879 4379 et
2897 4337 3143 4392 questore
3161 4329 3348 4381 diserto

341 4479 500 4546 riem.
524 4489 750 4563 Notatur
774 4490 1090 4563 Antlmiusua
1116 4489 1284 4544 Dione
1311 4479 1469 4563 lib._t.
1487 4488 1793 4563 Legesne;
1816 4493 1913 4540 τῶν
1945 4485 1991 4543 D
2089 4481 2348 4563 Ulpianus
2397 4480 2608 4563 etiam“
2629 4480 2696 4561 in.
2724 4479 2759 4533 l.
2795 4480 2847 4544 l,
2876 4479 3088 4563 “qna/[1
3132 4491 3400 4563 quazsforz,
3437 4483 3602 4563 refert

338 4566 574 4636 πατρίων
604 4560 834 4683 ἕῇρητπ
867 4558 1243 4622 Tertullianus,
1293 4558 1360 4612 de
1413 4557 1608 4621 Pallio;
1656 4555 1912 4618 Salvian.,

341 4631 440 4683 lib.
469 4646 522 4683 tv
542 4631 609 4683 de
682 4630 1006 4683 rovidentia:
1033 4629 1310 4683 Claudian.
1343 4627 1395 4681 in
1439 4627 1688 4681 Ruﬁnum
1723 4642 1736 4678 :

341 4627 522 4686 lib.'tv
542 4631 609 4684 de
638 4627 1006 4695 Providentia;
1033 4629 1310 4684 Claudian.
1343 4627 1395 4681 in
1439 4627 1688 4681 Ruﬁnum
1723 4642 1736 4678 :
1813 4683 1826 4694 ,

440 4741 718 4790 Barbariem
741 4748 953 4790 revocat.

441 4802 545 4852 Nec
569 4804 714 4865 pudet
734 4803 975 4865 Ausonios
995 4813 1164 4850 currus
1193 4810 1246 4850 et
1265 4799 1372 4860 jura
1396 4807 1656 4865 [egentem

440 4861 651 4912 Sumere
675 4864 919 4912 deformes
941 4867 1060 4912 ritus
1085 4868 1371 4924 vestemque
1396 4861 1649 4920 Getarum,

443 4924 793 4986 lnsignemque
816 4924 1030 4972 habitum
1055 4924 1174 4972 Latii
1199 4928 1389 4973 mutare
1413 4931 1660 4984 togaeque.

343 5029 497 5098 Toga
521 5028 923 5094 advocatorum,
953 5028 991 5083 1.
1024 5027 1158 5098 5,Ο.
1194 5028 1268 5084 De
1304 5029 1482 5083 advoc.
1513 5028 1700 5148 rigas.
1725 5027 1892 5097 judic.

425 5172 452 5212 δ
487 5169 820 5227 Ρηεΐεειιιηε
847 5173 1062 5226 urbana:
1101 5171 1317 5235 familia,
1343 5185 1462 5241 qua:
1492 5108 1815 5241 hilctil‘icitur,
1841 5167 1934 5224 [ll-

345 5241 517 5312 piauo
537 5253 662 5296 sunt
686 5242 1008 5311 stationarii,
1031 5242 1065 5295 l.
1094 5241 1146 5306 l,
1171 5241 1248 5296 De
1275 5239 1375 5310 σπι
1397 5243 1547 5312 prwf.
1571 5239 1696 5296 Urb.
1729 5240 1895 5295 Fons.

431 5392 454 5420 ε
482 5379 561 5434 Ad
583 5381 868 5450 qutcstoris
893 5381 1126 5437 oﬂlcium
1150 5382 1380 5452 pertinet
1402 5382 1676 5436 orationes
1703 5381 1936 5452 impera-

349 5460 560 5508 torum.
613 5459 668 5505 et
693 5461 881 5506 cetera
927 5454 1134 5507 senatui
1167 5460 1290 5505 nota
1321 5452 1514 5515 facere,
1543 5456 1684 5520 quod
1725 5461 1936 5506 constat

348 5538 428 5576 ex
447 5521 710 5593 Suetonio
738 5522 790 5574 in
810 5521 1055 5593 August...
1079 5538 1197 5593 cap.
1213 5521 1282 5576 65
1306 5540 1320 5587 ;
1343 5522 1396 5576 in
1423 5520 1653 5593 Nerone,
1678 5537 1794 5590 cap.
1832 5521 1934 5585 15;

350 5600 420 5645 et
449 5592 502 5644 in
528 5589 672 5655 Tito,
701 5605 820 5659 cap.
852 5595 914 5654 ti;
947 5590 1090 5646 Elin
1118 5589 1402 5659 Spartiano
1434 5593 1484 5645 in
1537 5589 1791 5652 Adriano,
1823 5601 1936 5644 sta-

354 5662 464 5715 tim
491 5660 543 5712 in
572 5660 860 5729 principio;
881 5660 1133 5716 Cornelio
1161 5660 1365 5724 Tacito,
1399 5662 1493 5716 lib.
1526 5676 1646 5726 xvr;
1671 5660 1812 5729 quod
1842 5661 1937 5715 de—

351 5733 579 5811 signare
604 5729 767 5783 voluit
787 5729 1036 5784 Sidonius
1066 5730 1383 5800 Apollinaris
1408 5748 1461 5789 tn
1480 5731 1799 5802 pauegyrico
1829 5729 1942 5785 Ma-

353 5814 475 5870 jor.
512 5817 524 5851 :

2021 4548 2332 4623 candidatos
2373 4551 2499 4603 solis
2529 4548 2829 4621 principum
2874 4548 3100 4606 libris’iu
3137 4548 3327 4608 senatu
3367 4553 3603 4623 legendis

2027 4634 2260 4679 vacasse.
2291 4620 2473 4674 Baoss.

2098 4690 2124 4729 ά
2172 4692 2415 4756 Qtttestor
2440 4689 2579 4745 sacri
2615 4689 2796 4760 palatii
2832 4690 3182 4760 petitionibus
3208 4690 3598 4756 subscribebat,

2029 4762 2115 4816 vel
2143 4763 2304 4830 etiam
2326 4774 2582 4830 responsa
2612 4760 2899 4826 reddebat;
2949 4771 3004 4814 et
3054 4770 3112 4814 ut
3154 4761 3256 4830 hoc
3304 4761 3422 4815 loco
3443 4775 3605 4814 omne

2031 4831 2147 4900 cjus
2169 4828 2401 4884 ofﬁcium
2419 4828 2611 4899 paucis
2634 4845 2918 4898 exsequar,
2957 4831 3102 4899 leges
3130 4828 3364 4883 dictabat
3391 4845 3605 4900 preces-

2074 4915 2140 4955 ue
2167 4915 2232 4954 ac
2257 4898 2513 4968 responsa
2539 4901 2877 4962 subnotahat,
2930 4908 2988 4954 ut
3021 4898 3241 4968 constat
3283 4913 3347 4968 ex
3405 4898 3605 4968 ﬁctilia

2074 4916 2140 4955 ue
2167 4916 2232 4954 ac
2257 4916 2513 4968 responsa
2539 4916 2877 4962 suouetanat,
2930 4916 2988 4954 ut
3032 4916 3241 4954 censuit
3283 4916 3347 4951 ex
3405 4916 3605 4952 natura

2035 4916 2265 5026 Romani
2289 4969 2493 5038 imperii
2522 4976 2579 5022 et
2603 4984 2724 5023 nov.
2759 4969 2829 5024 5'5
2848 4979 2903 5024 et
2925 4968 3045 5029 114,
3077 4969 3110 5022 1.
3145 4967 3264 5032 ult.,
3291 4967 3354 5022 C.
3401 4966 3478 5020 De
3525 4970 3607 5022 di-

2037 5058 2165 5095 rers.
2196 5055 2353 5110 rescr.
2384 5040 2734 5110 Symmachus
2761 5039 2828 5110 ad
2882 5043 3036 5110 100
3085 5038 3285 5110 Auson.
3319 5056 3332 5090 :
3366 5039 3608 5104 Quaestor

2037 5126 2116 5174 es,
2148 5108 2396 5179 memini;
2425 5107 2635 5164 consilii
2657 5109 2849 5176 regalis
2871 5107 3158 5179 municeps,
3188 5107 3300 5179 scio
3321 5125 3335 5172 ;
3359 5178 3366 5179 ί
3386 5123 3606 5179 precinn

2039 5180 2254 5241 arbiter,
2286 5178 2458 5245 legum
2482 5175 2747 5241 conditor,
2771 5175 3126 5246 recognosco;
3154 5186 3208 5230 et
3228 5178 3332 5230 alio
3358 5175 3477 5231 loco
3498 5195 3510 5230 :
3530 5175 3608 5231 Te

2039 5249 2207 5316 magis
2235 5256 2514 5314 qumstura:
2543 5247 2735 5309 honos,
2767 5256 2821 5301 et
2847 5248 3244 5316 condendarurn
3269 5248 3608 5301 sanctionqu

2040 5315 2166 5372 usus
2193 5317 2452 5372 exercuit.
2485 5319 2710 5382 Procop.
2750 5317 2840 5371 lib.
2872 5333 2887 5371 l
2915 5317 2983 5372 de
3035 5316 3183 5370 Bello
3233 5315 3444 5371 Persico
3474 5335 3487 5368 :
3516 5317 3609 5372 llis

2041 5388 2107 5441 de
2132 5387 2304 5441 causis
2319 5385 2536 5452 justitim
2565 5395 2619 5439 et
2648 5387 2822 5453 legum
2853 5396 3034 5441 custos
3061 5387 3378 5455 appellatur,
3409 5395 3465 5440 et
3495 5387 3610 5441 the-

2038 5472 2228 5510 saurus
2250 5455 2400 5525 fama:
2429 5455 2672 5524 publicat,
2699 5465 2753 5509 et
2781 5456 3067 5525 armarium
3093 5457 3288 5525 legum,
3320 5465 3378 5511 ut
3399 5457 3450 5510 in
3484 5473 3609 5510 nov.

2041 5525 2252 5578 Valent.
2285 5523 2357 5577 De
2369 5523 2560 5595 homir.
2585 5541 2690 5577 cas.
2710 5528 2833 5595 fact.
2861 5523 3166 5594 Deniqueis’
3183 5525 3340 5594 plane
3367 5534 3448 5580 est
3475 5541 3617 5595 qua:-

2042 5603 2158 5677 ξιον
2184 5610 2342 5677 quem
2367 5594 2417 5647 in
2439 5595 2568 5677 aula
2581 5594 2957 5677 cancellarium
2989 5595 3337 5677 appellamus.
3366 5594 3619 5677 Adquir-

2043 5663 2243 5718 storem
2275 5665 2433 5717 etiam
2460 5664 2790 5732 pertinebant
2824 5663 3178 5726 memoriales,
3209 5663 3315 5720 hoc
3343 5673 3425 5720 est
3449 5663 3617 5733 leges.

2045 5742 2101 5804 ct
2123 5733 2374 5804 rescripta
2404 5733 2744 5802 excipiebant
2771 5742 2825 5787 et
2864 5734 3174 5804 implebant,
3203 5733 3253 5788 id
3281 5744 3364 5790 est
3386 5733 3620 5804 perscri-

2049 5802 2248 5858 bebant
2276 5810 2366 5857 aut
2393 5805 2644 5871 perscribi
2673 5802 2952 5859 curabant.
2985 5803 3167 5862 Bnoss.
