3988 6178
398 305 497 360 687

643 419 726 477 Vl.
760 437 1003 479 FOItNULA
1034 439 1364 483 mensuum
1407 442 1730 485 DIGNITATIS.

468 533 843 591 Reverendum
870 536 1134 593 honorem
1160 539 1324 595 sumit
1351 541 1593 612 quisquis
1615 542 1858 611 magistri
1896 558 1990 599 no-

397 642 519 683 men
544 626 834 697 acceperit,
849 629 974 697 quia
1005 628 1110 686 hoc
1129 631 1453 689 vocabulum
1473 648 1687 704 semper
1707 632 1773 688 de
1795 635 1988 705 peritia

397 718 565 783 venit,
595 725 650 771 et
678 718 731 771 in
760 719 980 776 nomine
1007 721 1353 789 cognoscitur
1381 724 1509 793 quid
1554 723 1626 779 sit
1652 722 1722 778 de
1747 724 1990 780 moribus

396 811 791 872 aestimandum.
821 812 904 867 Ad
928 829 1051 870 eum
1074 816 1328 872 nimirum
1358 820 1544 889 palatii
1572 820 1807 890 pertinet
1832 818 1990 875 disci-

400 901 576 972 plina;
608 903 723 973 ipse
745 904 1088 961 insolentium
1125 907 1432 965 scholarum
1465 919 1491 949 ι
1515 926 1693 968 mores
1720 910 1990 981 procello-

400 1009 490 1048 sos
535 993 928 1051 moderationis
957 1012 1067 1052 suze
1098 1000 1338 1056 terminis
1367 1016 1624 1072 prospere
1669 1001 1989 1067 disserenat.

399 1084 531 1139 Tam
545 1085 695 1140 multi
716 1086 936 1142 ordines
959 1088 1075 1145 sine
1101 1089 1418 1148 confusione
1446 1092 1624 1162 aliqua
1655 1107 1983 1163 componun-

400 1189 515 1245 tur;
542 1188 595 1235 et
624 1180 738 1250 ipse
763 1181 993 1237 sustinet
1021 1198 1158 1239 onus
1183 1185 1446 1253 omnium,
1470 1184 1619 1255 quod
1649 1184 1814 1241 habet
1837 1186 1992 1239 turba

399 1269 710 1325 discretum.
740 1269 829 1326 Sic
850 1272 1079 1328 nominis
1099 1273 1181 1328 sui
1201 1274 1463 1343 gravitate
1488 1272 1819 1345 perfunctus,
1837 1282 1995 1329 ornat

396 1362 609 1418 actibus
629 1364 1009 1436 principatum.
1036 1366 1141 1424 Per
1160 1384 1281 1424 eum
1303 1380 1522 1426 senator
1552 1370 1771 1426 veniens
1798 1370 1997 1426 nostris

402 1466 756 1526 praesentatur
783 1460 1092 1529 obtutibus;
1119 1462 1375 1520 admonet
1408 1465 1697 1537 trepidum,
1720 1464 1997 1535 componit

404 1549 736 1620 loquentem,
758 1567 852 1606 sua
874 1554 1169 1622 quinetiam
1194 1557 1353 1611 verba
1382 1557 1524 1612 solet
1545 1558 1804 1622 inserere,
1818 1564 1877 1611 ut
1897 1571 1996 1611 nos

401 1639 660 1696 decenter
685 1643 864 1697 omnia
886 1643 1179 1701 debeamus
1200 1647 1405 1703 audire.
1422 1647 1684 1719 Aspectus
1713 1648 1827 1717 regi
1852 1647 1996 1703 haud

400 1728 602 1796 irritus,
636 1732 933 1802 promissor
959 1735 1339 1793 collocutionis
1367 1746 1585 1807 nostrae,
1615 1739 1881 1810 gloriosus
1905 1738 1997 1794 do-

1642 314 1714 373 M.
1760 316 2036 374 AUl‘lELll
2075 317 2472 381 CASSIODURI

3578 322 3679 377 688

2010 439 2061 498 Α
2086 451 2206 491 mus
2234 437 2352 507 ejus
2379 438 2685 511 praesidium
2705 439 2797 512 qui
2810 440 2964 498 nobis
2983 448 3202 513 praestat
3226 438 3386 497 ﬁdele
3404 439 3675 498 solatium.

2090 527 2241 584 Hanc
2267 531 2428 600 igitur
2452 532 2787 602 dignitatem,
2819 542 2901 588 tot
2921 533 3085 588 titulis
3105 534 3327 599 claram,
3353 540 3436 587 tot
3463 529 3681 602 insigni-

2089 620 2190 677 bus
2219 623 2553 693 opulentam,
2583 639 2680 697 per
2707 624 3053 679 indictionem
3082 625 3249 692 illam,
3280 623 3680 692 gubernandani

2089 712 2206 779 tibi,
2236 728 2471 783 congrua
2494 716 2773 784 gravitate,
2797 715 3199 780 committimus,
3247 723 3307 769 ut
3338 715 3519 769 omnia
3564 728 3683 784 qua:

2090 802 2339 870 gesseris,
2369 804 2625 872 magister
2652 803 2844 859 fecisse
2873 802 3109 858 videaris
3141 820 3154 855 :
3187 802 3311 871 quia
3359 802 3489 855 nihil
3517 801 3683 855 mori-

2089 892 2192 969 bus
2221 893 2490 949 residuum
2520 894 2863 965 relinquitur,
2889 895 2936 950 si
2960 894 3126 967 (quod
3153 892 3313 966 absit)
3336 911 3365 949 a
3391 903 3537 950 tanta
3566 910 3682 950 ma.

2093 984 2314 1038 turitate
2334 992 2608 1054 peccetur.

2194 1094 2298 1150 Vl].
2330 1111 2577 1152 FORHULA
2604 1114 2872 1154 COIITIVE
2901 1113 3175 1154 SACRARUI
3198 1112 3575 1154 LABGITIBNUI.

2162 1186 2326 1243 Grata
2350 1198 2477 1244 sunt
2496 1190 2718 1246 omnino
2746 1192 2966 1247 nomina
2992 1206 3112 1261 quae
3134 1189 3413 1260 designant
3435 1191 3681 1260 protinus

2094 1278 2334 1334 actiones
2354 1321 2369 1348 ,
2399 1280 2617 1348 quando
2648 1288 2762 1336 tota
2799 1281 3118 1350 ambiguitas
3165 1281 3415 1337 audiendi
3455 1282 3678 1346 tollitur,

2096 1366 2184 1422 ubi
2213 1367 2268 1422 in
2298 1369 2561 1425 vocabulo
2582 1370 2922 1426 concluditur
2947 1370 3076 1440 quid
3092 1377 3328 1440 geratur.
3354 1372 3517 1427 Donis
3537 1372 3681 1427 enim

2095 1459 2386 1527 praesidere
2413 1459 2681 1529 regalibus
2696 1461 3005 1517 comitivam
3034 1476 3313 1517 sacrarum
3341 1461 3681 1530 largitionum

2096 1548 2292 1605 indicia
2320 1564 2502 1606 rerum
2552 1551 2718 1606 verba
2746 1560 3033 1607 testantur.
3072 1551 3229 1619 Quod
3256 1567 3384 1608 vere
3406 1552 3679 1618 decorum,

2096 1654 2225 1696 vere
2236 1638 2334 1695 fuit
2355 1639 2681 1697 omnimodis
2700 1643 3047 1712 exquisitum,
3064 1643 3119 1697 in
3141 1643 3406 1699 donorum
3427 1644 3682 1713 regalium

2097 1738 2252 1802 parte
2275 1738 2668 1800 sequestratam
2699 1730 2876 1788 facere
2903 1732 3239 1801 dignitatem,
3261 1739 3315 1788 et
3336 1732 3559 1787 alterius
3583 1732 3683 1787 ho-

402 1829 562 1876 nator
587 1822 747 1879 aulici
775 1825 1105 1893 consistorii,
1134 1828 1289 1897 quasi
1343 1829 1562 1898 quidam
1612 1828 1832 1896 lucifer;
1865 1844 1993 1884 nam
2023 1810 2071 1871 Β
2096 1836 2285 1879 norem
2311 1821 2513 1890 dicere,
2544 1822 2671 1877 dum
2699 1838 2800 1879 nos
2825 1830 3037 1879 constet
3058 1824 3199 1879 dona
3220 1822 3484 1880 conferre.
3517 1825 3685 1881 Actus

403 1912 543 1968 sicut
566 1913 654 1969 ille
676 1922 961 1972 venturum
982 1917 1125 1987 diem
1155 1921 1442 1990 promittit,
1457 1921 1535 1978 sic
1563 1922 1667 1979 iste
1687 1922 2000 1979 desideran-

406 2004 551 2061 tibus
594 2005 774 2062 vultus
825 2016 1023 2064 nostrte
1071 2010 1380 2067 serenitatis
1405 2012 1669 2068 attribuit.
1700 2011 1999 2068 Causarum

395 2103 670 2165 praeterea
719 2097 1013 2155 maximum
1070 2100 1284 2170 pondus
1310 2100 1363 2155 in
1405 2100 1522 2172 ejus
1549 2101 1999 2175 audientizelAc.,

406 2186 665 2261 audaciae]
690 2185 885 2247 ﬁnibus
905 2190 1109 2262 optima
1128 2192 1423 2247 securitate
1444 2193 1775 2263 reponimus,
1806 2200 1863 2248 ut
1884 2192 2001 2263 ejus

406 2280 552 2335 curis
574 2280 818 2337 fidelibus
843 2281 1130 2350 sublevati,
1163 2282 1488 2340 utilitatibus
1508 2284 1739 2356 publicis
1767 2285 2001 2340 vivacius

404 2387 754 2443 occupemur.
781 2373 807 2413 δ
836 2373 1173 2431 Veredorum
1196 2377 1492 2447 quinetiam
1518 2386 1880 2450 opportunam
1908 2392 2003 2434 ve-

406 2461 704 2531 locitatem,
742 2479 975 2534 quorum
1003 2473 1178 2522 status
1211 2482 1428 2539 semper
1467 2468 1521 2523 in
1550 2484 1713 2525 cursu
1743 2477 1846 2536 est,
1876 2468 2001 2525 dili-

404 2555 600 2625 gentiae
619 2570 731 2611 sua:
757 2556 1097 2614 districtione
1123 2558 1378 2626 custodit,
1405 2567 1465 2615 ut
1488 2559 1881 2616 sollicitudines
1909 2574 2003 2616 no-

405 2653 566 2712 stras,
590 2659 728 2715 quas
754 2645 984 2702 consilio
998 2647 1171 2717 juvat,
1203 2647 1470 2704 beneﬁcio
1497 2648 1794 2704 celeritatis
1832 2663 2001 2720 expe-

405 2735 538 2790 diat.
569 2734 673 2791 Per
697 2751 823 2792 eum
849 2738 1050 2792 exteris
1069 2738 1319 2809 gentibus
1345 2738 1414 2793 ad
1435 2738 1648 2795 laudem
1668 2739 1876 2810 reipub.
1903 2754 2002 2795 no-

406 2835 535 2880 strae
565 2824 733 2900 [ϐοτη
786 2824 964 2895 Carm,
998 2826 1203 2900 nostra]
1234 2827 1516 2884 ordinatur
1564 2830 1901 2897 humanitas;
1945 2838 2001 2885 et

406 2918 655 2974 nolentes
681 2919 930 2986 redeunt,
958 2935 1097 2991 quos
1116 2931 1389 2977 merentes
1419 2921 1712 2993 exceperit.
1743 2919 1849 2977 Per
1875 2936 2001 2977 eum

405 3008 604 3079 quippe
633 3009 790 3064 nobis
817 3009 1135 3079 legatorum,
1165 3010 1411 3080 quamvis
1434 3009 1823 3075 festinantium,
1865 3025 2000 3081 pra:-

406 3102 688 3159 nuutiatur
708 3103 971 3159 adventus
1003 3122 1017 3157 :
1050 3118 1147 3174 per
1170 3118 1295 3159 eum
1325 3103 1559 3160 nominis
1580 3102 1719 3175 [Jun
1750 3102 1871 3176 legit
1900 3120 2001 3159 nu-

406 3193 587 3266 minis]
616 3195 786 3250 nostri
813 3193 1116 3250 destinatur
1144 3194 1391 3261 evectio;
1423 3202 1479 3251 et
1507 3195 1596 3252 isti
1632 3195 2003 3267 principaliter

407 3287 665 3354 creditur,
709 3276 862 3356 quod
909 3295 1021 3343 tam
1067 3288 1431 3344 necessarium
1478 3302 1598 3344 esse
1625 3287 1875 3343 sentitur.
1907 3287 2003 3344 His

406 3376 570 3431 etiam
594 3376 871 3433 laboribus
890 3378 1168 3434 aestimatis
1194 3386 1520 3450 potestatem
1560 3378 1851 3434 maximam
1874 3380 2002 3437 huic

405 3469 649 3527 decrevit
676 3470 983 3541 antiquitas,
1008 3480 1066 3527 ut
1106 3487 1265 3528 nemo
1286 3472 1525 3544 judicum
1553 3488 1653 3544 per
1694 3474 2002 3544 provincias

404 3559 583 3618 fasces
636 3572 959 3631 assumeret,
989 3564 1093 3621 nisi
1132 3564 1239 3621 hoc
1266 3572 1322 3621 et
1370 3564 1484 3635 ipse
1507 3562 1624 3621 ﬁeri
1652 3565 1998 3623 decrevisset.

394 3649 656 3708 .Subdidit
684 3652 802 3723 ejus
822 3654 1045 3711 arbitrio
1066 3654 1241 3710 aliena
1262 3654 1485 3725 judicia,
1516 3664 1577 3711 ut
1602 3654 1669 3710 ad
1698 3655 1872 3727 ipsum
1910 3671 1999 3712 re-

390 3744 705 3814 «diretquod
728 3747 865 3801 alter
883 3747 1029 3801 visus
1044 3754 1128 3802 est
1140 3745 1473 3815 praestitisse.
1493 3744 1765 3803 Molestias
1784 3746 2000 3816 quidem

409 3850 517 3891 non
548 3835 712 3892 habet
741 3837 1016 3906 exigendae
1066 3836 1333 3907 pecuniae,
1364 3835 1460 3893 sed
1487 3845 1677 3908 aperte
1703 3837 1850 3893 bono
1876 3838 2002 3893 frui-

392 3936 498 3982 Atur
522 3929 809 3998 potestatis
830 3928 1037 3998 adeptae
1056 3926 1232 4001 {GruL
1263 3935 1312 3983 et
1340 3927 1482 4000 Cuj.,
1506 3928 1815 4002 indemptze]
1845 3948 1858 3984 :
1890 3945 2002 3986 cre-

407 4017 502 4081 do,
526 4026 585 4071 ut
610 4033 678 4072 ex
705 4018 933 4075 diversis
955 4017 1124 4073 titulis
1144 4016 1502 4074 deﬂoraretur
1528 4019 1763 4090 dignitas
1812 4020 1883 4076 ad
1930 4020 2002 4076 le-

407 4122 602 4162 vamen
629 4108 887 4178 principis
910 4108 1173 4164 instituta.
1187 4106 1594 4181 Pertequatores
1613 4111 1775 4166 etiam
1788 4112 2002 4168 'victua-

406 4199 539 4253 lium
568 4215 750 4256 rerum
781 4201 835 4256 in
864 4202 999 4259 urbe
1026 4204 1173 4274 regia
1221 4202 1441 4273 propria
1470 4202 1750 4259 voluntate
1803 4203 2002 4259 consti-

404 4291 526 4355 tuit,
560 4300 619 4347 et
648 4300 754 4347 tam
778 4294 1099 4350 necessaria:
1128 4294 1459 4365 reijudicem
1500 4294 1649 4351 facit.
1681 4292 1802 4365 Ipse
1854 4294 1998 4350 enim

403 4382 657 4452 gaudiqu
710 4385 945 4455 populis,
983 4385 1099 4458 ipse
1137 4386 1335 4443 nostris
1384 4387 1722 4457 temporibus
1776 4394 2000 4457 praestat

406 4484 679 4540 ornatum,
711 4478 929 4547 quando
956 4478 1093 4535 tales
1121 4479 1269 4535 viros
1296 4479 1468 4550 copiae
1496 4478 1723 4549 publica:
1751 4478 1997 4549 praeficit,

2100 1913 2380 1980 innocens,
2426 1913 2647 1983 pietatis
2698 1912 2954 1979 ofﬁcium,
2999 1914 3131 1970 illud
3175 1930 3390 1986 semper
3419 1916 3684 1985 ingerere,

2099 2004 2241 2060 unde
2263 2019 2323 2060 se
2351 2003 2492 2059 fama
2514 2005 2775 2076 principis
2802 2006 2976 2076 possit
3004 2021 3222 2077 augere.
3254 2006 3542 2077 Regalibus
3568 2024 3687 2064 ma-

2098 2108 2201 2163 gna
2241 2092 2486 2165 profecto
2541 2094 2770 2152 felicitas
2824 2096 3057 2153 militare
3084 2097 3260 2165 donis,
3289 2106 3347 2153 et
3372 2098 3690 2168 dignitatem

2098 2185 2301 2240 habere
2321 2184 2391 2241 de
2412 2185 2629 2257 publica
2654 2185 2923 2257 largitate.
2941 2185 3044 2242 Alii
3069 2186 3279 2256 judices
3309 2188 3694 2260 obtemperant

2099 2280 2330 2336 residuis
2352 2281 2640 2338 virtutibus
2669 2282 3006 2351 regnatoris;
3036 2283 3153 2339 haec
3180 2283 3295 2340 sola
3322 2292 3403 2343 est
3426 2300 3545 2354 quae
3569 2293 3692 2341 ωτι.

2101 2370 2381 2428 tummodo
2407 2372 2609 2427 serviat
2648 2373 2715 2427 ad
2744 2381 3019 2429 momenta
3066 2372 3305 2444 pietatis.
3348 2373 3493 2430 Nihil
3543 2376 3697 2431 enim

2099 2476 2200 2533 per
2217 2461 2390 2533 ipsam
2417 2462 2723 2519 districtum
2769 2464 2991 2534 geritur,
3021 2464 3097 2519 nil
3125 2480 3372 2521 severum
3396 2466 3537 2522 forte
3560 2483 3697 2522 cen-

2100 2561 2284 2621 setur;
2310 2553 2406 2609 sed
2435 2561 2563 2609 tunc
2593 2553 2925 2625 obsequitur,
2976 2556 3193 2627 quando
3238 2572 3338 2628 pro
3366 2558 3522 2614 nobis
3559 2568 3694 2615 vota

2100 2640 2414 2698 funduntur.
2442 2642 2758 2715 Supplicum
2785 2659 2883 2716 per
2908 2652 2963 2701 te
2991 2646 3234 2702 fortimas
3274 2647 3549 2717 erigimus,
3584 2649 3694 2705 cal.

2098 2730 2366 2789 Januariis
2389 2732 2591 2788 aflatim
2636 2732 2778 2790 dona
2825 2734 3099 2806 largimur,
3132 2744 3188 2793 et
3238 2737 3419 2793 laetitia
3468 2739 3695 2807 publica

2100 2825 2292 2880 militia
2321 2833 2416 2881 tua
2463 2833 2564 2881 est.
2609 2824 2810 2881 Verum
2842 2821 2983 2883 hanc
3024 2827 3402 2884 liberalitatem
3451 2838 3698 2885 nostram

2101 2915 2209 2970 alio
2230 2916 2456 2972 decoras
2482 2917 2764 2987 obsequio,
2799 2924 2860 2973 ut
2888 2915 3058 2987 ﬁgura
3084 2920 3263 2976 vultus
3299 2922 3469 2977 nostri
3498 2921 3696 2977 metal-

2100 3009 2168 3064 lis
2193 3008 2831 3081 usualibusimprimatur,
2846 3021 3229 3082 monetamque
3250 3011 3383 3069 facis
3405 3013 3475 3070 de
3492 3017 3699 3072 nostris

2102 3102 2435 3173 temporibus
2466 3100 2645 3156 futura
2674 3103 2866 3158 saecula
2895 3119 3261 3162 commonere.
3302 3106 3348 3161 0
3374 3121 3567 3178 magna
3612 3110 3701 3164 in-

2028 3181 2073 3245 C
2102 3201 2266 3249 venta
2290 3192 2648 3264 prudentum!
2675 3209 2708 3249 ο
2735 3194 3022 3250 laudabilia
3046 3196 3287 3253 instituta
3310 3198 3608 3268 majorum!
3636 3208 3702 3256 ut

2100 3291 2157 3340 et
2184 3284 2361 3353 imago
2386 3284 2688 3355 principum
2720 3284 2996 3355 subjectos
3019 3287 3293 3345 videretur
3332 3306 3557 3361 pascere
3595 3308 3703 3363 per

2105 3374 2509 3443 commercium,
2540 3390 2769 3446 quorum
2799 3378 3023 3432 consilia
3071 3380 3347 3450 invigilare
3374 3397 3483 3438 non
3540 3382 3701 3440 desi-

2099 3474 2358 3537 nunt'pro
2384 3465 2559 3522 salute
2585 3473 2921 3523 cunctorum.
2956 3468 3061 3524 Sed
3084 3470 3230 3537 huic,
3260 3478 3319 3526 ut
3339 3471 3412 3525 ita
3432 3471 3705 3541 dixerim,

2098 3558 2419 3615 numeraris:
2438 3557 2701 3627 dignitati,
2724 3575 3026 3629 praeconem
3057 3561 3320 3631 largitatis
3348 3572 3566 3630 nostrae,
3593 3581 3705 3635 pu-

2098 3648 2253 3704 blicae
2278 3648 2546 3705 felicitatis
2592 3649 2863 3715 indicium,
2890 3651 3065 3707 locum
3103 3666 3320 3723 quoque
3347 3656 3708 3724 primiceria-

2100 3749 2188 3796 tus
2209 3739 2563 3810 adjungimus,
2593 3750 2651 3796 ut
2672 3756 2773 3812 per
2798 3750 2852 3797 te
2877 3742 3066 3799 demus
3100 3744 3351 3812 honores,
3399 3761 3496 3816 per
3524 3763 3707 3817 quem

2101 3839 2157 3887 et
2182 3837 2380 3886 nostrae
2425 3832 2665 3900 pecunia:
2731 3832 3056 3890 conferimus
3104 3834 3399 3905 largitates.
3450 3836 3662 3893 Merito
3691 3881 3710 3906 ,

2099 3923 2315 3993 quando
2338 3931 2394 3979 et
2421 3923 2581 3978 simili
2608 3925 2780 3993 gratia
2802 3931 3029 3995 utraque
3056 3935 3393 3996 praestantur,
3423 3937 3479 3982 et
3498 3928 3573 3983 ab
3589 3946 3713 3984 uno

2101 4014 2403 4070 debuerunt
2423 4014 2602 4084 judice
2630 4016 2745 4084 geri
2771 4029 2891 4085 quae
2911 4017 3065 4086 parili
3096 4017 3345 4073 videntur
3375 4019 3539 4075 laude
3562 4036 3716 4077 con-

2097 4107 2269 4177 jungi.
2299 4105 2495 4161 Parum
2523 4114 2606 4162 est
2653 4115 2835 4162 autem
2861 4108 3005 4177 quod
3033 4110 3428 4178 provinciarum
3475 4110 3717 4179 judices

2102 4207 2206 4254 tuae
2253 4198 2567 4267 subjaceant
2610 4197 2854 4266 dignitati
2901 4216 2914 4251 :
2966 4199 3096 4269 ipsis
3122 4214 3341 4270 quoque
3370 4203 3717 4269 proceribus

2100 4290 2407 4346 chartarum
2457 4288 2744 4346 conﬁrmas
2773 4286 3027 4354 ofﬁcium,
3059 4290 3186 4345 dum
3240 4292 3542 4361 perfectum
3594 4309 3721 4350 non

2102 4380 2341 4436 creditur
2368 4381 2468 4438 nisi
2497 4396 2527 4435 a
2557 4388 2610 4435 te
2638 4382 2799 4435 fuerit
2837 4396 2934 4451 pro
2962 4382 3301 4438 solemnitate
3331 4383 3719 4453 completum.

2105 4470 2277 4527 Vestis
2314 4486 2530 4541 quoque
2577 4486 2729 4526 sacra
2778 4472 2873 4527 tibi
2914 4472 3209 4543 antiquitus
3253 4474 3499 4529 noscitur
3530 4476 3727 4532 fuisse

378 4572 466 4618 θυι
489 4565 639 4635 plebs
666 4568 890 4636 querula
923 4568 1248 4624 seditionem
1278 4569 1484 4625 nesciat
1530 4569 1732 4624 habere
1778 4569 1993 4624 satiata.
2026 4569 2072 4628 ι)
2099 4566 2404 4631 commissa,
2439 4574 2496 4621 ut
2516 4565 2771 4636 quidquid
2801 4566 2869 4620 ad
2896 4565 3238 4635 splendorem
3277 4580 3465 4635 regum
3523 4572 3726 4638 perti-

403 4651 651 4709 Oflicium
679 4671 810 4711 vero
834 4656 949 4726 ejus
970 4666 1117 4713 tanta
1146 4659 1286 4729 genii
1310 4661 1662 4730 praerogativa
1687 4660 1993 4730 decoratur,

394 4757 466 4801 ut
513 4746 718 4801 militiae
771 4748 1083 4818 perfunctus
1114 4752 1459 4819 muneribus,
1504 4759 1727 4808 ornetur
1776 4754 1998 4811 nomine

378 4837 758 4907 rprincipatus,
792 4836 1037 4906 miroque
1063 4838 1225 4894 modo
1254 4840 1395 4895 inter
1421 4840 1772 4910 prmtorianas
1799 4841 1996 4897 cohor-

406 4938 489 4983 tes
514 4936 573 4984 et
598 4929 814 4984 urbanae
843 4928 1171 4999 pratfecturze
1199 4928 1396 4986 milites
1419 4930 1701 4987 videantur
1728 4931 1998 4990 invenisse

380 5070 387 5077 .
405 5019 716 5088 primatum,
730 5033 759 5073 a
778 5018 971 5089 quibus
990 5019 1087 5073 tibi
1106 5019 1309 5075 humile
1329 5020 1640 5076 solvebatur
1654 5021 1994 5091 obsequium.

379 5109 500 5165 :Sic
516 5110 774 5166 in‘favore
802 5111 981 5181 magni
1004 5111 1226 5168 honoris
1256 5110 1515 5181 injustitia
1540 5113 1784 5182 quaedam
1814 5113 1998 5184 a-legi-

381 5201 506 5255 'bus
527 5199 690 5268 venit,
722 5201 845 5255 dum
880 5201 1067 5257 alienis
1095 5203 1334 5258 excubiis
1374 5203 1723 5273 praeponitur,
1750 5204 1842 5273 qui
1871 5204 1996 5260 alibi

406 5293 663 5349 militasse
700 5288 1022 5347 declaratur.
1046 5293 1276 5363 Adjutor
1314 5294 1477 5350 etiam
1532 5294 1769 5362 magistri
1799 5296 1996 5351 nostris

406 5392 764 5452 pnesentatur
784 5383 1080 5448 obtutibus,
1097 5392 1156 5437 ut
1176 5384 1374 5439 vicaria
1396 5392 1543 5441 sorte
1564 5381 1807 5440 beneficii
1830 5385 1997 5457 eliga-

482 5549 505 5576 ⁸
533 5538 667 5595 Vide
688 5539 831 5607 leges
859 5540 959 5597 sub
980 5541 1135 5597 titulo
1152 5540 1230 5597 De
1255 5544 1537 5616 privilegiis
1566 5544 1879 5601 scholarum.
1902 5544 1994 5601 Ju-

408 5625 851 5755 ﬂz‘isveeti‘ones
875 5680 1112 5755 dantura
1131 5680 1391 5754 principe,
1407 5685 1493 5739 vel
1516 5701 1545 5738 a
1576 5683 1827 5755 prterele
1856 5701 1993 5755 [πφ-

388 5750 573 5821 dario,
598 5750 681 5821 vel
710 5750 965 5821 magistro
988 5749 1286 5806 officiorum
1305 5749 1402 5807 {ad
1424 5770 1517 5810 eos
1539 5749 1769 5813 refertur
1787 5753 1832 5805 si
1858 5749 1991 5821 "quid

406 5819 585 5873 miuu:
617 5819 852 5889 legitime
898 5822 952 5875 in
1005 5823 1314 5893 usurpando
1355 5839 1516 5881 cursu
1543 5826 1757 5894 publico
1785 5819 1991 5879 factum

2102 4667 2213 4723 net,
2263 4658 2367 4713 tuis
2396 4673 2504 4712 non
2553 4657 2726 4711 minus
2752 4656 3183 4713 ordinationibus
3220 4657 3487 4714 obediret.
3525 4659 3733 4717 Coras

2099 4764 2314 4820 quoque
2342 4748 2582 4803 littorum
2622 4747 2915 4803 adventitia
2945 4748 3076 4803 lucri
3100 4749 3410 4818 provisione
3436 4756 3734 4808 commit-

2099 4840 2189 4894 tis.
2218 4839 2610 4909 Negotiatores,
2650 4840 2801 4911 101
2842 4853 2978 4908 quos
3005 4839 3254 4894 humanm
3308 4840 3431 4895 vitae
3476 4853 3740 4902 constat

2100 4930 2451 4997 necessarios,
2479 4929 2609 4984 huic
2640 4930 2894 5000 potestati
2924 4930 3265 4985 manifestum
3306 4939 3389 4985 est
3410 4946 3547 4988 esse
3583 4936 3734 4990 sul.-

2095 5023 2287 5094 jectos.
2320 5022 2452 5077 Nam
2499 5022 2755 5091 quidquid
2785 5024 2838 5077 in
2866 5022 3123 5087 vestibus,
3163 5022 3420 5093 quidquid
3449 5024 3511 5079 in
3579 5043 3733 5095 aere,

2099 5113 2356 5185 quidquid
2387 5115 2439 5169 in
2470 5122 2715 5183 argento,
2740 5113 2999 5184 quidquid
3020 5114 3071 5168 in
3097 5115 3322 5183 gemmis
3344 5114 3595 5173 ambitio
3622 5120 3737 5173 hu-

2099 5217 2258 5258 mana
2287 5212 2467 5274 potest
2490 5202 2697 5258 habere
2736 5204 3050 5273 pretiosum,
3107 5205 3213 5259 tuis
3258 5204 3745 5267 ordinationibus

2099 5295 2427 5351 obseeundat
2453 5312 2468 5361 ;
2498 5302 2555 5349 et
2582 5294 2648 5350 ad
2669 5293 2932 5363 judicium
2968 5302 3116 5349 tuum
3162 5295 3442 5352 conﬂuunt
3487 5302 3609 5370 qui
3656 5302 3745 5359 de

2098 5386 2356 5445 extremis
2378 5384 2559 5441 mundi
2580 5385 2825 5458 partibus
2843 5385 3128 5444 advenere.
3140 5386 3279 5443 Salis
3298 5402 3531 5459 quoque
3559 5409 3745 5451 com-

2094 5544 2185 5599 sit.
2221 5544 2280 5619 L‘.
2315 5547 2368 5612 '5,
2392 5545 2461 5619 C.
2486 5546 2564 5601 De
2592 5564 2745 5603 cursu
2774 5548 2977 5619 publica
2999 5564 3017 5601 :
3048 5547 3248 5605 idcirco
3276 5562 3384 5619 non
3414 5549 3653 5609 mirum
3690 5558 3749 5614 si

2096 5615 2406 5687 evectiones
2433 5617 2590 5683 dant;
2622 5615 2936 5687 praesidibus
2969 5628 3152 5673 autem
3190 5616 3495 5687 dandarum
3551 5638 3749 5682 evec-

2095 5686 2300 5766 tionum
2332 5684 2690 5766 facultasnnon
2721 5698 2820 5754 est,
2839 5696 2912 5766 Διιι
2935 5704 3058 5766 nov.
3090 5688 3277 5759 Major.
3308 5684 3388 5741 De
3406 5705 3608 5766 cursu”
3635 5719 3753 5766 ρει..

2094 5753 2247 5879 alia),
2310 5757 2409 5812 nisi
2440 5757 2778 5828 publicarum
2810 5753 3188 5816 'functiouum'
3219 5753 3745 5831 prosecutol'ib'us.

2142 5840 2284 5879 δοες.

2142 5840 2284 5881 8038.
