3988 6178
321 256 423 316 689

1603 250 1984 311 VARIARUM.
2003 249 2205 306 LIBER
2248 248 2331 305 Vl.

3494 245 3608 303 699

320 374 579 432 mercimn
609 371 750 429 inter
766 380 943 430 vestes
970 370 1174 428 sericas
1198 379 1255 428 et
1286 369 1730 443 pretiosissimam
1758 385 1905 425 mar-
1929 383 1974 436 Α
2009 365 2389 432 aestimatione,
2439 362 2732 430 discrevit,
2794 363 2919 434 quia
2966 363 3128 433 longe
3178 361 3324 420 aliud
3374 363 3604 422 debetur

318 468 544 540 garitam
593 482 701 521 non
741 466 922 535 inepte
949 465 1043 520 tibi
1084 463 1360 537 deputavit
1387 463 1702 532 antiquitas,
1731 470 1791 518 ut
1810 477 1900 517 sa—

319 558 574 631 pientiam
599 567 745 613 tuam
768 558 1047 613 evidenter
1075 555 1403 622 ostenderet,
1437 555 1523 611 cui
1550 555 1672 610 talis
1699 555 1909 625 species

316 648 572 720 deputata
603 649 852 704 serviret.
885 646 1228 719 Quapropter
1269 661 1367 716 per
1391 645 1537 701 illam
1561 643 1908 701 indictionein

315 740 584 796 comitivae
607 754 885 795 sacrarum
913 747 969 794 et
1011 738 1403 810 primiceriatus
1446 738 1540 793 tibi
1585 737 1910 793 conferimus

315 830 626 899 dignitates,
649 838 710 885 ut
737 829 923 886 multis
944 829 1190 884 laudibus
1213 827 1460 884 decorari
1484 828 1679 899 possis,
1697 828 1787 896 qui
1811 827 1910 882 bo-

315 937 513 978 norum
547 921 932 977 numerositate
958 919 1319 990 praaciugeris.
1338 917 1502 974 Utere
1523 919 1685 989 igitur
1713 917 1910 972 solem—

315 1010 462 1065 niter
485 1009 655 1066 titulis
694 1010 839 1076 tuis;
869 1017 926 1064 et
945 1008 991 1064 si
1011 1008 1142 1079 quid
1161 1008 1259 1064 tibi
1287 1007 1355 1063 de
1383 1007 1606 1078 antiquo
1629 1006 1912 1078 privilegio

313 1117 447 1156 usus
470 1100 713 1166 abstulit,
741 1100 970 1170 plurima
990 1107 1140 1154 certe
1169 1113 1290 1168 qua:
1315 1097 1591 1152 vindicare
1611 1095 1807 1151 debeas
1827 1096 1915 1151 de-

313 1191 552 1261 reliquit,
584 1189 802 1260 quando
832 1188 1063 1245 duarum
1088 1189 1407 1258 dignitatum
1436 1187 1669 1257 gloriosa
1695 1185 1911 1256 quidem

312 1299 466 1348 cura,
483 1283 578 1340 sed
594 1291 651 1339 et
671 1283 940 1339 laboriosa
969 1281 1213 1338 custodia
1243 1290 1482 1351 est,qu:e
1512 1279 1606 1334 tibi
1635 1279 1912 1350 capiosum

315 1377 550 1433 fructum
571 1376 784 1432 decoris
804 1374 1057 1442 afferunt,
1088 1375 1132 1431 si
1158 1373 1343 1446 probis
1371 1373 1610 1429 moribus
1650 1372 1910 1428 excolun-

317 1475 427 1522 tur.

573 1555 706 1613 Vlll.
739 1572 982 1613 FORIULA
1014 1571 1282 1614 οοωτινιε
1312 1571 1671 1612 ηινιιτλιιυκ.

382 1647 660 1704 Cnmitiva
688 1649 1016 1720 privatarum
1033 1687 1050 1714 ,
1077 1648 1214 1704 sicut
1237 1647 1466 1702 nominis
1489 1647 1655 1716 ipsius
1683 1647 1915 1702 sentitur

2007 455 2342 527 proximitati
2371 463 2578 511 natura:
2606 469 2768 524 quam
2808 454 3075 524 corporali
3105 469 3389 526 possumus
3423 455 3602 512 indul-

2007 562 2135 617 gere
2162 546 2409 602 licentia).
2441 544 2642 602 Contra
2664 545 2766 601 bos
2787 545 3010 615 eligeris
3023 545 3214 601 unicus
3237 555 3293 602 et
3319 548 3612 604 continens

2010 637 2316 707 inquisitor,
2364 645 2429 690 ut
2453 635 2578 694 dum
2611 636 2738 691 talia
2779 635 2978 706 probra
3006 637 3381 707 persequeris,
3408 653 3612 695 conse-

2010 729 2193 800 quaris
2220 729 2491 804 praeconia
2518 729 2804 785 castitatis.
2837 728 2862 768 δ
2896 727 3281 785 Defunctorum
3308 730 3618 800 quinetiam-

2010 836 2220 877 sacram
2247 821 2483 892 quietem
2506 821 2790 891 aequabilia
2807 819 2929 891 jura
2953 829 3056 877 tute
3076 821 3610 879 conscientiae-com-

2011 913 2303 981 miserunt,
2358 929 2428 969 ne
2493 913 2624 984 quis
2679 914 2872 970 vestita
2931 914 3291 971 marmoribus
3357 915 3610 986 sepulcra

2014 1006 2272 1071 nudaret,
2324 1019 2396 1062 ne
2439 1006 2560 1076 quis
2604 1006 2981 1062 columnarum
3005 1005 3259 1063 decorem
3307 1008 3606 1078 irreligiosa

2013 1097 2320 1152 temeritate
2357 1105 2734 1166 praesumeret,
2780 1111 2848 1153 ne
2879 1095 2999 1166 quis
3042 1096 3254 1153 cineres
3282 1097 3488 1153 alienos
3513 1106 3607 1153 aut

2015 1185 2407 1257 longinquitate
2443 1187 2720 1257 temporis,
2768 1195 2862 1242 aut
2888 1186 3316 1244 voraciﬂamma
3355 1203 3608 1245 consum-

2015 1285 2159 1348 ptos,
2185 1277 2447 1334 scelerata
2469 1279 2908 1350 perscrutatione
2941 1278 3248 1350 detegeret,
3289 1295 3358 1336 ne
3384 1295 3612 1351 corpus,

2015 1369 2160 1438 quod
2188 1370 2356 1426 semel
2382 1371 2674 1442 reliquerat
2697 1372 2972 1430 molestias
2998 1372 3314 1440 mundanas,
3342 1373 3624 1431 humanas.

2017 1459 2212 1516 iterum
2242 1469 2520 1532 pateretur
2547 1463 2788 1520 insidias.
2851 1463 2986 1519 Nam
3033 1465 3134 1520 etsi
3173 1465 3436 1521 cadavera
3465 1464 3620 1522 furta

2018 1567 2126 1607 non
2155 1553 2421 1620 sentiunt,
2455 1554 2523 1608 ab
2575 1553 2721 1610 omni
2750 1550 2954 1624 pietate
3004 1555 3215 1611 alienus
3254 1569 3376 1611 esse
3420 1555 3610 1626 digno-

2017 1643 2206 1709 scitur,
2259 1642 2351 1712 qui
2399 1641 2598 1711 aliquid
2640 1643 2870 1700 mortuis
2916 1644 3206 1714 abrogasse
3257 1652 3607 1700 monstratur.

319 1740 575 1795 insonare
602 1739 946 1803 vocabulum,
998 1753 1096 1809 per
1135 1737 1478 1793 rationalium
1508 1736 1653 1811 [Con
1675 1777 1690 1805 ,
1723 1735 1870 1792 Gam.
1896 1779 1910 1804 ,
1945 1743 1993 1804 Β
2018 1731 2151 1788 Vide
2178 1745 2299 1802 qua:
2328 1731 2423 1788 tibi
2451 1733 2739 1789 commissa
2767 1741 2922 1800 sunt,
2975 1733 3196 1790 castitas
3221 1734 3518 1790 viventium
3555 1743 3623 1791 et~

320 1829 724 1902 rationabilem]
753 1845 960 1899 curam,
1003 1831 1277 1901 quondam
1323 1829 1624 1901 principum
1653 1831 1918 1900 privatam

322 1918 494 1976 fertur
522 1920 855 1988 gubernasse
883 1917 1258 1974 substantiam.
1308 1916 1374 1973 Et
1399 1919 1525 1989 quia
1549 1918 1744 1989 judicis
1773 1917 1919 1974 fasti-

317 2013 465 2080 gium
496 2024 755 2066 exercere
801 2025 911 2064 non
961 2017 1174 2080 poterat
1205 2009 1346 2065 inter
1384 2009 1632 2065 homines
1661 2011 1919 2066 extremis

319 2097 724 2154 conditionibus
745 2098 1051 2165 inclinatos,
1079 2098 1218 2155 alios
1240 2115 1456 2170 quoque
1483 2099 1667 2156 titulos
1695 2101 1918 2170 provida

317 2189 715 2247 deliberatione
758 2190 1018 2260 suscepit,
1066 2204 1137 2246 ne
1164 2189 1655 2262 dignitas‘Latialis
1701 2205 1919 2246 causam

318 2290 534 2338 tantum
561 2282 832 2338 videretur
863 2283 1064 2340 habere
1105 2299 1228 2339 cum
1278 2282 1494 2339 famulis
1524 2303 1536 2338 :
1567 2283 1662 2340 sed
1707 2285 1918 2340 actibus

319 2375 548 2432 urbanis
577 2382 704 2430 tunc
746 2389 810 2432 se
849 2374 1056 2431 felicius
1096 2375 1413 2446 occupavit,
1445 2383 1732 2445 postquam
1762 2387 1919 2444 agre-

316 2471 484 2526 stium
515 2483 706 2525 causas
733 2468 992 2525 decenter
1019 2467 1218 2522 amisit.
1257 2465 1397 2534 Quid
1424 2467 1568 2522 enim
1596 2466 1742 2536 prius
1770 2465 1918 2522 face-

318 2569 448 2617 rent
469 2561 618 2616 inter
637 2575 824 2616 servos
840 2560 962 2628 jura
985 2559 1220 2631 publica,
1248 2558 1340 2628 qui
1360 2566 1385 2594 λ
1404 2571 1694 2628 personam
1717 2557 1922 2626 legibus

320 2669 431 2707 non
483 2651 794 2707 habebant?
843 2650 961 2706 Non
1006 2650 1079 2706 ibi
1125 2649 1420 2705 advocatus
1457 2648 1675 2715 aderat,
1723 2663 1832 2705 non
1861 2664 1922 2704 se

315 2753 508 2818 partes
556 2744 782 2801 solemni
812 2744 1027 2800 actione
1071 2741 1377 2813 pulsabant.
1408 2740 1541 2796 Erat
1568 2741 1920 2798 secretarium

317 2837 576 2908 impolita
625 2833 776 2908 [ατη
828 2830 1132 2906 impolluta]
1180 2829 1445 2888 seditione
1506 2831 1818 2897 confusum;
1866 2838 1924 2886 et

320 2925 707 2998 appellabatur
744 2924 965 2980 abusive
987 2922 1267 2994 judicium,
1293 2921 1384 2978 ubi
1415 2937 1523 2978 non
1552 2921 1925 2992 allegabantur

318 2995 646 3090 apertibus
693 3015 835 3072 dicta
876 3014 1242 3087 prudentium.
1287 3013 1466 3070 Utitur
1512 3027 1658 3069 nunc
1694 3013 1924 3085 dignitas

2018 1826 2285 1882 securitas
2322 1835 2682 1882 mortuorum.
2734 1825 2911 1882 Habes
2939 1841 3155 1896 quoque
3184 1842 3283 1897 per
3310 1826 3632 1897 provincias.

2017 1915 2086 1972 de
2115 1916 2460 1988 perpetuario
2484 1915 2608 1986 jure
2638 1915 2964 1972 tributorum
2995 1931 3102 1971 non
3131 1916 3408 1972 minimam
3435 1932 3620 1989 quan-

2018 2008 2246 2064 titatem.
2275 2017 2301 2047 α
2325 2006 2713 2064 Cauonicarios
2735 2006 2938 2078 dirigis,
2967 2021 3308 2078 possessores
3333 2009 3617 2080 admones,

2018 2107 2076 2156 et
2119 2113 2242 2156 cum
2294 2099 2412 2155 aliis
2453 2098 2727 2169 judicibus
2779 2116 2888 2155 non
2936 2101 3146 2157 modica
3196 2101 3333 2172 jura.
3374 2103 3612 2173 partiris,

2021 2191 2225 2246 caduca
2254 2191 2396 2246 bona
2427 2206 2534 2246 non
2565 2191 2697 2246 sinis
2726 2205 2848 2246 esse
2878 2191 3146 2248 vacantia.
3176 2191 3254 2246 Ita
3283 2193 3428 2261 quod
3458 2208 3616 2248 usura

2021 2282 2170 2354 patio
2198 2282 2373 2353 potuit
2401 2282 2675 2347 invadere,
2727 2290 2783 2337 tu
2813 2281 2998 2338 fiscum
3031 2291 3271 2338 nostrum
3302 2281 3432 2339 facis
3453 2284 3625 2355 justis-

2019 2375 2354 2446 compendiis
2391 2375 2657 2431 obtinere.
2705 2373 2988 2430 Proximos
3031 2374 3413 2431 defunctorum
3457 2376 3622 2432 nobis

2021 2462 2046 2502 ά
2080 2464 2326 2535 legaliter
2372 2465 2684 2535 anteponis,
2739 2466 2868 2536 quia
2924 2466 2976 2520 in
3031 2465 3144 2522 hoc
3180 2481 3308 2524 casu
3361 2467 3628 2538 principis-

2021 2574 2258 2630 persona
2315 2565 2441 2629 post
2495 2573 2685 2616 omnes
2731 2567 2814 2614 est
2845 2576 2858 2612 :
2890 2558 2986 2614 Sed
3033 2558 3162 2614 hinc
3210 2566 3458 2629 Optamus
3509 2574 3634 2615 non

2022 2652 2330 2724 acquirere,
2357 2651 2650 2708 dummodo
2687 2652 2798 2708 sint
2835 2652 2924 2722 qui
2951 2652 3140 2708 relicta
3185 2651 3418 2708 debeant
3445 2651 3622 2723 possi—

2021 2745 2170 2800 dere.
2201 2753 2225 2784 ο
2252 2744 2571 2816 Depositivze
2597 2759 2816 2815 quoque
2841 2744 3103 2814 pecuniae,
3132 2757 3252 2814 quae
3281 2743 3438 2815 longa
3468 2753 3618 2800 vetu-

2023 2843 2164 2892 state
2192 2844 2564 2906 competentes
2612 2835 2862 2891 dominos
2901 2837 3218 2903 amiserunt,
3272 2831 3635 2907 inquisitione-

2025 2932 2118 2980 tua
2148 2925 2346 2980 nostris
2381 2925 2723 2995 applicantur
2757 2925 2982 2992 aerariis,
3031 2932 3090 2980 ut
3121 2926 3225 2996 qui
3265 2941 3363 2982 sua
3391 2934 3619 2982 cunctos

2025 3015 2262 3087 patimur
2306 3015 2601 3087 possidere,
2660 3016 2836 3071 aliena
2891 3016 3047 3073 nobis
3100 3014 3332 3072 debeant
3385 3016 3624 3073 libenter

318 3108 625 3165 liberorum
653 3106 863 3175 causis,
909 3113 965 3162 et
993 3105 1262 3174 legitimus
1302 3104 1498 3177 pracsul
1524 3104 1789 3160 veraciter
1818 3105 1919 3159 ha-
1945 3128 1995 3192 ο
2025 3105 2241 3162 oﬂ'erre.
2294 3105 2424 3162 Sine
2449 3105 2646 3161 damno
2695 3105 2960 3175 siquidem
3005 3107 3224 3164 inventa
3270 3105 3478 3178 perdit,
3525 3108 3628 3180 qui

315 3198 508 3267 betur,
556 3196 772 3268 quando
821 3196 889 3253 de
935 3198 1289 3266 ingenuorum
1345 3195 1576 3254 fortunis
1621 3195 1923 3266 disceptare

315 3303 490 3361 posse
517 3288 766 3344 sentitur.
800 3285 1036 3343 Primum
1069 3285 1164 3341 tibi
1193 3293 1382 3340 contra
1414 3283 1650 3340 nefarias
1674 3283 1923 3340 libidines

316 3388 374 3436 et
400 3377 635 3433 humani
665 3375 878 3446 generis
903 3375 1180 3446 improbos
1206 3373 1496 3445 appetitus,
1527 3372 1679 3442 quasi
1709 3372 1920 3443 parenti

317 3469 567 3541 publico,
610 3467 832 3524 decreta
859 3465 1104 3522 custodia
1131 3474 1247 3533 est,
1292 3480 1362 3520 ne
1403 3463 1524 3534 quis
1566 3477 1626 3519 se
1654 3461 1918 3534 probrosa

317 3560 722 3617 commixtione
763 3558 1057 3629 pollueret,
1103 3555 1230 3613 dum
1261 3555 1438 3611 vicino
1475 3554 1721 3623 sanguini
1763 3568 1921 3609 reve-

323 3657 574 3712 rentiam
620 3669 728 3710 non
759 3653 1002 3710 haberet.
1051 3651 1300 3707 Gravitas
1328 3650 1471 3706 enim
1499 3648 1708 3720 publica
1736 3647 1923 3719 proxi-

320 3749 536 3804 mitatis
564 3745 903 3804 sanctitatem
935 3753 991 3800 et
1017 3742 1412 3814 conjunctionis
1439 3740 1697 3812 gratiam,
1737 3738 1919 3796 habita

395 3960 427 3988 ι
462 3948 616 4004 Servi
659 3961 946 4014 personam
987 3961 1092 4002 non
1131 3945 1355 4014 habent,
1403 3946 1628 4016 ideoque
1669 3960 1700 4000 a
1739 3943 1921 4016 Theo-

319 4019 506 4091 philo,
553 4019 706 4092 initio
746 4020 830 4092 tit.
865 4017 955 4092 De
972 4017 1150 4092 _atipul.
1197 4034 1352 4078 seru,
1384 4015 1705 4092 nupta-ago.
1748 4015 1928 4092 nomi-

321 4083 663 4162 iianturzpde
700 4090 896 4162 quibus
924 4083 1082 4162 Dion,
1109 4083 1520 4162 plagiario-ria},
1553 4094 1610 4141 et
1638 4087 1674 4140 l.
1707 4101 1834 4162 un.,
1863 4083 1926 4139 C.

321 4161 391 4284 1.ξὶ
417 4176 517 4230 per
535 4159 656 4226 vim,
684 4157 758 4214 vel
779 4159 884 4214 alio
910 4157 1085 4214 modo.
1110 4157 1269 4212 Ba'sil.
1297 4157 1502 4214 δουλίαν
1523 4165 1684 4213 vocat
1703 4159 1930 4230 ἀτιμίαν.

369 4245 509 4284 om.

369 4245 509 4286 083.

403 4300 434 4339 δ
475 4299 632 4371 Sup.,
652 4297 756 4371 _lib.
794 4314 866 4362 Iv,
898 4298 1054 4371 epist.
1086 4296 1177 4353 18.
1202 4295 1573 4365 Constantius,
1597 4295 1635 4352 l.
1656 4295 1694 4371 _3
1738 4303 1794 4351 et
1815 4295 1850 4349 l.
1871 4292 1930 4371 ρ,

318 4370 484 4425 :edes
528 4365 595 4426 a'c
633 4369 850 4424 domum
897 4365 1273 4424 defunctorum
1318 4376 1479 4423 vocat
1523 4365 1936 4436 sepulcrattit.

323 4440 416 4510 De
450 4440 674 4510 sepulcr.
705 4439 825 4510 viol.
868 4437 930 4510 C_.
963 4437 1168 4510 Theod.
1203 4436 1293 4510 Ea_
1317 4445 1498 4492 autem
1533 4434 1771 4510 cognitio
1799 4434 1936 4510 Pon-

2023 3197 2243 3272 propria
2288 3213 2399 3254 non
2445 3197 2667 3256 amittit.
2719 3196 2956 3253 Proinde
2985 3197 3152 3270 (quod
3178 3197 3423 3254 felicibus
3449 3196 3621 3270 appli-

2023 3297 2179 3346 cetur
2203 3287 2479 3359 auspiciis)
2507 3302 2605 3357 per
2632 3286 2984 3344 indictiouem
3027 3288 3171 3344 illam
3198 3288 3470 3345 comitivte
3506 3288 3620 3360 pri-

2025 3391 2268 3438 vatarum
2297 3390 2352 3436 te
2378 3380 2588 3436 honore
2614 3379 2957 3450 decoramus,
2986 3394 3148 3450 quam
3179 3379 3324 3450 leges
3352 3379 3623 3452 praefectis

2029 3487 2246 3544 quoque
2287 3485 2470 3542 parem
2499 3486 2622 3528 esse
2663 3471 3048 3534 decreverunt;
3095 3480 3178 3527 est
3219 3472 3363 3527 enim
3406 3479 3462 3527 et
3503 3471 3620 3542 ipsa

2028 3562 2203 3619 aulica
2229 3569 2471 3633 potestas
2497 3561 2699 3632 palatio
2726 3569 2915 3618 nostro
2950 3562 3074 3631 jure
3101 3559 3418 3627 reverenda,
3458 3574 3642 3630 quam.

2032 3663 2089 3711 tu
2118 3652 2284 3709 facies
2311 3651 2451 3707 ultra
2481 3654 2742 3709 terminos
2770 3667 2900 3708 suos
2927 3666 3195 3721 crescere,
3239 3651 3292 3707 si,
3314 3657 3632 3723 susceptam

2033 3741 2377 3799 continenter
2397 3742 2572 3813 egeris
2599 3741 2943 3812 dignitatem.

2025 3944 2397 4018 disciplinam,
2439 3945 2835 4018 §_Thesauroa,
2885 3945 2962 4018 De
3002 3964 3103 4002 rer.
3156 3949 3332 4018 divis,
3377 3947 3548 4004 lnstit.
3596 3949 3613 4003 l

2029 4032 2108 4082 llr,
2139 4015 2198 4072 in
2225 4015 2340 4081 lin.,
2377 4015 2556 4071 DJDe
2590 4017 2712 4086 jure
2748 4018 2882 4086 ﬁsci,
2917 4017 2952 4086 l.
2995 4034 3110 4084 un.,
3140 4017 3202 4074 C.
3237 4018 3317 4073 De
3344 4019 3623 4074 thesauris.

2029 4087 2176 4158 Sane
2199 4087 2375 4154 Plato,
2408 4087 2562 4142 initio
2591 4085 2686 4158 lib.
2721 4085 2894 4156 x’t,.de
2923 4085 3172 4158 Legibus,
3207 4090 3488 4144 thesauros
3517 4090 3629 4144 tol-

2032 4157 2223 4212 lendos
2250 4172 2372 4213 esse
2398 4164 2594 4225 negat-
2614 4156 2783 4213 Porro
2821 4156 3127 4215 securitatis
3163 4174 3326 4214 causa
3357 4160 3411 4214 in
3437 4175 3631 4214 monu-

2037 4227 2338 4296 mentisiac
2378 4226 2641 4296 sepulcris
2678 4228 2917 4296 pecunite
2955 4229 3342 4296 credebantur,
3382 4237 3441 4284 ut
3481 4228 3628 4291 hinc,

2039 4243 2233 4281 mentis
2272 4243 2338 4282 ac
2378 4243 2436 4281 se
2478 4243 2641 4280 lllCl‘lS
2678 4243 2917 4296 pecunue
2955 4243 3342 4296 credebantur,
3382 4243 3441 4284 ut
3482 4243 3628 4291 hinc,

2039 4305 2097 4351 et
2142 4311 2211 4351 ex
2251 4243 2496 4377 Eunuchi
2544 4294 2884 4377 Terentianae
2932 4299 3163 4377 prologo
3205 4308 3436 4377 constat,
3487 4299 3632 4369 quod

2079 4376 2231 4421 ostea
2297 4366 2522 4436 vetitum
2570 4364 2670 4418 fuit
2711 4384 2725 4420 :
2768 4364 3055 4436 exstatque
3102 4364 3304 4424 _titulus
3349 4369 3442 4424 lib.
3496 4364 3629 4433 inv,

2085 4436 2254 4509 asilic.
2285 4453 2298 4489 :
2332 4433 2418 4489 Ne
2455 4436 2726 4504 pecuniam
2765 4453 2882 4490 cum
2928 4433 3144 4492 mortuis
3190 4439 3408 4509 sepelire
3453 4439 3629 4505 liceat,

323 4504 715 4596 tilicumvp‘lim.
750 4508 945 4596 fuitLI.
981 4508 1058 4596 ελ
1079 4523 1220 4596 νει-θ.
1253 4505 1778 4596 ριξηιροηξβεξὺωᾶ
1810 4504 1925 4596 e02.

2041 4511 2126 4596 τξῑέκ
2156 4505 2325 4596 ξέεεξτι
2354 4509 3221 4596 ἰκέντάετξὲ.ιῖ,τεθνξτὲισξ.ξςρτ⁵έιξαῖξ·
3246 4504 3380 4596 ﬁed
3407 4518 3463 4596 εει
3488 4504 3633 4596 ειμοὲ

321 4581 446 4644 tit.;
477 4582 518 4635 Ι.
553 4577 637 4643 50,
666 4578 982 4643 Ilwreditas,
1015 4577 1078 4632 D.
1106 4576 1182 4631 De
1211 4579 1356 4648 petit.
1385 4574 1582 4648 luerent.
1596 4594 1610 4648 ;
1630 4575 1672 4648 il.
1703 4576 1824 4648 ult.,
1859 4574 1938 4629 De

320 4661 497 4731 gnari.
528 4651 654 4731 iub
687 4649 774 4705 hic
814 4664 1024 4731 sacram
1053 4645 1287 4731 quietem
1316 4656 1511 4731 vpcat.
1532 4645 1932 4731 .Videﬁueton.

321 4722 387 4847 {‘9
441 4715 772 4785 Domitiano,
817 4734 867 4775 c.
903 4719 1003 4787 l7;
1053 4715 1112 4784 ti,
1141 4716 1282 4773 Tull.
1332 4717 1400 4773 de
1443 4717 1641 4786 lcgib.,
1683 4715 1750 4770 l0
1778 4716 1937 4787 epist.

372 4807 512 4847 onx.

372 4807 512 4848 οιιε.

409 4873 439 4900 ε
474 4860 608 4915 Vide
631 4860 786 4924 infra,
818 4859 910 4915 lib.
935 4875 1030 4928 κη,
1055 4873 1141 4929 ep.
1175 4857 1263 4913 1'5.
1313 4856 1378 4912 Hi
1403 4865 1533 4914 sunt
1556 4857 1645 4928 qui
1672 4871 1936 4912 canonem

315 4931 622 5004 pumicum
661 4930 967 5004 exigebant.
999 4929 1120 5004 Jun.

408 5003 442 5040 ο
476 4999 534 5055 ιη
564 4996 991 5057 successionibus
1017 5000 1086 5054 ab
1114 4999 1370 5054 intestato
1401 4996 1562 5055 ﬁscus
1589 4997 1939 5052 novissimum

321 5073 526 5126 locum
569 5079 820 5141 occupat,
852 5079 908 5126 et
934 5070 1469 5141 agnatis,cogpatis,
1503 5067 1748 5141 collegis,
1789 5082 1942 5141 com—

321 5141 681 5212 militonibus
701 5137 1087 5212 :postponi'tur,
1146 5137 1366 5212 tithe
1416 5137 1942 5212 Irwred._de§urion.,

315 5211 482 5268 Cod.
532 5210 658 5267 inde
700 5207 1052 5281 llarmenop.,
1085 5211 1375 5281 caeterique
1425 5208 1594 5263 Grzeci
1617 5207 1753 5276 juris
1781 5208 1948 5281 inter-

323 5290 537 5355 pretes
560 5291 705 5355 apte_
712 5282 959 5338 vacantia
975 5280 1133 5337 bona
1156 5280 1420 5338 ἀδέσποτα
1449 5283 1532 5336 καὶ
1560 5280 1949 5355 ἁκλῳονόμητα

317 5350 634 5410 deﬁniunt.
667 5353 834 5407 FuttN.

415 5433 447 5460 ε
482 5421 810 5493 Depositivaz,
843 5429 979 5488 vet.,
1003 5422 1295 5493 repositiw
1309 5437 1328 5493 ς
1349 5427 1636 5493 utrumqpe
1661 5426 1830 5482 recte,
1854 5417 1949 5493 sed

323 5502 536 5545 tamen
561 5487 713 5561 prius
741 5487 967 5546 arridet
992 5487 1276 5561 magis,_ex
1303 5491 1345 5561 Vl.
1390 5491 1450 5561 5i
1475 5532 1490 5557 ,
1532 5487 1853 5561 Nunquam,
1883 5487 1946 5542 Ι).

328 5563 425 5616 De
479 5557 594 5633 atq.
647 5581 749 5616 rer.
805 5563 945 5617 dom.
983 5564 1018 5633 .l
1045 5557 1104 5633 bi
1127 5578 1156 5615 a
1185 5559 1352 5633 Paulo
1383 5557 1949 5633 thesaurus'dellnitur

323 5639 512 5686 vetus
556 5629 798 5700 quaedam
835 5631 1100 5701 depositio
1139 5630 1399 5701 pecuniaa,
1431 5629 1584 5697 cujus
1625 5644 1732 5701 non
1769 5637 1951 5701 exstet

322 5699 638 5768 memoria,
671 5711 727 5754 ut
753 5701 863 5766 jam
893 5699 1166 5756 dominum
1197 5716 1304 5754 non
1333 5701 1558 5766 habeat,
1593 5707 1649 5753 et
1676 5699 1948 5754 inventori

320 5771 693 5829 conceditur.
738 5771 835 5828 llic
875 5785 1004 5828 vero
1048 5769 1176 5828 fisco
1215 5772 1542 5845 applicatur,
1587 5778 1784 5842 preter
1809 5767 1952 5841 juris

2047 4578 2100 4632 in
2151 4575 2208 4631 d.
2261 4576 2297 4630 l.
2358 4591 2451 4629 un.
2499 4574 2737 4648 legitur,
2784 4574 3004 4648 condita
3045 4574 3114 4632 ab
3154 4579 3350 4648 ignotis
3405 4574 3634 4634 dominis

2048 4656 2292 4718 tempore
2335 4646 2898 4718 vetustiore-mobilia,
2929 4663 3025 4703 seu
3053 4646 3294 4716 monilia,
3334 4649 3492 4717 hujus
3520 4647 3634 4704 for-

2250 4715 2612 4788 descriptioni
2645 4727 3070 4775 consentaneum
3114 4728 3226 4787 est,
3276 4719 3353 4775 sic
3392 4715 3536 4774 enim
3582 4726 3639 4774 et

2092 4804 2158 4843 oe
2184 4803 2218 4843 a
2243 4805 2257 4842 :

2173 4902 2520 4967 quillumque
2544 4904 2634 4953 vite
2657 4909 2858 4952 veteres
2879 4901 3304 4967 telkirereclnsit

2171 4964 2472 5028 Tliesauros,
2497 4968 2714 5027 ignotum
2738 4967 2933 5025 argenti
2959 4964 3147 5026 pondus
3167 4973 3219 5014 et
3242 4964 3363 5012 auri.

2051 5076 2105 5124 et
2126 5066 2346 5144 Homeri
2365 5068 2700 5135 scholiastes,
2723 5067 2968 5144 lliad.‘u_t_,
2981 5069 3210 5141 mpsim
3231 5069 3638 5144 exposuitipya‘:

2051 5145 2140 5218 mi
2149 5141 2381 5218 ἐπόθετᾳ
2405 5145 2677 5218 χρήματα,
2701 5155 2821 5218 opes
2835 5137 3041 5192 abditas
3055 5137 3112 5193 ἐι
3127 5137 3436 5193 ναοηάξιαε.
3460 5137 3639 5218 o'niv.

2124 5208 2224 5263 llic
2267 5208 2464 5265 dicitur
2496 5208 2679 5266 cernes
2719 5208 3116 5273 thesaurorum,
3162 5224 3433 5264 sacrarum
3476 5208 3638 5278 largi-

2053 5281 2282 5345 tionum,
2321 5294 2598 5334 sacrarum
2639 5278 3151 5345 remuneratinnum,
3196 5280 3282 5334 vel
3319 5279 3644 5334 mtmeratio-

2055 5365 2202 5415 num,
2229 5342 2346 5413 1.72,
2368 5349 2441 5420 C.
2457 5349 2882 5420 Derontmegtu"
2902 5347 2944 5420 _l.
2969 5342 3263 5420 Pglutim,
3287 5349 3347 5406 Ο.
3375 5348 3452 5420 De
3474 5349 3640 5420 palat.

2056 5435 2191 5491 adcr.
2241 5419 2403 5491 larg.,'
2431 5419 2490 5491 l_._
2514 5418 2603 5482 41,
2635 5417 2696 5491 (_l.
2731 5416 2962 5491 he_od.,
3011 5416 3364 5491 _D_e_appetlat.
3400 5419 3450 5475 Is
3474 5416 3658 5474 etiam.

2055 5489 2252 5560 dicitur
2301 5487 2609 5560 praesidere
2635 5487 2792 5542 donis
2833 5487 3218 5560 imperialibus,
3268 5499 3325 5545 et
3373 5503 3650 5560 perueum

2055 5557 2186 5625 erigi
2235 5557 2536 5628 supplicum
2588 5557 2852 5628 fortunas,
2883 5566 2939 5610 et
2967 5558 3072 5615 cal.
3124 5557 3393 5616 Januariis
3440 5558 3653 5614 affatim

2053 5627 2365 5697 largitiones
2395 5627 2539 5697 lleri;
2590 5629 2790 5697 quique
2821 5627 3164 5696 largitionum
3193 5631 3308 5685 dies
3340 5638 3560 5684 notatur
3589 5631 3644 5682 in

2055 5642 2365 5751 largirones
2395 5642 2539 5692 neri;
2590 5642 2790 5697 quique
2821 5642 3164 5709 largitionum
3193 5642 3308 5685 dies
3340 5642 3560 5684 notatur
3589 5644 3644 5682 ιιι

2053 5697 2090 5754 l.
2172 5699 2428 5774 audahile,
2476 5695 2652 5774 αρε
2696 5697 2813 5754 adv.
2846 5697 2948 5752 dm.
2992 5698 3139 5771 put,
3171 5709 3226 5758 et
3254 5716 3284 5757 a
3315 5698 3661 5774 Nicephoro,

2053 5784 2174 5842 cap.
2207 5768 2298 5842 25,
2326 5768 2420 5828 lib.
2455 5782 2512 5825 ι.
2543 5766 2740 5829 Bsoss.
