3988 6178
357 307 454 363 691

536 419 691 491 102
717 417 804 473 1X.
837 433 1079 474 rostrum
1103 431 1370 472 conum:
1401 431 1727 472 PATBIIIONII.

425 532 676 602 Antiquae
740 529 1142 588 consuetudinis
1195 529 1336 586 ratio
1399 530 1686 601 persuadet
1737 530 1936 586 chartis

355 625 557 682 nostris
603 625 723 680 illos
770 623 1008 677 imbuere
1051 621 1144 693 qui
1191 621 1351 692 longe
1391 623 1552 694 positi
1598 622 1937 678 transmissas

357 716 629 786 accipiunt
664 714 970 783 dignitates,
1015 721 1074 769 ut
1113 728 1250 782 quos
1291 729 1398 768 non
1444 723 1755 785 poteramus
1798 727 1937 784 pra:-

357 816 538 863 sentes
563 807 849 871 instruere,
882 805 1038 861 lectio
1075 804 1369 876 probabilis
1397 813 1790 862 commoneret.
1829 803 1936 860 Sed

358 907 432 963 te,
462 913 618 969 quem
642 897 711 953 ad
732 898 1037 968 patrimonii
1065 898 1232 954 nostri
1253 914 1407 954 curas
1424 898 1618 967 regalis
1639 896 1752 970 [Gn
1770 934 1787 962 ,
1814 895 1932 967 Cuj.

357 998 406 1042 et
434 986 639 1056 Forn.,
681 986 886 1058 legalis]
913 986 1196 1043 deﬂoravit
1223 987 1436 1052 electio,
1488 1001 1596 1042 non
1627 995 1737 1040 tam
1765 985 1936 1040 desti-

358 1077 500 1131 natis
526 1077 978 1148 prazceptionibus
1006 1077 1335 1141 instruimus,
1381 1091 1542 1144 quam
1574 1092 1672 1131 usu
1699 1076 1936 1132 serenis-

358 1168 506 1223 sima:
533 1167 908 1224 collocutionis
935 1168 1227 1224 erudimus.
1269 1165 1738 1225 Confabulationes
1765 1168 1936 1239 siqui-

358 1257 479 1312 dem
508 1269 703 1314 nostraa
731 1265 890 1313 erunt
915 1257 1006 1313 tibi
1037 1258 1392 1315 instrumenta
1429 1258 1669 1329 iustitiae,
1715 1259 1937 1330 quando

362 1348 489 1404 illud
516 1358 723 1418 gratum
755 1350 909 1406 nobis
947 1365 1067 1407 esse
1094 1351 1452 1422 perspexeris,
1490 1352 1633 1421 quod
1662 1360 1719 1407 et
1746 1351 1937 1407 divinis

358 1448 538 1510 potest
581 1441 870 1496 convenire
911 1441 1199 1496 mandatis.
1246 1440 1632 1498 Patrimonium
1673 1441 1936 1512 siquidem

359 1541 602 1587 nostrum
654 1547 751 1602 pro
797 1533 1138 1589 sublevandis
1192 1534 1518 1603 privatorum
1568 1533 1797 1590 fortunis
1841 1535 1938 1589 tibi

358 1623 705 1689 credidimus,
752 1639 861 1680 non
905 1625 1238 1695 premendis.
1285 1625 1418 1680 Nam
1445 1626 1489 1681 si
1541 1626 1941 1695 tranquillitatis

359 1722 557 1768 nostra:
599 1714 730 1770 velis
768 1714 1114 1771 considerare
1141 1716 1437 1781 rationem,
1485 1713 1750 1784 quoddam
1777 1727 1939 1783 regia:

1563 303 1634 359 Μ.
1679 301 1951 360 Αυιωιιι
1988 299 2386 360 CASSIUDORI

1962 417 2014 478 Α
2039 413 2261 471 laudare
2285 411 2610 481 cognoscas?
2654 409 2792 468 Alibi
2822 407 2962 466 forte
3004 407 3215 481 iudices
3259 405 3622 464 formidentur

3510 291 3619 350 692

2037 505 2240 576 iniusti,
2271 505 2361 560 hic
2382 504 2473 560 ubi
2500 502 2797 559 remedium
2820 516 3050 572 praesens
3079 502 3299 572 petitur,
3334 497 3617 566 redempta

2036 596 2306 652 sententia
2354 610 2461 650 non
2518 593 2758 648 timetur.
2815 591 3189 658 Querimonias
3241 600 3620 661 possessorum

2036 691 2154 746 sine
2198 689 2374 745 venali
2419 688 2786 759 protractione
2824 687 3062 758 discinge
3108 685 3226 758 [Gn
3278 693 3327 740 et
3355 681 3504 754 (.uj.,
3540 679 3623 736 di-

2035 781 2295 849 stringue.
2346 778 2468 835 Niv.
2519 789 2569 834 et
2610 777 2743 846 6a.,
2777 778 3043 847 distingue
3061 778 3093 845 l.
3138 777 3310 832 Omne
3355 771 3621 845 siquidem

2031 875 2235 944 iustum
2265 873 2556 930 celeritatis
2584 869 2870 928 commodo
2918 869 3109 924 transit
3153 867 3219 923 ad
3264 865 3618 930 beneﬁcium;

2037 973 2095 1020 et
2127 964 2273 1034 quod
2318 963 2500 1019 debito
2542 961 2804 1028 redditur,
2839 960 2930 1015 tali
2959 958 3132 1028 gratia
3159 973 3350 1013 munus
3375 964 3617 1028 putatur.

2039 1054 2414 1111 Possessiones
2442 1059 2660 1120 nostrae,
2688 1050 2773 1106 vel
2801 1049 2928 1120 quia
2973 1056 3098 1103 sunt
3146 1047 3465 1112 immobiles,
3511 1059 3620 1100 non

2037 1143 2384 1215 egrediantur
2403 1143 2664 1198 terminos
2689 1139 3035 1205 constitutos,
3059 1152 3128 1194 ne
3156 1136 3471 1192 conditione
3497 1151 3618 1192 con-

2040 1235 2204 1290 traria
2232 1234 2376 1305 quod
2414 1250 2520 1290 non
2549 1240 2731 1305 potest
2755 1231 2996 1298 moveri,
3042 1229 3198 1284 malis
3226 1229 3462 1284 moribus
3487 1243 3618 1284 con-

2039 1325 2210 1394 tingat
2251 1321 2490 1378 extendi.
2543 1321 2721 1377 Trade
2771 1321 2932 1376 etiam
2981 1318 3240 1374 militibus
3306 1317 3413 1374 tuis
3458 1333 3617 1388 quam

2038 1414 2230 1470 sectari
2281 1413 2550 1482 delegeris
2597 1412 2762 1467 animi
2815 1411 3142 1468 castitatem.
3199 1409 3478 1477 Quomodo
3529 1409 3618 1465 ille

2034 1507 2207 1574 iustus
2235 1514 2412 1576 potest
2439 1505 2572 1571 dici,
2619 1506 2720 1561 sub
2747 1519 2857 1575 quo
2886 1519 2994 1559 non
3023 1502 3376 1573 prohibeatur
3401 1501 3616 1556 excedi?

2043 1597 2206 1654 Utere
2253 1598 2432 1666 igitur,
2482 1604 2702 1651 auctore
2747 1595 2882 1661 Deo,
2934 1608 3197 1650 concesso
3246 1592 3341 1648 tibi
3393 1591 3619 1646 feliciter

2039 1689 2322 1761 privilegio
2363 1687 2654 1756 dignitatis.
2696 1686 2890 1741 lncitet
2916 1693 2971 1742 te
2999 1684 3065 1738 ad
3111 1685 3374 1739 bonorum
3404 1681 3618 1738 deside—

356 1803 548 1858 domus
570 1801 779 1859 famulis
803 1805 1169 1874 praeiudicium
1195 1774 1516 1861 humilitatis.
1533 1805 1781 1876 imponis.
1807 1774 1936 1861 Pro-
1965 1792 2008 1851 Β
2038 1782 2214 1876 {ium}
2264 1779 2564 1876 Papissme
2607 1778 2754 1876 q_“°d
2802 1777 3021 1876 νίφήῇ
3078 1775 3204 1876 Ψξίδ
3254 1775 3309 1876 il}
3370 1774 3618 1876 bis“???

359 1895 504 1966 prias
547 1897 746 1968 quippe
793 1899 1050 1956 utilitates
1099 1899 1375 1967 imgrobus
1421 1899 1670 1955 dominus
1720 1913 1940 1969 quoquo

359 1986 522 2043 modo
569 1988 759 2043 nititur
802 1989 1106 2058 vindicare;
1155 1999 1409 2047 ceterum
1448 1991 1540 2060 qui
1585 1989 1741 2046 bonae
1785 1989 1939 2045 famae

359 2076 578 2134 studere
595 2079 955 2148 cognoscitur,
979 2095 1078 2136 suo
1093 2095 1306 2151 semper
1317 2079 1519 2151 iudicio
1533 2080 1654 2151 plus
1666 2088 1936 2152 gravatur.

360 2167 600 2226 insolens
645 2171 910 2227 libertatis
952 2187 1124 2243 genus
1152 2182 1235 2229 est
1269 2173 1622 2238 rusticorum,
1671 2167 1764 2243 qui
1803 2173 1942 2230 adeo

358 2257 462 2312 sibi
489 2267 681 2328 putant
715 2261 878 2318 licere
920 2263 1245 2332 voluntaria,
1295 2264 1548 2334 quoniam
1594 2263 1662 2320 ad
1701 2273 1941 2320 nostram

358 2347 608 2405 dicuntur
635 2352 906 2421 pertinere
943 2354 1319 2410 substantiam.
1354 2354 1480 2411 Esto
1507 2355 1668 2424 igitur
1692 2355 1796 2411 illis
1820 2369 1940 2410 cum

358 2449 538 2495 erecta
565 2449 837 2510 potestate
866 2443 1197 2499 moderatus.
1248 2443 1756 2514 Temperamentum
1784 2445 1941 2499 simul

360 2527 568 2594 damus,
603 2530 691 2584 cui
718 2545 876 2600 posse
903 2531 1274 2588 concedimus.
1323 2531 1639 2600 Considera,
1693 2541 1941 2605 suscepta

360 2617 594 2685 dignitas
631 2633 740 2687 quo
780 2619 976 2675 debeat
1013 2621 1300 2691 splendore
1344 2625 1594 2692 tractari,
1641 2639 1738 2694 per
1778 2639 1942 2693 quam

361 2721 524 2776 supra
548 2716 772 2763 caeteros
789 2707 998 2777 iudices
1025 2711 1438 2766 familiaritatem
1461 2713 1718 2782 principis
1744 2713 1943 2770 habere

362 2796 623 2852 meruisti.
689 2797 821 2853 Nam
872 2799 1014 2854 sicut
1060 2799 1144 2856 sol
1193 2808 1343 2857 ortus
1393 2816 1679 2871 corporum
1731 2803 1944 2860 colores

363 2886 540 2955 fugata
568 2896 726 2944 nocte
761 2888 994 2958 detegit,
1023 2891 1096 2946 ita
1121 2907 1181 2947 se
1209 2907 1419 2948 morum
1453 2900 1662 2948 tuorum
1689 2893 1942 2964 qualitas,

362 2977 575 3034 assidue
602 2979 718 3035 viso
738 2981 998 3050 principe,
1031 2997 1139 3038 non
1163 2982 1379 3038 celabit.
1411 2982 1559 3038 Mens
1580 2991 1669 3038 tua
1693 2989 1750 3038 et
1770 2984 1944 3040 oculis
1987 3013 1989 3016 ‹

363 3068 562 3124 nostris
588 3069 793 3141 patebit
821 3078 877 3126 et
903 3071 1138 3128 auribus.
1161 3070 1219 3126 In
1247 3072 1396 3127 vultu
1425 3081 1481 3128 et
1507 3073 1559 3127 in
1587 3087 1721 3128 voce
1749 3086 1943 3142 cogno-

2042 1871 2232 1928 feceris
2255 1871 2421 1941 iudex
2451 1879 2506 1926 'et
2531 1870 2685 1926 testis
2713 1883 2828 1924 ero.
2860 1867 2995 1922 Nam
3019 1875 3074 1922 et
3101 1867 3147 1921 si
3177 1865 3366 1937 epulas
3391 1865 3616 1921 sollicita

2039 1962 2377 2019 ordinatione
2401 1960 2673 2030 disponas,
2717 1975 2827 2014 non
2853 1958 3028 2014 solum
3057 1966 3242 2013 nostro
3268 1956 3472 2028 palatio
3501 1956 3617 2012 cla-

2038 2070 2152 2122 rus,
2199 2052 2296 2109 sed
2343 2061 2397 2107 et
2423 2051 2673 2120 gentibus
2720 2064 2944 2106 necesse
2985 2057 3069 2104 est
3097 2048 3341 2104 reddaris
3365 2048 3614 2103 eximius.

2041 2143 2226 2213 Legati
2276 2158 2413 2214 pene
2465 2157 2532 2198 ex
2578 2149 2692 2198 tota
2739 2141 2888 2197 orbis
2935 2149 3090 2212 parte
3134 2140 3442 2205 venientes,
3493 2155 3617 2195 cum

2041 2233 2240 2292 nostris
2302 2235 2565 2306 coeperint
2616 2235 2878 2289 interesse
2933 2232 3197 2288 conviviis
3216 2271 3234 2297 ,
3289 2231 3620 2287 admirantur

2041 2342 2260 2398 copiose
2306 2334 2607 2396 repertum,
2655 2324 2800 2395 quod
2845 2324 2900 2378 in
2930 2324 3100 2392 patria
3129 2338 3225 2378 sua
3265 2332 3462 2378 norunt
3497 2337 3622 2379 esse

2040 2421 2390 2477 rarissimum.
2422 2417 2649 2488 Stupent
2690 2417 2854 2472 etiam
2880 2415 3260 2471 abundantiam
3291 2415 3448 2469 unius
3467 2430 3623 2469 men-

2042 2525 2116 2566 sae
2167 2517 2343 2565 tantas
2390 2508 2744 2564 servientium
2797 2507 2983 2562 turbas
3036 2520 3198 2575 posse
3261 2507 3486 2568 satiare,
3559 2515 3624 2561 ut

2038 2599 2280 2670 judicent
2299 2604 2615 2668 consumpta
2637 2610 2962 2660 recrescere,
2986 2595 3129 2650 unde
3151 2603 3297 2649 tanta
3324 2596 3626 2665 probantur

2043 2691 2211 2748 exire.
2243 2688 2453 2744 Habent
2476 2687 2726 2743 nimirum
2750 2686 2803 2741 in
2827 2701 2922 2740 sua
2950 2687 3121 2756 patria
3143 2686 3287 2756 quod
3310 2687 3622 2756 loquantur,

2041 2781 2171 2836 dum
2198 2779 2508 2851 parentibus
2535 2780 2644 2835 suis
2681 2779 2860 2836 dicere
2888 2781 3156 2849 gestiunt,
3205 2795 3325 2850 qua:
3351 2780 3622 2836 viderunt.

2043 2873 2132 2929 Sic
2159 2872 2544 2943 propemodum
2571 2871 2625 2927 in
2652 2879 2773 2928 toto
2800 2872 3004 2928 mundo
3032 2873 3415 2928 celeberrimus
3443 2873 3624 2929 reddi-

2046 2969 2150 3028 tur,
2177 2961 2269 3031 qui
2287 2960 2540 3032 providns
2561 2961 2760 3016 nostris
2782 2961 3131 3031 apparatibus
3152 2960 3438 3016 invenitur.
3453 2959 3626 3018 .Adde

2043 3050 2189 3119 quod
2238 3057 2480 3120 tempora
2525 3058 2725 3107 nostra:
2771 3051 2968 3105 laetitiae
3013 3052 3300 3106 secretaria
3342 3060 3431 3106 tua
3475 3059 3624 3117 sunt,

365 3161 562 3217 SCiIDUS
592 3139 947 3218 servientium
987 3177 1184 3218 mores.
1229 3161 1289 3218 Si
1327 3160 1492 3220 facies
1539 3139 1848 3234 tranquilla,
1895 3161 2010 3220 siC
2045 3148 2410 3234 evntem“
2456 3139 2699 3234 reddi???
2741 3142 2884 3198 curis
2930 3142 3192 3209 alienum;
3248 3152 3305 3198 θι
3355 3152 3482 3200 ωηο
3527 3145 3626 3200 ubi

367 3269 474 3309 vox
501 3252 779 3310 moderata
808 3255 1158 3324 suggesserit,
1190 3254 1457 3311 credimus
1482 3270 1600 3311 esse
1629 3255 1944 3325 probatissi-

366 3359 484 3400 mas
511 3358 722 3400 causas.
770 3343 1040 3416 Quidquid
1067 3345 1208 3400 enim
1238 3345 1574 3402 turbulenter
1601 3344 1815 3412 dicitur,
1855 3345 1945 3417 iu-

366 3433 566 3488 stitiam
590 3450 696 3490 non
717 3444 984 3506 putamus.
1009 3435 1346 3508 Quapropter
1366 3438 1609 3507 pensabit
1627 3438 1773 3508 loqui
1794 3447 1944 3494 tuum

366 3523 692 3580 dominantis
732 3541 988 3592 examen,
1026 3526 1249 3596 quando
1278 3535 1551 3597 nequeunt
1591 3527 1833 3598 praprias
1860 3535 1944 3583 te-

367 3631 495 3684 gere
521 3619 846 3688 voluntates,
873 3619 965 3688 qui
987 3634 1113 3675 suos
1139 3627 1362 3689 possunt
1385 3617 1625 3688 proferre
1643 3634 1943 3678 sermones.

369 3705 657 3777 Speculum
705 3703 967 3776 siquidem
1017 3707 1195 3763 cordis
1242 3707 1521 3762 hominum
1569 3707 1731 3762 verba
1785 3716 1944 3774 sunt,

369 3798 495 3852 dum
526 3797 655 3853 illud
686 3797 835 3870 [Gr.,
867 3797 988 3852 Niv.
1023 3806 1073 3852 et
1101 3796 1199 3853 ϐα.
1219 3835 1238 3865 ,
1277 3796 1441 3868 illico]
1466 3796 1704 3851 moribus
1726 3795 1940 3866 placere

371 3889 624 3957 creditur,
671 3889 817 3959 quod
864 3890 978 3960 ipse
1007 3890 1107 3945 sibi
1154 3889 1225 3944 ad
1264 3889 1528 3959 agendum
1570 3887 1762 3958 legisse
1789 3903 1947 3944 mon-

371 3987 588 4034 stratur.
639 3979 912 4049 Superbus
956 3979 1246 4048 quinrtiam
1296 3987 1322 4015 α
1371 3977 1621 4033 varicatis
1676 3978 1948 4046 gressibus

372 4077 540 4137 patet.
586 4068 874 4124 Iracundus
909 4069 1167 4124 luminum
1205 4069 1414 4124 fervore
1445 4069 1767 4124 declaratur.
1809 4066 1950 4124 Sub-

370 4159 528 4214 dolus
555 4168 826 4215 terrenum
848 4175 1060 4230 semper
1083 4167 1229 4214 amat
1250 4167 1541 4229 aspectum.
1578 4158 1744 4213 Leves
1770 4159 1950 4215 incon-

369 4251 564 4305 stantia
613 4251 791 4321 prodit
833 4251 1132 4315 oculorum.
1175 4250 1379 4307 Avarus
1422 4249 1642 4304 obuncis
1683 4249 1948 4318 unguibus

372 4342 709 4411 explanatur.
742 4340 811 4395 Et
837 4341 956 4396 ideo
988 4341 1054 4395 ad
1093 4356 1226 4411 quas
1261 4340 1503 4412 provecti
1547 4339 1696 4407 estis,
1738 4339 1949 4394 studete

369 4433 672 4500 virtutibus,
709 4433 834 4504 quia
863 4448 1023 4488 nemo
1069 4441 1246 4504 potest
1281 4433 1576 4504 principem
1606 4431 1813 4500 fallere,
1851 4433 1944 4502 qui

2044 3231 2293 3286 tribuitur
2327 3231 2645 3300 suggerendi
2670 3233 2843 3299 locus,
2870 3234 3085 3304 quando
3103 3235 3321 3290 cunctis
3347 3235 3625 3292 adimitur.

2042 3319 2254 3385 Merito,
2276 3327 2336 3375 ut
2356 3321 2447 3390 qui
2470 3321 2709 3392 esiudex
2736 3325 2869 3379 tanti
2897 3332 3184 3394 apparatus
3216 3335 3272 3380 et
3317 3327 3626 3397 epularum,

2043 3408 2072 3449 δ
2101 3409 2352 3465 delinitus
2381 3409 2495 3481 [Gn
2516 3453 2532 3478 ,
2561 3410 3005 3478 delicatissimus;
3036 3412 3155 3468 Cor.
3175 3455 3190 3480 ,
3224 3413 3350 3470 Niv.
3369 3455 3386 3483 ,
3417 3415 3627 3471 delica-

2045 3501 2284 3574 tissimis]
2311 3501 2446 3559 cibis
2475 3502 2570 3558 tibi
2598 3503 2808 3558 animus
2833 3504 3176 3562 concedatur.

2045 3613 2112 3669 X.
2143 3629 2392 3670 POBIULA
2429 3627 2531 3679 ρυι
2569 3627 2669 3670 PBH
2708 3630 3013 3671 CODICILLOS
3052 3630 3320 3671 νΛεΑηι-εε
3358 3631 3634 3674 PROCEREI

2745 3719 2926 3760 FIANT.
3274 3763 3292 3784 ‘

2116 3792 2556 3850 Periclitarentur
2601 3795 2837 3864 graviter
2880 3797 3007 3851 boni
3051 3810 3251 3862 mores,
3303 3796 3349 3850 si
3377 3805 3472 3851 aut
3496 3798 3636 3854 solis

2045 3886 2314 3950 divitibus,
2348 3895 2439 3940 aut
2481 3902 2711 3956 corpore
2753 3888 3058 3942 valentibus
3102 3896 3487 3956 praestarentur
3515 3897 3636 3943 tan.

2047 3977 2322 4032 tummodo
2369 3977 2673 4046 dignitates,
2705 3976 2833 4032 dum
2858 3978 3057 4034 multos
3087 3978 3325 4034 invenias
3369 3979 3638 4036 excubias

2045 4066 2229 4137 palatii
2271 4066 2535 4135 refugere,
2564 4067 2656 4136 qui
2685 4067 2851 4136 magis
2878 4068 3084 4137 possint
3114 4067 3368 4122 laudabili
3397 4083 3639 4124 conver-

2046 4158 2255 4213 satione
2281 4156 2506 4225 fulgere.
2539 4157 2718 4214 Multis
2745 4159 2886 4214 enim
2917 4157 3139 4215 facultas
3167 4176 3262 4214 sua
3291 4160 3639 4216 non'sullicit

2047 4247 2113 4302 ad
2162 4248 2521 4318 triumphum;
2579 4248 2761 4304 multis
2815 4249 3314 4319 philosophantibus
3376 4252 3638 4320 corporis

2046 4339 2296 4395 valetudo
2325 4340 2690 4404 subtrahitur;
2737 4346 2792 4395 et
2819 4340 2878 4394 Iit
2923 4341 3240 4410 plerumque
3265 4349 3325 4395 ut
3351 4342 3638 4411 sapientes

2047 4433 2428 4488 inremunerati
2453 4432 2696 4501 iaceant,
2727 4433 2772 4486 si
2794 4443 3008 4502 semper
3027 4431 3272 4487 homines
3296 4431 3365 4486 ad
3389 4432 3638 4488 honores

369 4526 531 4581 etiam
582 4539 760 4580 rerum
814 4525 1135 4580 naturalium
1186 4540 1374 4580 causas
1428 4524 1483 4578 in
1539 4523 1691 4578 vobis
1742 4523 1945 4592 optime
1975 4527 2022 4586 D
2047 4525 2381 4580 comitatensi
2411 4523 2786 4580 observatione
2826 4523 3157 4593 perveniant.
3191 4522 3389 4577 Rarum
3420 4530 3502 4577 est
3533 4524 3638 4578 uni

367 4617 624 4688 probatur
652 4616 940 4685 inquirere.
985 4615 1320 4687 Quapmptcr
1345 4615 1411 4670 ad
1440 4616 1743 4670 comitivam
1770 4613 1935 4684 patri-

369 4708 536 4762 monii
576 4707 742 4764 nostri
773 4715 824 4761 te
852 4723 949 4776 per
990 4708 1334 4762 indictionem
1366 4708 1509 4762 illam
1541 4707 1672 4776 (Deo
1697 4705 1940 4776 iuvante)

370 4817 766 4871 promovemus,
817 4808 876 4854 ut
920 4801 1196 4854 inavarum
1233 4799 1466 4868 iudicem
1513 4799 1708 4868 palatia
1759 4807 1942 4853 nostra

368 4898 658 4958 testentur,
679 4905 840 4958 quem
867 4903 966 4943 nos
984 4887 1338 4956 indicavimus
1357 4900 1475 4942 esse
1497 4885 1941 4954 promovendum.

366 4985 504 5053 Quid
531 4986 674 5041 enim
703 4984 871 5052 magis
899 4983 1082 5052 cupias
1110 4994 1270 5051 quam
1307 4979 1352 5036 si
1379 4986 1431 5034 te
1454 4978 1660 5046 linguas
1688 4978 1946 5033 nobilium

437 5168 464 5197 ι
503 5157 759 5215 Varie-alis
787 5160 1062 5231 gressibus,
1113 5157 1164 5231 id
1193 5167 1275 5212 cst
1301 5157 1487 5231 dolose
1519 5174 1532 5210 :
1560 5155 1698 5231 unde
1725 5169 1933 5231 praeva-

369 5231 648 5297 ricatores,
678 5232 713 5285 l.
762 5224 883 5292 εἰπε,
919 5229 1372 5292 Ρνωῑάι·ἰεηιονεδ,
1412 5225 1490 5281 De
1526 5227 1662 5297 vero.
1703 5227 1863 5297 sigm,
1897 5224 1934 5278 1.

370 5300 424 5366 l,
455 5299 520 5352 ad
546 5299 604 5353 S.
635 5294 695 5355 ἰ).
726 5300 948 5369 Turpill.
981 5299 1143 5364 Plin.,
1173 5298 1262 5351 lib.
1299 5313 1442 5361 xvni,
1467 5312 1588 5369 cap.
1623 5294 1656 5347 9
1682 5314 1693 5348 :
1722 5294 1932 5369 Arator,

367 5365 559 5438 inquit,
601 5372 702 5426 nisi
744 5365 990 5425 incurvus
1028 5369 1420 5434 pnevaricatur.
1467 5366 1590 5420 Inde
1620 5365 1935 5438 translatum

367 5439 420 5491 id
446 5436 658 5494 'nomen
706 5442 759 5494 in
791 5439 994 5504 forum;
1025 5439 1096 5492 ibi
1125 5438 1303 5506 itaque
1331 5444 1583 5491 caveatur
1607 5436 1696 5506 ubi
1747 5437 1933 5506 inven-

370 5517 480 5561 tum
527 5518 627 5563 est.
663 5509 916 5578 Ulpianus
947 5503 1144 5573 tamen,
1173 5503 1242 5562 ex
1295 5507 1561 5578 Labeone,
1603 5506 1655 5559 in
1685 5505 1721 5558 l.
1757 5505 1807 5568 l,
1855 5503 1934 5558 De

367 5577 863 5644 prwvaricatoribus,
896 5595 924 5632 a
960 5578 1107 5631 varia
1134 5577 1535 5632 concertatione
1563 5590 1756 5630 nomen
1788 5583 1932 5644 trac:

370 5643 480 5700 tum
503 5649 578 5719 ait
602 5667 613 5701 :
638 5665 757 5719 qua:
779 5650 982 5719 notatio
1001 5647 1208 5719 defendi
1233 5655 1432 5719 posset,
1465 5647 1588 5719 quia
1607 5646 1740 5700 varii
1763 5643 1934 5698 dolosi

371 5716 730 5790 nillltittanlilr.
765 5719 798 5770 1.
835 5718 896 5790 Ι(
919 5716 1256 5790 Βηᾱεεςιοιο,
1283 5717 1318 5790 ξ
1341 5718 1573 5790 negans
1589 5723 1874 5790 κατηγορῶν
1904 5728 1934 5768 a

369 5786 567 5843 Graecis
591 5792 832 5860 vertitur,
865 5789 948 5847 tit.
980 5787 1030 5842 1.
1061 5787 1151 5846 lib.
1185 5802 1254 5842 ωε
1282 5784 1494 5843 Basilio.
1533 5785 1699 5862 Fons,

2042 4614 2211 4670 multa
2239 4612 2532 4678 confluere,
2575 4627 2696 4669 cum
2727 4612 2975 4667 omnibus
3002 4610 3195 4666 debeat
3219 4611 3488 4679 regnantis
3510 4612 3637 4680 pie-

2043 4714 2130 4760 tas
2149 4706 2457 4760 subvenire.
2486 4703 2623 4770 Quid
2645 4703 2688 4758 si
2710 4703 2776 4757 ad
2800 4717 3064 4774 expensas
3084 4702 3393 4757 consulatus
3421 4716 3639 4773 pauper

2045 4795 2240 4850 nobilis
2267 4794 2623 4865 expavescat?
2651 4792 2782 4861 quid
2809 4792 2855 4846 si
2901 4791 3160 4861 sapientia
3191 4791 3369 4846 clarus
3395 4791 3635 4860 praefec-

2047 4895 2178 4941 turae
2226 4893 2458 4955 nequeat
2485 4884 2750 4939 sustinere
2794 4882 3108 4938 molestias?
3150 4881 3279 4950 quid
3306 4882 3352 4936 si
3383 4882 3639 4951 pondera

2046 4985 2328 5046 quaestura:
2354 4973 2580 5030 aliluens
2625 4973 2803 5044 lingua
2851 4971 3136 5028 formidet?
3165 4970 3295 5042 quid
3339 4971 3384 5026 si
3428 4971 3639 5043 reliqui

2111 5153 2140 5193 δ
2191 5153 2625 5220 Delimtus,vet.,
2657 5152 3070 5208 delicatissimus.
3120 5150 3304 5207 Obiter
3351 5152 3635 5208 notandus

2041 5239 2178 5290 mos,
2219 5239 2325 5293 quo
2349 5238 2530 5292 regum
2551 5224 2817 5293 conviviis
2840 5223 2999 5290 legati
3026 5221 3439 5293 adhibebantur,
3471 5221 3630 5290 quod

2081 5291 2490 5348 erhonoriﬁcum
2541 5291 2657 5347 fuit.
2707 5291 2971 5347 Ammian.
3023 5291 3299 5354 Marcell.,
3353 5291 3446 5343 lib.
3502 5307 3628 5344 xv:

2081 5311 2490 5348 ΘΙἮΟΠΟΓΙΠΟΗΙΠ
2541 5311 2657 5347 ιυιι.
2707 5311 2971 5347 Ammian.
3023 5311 3299 5354 M3TC€I1.,
3353 5311 3446 5343 llD.
3502 5311 3628 5344 XV:

2043 5311 2368 5435 honoreque
2428 5378 2623 5435 mensae
2668 5362 2859 5435 regalis
2908 5362 3044 5435 adeo
3074 5361 3425 5435 anteposiius
3476 5361 3628 5435 aliis.

2044 5428 2294 5505 Pacacus’
2319 5431 2688 5505 Panegyristes
2724 5428 2748 5485 :7
2768 5432 2861 5505 ille
2888 5428 3268 5487 cohonestatus
3299 5428 3634 5505 all‘aﬁtuuille

2041 5517 2222 5556 mensa
2270 5497 2617 5566 beatusI'illc
2647 5503 2832 5557 osculo
2861 5509 3208 5556 consecratus
3237 5508 3336 5552 est.
3379 5497 3443 5564 ρ.
3476 5497 3630 5552 Cur-

2041 5573 2162 5632 tius,
2216 5573 2304 5626 lib.
2357 5589 2444 5626 vm
2478 5591 2490 5624 :
2525 5571 2827 5640 Prmcipuus
2873 5571 3050 5626 honor
3101 5569 3417 5640 habebatur,
3467 5567 3628 5640 quod

2037 5642 2233 5696 licebat
2259 5641 2569 5696 sedentibus
2599 5637 2741 5696 vesci
2768 5657 2893 5696 cum
2922 5653 3066 5705 rege.
3100 5638 3280 5692 Valer.
3313 5637 3475 5700 Max.,
3513 5637 3622 5692 lib.

2039 5729 2089 5774 ν,
2122 5727 2238 5780 cap.
2275 5711 2333 5782 1Α
2358 5711 2424 5766 de
2473 5711 2638 5768 Paulo
2669 5713 2894 5782 loquens
2927 5728 2939 5764 :
2973 5710 3081 5766 Nec
3110 5708 3380 5779 indignum
3413 5722 3627 5764 mensa

2037 5782 2261 5840 honore.
2297 5780 2534 5839 Formm.
