3988 6178
292 287 396 345 695

1529 284 1886 343 VARIARUM
1925 284 2125 341 LIBER
2167 285 2252 341 Vl.

3438 291 3550 346 δεδι

287 398 455 453 fasces
524 397 889 452 molestiarum
946 397 1104 454 taedio
1173 398 1409 456 vitentur
1467 399 1638 464 forte,
1704 415 1865 469 quam
1894 398 1944 458 A
1972 405 2127 451 scunt
2155 411 2340 467 sparsa
2379 398 2604 463 semina,
2649 397 2748 454 nisi
2779 398 2938 454 etiam
2972 409 3133 456 teme
3153 399 3384 470 qualitas
3427 401 3542 458 fuc-

287 489 531 544 meritis?
559 487 747 543 Nonne
773 487 818 543 si
835 489 1088 557 amagnis
1108 489 1236 544 viris
1265 489 1391 544 talia
1419 489 1688 558 fugiantur
1715 491 1865 546 inve—

287 578 542 635 recundia
575 586 772 634 nostrae
799 579 1242 645 mansuetudinis,
1272 579 1559 649 quamdam
1597 581 1864 652 repulsam

283 668 581 740 suscipiunt
622 667 943 736 dignitates?
970 669 1412 739 Quantojustius
1450 672 1595 726 bono
1635 670 1864 742 principi

284 758 740 814 inremuneratum
783 757 914 811 nihil
952 758 1276 828 relinquere,
1323 758 1466 832 quod
1498 757 1627 814 facit
1675 768 1865 816 natura

281 843 583 900 laudabile!
637 844 914 916 Sapientia
969 857 1078 914 est,
1140 863 1259 918 quae
1313 849 1551 907 honores
1606 858 1860 915 meretur,

280 942 457 989 totqu
506 934 651 989 aliud
695 936 1030 992 extrinsecus
1058 939 1219 992 venit.
1266 940 1421 1010 103
1448 939 1574 996 Sola
1619 949 1702 996 est
1739 956 1866 1010 pru-

275 1025 481 1091 dentia,
520 1041 642 1096 qua:
669 1027 831 1082 rebus
872 1029 1123 1084 omnibus
1168 1033 1516 1100 prmponitur,
1565 1032 1780 1102 quando
1810 1033 1864 1088 in

276 1115 500 1170 homine
540 1114 773 1172 feliciter
800 1118 1084 1173 invenitur.
1134 1119 1216 1175 Sit
1260 1121 1400 1190 apud
1428 1137 1527 1177 nos
1556 1130 1612 1178 et
1638 1121 1867 1178 fortunis

276 1205 658 1274 integerrimus
701 1209 1020 1274 consularis,
1069 1210 1179 1265 sint
1219 1221 1274 1266 et
1315 1212 1432 1267 sine
1473 1213 1635 1282 longo
1683 1213 1867 1270 labore

276 1296 558 1365 primates,
588 1297 824 1352 habeant
865 1300 1124 1355 exercitia
1165 1301 1382 1370 praemia
1408 1317 1533 1368 sua;
1563 1303 1658 1358 sed
1685 1310 1740 1358 et
1767 1303 1868 1359 iste

274 1387 610 1442 honorabilis
637 1388 787 1443 locus
810 1389 900 1453 sit,
932 1390 1024 1458 qui
1049 1398 1253 1445 tantum
1276 1393 1482 1448 meritis
1503 1401 1862 1463 comparatur.

272 1475 463 1546 Neque
509 1477 652 1532 enim
680 1478 911 1534 absurde
953 1480 1098 1548 leges
1138 1483 1515 1538 sacratissima:
1543 1491 1868 1539 censuerunt

273 1580 369 1620 eos
402 1580 543 1636 quos
575 1566 732 1622 bona:
770 1569 1040 1638 opinionis
1069 1569 1208 1625 fama
1237 1573 1578 1628 commendat
1606 1575 1866 1631 codicillis

274 1657 594 1713 vacantibus
615 1659 748 1716 tales
769 1674 1010 1729 quaerere
1033 1664 1384 1720 summitates.
1407 1664 1552 1732 Quos
1575 1667 1676 1722 etsi
1705 1667 1866 1723 facul-

1965 488 2035 541 rit
2060 487 2317 558 operata)
2340 487 2622 544 habiturus
2662 503 2889 544 messem
2918 489 2988 544 de
3025 499 3205 546 nostra
3239 494 3410 560 gratia
3449 507 3544 547 co-

1964 575 2192 644 piosam,
2223 578 2268 632 si
2308 592 2338 632 a
2381 577 2650 648 tejudicia
2696 586 2878 634 nostra
2906 580 3316 648 cognoverimus
3345 583 3548 653 optime

1965 665 2129 722 fuisse
2157 675 2400 724 tractata.

2177 818 2288 876 XII.
2331 835 2576 877 FORHULA
2615 836 2882 878 COIITIVE
2925 837 3070 878 ratur
3105 838 3329 880 οιωιιω.

2035 934 2284 1005 Magnum
2312 935 2524 1005 quidem
2546 935 2729 991 multis
2747 944 2804 992 et
2829 936 2969 992 inter
2992 937 3136 992 vices
3171 937 3384 994 videtur
3423 953 3554 995 esse-

1965 1028 2258 1096 geniatum,
2309 1027 2535 1098 publicze
2574 1027 2792 1083 utilitati
2821 1029 3004 1099 probis
3039 1029 3339 1086 actionibus
3379 1046 3544 1086 occu-

1965 1118 2100 1188 pari.
2131 1117 2238 1174 Sed
2275 1125 2479 1186 quanto
2517 1116 2725 1173 felicius
2763 1117 3025 1174 honorem
3065 1119 3401 1189 splendidum
3445 1136 3541 1175 su-

1964 1223 2134 1277 mere,
2164 1216 2218 1263 et
2238 1209 2624 1277 cogitationum
2655 1209 2928 1265 molestias
2976 1225 3082 1265 non
3112 1210 3346 1267 habere?
3371 1211 3541 1266 luter-

1964 1300 2090 1355 dum
2117 1300 2259 1355 enim
2280 1301 2478 1356 assidu-vi
2499 1301 2711 1356 labores
2729 1301 2891 1356 etiam
2918 1303 3061 1372 ipsas
3083 1302 3320 1372 ingratas
3341 1301 3550 1358 faciunt

1964 1389 2271 1459 dignitates,
2300 1390 2426 1444 dum
2452 1389 2789 1446 imbecillitas
2818 1392 3048 1446 humana
3079 1393 3188 1447 cito
3210 1393 3349 1448 solet
3376 1395 3539 1449 susti-

1964 1492 2095 1533 nere
2114 1477 2352 1543 fastidia;
2381 1485 2434 1534 et
2459 1478 2604 1548 quod
2625 1481 2774 1550 prius
2800 1481 3048 1537 ambiisse
3069 1482 3321 1547 creditur,
3351 1490 3548 1554 postea

1964 1567 2136 1621 vitare
2191 1567 2329 1622 velle
2385 1569 2634 1623 sentitur.
2687 1568 2794 1624 Sed
2843 1570 2946 1626 hoc
2992 1571 3163 1626 multo
3205 1573 3550 1644 praestantius

1964 1658 2156 1714 adesse
2182 1659 2558 1729 conspectibus
2585 1660 2766 1728 regiis,
2809 1668 2865 1716 et
2889 1661 3076 1717 abesse
3108 1662 3400 1730 molestiis;
3430 1676 3558 1732 ςγδι

278 1755 360 1802 tas
383 1748 439 1802 in
470 1749 606 1803 tanti
625 1750 844 1807 honoris
859 1761 1118 1822 apparatu
1145 1753 1436 1823 desereret,
1466 1756 1634 1812 virtus
1655 1759 1868 1813 conscia
1902 1753 1944 1816 Β
1973 1749 2101 1803 tiam
2148 1748 2349 1804 habere
2402 1749 2528 1815 loci.
2576 1758 2633 1805 et
2677 1750 2848 1807 vitare
2895 1751 3248 1808 contumelias
3293 1753 3546 1808 actionis-—

275 1855 382 1894 non
411 1840 636 1896 celaret.
675 1841 910 1898 Animati
937 1853 1062 1900 sunt
1087 1844 1158 1899 ad
1188 1846 1335 1914 talia,
1360 1847 1451 1916 qui
1479 1846 1548 1902 de
1579 1863 1674 1903 sua
1708 1848 1859 1906 vide-

275 1930 474 1985 bantur
520 1929 806 2001 desperare
852 1932 1086 1989 fortuna.
1134 1934 1251 1992 Hoc
1297 1944 1353 1992 et
1399 1937 1758 1995 validissimus
1792 1939 1862 1994 ad

274 2019 518 2090 labores,
547 2021 650 2079 hoc
676 2031 732 2078 et
757 2023 1038 2082 imbecillis
1056 2041 1284 2098 corpore
1306 2037 1544 2084 meretur
1566 2029 1634 2086 ad
1654 2030 1856 2087 laudes.

273 2111 411 2167 Nam
440 2128 630 2170 omnes
661 2115 764 2171 sub
791 2114 1104 2173 diversitate
1126 2117 1506 2189 pmdicantnr,
1536 2135 1672 2191 quos
1701 2121 1861 2192 hujus

273 2218 479 2260 nomen
525 2205 744 2263 honoris
788 2207 1159 2278 amplectitur;
1205 2218 1262 2266 et
1303 2212 1472 2280 magis
1511 2214 1693 2270 nescio
1733 2215 1862 2283 quid

272 2295 508 2367 amplius
535 2297 711 2354 meriti
755 2299 1044 2356 extorsisse
1089 2301 1349 2372 creditur,
1391 2305 1482 2374 qui
1513 2303 1629 2378 [Gn
1653 2345 1666 2372 ,
1715 2303 1857 2378 Cuj.,

272 2386 401 2443 Nic.
433 2395 486 2442 et
515 2386 636 2455 ϐα..
659 2389 824 2462 quod]
843 2405 959 2446 rem
986 2391 1343 2448 laborantium
1365 2394 1573 2450 otiosus
1596 2396 1858 2453 memisse

271 2478 528 2534 sentitur.
577 2477 753 2550 Atque
791 2480 914 2536 ideo
955 2483 1306 2552 prmsentibus
1352 2483 1612 2540 codicillis
1654 2485 1722 2542 ab
1766 2487 1859 2544 illa

272 2566 577 2625 indictione
622 2569 753 2625 illud
798 2569 891 2626 tibi
921 2573 1153 2643 propitia
1193 2573 1480 2630 Divinitate
1515 2573 1764 2643 defende,
1797 2584 1858 2633 ut

269 2657 620 2714 considerata
645 2660 857 2716 ratione
881 2662 1158 2731 praesentis
1184 2665 1462 2735 temporis,
1490 2665 1667 2736 adepti
1695 2667 1862 2722 hono-

270 2748 342 2802 ris
364 2747 566 2806 ordine
592 2750 833 2819 potiaris.
863 2751 940 2806 lta
965 2760 1166 2819 tamen,
1214 2761 1275 2809 ut
1309 2754 1385 2810 illi
1412 2755 1583 2812 modis
1611 2758 1859 2814 omnibus

269 2837 649 2916 praeferantur,
694 2840 786 2912 qui
829 2842 1026 2898 sudore
1053 2844 1290 2901 maximo
1326 2847 1526 2901 nostris
1552 2848 1858 2917 aspectibus

270 2914 583 2983 adfuerunt.
601 2928 832 2985 Necesse
849 2938 930 2986 est
957 2932 1100 2987 enim
1127 2940 1184 2988 ut
1207 2949 1370 2988 unum
1392 2914 1714 3007 eedatv[l§d.,
1736 2937 1854 3006 Λα,

271 3014 402 3073 Nic.
434 3027 484 3072 et
516 3017 636 3086 6a.,
665 3018 894 3092 credat]
923 3021 1172 3077 meritum
1211 3021 1420 3080 duobus
1446 3025 1680 3081 evictum
1708 3027 1852 3099 [Ac..

1963 1840 2130 1896 Dulce
2143 1849 2227 1896 est
2253 1840 2451 1910 aliquid
2473 1842 2551 1897 sic
2572 1842 2788 1909 mereri,
2812 1850 2872 1898 ut
2906 1843 3050 1898 nulla
3079 1843 3250 1914 possit
3269 1845 3552 1900 anxietate

1961 1931 2184 1999 turbari,
2212 1931 2336 1986 dum
2366 1931 2534 1987 multo
2561 1932 2764 2001 gratius
2792 1932 3053 1999 redditur,
3084 1934 3172 1989 ubi
3211 1936 3554 2005 prosperita.

1961 2019 2030 2074 tis
2053 2018 2169 2074 sola
2208 2018 2399 2087 gaudia
2429 2019 2752 2074 sentiuntur.
2782 2019 2936 2076 Hunc
2975 2021 3138 2090 igitur
3155 2023 3415 2079 honorem
3445 2025 3560 2080 tibi.

1959 2110 2183 2180 respicis
2211 2110 2385 2164 otiosa
2410 2111 2842 2166 remuneratione
2864 2113 3182 2181 praestitum,
3202 2114 3294 2182 qui
3318 2115 3543 2170 nimium

1961 2198 2328 2254 laborantibus
2353 2199 2571 2268 antiqua
2592 2200 2834 2254 noscitur
2861 2201 3172 2271 provisione
3200 2204 3447 2270 collatus,
3479 2214 3548 2261 ut-

1959 2295 2198 2345 rectores
2222 2289 2618 2359 provinciarum
2652 2290 2778 2346 anni
2823 2292 3038 2349 actione
3077 2293 3322 2351 laudatos
3349 2297 3439 2351 vix
3468 2297 3538 2353 ad

1963 2378 2070 2434 tale
2103 2379 2316 2435 culmen
2365 2379 2714 2447 adducerent,
2761 2382 2956 2455 quibus
2996 2383 3394 2441 conﬁtebantur
3420 2388 3539 2457 plu-

1960 2468 2096 2523 rima
2119 2483 2180 2524 se
2198 2467 2414 2524 debere.
2445 2467 2750 2526 Consiliarii
2773 2483 2988 2542 quoque
3009 2474 3380 2544 praefectorum
3402 2493 3546 2532 con-

1960 2558 2184 2614 scientia
2229 2558 2387 2627 clari,
2424 2559 2724 2616 dictatioue
2759 2562 3036 2632 praecipui,
3078 2565 3170 2633 qui
3199 2565 3251 2619 in
3294 2566 3385 2622 illo
3413 2575 3536 2624 actu

1959 2650 2298 2722 amplissimae
2325 2651 2661 2722 prtefecturte
2693 2653 2772 2709 sic
2799 2653 3048 2709 videntur
3072 2669 3326 2712 exercere
3354 2656 3542 2714 facun—

1957 2741 2126 2810 diam,
2147 2748 2208 2798 ut
2235 2741 2304 2798 ad
2344 2742 2608 2798 utilitates
2635 2743 2877 2813 publicas
2913 2745 3272 2815 expediendas
3311 2747 3535 2803 alteram

1957 2830 2150 2888 credas
2173 2845 2293 2889 esse
2317 2840 2662 2902 quaesturam.
2691 2831 2843 2889 Unde
2866 2833 3174 2904 frequenter
3197 2845 3253 2892 et
3279 2852 3376 2892 nos
3392 2838 3538 2906 judio

1957 2936 2049 2979 ces
2075 2922 2415 2989 assumimus,
2443 2923 2570 2992 quia
2608 2937 2704 2980 eos
2731 2923 3071 2981 doctissimos
3100 2928 3536 2997 c'improbamus.

1959 3014 2097 3082 Quid
2123 3027 2252 3084 ergo
2271 3014 2338 3071 de
2359 3015 2454 3070 tali
2483 3016 2692 3071 honore
2719 3016 2999 3083 sentiatur,
3029 3031 3292 3086 agnosce:
3315 3020 3536 3088 quando

269 3108 566 3180 evectum].
600 3109 808 3181 Alioqui
830 3126 1017 3168 omnes
1036 3112 1103 3168 ad
1122 3111 1330 3183 quietas
1377 3123 1601 3184 possunt
1636 3133 1855 3175 currere

1961 3106 2192 3178 praefecti
2221 3105 2337 3179 [Gn
2367 3114 2416 3161 et
2451 3105 2598 3177 Cuj.,
2626 3105 2871 3178 perfecti]
2899 3109 3000 3172 viri
3029 3125 3126 3180 pro
3147 3116 3230 3166 tot
3251 3110 3532 3168 laudabili-

265 3198 585 3270 dignitates,
616 3203 663 3258 si
691 3203 999 3261 laborantes
1027 3205 1247 3261 minime
1269 3204 1620 3277 praeferantur
1645 3209 1851 3266 otiosis.

265 3289 692 3361 Consequantur
711 3294 820 3359 illa,
852 3295 944 3365 qui
971 3304 1218 3366 possunt;
1249 3311 1347 3353 nec
1366 3297 1520 3354 nobis
1539 3298 1715 3355 desint
1733 3301 1855 3366 ista,

269 3395 393 3452 quae
427 3384 714 3442 credimus.
741 3385 832 3442 Sic
852 3395 1078 3457 utraque
1098 3389 1265 3458 gratia
1297 3390 1582 3457 concitati,
1609 3399 1663 3446 et
1687 3391 1761 3446 illi
1790 3393 1859 3448 ad

267 3475 481 3544 palatia
527 3486 710 3533 nostra
739 3476 991 3535 festinare
1018 3486 1299 3549 poterunt,
1339 3487 1395 3536 et
1439 3496 1537 3537 vos
1561 3483 1728 3552 optati
1758 3481 1857 3537 bo-

267 3566 434 3621 noris
457 3566 647 3636 gaudia
668 3567 1009 3624 comitantur.

527 3721 615 3778 XI.
667 3737 911 3781 PORIULA
948 3739 1308 3783 unusunus
1343 3741 1615 3783 vacamus.

339 3833 581 3890 Constat
607 3834 815 3891 felicem
861 3851 982 3892 esse
1009 3838 1392 3908 rempublicam
1420 3854 1541 3911 quas
1576 3839 1757 3896 multis
1782 3841 1859 3896 ci-

265 3927 439 3981 vibas
483 3925 786 3996 resplendet
829 3937 1038 3983 ornata.
1088 3928 1220 3983 Nam
1267 3931 1407 3987 sicut
1451 3930 1642 3987 cmlum
1689 3931 1858 3986 stellis

265 4017 528 4072 redditur
567 4017 789 4083 clarum,
820 4018 898 4072 sic
932 4019 1175 4074 relucent
1215 4020 1373 4075 urbes
1403 4021 1601 4076 lumine
1626 4021 1858 4092 dignita~

269 4113 420 4160 tum.
451 4104 568 4159 Non
596 4106 722 4174 quia
771 4105 864 4160 fiat
900 4107 1066 4162 homo
1093 4107 1230 4163 alter
1255 4109 1567 4178 honoribus,
1612 4111 1705 4166 sed
1733 4112 1858 4180 quia

264 4194 579 4250 modestior
621 4195 869 4262 efficitur,
911 4212 941 4251 a
969 4211 1078 4267 quo
1119 4201 1544 4256 conversationis
1585 4202 1718 4258 ordo
1745 4216 1862 4258 me-

266 4284 382 4340 lior
414 4285 736 4355 postulatur.
769 4285 897 4352 Quis
942 4287 1086 4343 enim
1113 4290 1422 4359 opinionem
1464 4307 1614 4346 suam
1647 4293 1859 4363 vitupe-

263 4375 529 4431 rabiliter
554 4383 789 4433 tractare
823 4379 973 4445 velit,
1015 4393 1177 4448 quam
1221 4382 1523 4450 specialiter
1565 4383 1634 4438 ad
1674 4384 1859 4440 laudes

1959 3198 2058 3253 bus
2083 3197 2345 3252 institutis
2363 3196 2670 3267 hujusmodi
2692 3199 2972 3255 inventh
2992 3200 3208 3270 prsentia
3237 3200 3545 3269 dignitatis,

1958 3295 2014 3344 et
2039 3289 2236 3346 merito
2279 3303 2402 3344 cum
2447 3295 2595 3344 tanta
2623 3304 2818 3360 pompa
2855 3291 3086 3357 ceditur,
3116 3307 3247 3362 quae
3273 3295 3536 3348 senatorii-

1955 3393 2172 3449 quoque
2219 3378 2421 3435 ordinis
2482 3379 2778 3449 splendore
2829 3389 3098 3436 censetur.
3153 3381 3530 3452 Spectabilitas

1954 3469 2100 3526 clara
2145 3477 2202 3525 et
2248 3469 2569 3526 consistorio
2618 3477 2804 3526 nostro
2851 3470 3189 3540 dignissima,
3234 3458 3353 3542 quae
3389 3475 3529 3528 inter

1955 3560 2189 3617 illustres
2217 3558 2536 3629 ingreditur,
2567 3561 2708 3616 inter
2733 3576 2990 3632 proceres
3016 3563 3308 3619 advocatur
3332 3581 3344 3616 :
3369 3563 3528 3619 otiosi

1954 3653 2152 3722 cinguli
2179 3653 2387 3710 honore
2406 3652 2694 3722 praecincta
2723 3653 2979 3723 dignitas,
3001 3669 3118 3722 qua:
3151 3655 3354 3710 nullum
3381 3656 3529 3710 novit

1954 3743 2246 3813 offendere,
2293 3743 2496 3799 nullum
2540 3746 2879 3813 cognoscitur
2915 3745 3213 3814 ingravare,
3269 3758 3324 3802 et
3362 3763 3528 3817 super

1955 3831 2134 3887 omnia
2162 3831 2301 3887 bona
2328 3832 2598 3888 concitare
2625 3833 2795 3888 nescit
2815 3833 3086 3890 invidiam.
3113 3835 3374 3902 Quocirca
3405 3853 3528 3906 pro-

1954 3923 2130 3977 vocati
2159 3922 2397 3978 moribus
2425 3922 2547 3992 tuis,
2577 3924 2883 3979 comitivam
2913 3925 3007 3980 tibi
3045 3927 3204 3996 primi
3232 3927 3432 3984 ordinis
3460 3929 3528 3985 ab

1956 4012 2043 4068 illa
2066 4013 2354 4069 indictione
2375 4013 2672 4084 maiestatis
2687 4014 2870 4070 favore
2892 4015 3164 4086 largimur,
3191 4027 3248 4073 ut
3265 4019 3529 4074 consisto-

1955 4105 2093 4161 rium
2113 4113 2354 4161 nostrum
2383 4106 2521 4161 sicut
2543 4115 2752 4175 togatus
2787 4107 3185 4181 [alii,.rogatus]
3216 4111 3526 4179 ingrederis,

1957 4196 2031 4252 ita
2075 4197 2314 4252 moribus
2341 4195 2588 4251 laudatus
2607 4211 2858 4262 exornes,
2881 4199 3094 4270 quando
3127 4200 3328 4256 vicinus
3357 4202 3530 4257 honor

1957 4293 2041 4342 est
2067 4285 2380 4351 illustribus,
2405 4285 2532 4340 dum
2560 4288 2696 4342 alter
2721 4288 2928 4343 medius
2957 4305 3064 4343 non
3093 4289 3336 4344 habetur.
3369 4291 3558 4347 Dele-'

1958 4384 2068 4434 etet
2087 4384 2142 4432 te
2161 4377 2283 4432 illos
2305 4375 2685 4446 imitari,.quos
2709 4378 3053 4446 proximitate
3072 4379 3354 4448 contingis.
3379 4379 3530 4437 Tunc

260 4467 515 4522 electam
540 4482 659 4524 esse
686 4465 1003 4538 cognoscin
1027 4471 1178 4526 mum
1206 4473 1466 4542 siquidem
1487 4475 1720 4530 honores
1737 4476 1855 4544 διο.
1877 4476 1933 4538 Ῑ)
1955 4466 2130 4522 locum
2156 4466 2390 4535 amplum
2431 4476 2485 4522 et
2515 4467 2881 4523 honorabilem
2911 4467 3060 4534 facis,
3099 4469 3144 4524 si
3176 4478 3227 4525 te
3255 4471 3528 4527 moderata

261 4557 519 4624 rificant,
548 4573 708 4628 quem
747 4561 1089 4617 commendat
1127 4570 1183 4618 et
1210 4564 1342 4618 vita.
1384 4565 1515 4618 Nam
1544 4565 1687 4620 male
1717 4567 1860 4621 insti-

260 4657 399 4704 tuto
442 4649 647 4717 vivere,
677 4665 779 4705 nec
821 4650 1047 4721 principi
1077 4652 1156 4707 fas
1201 4661 1304 4720 est,
1333 4654 1546 4722 quando
1583 4662 1642 4709 et
1667 4654 1736 4710 de
1764 4655 1857 4711 illo

259 4739 519 4810 populus
563 4740 774 4795 occulte
803 4747 979 4810 potest
1008 4741 1212 4809 dicere,
1257 4744 1341 4798 cui
1371 4759 1548 4800 mores
1595 4760 1721 4801 suos
1759 4761 1856 4815 pu-

256 4831 422 4887 blice
452 4829 631 4886 nullus
663 4846 826 4886 ausus
851 4840 934 4886 est
963 4832 1245 4902 imputare.
1279 4833 1422 4904 Cape
1446 4835 1604 4903 igitur
1628 4850 1726 4906 pro
1751 4835 1858 4892 title

257 4938 336 4977 ac
369 4921 652 4977 laboribus
681 4923 786 4976 tuis
813 4923 1080 4977 comitivaa
1097 4923 1510 4979 domesticorum
1540 4925 1856 4980 illustratum

253 5019 588 5076 vacantem,
622 5019 679 5065 ut
698 5019 754 5066 et
776 5013 880 5067 tuis
907 5013 1113 5067 civibus
1138 5013 1418 5068 decoratus
1459 5029 1739 5084 appareas,
1779 5023 1856 5083 et,

253 5099 429 5170 quod
471 5107 555 5154 est
592 5100 958 5156 dulcissimum
1005 5101 1272 5156 mentibus
1297 5102 1478 5170 bonis,
1497 5102 1697 5171 jugiter
1731 5118 1860 5173 pro-

253 5191 417 5262 priis
464 5191 782 5246 utilitatibus
823 5193 1122 5263 occuperis.
1172 5192 1309 5261 Quid
1353 5195 1495 5248 enim
1539 5191 1862 5253 fortunatius

251 5296 445 5350 quam
469 5293 651 5348 agrum
673 5281 872 5348 colere,
903 5291 957 5337 et
983 5283 1035 5337 in
1066 5283 1195 5339 urbe
1217 5283 1415 5347 lucere,
1454 5285 1544 5339 ubi
1571 5300 1705 5355 opus
1731 5302 1858 5355 pro-

249 5370 462 5441 prium
488 5367 716 5424 delectat
760 5381 1058 5436 auctorem,
1102 5387 1202 5427 nec
1241 5373 1439 5443 aliquid
1468 5372 1699 5431 fallendo
1728 5392 1861 5432 con-

249 5457 536 5530 quiritur,
567 5459 694 5514 dum
721 5462 872 5515 suavi
899 5463 1093 5518 horrea
1112 5462 1296 5520 labore
1317 5464 1688 5521 cumulantur?
1715 5467 1859 5533 Qua-

245 5562 514 5623 propter
539 5567 638 5606 nos
665 5551 909 5610 dedimus
930 5555 1298 5612 delectabilem
1329 5558 1610 5627 honorem,
1640 5567 1697 5616 tu
1726 5576 1858 5616 con-

245 5642 610 5699 versationis
662 5646 866 5700 associa
919 5647 1228 5714 dignitatem
1279 5653 1437 5718 (nam
1491 5659 1715 5722 utraque
1753 5653 1854 5707 sibi

246 5735 574 5804 conjuncta
601 5745 745 5807 sunt,
786 5754 948 5792 unum
978 5739 1172 5808 pendet
1201 5756 1265 5796 ex
1307 5744 1518 5809 altero;
1543 5759 1650 5799 non
1677 5744 1854 5800 coale-

1955 4559 2388 4614 considerationc
2415 4560 2750 4615 tractaveris.
2790 4559 3091 4616 Admoneat
3121 4571 3172 4617 te
3201 4573 3350 4619 certe
3387 4565 3529 4634 quod

1957 4657 2203 4720 suscepta
2239 4649 2469 4718 dignitas
2497 4650 2654 4721 primi
2694 4651 2896 4707 ordinis
2942 4653 3299 4723 appellatione
3343 4671 3530 4710 censa:-

1955 4748 2045 4795 tur
2068 4759 2081 4794 :
2106 4742 2310 4810 utique,
2343 4741 2466 4812 quia
2489 4749 2542 4797 te
2562 4752 2858 4812 sequuntur
2886 4759 3073 4800 omnes
3103 4747 3198 4814 qui
3219 4747 3528 4816 spectabili-

1957 4829 2084 4884 tatis
2110 4829 2316 4884 honore
2339 4829 2684 4886 decorantur.
2713 4830 2822 4887 Sed
2858 4833 2980 4888 vide
3019 4849 3087 4888 ne
3117 4833 3237 4903 quis
3258 4843 3310 4887 te
3336 4849 3528 4902 praece-

1959 4917 2053 4972 dat
2079 4919 2351 4988 opinione,
2393 4920 2484 4988 qui
2523 4921 2769 4990 sequitur
2806 4921 3084 4990 dignitate.
3116 4923 3326 4991 Alioqui
3353 4909 3527 4990 grave

1957 5008 2168 5086 pondus
2211 5009 2420 5065 invidiae
2459 5017 2558 5075 est,
2602 5011 2886 5081 Splendere
2929 5012 3124 5081 cinguli
3168 5014 3432 5078 claritate,
3473 5023 3526 5070 et

1959 5113 2169 5155 morum
2195 5101 2439 5172 lampade
2459 5118 2566 5157 non
2595 5103 2794 5159 lucere.

1956 5271 2094 5327 Xlll.
2133 5288 2376 5328 renuunt
2425 5289 2672 5330 κλαίει-ιιι
2713 5291 2905 5332 εοιιικιι
2954 5294 3023 5332 nr
3067 5294 3335 5338 continua
3383 5299 3525 5340 ram

2031 5376 2258 5427 ORDlNlS,
2293 5377 2410 5426 ΟΠΞ
2450 5379 2620 5420 ΒᾹΝΒΑ
2667 5381 2765 5422 EST
2810 5380 3110 5438 COIICIACO,
3149 5385 3354 5435 QUANDO
3399 5389 3526 5430 PER-

2034 5467 2273 5506 IILITA'I'.

2027 5559 2084 5618 Si
2114 5563 2288 5618 hon'or
2316 5564 2622 5634 frequenter
2649 5566 2887 5624 defertur
2926 5571 3132 5638 otiosis,
3173 5574 3217 5628 si
3257 5575 3526 5630 interdum

1957 5665 2049 5710 aut
2085 5656 2336 5712 nobilitas
2379 5656 2613 5727 eligitur,
2647 5667 2740 5715 aut
2766 5660 2832 5715 ad
2863 5665 3270 5731 promerendum
3326 5665 3528 5737 aliquid

1956 5761 2200 5815 persona:
2228 5756 2430 5804 tantum
2452 5750 2622 5820 gratia
2650 5751 2986 5823 suifragatur,
3015 5770 3123 5824 quo
3150 5756 3329 5814 studio
3354 5771 3522 5816 remu-
