3988 6178
421 314 524 370 695
1629 308 1676 361 Μ
1687 350 1700 362 .
1734 305 2010 362 AURELII
2049 303 2444 365 CASSIODORI
3579 310 3680 366 696

422 425 644 482 nerandi
665 431 787 481 sunt
813 423 904 494 qui
932 423 1000 477 ad
1031 421 1216 490 agonis
1243 421 1324 476 sui
1355 421 1572 492 pnemia
1601 421 2000 492 pervenerunt?
2035 429 2071 478 Α
2103 423 2203 477 rali
2239 423 2564 480 fecunditate
2609 424 2884 495 compleri,
2925 424 3278 494 sobolemque
3317 422 3436 494 ejus
3479 432 3682 479 tantum

420 516 879 574 Considerandum
916 515 1061 584 quali
1104 514 1289 569 labore
1319 514 1576 570 servitum
1611 523 1713 578 est,
1752 521 1809 568 et
1835 514 1913 569 sic
1935 513 2002 568 de
2105 529 2369 581 crescere,
2403 523 2483 584 ut,
2511 515 2655 584 quod
2680 513 3048 572 difficillimum
3089 515 3361 570 aviditatis
3382 528 3552 582 genus
3578 525 3678 581 est,

421 608 857 664 remunezatione
904 603 1269 672 cogitandum.
1319 603 1518 658 Harum
1571 604 1770 675 quippe
1821 619 2002 658 rerum
2107 613 2388 673 parentum
2416 605 2662 660 videatur
2688 614 2814 662 vota
2843 607 3060 661 satiare.
3106 605 3214 661 Sed
3243 605 3420 662 minus
3457 605 3684 661 amantis

421 712 672 754 mensura
704 697 770 750 de
817 694 1091 750 contrario
1130 694 1303 759 venit,
1336 692 1464 748 dum
1493 694 1599 749 tale
1627 693 2004 749 obedientibus
2101 703 2189 752 est
2237 710 2345 749 non
2392 695 2620 768 amplius
2670 711 2912 766 quaerere
2963 696 3104 751 unde
3152 705 3359 751 tantum
3406 713 3687 752 numerum

420 789 536 843 dari
567 788 726 842 debet
755 785 975 852 donum,
1008 785 1170 854 quale
1208 784 1474 840 indevotis
1513 785 1685 856 potuit
1710 799 1827 839 esse
1855 783 1997 855 peri—
2107 783 2276 853 possit
2303 798 2519 854 angere.
2555 786 2801 854 Agricola
2831 786 3057 856 diligens
3078 787 3453 859 praeveniendo
3473 788 3690 859 adjuvat

421 879 620 934 culum.
651 876 886 932 Grandia
914 885 1059 942 sunt,
1086 890 1205 946 qua:
1233 877 1502 932 sustinent
1527 877 1856 932 excubantes
1881 889 2003 946 per-
2107 872 2330 929 imbrem
2361 876 2654 945 cmlestem,
2685 885 2742 932 et
2760 885 2887 933 ante
2915 878 3055 946 rigat
3079 857 3362 948 plantaria,
3392 857 3555 948 quam
3575 880 3693 950 plu-

421 986 604 1036 sonas,
643 977 992 1024 contumaces
1021 968 1088 1023 ad
1115 969 1412 1039 parendum
1438 976 1657 1038 cogunt,
1690 969 1921 1023 latentes
1949 967 2003 1022 in
2105 966 2220 1022 vias
2267 977 2575 1034 mereantur
2621 979 2854 1041 optatas.
2910 971 3177 1026 Arborum
3218 972 3512 1042 quinetiam
3552 971 3694 1030 fetus

422 1063 686 1119 cubilibus
711 1062 821 1116 suis
842 1059 1089 1132 prudenti
1117 1061 1412 1129 sagacitate
1447 1062 1730 1130 vestigant,
1761 1059 2004 1130 superbis
2106 1058 2394 1116 meliorare
2418 1062 2770 1126 contendens,
2804 1062 3001 1117 diversi
3030 1064 3287 1131 germinis
3309 1063 3512 1119 feturas
3550 1064 3694 1120 insti-

424 1151 742 1207 ntedestiam
782 1150 1106 1220 aequalitatis
1131 1150 1434 1220 imponunt.
1468 1149 1546 1204 lta
1576 1148 1722 1220 quod
1753 1165 1782 1204 a
1809 1148 2006 1218 judici-
2107 1149 2226 1215 tuit,
2260 1157 2318 1204 ut
2344 1150 2697 1221 multiplicata
2726 1150 3012 1208 dulcedine
3054 1152 3347 1220 fructuum,
3377 1155 3552 1209 hortis
3579 1156 3693 1211 suis

423 1241 524 1297 bus
567 1241 804 1296 breviter
845 1240 1080 1304 dicitur,
1131 1241 1201 1294 ab
1249 1240 1379 1308 ipsis
1425 1238 1664 1294 eﬂicacia
1714 1239 2007 1296 famulante
2107 1239 2348 1294 conferat
2373 1240 2650 1297 varietatis
2674 1250 2942 1298 ornatum.
2971 1242 3062 1299 Sic
3091 1259 3188 1300 nos
3210 1245 3469 1300 virtutum
3494 1245 3696 1315 jucun-

425 1335 748 1404 completur.
778 1333 974 1388 Notum
1004 1340 1088 1388 est
1110 1347 1228 1401 qua:
1256 1332 1496 1402 pericula
1528 1333 1854 1400 sustineant,
1883 1347 2006 1386 cum
2106 1332 2352 1390 dissimas
2397 1333 2580 1389 laudes
2623 1334 2911 1390 incinctum
2941 1334 3160 1392 Graium
3189 1336 3561 1392 desideramus
3607 1338 3696 1392 in.

431 1424 588 1516 ζιρά
618 1424 687 1479 ad
729 1439 921 1480 causas
948 1424 1236 1516 mittuntur
1273 1423 1495 1477 alienas.
1525 1422 1582 1478 Si
1620 1423 1835 1493 segnius
1861 1430 2003 1493 agat,
2108 1422 2347 1493 cludere,
2378 1431 2434 1478 ut
2459 1439 2676 1493 germen
2706 1425 2941 1498 alienum
2967 1427 3221 1497 amplexu
3248 1427 3432 1497 gratia:
3471 1428 3698 1497 colliga-

424 1512 624 1587 petitor
652 1516 928 1585 queritur;
978 1514 1024 1569 si
1068 1513 1331 1581 districte,
1377 1514 1618 1584 pulsatus
1661 1512 2003 1569 vociferatur.
2111 1519 2224 1567 tum
2248 1513 2408 1567 ein-ite
2434 1513 2672 1570 moribus
2698 1515 2978 1572 inolescat.
3021 1515 3130 1573 Sed
3167 1517 3283 1573 lucc
3310 1518 3514 1573 cultura
3537 1519 3700 1588 longe

424 1610 516 1664 Sic
537 1609 677 1664 inter
703 1616 988 1676 utrumque
1026 1607 1296 1662 diversum
1325 1623 1450 1662 rara
1477 1607 1593 1663 laus
1617 1615 1700 1662 est
1739 1607 2009 1662 invenisse
2108 1601 2382 1659 dissimilis
2407 1612 2508 1662 est.
2559 1605 2856 1662 Arboribus
2896 1607 3039 1662 enim
3069 1607 3214 1679 quod
3256 1609 3450 1664 melius
3475 1617 3700 1680 putatur

427 1700 774 1769 praeconium.
826 1699 1151 1768 Dignitatum
1207 1713 1344 1768 pace
1381 1698 1642 1761 dicamus,
1683 1695 1889 1754 facilius
1927 1705 2012 1754 est
2110 1693 2396 1763 inseritur;
2425 1695 2492 1751 ad
2539 1697 2655 1754 illas
2683 1699 2967 1769 peregrina
2997 1701 3236 1768 veniunt,
3271 1708 3330 1755 ut
3370 1700 3439 1756 de
3484 1702 3702 1758 illorum

426 1789 700 1845 laudatum
729 1789 966 1860 judicem
995 1789 1252 1860 reperire,
1302 1803 1464 1859 quam
1516 1789 1740 1844 militem
1770 1789 2007 1858 injuncta
2041 1807 2084 1864 Β
2110 1788 2290 1858 potius
2333 1791 2597 1847 suavitate
2627 1791 2975 1849 dulcescant:
3003 1794 3158 1851 vobis
3205 1803 3406 1862 autem,
3447 1804 3506 1851 ut
3543 1811 3703 1866 agre-

424 1879 542 1934 sine
569 1879 870 1935 odensione
906 1879 1201 1950 complere.
1228 1877 1384 1934 Aliud
1403 1887 1487 1935 est
1512 1879 1656 1934 enim
1682 1887 1888 1934 tantum
1925 1879 2008 1934 di—
2110 1882 2212 1938 stia
2239 1882 2543 1954 proficiant,
2572 1883 2889 1941 oll‘ernntur.
2922 1885 3054 1940 Nam
3081 1888 3324 1956 quamvis
3363 1888 3500 1957 ignis
3539 1898 3704 1945 nocte

425 1986 551 2026 cere
585 1971 840 2037 legitima,
898 1970 1043 2025 aliud
1091 1970 1159 2024 ad
1202 1970 1490 2026 terminum
1537 1969 1822 2025 deduxisse
1858 1970 2010 2041 justi-
2111 1973 2369 2040 reluceat,
2393 1973 2494 2030 soli
2525 1984 2701 2031 tamen
2733 1985 3088 2046 pmsentatus
3132 1978 3392 2034 obscurus
3425 1987 3529 2034 est.
3561 1977 3705 2036 Hinc

425 2063 578 2116 tiam.
610 2061 972 2117 Laudabiliter
997 2061 1213 2130 quidem
1235 2061 1435 2116 bonum
1466 2060 1692 2127 dicitur;
1717 2061 1812 2116 sed
1840 2061 2009 2117 multo
2112 2069 2196 2117 est
2221 2062 2365 2130 quod
2393 2062 2460 2117 ad
2488 2063 2635 2117 illum
2663 2063 2907 2120 ordinem
2951 2064 3081 2119 nihil
3111 2073 3292 2136 potest
3317 2066 3571 2121 eximium
3599 2067 3704 2122 de-

424 2155 710 2225 gloriosius
753 2163 956 2210 statuta
1005 2154 1365 2225 complentur.
1406 2153 1583 2210 Verba
1635 2161 1844 2210 tantum
1883 2153 2010 2209 diri-
2113 2150 2258 2218 ferri,
2299 2152 2401 2208 nisi
2431 2153 2575 2224 quod
2606 2170 2703 2225 per
2729 2157 2905 2225 ipsum
2945 2156 3208 2225 probatur
3247 2158 3451 2226 augeri.
3483 2155 3548 2212 Et
3573 2158 3703 2214 ideo

424 2254 621 2314 guntnr
640 2261 671 2300 a
699 2246 1032 2317 przesulibns,
1065 2261 1094 2299 a
1117 2244 1374 2301 militibus
1393 2253 1573 2300 autem
1603 2245 1902 2315 postulatur
1929 2244 2010 2299 ef-
2114 2245 2262 2301 illum
2285 2247 2541 2302 natalium
2571 2248 2859 2318 splendore
2891 2249 3266 2319 conspicuum,
3296 2259 3352 2305 et
3379 2249 3577 2321 ingenii
3619 2265 3705 2306 ca-

424 2340 616 2396 fectus.
643 2338 776 2396 Post
812 2338 994 2395 omnia
1016 2339 1271 2409 periculis
1297 2338 1619 2403 subduntur,
1659 2337 1705 2394 si
1735 2336 2012 2394 constricti
2113 2336 2229 2392 lore
2260 2337 2551 2407 prudenter
2590 2351 2897 2405 accensum,
2946 2348 3168 2396 senatus
3215 2340 3396 2395 lumen
3442 2341 3705 2410 excipiat.

425 2432 627 2503 aliquid
661 2432 954 2489 verisimile
1000 2439 1427 2500 conquerantur.
1459 2431 1795 2501 Frequenter
1828 2429 2014 2485 nocuit
2113 2426 2387 2484 Hactenus
2417 2427 2517 2483 fuit
2560 2429 2669 2485 suis
2713 2430 2924 2486 meritis
2966 2431 3184 2497 clarus;
3214 2431 3308 2486 sed
3333 2429 3446 2499 jam
3487 2430 3595 2485 erit
3637 2431 3708 2487 de

426 2527 547 2581 aliis
591 2525 705 2596 ipsa
741 2538 958 2594 quoque
994 2522 1275 2590 integritas
1321 2521 1570 2577 actionis.
1623 2521 1756 2574 Nam
1791 2519 2009 2584 multos,
2113 2527 2292 2574 vestra
2319 2517 2702 2589 perspicuitate
2723 2520 3063 2590 praelucidus.
3099 2519 3324 2578 Pandite
3347 2524 3576 2592 curiam,
3611 2540 3707 2580 su-

425 2627 562 2690 ques
577 2620 628 2674 in
651 2616 1001 2673 exsecutione
1022 2615 1344 2671 contristare
1366 2613 1466 2668 nisi
1491 2620 1638 2678 sunt,
1663 2613 1808 2682 ipsos
1829 2619 2013 2680 postea
2114 2610 2304 2680 scipite
2339 2609 2701 2666 candidatum.
2733 2609 2852 2665 Jam
2898 2611 3106 2666 senatui
3153 2611 3569 2681 praedestinatus
3600 2622 3706 2681 est,

428 2712 702 2782 impensas
735 2707 946 2778 judices
992 2705 1346 2777 pertulerunt.
1378 2702 1667 2759 Offendunt
1715 2703 1857 2758 enim
1903 2702 2013 2758 fre-
2115 2700 2201 2755 cui
2233 2714 2332 2755 nos
2359 2701 2683 2756 contulimus
2708 2700 3033 2755 laticlaviam
3061 2701 3398 2769 dignitatem.
3423 2701 3709 2774 Benignos

425 2811 658 2876 quenter
685 2802 874 2872 ignari,
903 2800 1102 2871 quibus
1125 2805 1249 2854 sunt
1277 2804 1466 2867 postea
1492 2795 1753 2868 parituri;
1794 2802 1851 2851 et
1886 2794 2014 2849 dum
2115 2808 2234 2848 esse
2275 2808 2498 2851 necesse
2525 2803 2610 2850 est
2635 2795 2880 2866 publicos
2920 2802 3123 2865 patres,
3155 2795 3280 2866 quia
3327 2795 3431 2852 hoc
3458 2797 3707 2853 vocabu-

425 2895 602 2952 causis
641 2892 832 2949 alienis
879 2889 1038 2946 fidem
1085 2887 1416 2948 custodiunt,
1461 2885 1729 2942 interdum
1774 2884 2015 2956 pericula
2116 2885 2225 2940 lum
2255 2902 2362 2941 non
2392 2894 2598 2944 tantum
2626 2887 2911 2944 suodebet
2952 2887 3179 2958 germini
3224 2895 3488 2957 quantum
3519 2888 3712 2945 studio

427 2987 661 3058 propriae
689 2983 877 3041 salutis
901 2983 1201 3037 incurrunt.
1240 2979 1438 3034 Verum
1479 2979 1624 3033 inter
1650 2977 1765 3032 haec
1791 2975 2015 3032 militem
2117 2987 2352 3049 votoque
2379 2978 2640 3048 generali.

430 3079 669 3134 evasisse
694 3074 992 3141 laudatum,
1023 3085 1205 3127 nonne
1226 3070 1371 3140 juste
1400 3069 1613 3125 videtur
1639 3083 1762 3124 esse
1791 3067 2017 3124 miracu-

429 3171 574 3226 lum?
603 3168 821 3223 Talibus
846 3165 1008 3236 igitur
1034 3163 1242 3219 meritis
1269 3160 1579 3232 vicissitudo
1607 3159 1877 3214 reddenda
1907 3166 2009 3225 est,

428 3271 490 3317 ut
532 3260 700 3316 nimio
737 3259 924 3314 labore
952 3265 1229 3327 torpentes
1263 3253 1478 3309 indictis
1507 3252 1624 3327 [Cn
1666 3260 1715 3307 et
1753 3250 1893 3324 Cuj.,
1925 3251 2006 3306 in-

427 3352 614 3426 dultis]
671 3349 1201 3424 compensationibus
1263 3347 1581 3404 excitemus.
1637 3343 1803 3400 Utere
1847 3344 2009 3413 igitur

427 3448 761 3513 confidenter
787 3444 1046 3516 quidquid
1067 3441 1336 3500 veteranis
1379 3440 1630 3498 munifica
1649 3439 1772 3511 jura
1800 3439 2006 3494 tribue-

428 3549 577 3611 runt,
604 3539 736 3597 nulli
773 3537 991 3595 sordido
1027 3533 1391 3606 subjiciendus
1420 3532 1593 3597 oneri,
1623 3530 1716 3602 qni
1744 3538 1798 3586 te
1826 3530 2008 3601 puris-

430 3635 567 3692 sima
591 3631 1005 3690 conversatione
1034 3627 1296 3683 tractasti.
1325 3625 1647 3681 Comitivam
1669 3637 1887 3693 quoque
1908 3621 2006 3676 tibi

430 3727 590 3798 primi
617 3725 840 3789 ordinis,
872 3737 1032 3792 quam
1061 3720 1156 3775 tali
1197 3718 1386 3774 militia
1415 3708 1712 3788 p'erfunetis
1737 3730 1876 3770 cana
1913 3714 2010 3771 de-

427 3819 637 3892 putavit
661 3815 974 3886 antiquitas,
995 3810 1289 3870 secundum
1314 3816 1514 3865 statuta
1550 3806 1743 3862 divalia
1766 3805 2008 3862 vindica-

427 3913 530 3967 bis.
571 3908 696 3964 Haec
735 3905 950 3977 quidem
997 3903 1296 3973 priscorum
1333 3897 1600 3956 beneficio
1641 3898 2006 3967 consequeris,

428 4000 524 4057 sed
563 3999 734 4054 nostri
777 3995 1008 4052 nominis
1035 4002 1222 4049 contra
1264 3991 1504 4048 inciviles
1533 3990 1764 4060 impetus
1791 3997 1846 4044 et
1874 4003 2008 4044 con-

428 4091 757 4148 ventionalia
790 4087 1112 4144 detrimenta
1147 4083 1370 4155 perenni
1398 4082 1628 4138 tuitione
1671 4080 1905 4147 vallaris,
1949 4089 2010 4136 nt

429 4185 665 4240 oﬂicium
711 4181 858 4252 quod
901 4179 1101 4236 nostris
1126 4175 1456 4246 jussionibus
1491 4173 1710 4246 speciali
1749 4173 2010 4228 sollicitu-

429 4277 553 4333 dine
583 4273 896 4328 famulatum
923 4277 1028 4334 est,
1060 4266 1288 4338 amplius
1315 4263 1513 4336 aliquid
1542 4279 1571 4318 a
1608 4263 1865 4318 militibus
1905 4278 2012 4318 cte-

428 4369 559 4424 teris
586 4363 886 4438 promereri
915 4360 1154 4432 potuisse
1179 4357 1441 4414 videatur.
1465 4354 1662 4410 Muleta
1685 4367 1901 4423 quoque
1927 4359 2010 4406 tot

429 4459 504 4531 [id
544 4466 642 4522 est,
671 4455 881 4517 decem,
915 4451 1006 4507 Gr.
1038 4459 1087 4506 et
1115 4447 1258 4520 Cuj.]
1284 4447 1538 4503 librarum
1575 4445 1689 4500 auri
1713 4442 2009 4515 percellen-

429 4549 553 4606 dum
583 4561 701 4602 esse
733 4559 1039 4611 censemus,
1083 4543 1128 4597 si
1158 4540 1277 4609 quis
1315 4545 1516 4594 statuta
1557 4543 1739 4591 nostra
1773 4532 2012 4604 qualibet
2039 4558 2088 4618 ι)

428 4635 718 4695 crediderit
761 4633 1044 4688 occasione
1097 4627 1364 4686 violanda.
1415 4626 1526 4682 Nec
1579 4633 1758 4679 tamen
1806 4621 2007 4693 aliquid

428 4740 616 4788 contra
639 4735 694 4784 te
718 4726 898 4781 valere
920 4723 1297 4795 permittimus,
1328 4718 1474 4791 quod
1501 4717 1689 4773 dolosa
1717 4714 1878 4771 fuerit
1897 4729 2012 4770 ma-

429 4821 740 4879 chinatione
769 4825 1057 4872 tentatum.

2386 3107 2499 3164 XV.
2540 3118 2785 3166 sonitum
2822 3125 3019 3166 vrcann
3058 3126 3207 3167 URBIS
3249 3127 3428 3168 noue.

2042 3193 2086 3256 (ἶ
2187 3220 2344 3277 Viees
2373 3222 2643 3290 agentium
2683 3237 2802 3279 mos
2843 3231 2927 3278 est
2952 3223 3030 3278 sic
3056 3223 3298 3292 judieum
3334 3223 3717 3282 voluntatibus

2109 3310 2351 3376 obedire,
2385 3319 2446 3366 ut
2471 3326 2598 3367 suas
2626 3327 2732 3368 non
2776 3313 3014 3369 habeant
3049 3312 3358 3382 dignitates.
3402 3311 3718 3385 Splendent

2109 3409 2353 3459 mutuato
2395 3403 2614 3469 lumine,
2663 3404 2906 3458 nituntur
2950 3402 3152 3459 viribus
3191 3405 3408 3471 alienis;
3455 3413 3512 3460 et
3555 3421 3720 3476 qure-

2108 3494 2233 3553 dam
2263 3496 2437 3577 imago
2465 3496 2518 3551 in
2549 3495 2652 3550 illis
2677 3495 2889 3551 videtur
2915 3510 3034 3551 esse
3066 3496 3331 3564 veritatis,
3371 3495 3463 3566 qui
3493 3475 3742 3568 proprii‘

2109 3601 2219 3642 non
2247 3585 2452 3642 habent
2473 3585 2595 3655 jura
2626 3583 2867 3655 fulgoris.
2899 3583 2980 3640 Tu
3009 3592 3192 3640 autem
3225 3584 3456 3640 vicarius
3473 3584 3718 3654 diceris,

2110 3682 2167 3730 et
2209 3685 2299 3730 tua
2328 3675 2605 3744 privilegia
2635 3689 2744 3730 non
2780 3674 3060 3744 relinquis,
3112 3673 3329 3744 quando
3358 3672 3592 3744 propria
3637 3680 3726 3728 est

2105 3767 2406 3840 iurisdictio
2451 3785 2570 3840 quae
2608 3770 2766 3826 datur
2804 3785 2834 3825 a
2863 3771 3123 3842 principe.
3167 3769 3347 3826 Habes
3391 3769 3541 3825 enim
3591 3785 3725 3826 cum

2110 3859 2375 3932 praefectis
2425 3861 2660 3930 aliquam
2704 3861 3032 3934 portionem,
3083 3868 3266 3933 partes
3315 3858 3458 3932 apud
3499 3867 3567 3916 te
3619 3859 3727 3916 sub

2109 3953 2432 4024 praztoriana
2463 3953 2817 4009 advocatione
2842 3952 3158 4022 conﬂigunt.
3184 3961 3210 3990 ι
3240 3951 3371 4006 Vice
3398 3964 3565 4005 sacra
3587 3965 3727 4006 sen-

2111 4045 2334 4122 tentiam
2375 4045 2530 4111 dicis,
2586 4051 2662 4111 et,
2692 4045 2840 4114 quod
2889 4044 3135 4098 maximae
3173 4041 3296 4097 ﬁdei
3332 4042 3557 4110 signum
3611 4049 3726 4107 est,

2111 4133 2137 4174 δ
2161 4135 2216 4190 in
2259 4134 2701 4206 inscriptionibus
2725 4134 2835 4188 vita
2883 4133 2977 4187 tibi
3006 4130 3362 4188 committitur
3398 4129 3725 4194 hominum,

2109 4229 2255 4299 quod
2278 4228 2419 4284 inter
2441 4227 2700 4284 mortales
2718 4233 2936 4282 constat
2967 4239 3088 4280 esse
3116 4223 3436 4294 pretiosum.
3475 4221 3732 4276 Additur

2111 4319 2257 4390 quod
2283 4334 2382 4376 nec
2417 4319 2638 4375 salutari
2669 4326 2722 4373 te
2765 4317 2882 4372 sine
2909 4315 3199 4386 chlamyde
3222 4312 3345 4382 jura
3391 4311 3729 4379 voluerunt,

2109 4415 2334 4481 scilicet,
2364 4421 2425 4469 ut
2448 4413 2548 4470 sub
2575 4419 2726 4468 veste
2746 4409 2966 4466 militari
2988 4423 3204 4478 seraper
3230 4408 3400 4472 visus,
3428 4420 3732 4476 nunquam

2112 4504 2406 4561 credereris
2431 4519 2550 4560 esse
2569 4503 2829 4574 privatus.
2856 4500 2965 4557 Sed
2985 4501 3098 4555 haec
3117 4499 3298 4554 uinnia
3328 4496 3395 4550 ad
3419 4494 3734 4566 prmfectu-

2113 4612 2186 4653 rae
2219 4597 2444 4666 gloriam
2468 4595 2768 4667 iudicamus
2815 4609 2934 4650 esse
2977 4605 3254 4655 concessa,
3305 4589 3491 4658 utqui
3547 4596 3733 4642 tanta:

2117 4689 2265 4747 sedis
2288 4690 2545 4746 vicarium
2582 4689 2805 4754 diceret,
2834 4686 3121 4742 umbratile
3150 4685 3223 4739 nil
3245 4682 3474 4739 videret.
3507 4667 3734 4736 Consi-

2119 4783 2247 4840 dera
2276 4782 2453 4852 qualia
2479 4781 2546 4837 de
2577 4791 2629 4836 te
2648 4789 2889 4852 praestes,
2921 4779 3013 4848 qui
3035 4786 3185 4833 tanta
3218 4775 3556 4830 auctoritate
3589 4773 3734 4829 sub-

2117 4875 2350 4932 veheris.
2404 4873 2692 4929 Exnendus
2738 4888 2770 4928 a
2822 4870 3046 4928 crimine
3101 4886 3207 4926 non
3254 4868 3492 4922 nudetur
3547 4866 3732 4938 [alii,

584 4953 723 5009 XIV.
765 4965 1012 5008 FORIULA
1049 4965 1118 5006 ns
1159 4961 1486 5004 RBFERENDIS
1521 4962 1574 5001 ιι(
1610 4960 1836 5001 sanun.

2119 4966 2350 5038 videtur]
2376 4965 2443 5020 ab
2470 4965 2688 5020 innoxia
2722 4962 2995 5020 facultate.
3038 4960 3170 5016 Nam
3192 4959 3320 5029 quid
3364 4957 3461 5012 tibi
3504 4957 3734 5014 debere

497 5068 757 5141 Optamus
785 5064 1002 5138 quidem
1032 5063 1234 5120 curiam
1262 5067 1482 5118 senatus
1508 5057 1820 5129 amplissimi
1849 5066 2008 5115 natu-
2117 5056 2306 5130 possit,
2345 5055 2391 5112 si
2436 5055 2670 5111 minimis
2704 5053 2870 5127 [Cor.,
2910 5051 3086 5117 Gam.,
3126 5047 3356 5120 meritis]
3384 5049 3502 5104 suis
3537 5050 3736 5120 impn-

500 5252 524 5279 ι
547 5241 742 5312 Supra,
791 5240 913 5312 hoc
937 5237 1056 5312 lih.;,
1088 5236 1255 5312 form.
1279 5234 1362 5312 _6;
1413 5248 1609 5312 sacra,~
1628 5231 1654 5285 1
1679 5247 1692 5295 ;
1743 5229 2006 5312 principe,
2116 5229 2387 5312 piantibus
2409 5228 2699 5312 impepdet,
2723 5228 3044 5312 obstringat,
3067 5225 3104 5312 1..
3129 5225 3182 5312 7ἐ
3204 5223 3267 5312 (ᾖ
3290 5221 3370 5312 οξ
3388 5223 3527 5288 cul.;
3558 5223 3600 5276 l.
3632 5223 3728 5312 HI,

427 5291 824 5394 assidam;
840 5291 1058 5389 aliquid,
1086 5305 1121 5360 2
1149 5306 1192 5360 D
1220 5346 1234 5388 ε
1266 5291 1553 5384 Ιὶρίραεηὶεζ
1575 5291 1892 5384 Ξξοὶεξνὶοθ
1917 5291 2009 5367 Ῐιιὲ
2116 5302 2144 5424 ᾖ
2177 5302 2431 5366 Quidam:
2462 5291 2527 5354 a'd
2543 5299 2592 5381 .l.
2610 5297 2716 5381 Jul.
2746 5297 2826 5380 De
2853 5291 3052 5381 edule;
3078 5297 3118 5379 .l.
3151 5296 3201 5358 '5,
3321 5291 3400 5345 De
3427 5310 3652 5357 aecum;
3689 5295 3726 5346 l.

428 5383 607 5424 Αωςιηι
663 5382 818 5424 (οι-πη-
853 5379 904 5424 3-
949 5379 1040 5424 llh-
1073 5393 1146 5424 νι-
1171 5375 1302 5424 Vree
1344 5389 1497 5424 sacra
1541 5372 1792 5424 iudicant
1821 5372 2010 5424 omfe—
2153 5413 2168 5424 .
2197 5371 2258 5424 C.
2292 5371 2357 5424 ad
2393 5368 2618 5424 Turmll.
2648 5378 3011 5424 lnSCI‘lDllonlS
3043 5365 3268 5421 vmcult.
3301 5364 3336 5418 l.
3378 5362 3465 5424 Η,
3504 5374 3571 5416 et
3618 5363 3726 5419 ult.

428 5362 818 5445 diea'ntrform.
853 5362 1146 5444 3,7'lih.'v1.
1171 5362 1302 5432 Vice
1344 5362 1497 5430 sacra
1533 5372 1792 5445 judicavit
1821 5362 2010 5445 praefe-
2116 5362 2168 5445 ξε
2292 5368 2618 5445 ad_Tu_rpill.
2648 5365 3268 5445 inscriptionisviliculi.
3301 5364 3354 5445 1;
3378 5362 3465 5425 Η,
3498 5374 3578 5445 ρ(
3618 5363 3731 5445 (ιιιτ

425 5432 839 5522 grassantis,
860 5432 1041 5520 supra,
1067 5447 1167 5503 for.
1194 5447 1244 5502 5.
1269 5445 1516 5502 Vicarius
1533 5432 1707 5507 urbis,
1733 5432 1888 5497 form.
1922 5439 2006 5495 ιδ.
2113 5432 2327 5520 Nullus,
2345 5439 2419 5522 Ac.
2445 5432 2524 5522 oé
2554 5455 2762 5522 eccum;
2799 5432 2834 5522 1'.
2866 5438 2963 5522 ult.
2992 5435 3062 5522 si;
3079 5434 3282 5522 Τῃεοά.
3309 5432 3388 5486 De
3413 5432 3614 5522 exliib.
3633 5432 3736 5522 ³ιρι

424 5502 672 5578 illis};
862 5502 879 5504 ἡ
903 5502 908 5503 ί
929 5502 948 5520 ’
1029 5502 1040 5514 ’
1101 5502 1107 5503 ⁷
1695 5502 1705 5507 ⁷
2114 5502 2370 5566 transiuit.
2405 5511 2538 5574 reis;
2572 5509 2608 5562 l.
2632 5502 2759 5578 pen.
2786 5517 2842 5562 et
2869 5509 2992 5574 ult.,
3022 5507 3086 5578 C.
3117 5505 3194 5578 Qa
3222 5511 3474 5578 accusat;
3509 5502 3556 5555 l.
3588 5502 3727 5566 ult,

736 5586 1279 5662 Iit‘inscriptionibus,
1319 5584 1372 5640 id
1409 5593 1510 5649 est,
1551 5581 2001 5662 accusa-tionibus,
2112 5582 2174 5636 D.
2206 5581 2490 5662 Qe_prieat.
2521 5571 2697 5662 deﬂet.
2729 5571 3042 5662 [Exemplum
3075 5576 3112 5631 l.
3135 5576 3189 5643 5,
3221 5574 3298 5662 1)..
3313 5571 3392 5627 De
3410 5587 3636 5662 uicus:
3668 5580 3736 5629 et

425 5659 488 5718 Ο.
1209 5639 1287 5710 Dé
1315 5639 1818 5725 accus.'et_insc_rip._
1837 5639 2004 5725 Nemo

2111 5652 2247 5725 apud
2283 5639 2617 5725 [Lucianumi
2636 5651 2685 5704 ἕν
2727 5649 2838 5714 δίκῃ
2888 5639 3196 5722 ᾦωνηὲντων)
3249 5643 3412 5716 gloss.
3445 5639 3736 5715 Βδδίιὶοη

424 5732 490 5785 ad
530 5717 1108 5784 crimen'deferen'dnm
1140 5717 1455 5788 admittitur,
1488 5723 1588 5777 nisi
1617 5722 1710 5792 qui
1739 5717 2004 5792 solemnia
2106 5717 2198 5778 lib.
2233 5738 2322 5790 ιι,
2355 5723 2436 5777 tit.
2463 5718 2550 5776 42.
2577 5717 2817 5777 Fortuna.

425 5799 788 5858 accusationis
823 5797 1063 5870 impleat,
1085 5806 1140 5853 et
1160 5811 1279 5854 sese
1316 5794 1383 5851 ad
1405 5788 1652 5866 pinnam;
1663 5805 1782 5862 qua!
1809 5788 2005 5846 calum-
