3988 6178
451 328 558 384 699

1653 319 1725 374 M.
1765 317 2042 374 AURELII
2080 316 2478 374 CASSIODOB!

3603 314 3709 369 7750

451 451 602 498 retur
653 448 885 505 annona,
917 435 1113 504 ubique
1149 431 1411 489 redundet
1439 431 1592 501 panis
1638 431 1813 500 copia,
1843 438 1899 485 et
1922 438 2031 485 tam
2059 435 2106 492 Α
2134 429 2506 500 pretiosissimi
2553 428 2772 484 metalli.
2803 428 3016 484 Intuere
3059 435 3208 484 certe
3235 425 3380 496 quod
3419 425 3704 497 loquimur.

451 551 678 605 magnus
705 531 932 604 populus
956 538 1211 596 tauquam
1259 540 1362 580 una
1410 540 1594 578 mensa
1634 523 1876 578 satietur.
1925 521 2031 579 Per

451 626 698 681 ofﬁcinas
747 623 1007 692 pistorum
1063 618 1317 686 cibosque
1371 614 1659 678 discurris,
1714 630 1942 684 pensum
1976 622 2032 669 et

451 717 769 774 munditiam
798 715 948 784 panis
977 711 1183 778 exigis;
1216 725 1315 764 nec
1347 709 1448 762 vile
1472 706 1678 776 judicas
1706 721 1846 774 esse,
1892 706 2030 760 unde

451 817 506 862 te
531 807 699 878 possit
729 805 897 860 Roma
937 801 1192 857 laudare:
1236 799 1450 861 merito,
1480 797 1696 867 quando
1724 797 1890 865 gloria
1921 797 2033 850 sin-

449 899 647 969 gularis
675 906 780 963 est,
826 895 967 950 illius
1003 891 1234 948 civitatis
1285 889 1523 945 affectus.
1557 887 1625 942 Et
1653 902 1720 942 ne
1747 887 1889 957 quod
1917 887 2030 955 agis

449 988 646 1057 aliquid
687 995 905 1056 putetur
930 992 1246 1047 extremum,
1273 987 1584 1050 carpentum
1612 977 1850 1048 pratfecti
1874 975 2030 1033 Urbis

449 1081 614 1134 mixta
643 1076 1028 1148 glorificatione
1056 1072 1390 1130 conscendis.
1418 1070 1496 1126 Tu
1527 1071 1600 1126 illi
1631 1071 1683 1125 in
1711 1069 2031 1140 spectaculis

447 1167 916 1239 conjunctissimus
952 1164 1227 1232 inveniris,
1255 1171 1315 1218 ut
1359 1161 1529 1234 plebs,
1578 1176 1737 1237 quam
1766 1159 2030 1216 industria

450 1269 539 1315 tua
554 1260 734 1324 satiat,
749 1259 801 1313 in
824 1273 974 1313 suam
1003 1255 1360 1312 reverentiam
1383 1262 1436 1309 te
1461 1254 1782 1309 honoratum
1805 1267 1924 1308 esse
1944 1266 2031 1307 co-

445 1360 685 1422 gnoscat.
720 1351 852 1405 Nam
879 1350 924 1404 si
953 1349 1170 1418 querela
1219 1347 1394 1418 panis,
1425 1353 1484 1401 ut
1535 1345 1755 1412 assolet,
1785 1345 2028 1399 concite-

448 1453 554 1511 tur,
579 1451 636 1497 tu
659 1441 954 1512 promissor
975 1438 1235 1494 ubertatis
1249 1437 1540 1492 seditiones
1563 1435 1761 1491 civicas
1783 1449 2029 1489 momen-

444 1543 601 1588 tanea
631 1531 990 1588 satisfactione
1017 1529 1284 1592 dissolvis,
1315 1536 1370 1582 et
1412 1542 1509 1598 per
1537 1534 1588 1580 te
1614 1526 1938 1596 prospicitur
1961 1538 2032 1579 ne

445 1625 570 1694 quid
601 1641 630 1678 a
660 1623 871 1694 populis
909 1620 1361 1690 conquerentibus
1415 1617 1724 1672 excedatur.
1782 1616 1897 1671 Non
1930 1616 2031 1671 im-

445 1719 636 1772 merito
685 1715 969 1785 Pompeius
1015 1714 1204 1780 fertur,
1251 1712 1422 1782 copia:
1464 1712 1764 1789 quantitate
1794 1712 2024 1780 provisa,

2134 520 2269 586 Quid
2295 521 2461 575 habes
2488 519 2678 575 melius
2695 519 2837 589 quod
2861 528 3012 589 optes
3033 535 3193 588 quam
3222 519 3363 574 illius
3383 519 3565 588 populi
3595 532 3710 589 gra-

2135 611 2261 663 tiam
2285 623 2525 678 qurerere
2550 623 2710 678 quam
2740 623 2838 663 nos
2859 609 3019 663 etiam
3041 616 3254 664 constat
3281 611 3504 679 optare?

2360 757 2498 812 XIX.
2529 775 2773 814 ronuuu
2802 775 3019 816 conms
3049 743 3490 820 “autumnum.

2201 854 2348 928 inter
2376 873 2681 929 utilissimas
2711 884 2876 939 artes,
2903 888 3039 943 quas
3081 873 3150 928 ad
3178 874 3578 929 sustentandam
3611 875 3711 928 hu-

2131 980 2303 1020 mana:
2324 965 2622 1036 fragilitatis
2642 967 2992 1036 indigentiam
3017 967 3203 1022 Divina
3225 969 3547 1037 tribuerunt,
3567 969 3711 1023 nulla

2131 1066 2386 1128 pmstare
2433 1059 2644 1114 videtur
2691 1059 2888 1128 aliquid
2931 1059 3122 1126 simile,
3157 1075 3317 1130 quam
3357 1060 3502 1131 quod
3531 1067 3716 1130 potest

2132 1150 2408 1206 auxiliaris
2433 1150 2696 1205 medicina
2723 1151 2988 1206 conferre.
3019 1150 3138 1221 Ipsa
3185 1152 3328 1206 enim
3355 1152 3544 1206 inorbo
3572 1153 3717 1222 peri-

2131 1243 2436 1298 clitantibus
2461 1251 2702 1298 materna
2747 1243 2915 1311 gratia
2945 1258 3161 1312 semper
3185 1244 3402 1298 assistit.
3430 1243 3551 1313 Ipsa
3579 1260 3716 1298 con-

2132 1343 2214 1390 tra
2246 1335 2463 1390 dolores
2492 1349 2590 1404 pro
2628 1342 2810 1389 nostra
2841 1334 3207 1389 imbecillitate
3235 1331 3513 1404 conﬂigit;
3557 1343 3612 1388 et
3642 1335 3718 1389 ibi

2132 1442 2232 1482 nos
2271 1428 2458 1482 nititur
2481 1427 2782 1494 sublevare,
2815 1427 2907 1486 ubi
2933 1427 3091 1482 nulla:
3110 1426 3328 1489 divitite,
3353 1426 3499 1481 nulla
3539 1434 3720 1495 potest

2130 1517 2363 1586 dignitas
2389 1517 2690 1573 subvenire.
2715 1515 3010 1571 Causarum
3036 1517 3193 1586 periti
3223 1517 3488 1586 palmares
3516 1517 3720 1571 haben-

2132 1615 2240 1673 tur,
2261 1623 2383 1663 cum
2411 1623 2600 1678 magna
2626 1607 2839 1676 negotia
2869 1604 3206 1662 defenderint
3233 1607 3597 1674 singulorum:
3623 1606 3718 1661 sed

2131 1706 2335 1768 quanto
2362 1698 2644 1767 gloriosius
2673 1705 2754 1753 est
2779 1697 3051 1767 expellere
3078 1682 3224 1766 quod
3245 1707 3471 1752 mortem
3494 1698 3718 1753 videba-

448 1823 615 1878 usque
644 1808 709 1862 ad
736 1821 914 1861 rerum
944 1805 1252 1875 pervenisse
1281 1802 1508 1871 fastigia,
1541 1803 1666 1871 quia
1695 1802 1889 1856 merito
1919 1803 2025 1857 sin-

2133 1799 2220 1846 tur
2244 1790 2462 1860 inferre,
2493 1798 2550 1846 et
2596 1789 2824 1845 salutem
2869 1790 3191 1860 periclitanti
3219 1789 3466 1852 reddere,
3514 1789 3582 1844 de
3610 1805 3716 1860 qua

448 1897 646 1964 gularis
669 1904 752 1952 est
774 1910 925 1950 amor
952 1893 1154 1964 populi,
1178 1907 1297 1948 cum
1327 1891 1498 1962 potuit
1527 1907 1556 1945 a
1584 1893 1806 1961 penuria
1834 1891 2028 1946 libera-

401 1999 412 2003 “
446 1990 509 2044 rl.
542 1989 678 2044 Hinc
704 1988 792 2043 ille
819 1987 1266 2056 gratificationem
1298 1985 1512 2050 meruit,
1544 1984 1897 2054 plausumque
1924 2000 2026 2054 po-

443 2081 712 2152 pulcrum.
764 2080 900 2136 Hinc
939 2079 1094 2136 unice
1151 2093 1362 2149 semper
1415 2090 1626 2154 amatus
1679 2086 1800 2147 est,
1857 2086 1913 2134 et
1972 2078 2026 2133 in

443 2173 614 2242 gratia
642 2172 861 2240 civium,
892 2173 1130 2226 omnium
1164 2171 1319 2240 106
1364 2169 1493 2224 vicit
1522 2169 1662 2224 facta
1690 2170 1831 2242 [Ac.,
1858 2169 2028 2225 malo-

443 2263 600 2336 rum]
649 2262 912 2331 majorum
957 2280 969 2314 :
1029 2261 1120 2330 qui
1167 2275 1235 2316 ne
1290 2259 1578 2329 aliquando
1629 2261 1655 2289 ⁸
1713 2261 1766 2314 in
1818 2260 2028 2315 honore

440 2353 725 2420 diceretur,
752 2368 874 2408 cum
928 2351 1162 2406 nominis
1192 2351 1466 2405 taxatione
1496 2349 1788 2405 vocabatur
1816 2356 1870 2404 et
1916 2349 2030 2404 Ma-

439 2458 592 2511 gnus.
617 2442 731 2498 Hoc
778 2450 830 2496 te
857 2440 1161 2518 exemplum
1191 2439 1380 2494 invitet
1406 2438 1471 2493 ad
1502 2453 1779 2508 prospera,
1810 2439 2028 2508 quando

442 2535 532 2589 ille
558 2533 778 2589 honoris
805 2533 880 2586 tui
911 2532 1088 2586 locum
1121 2531 1294 2599 egisse
1322 2532 1681 2599 cognoscitur,
1713 2545 1871 2600 quem
1901 2529 2027 2586 felix

444 2623 610 2678 Roma
638 2623 945 2676 mirabatur.
973 2621 1051 2676 Ne
1078 2621 1198 2689 quis
1227 2628 1406 2675 autem
1437 2629 1698 2691 provocet
1719 2621 1944 2689 abjectis
1974 2631 2028 2677 te

441 2712 744 2768 hominibus
771 2712 1057 2782 imperare,
1089 2710 1335 2779 dignitati
1377 2725 1591 2780 quoque
1629 2719 1733 2764 tute
1760 2701 2023 2780 pistOrum

440 2804 556 2874 jura
584 2803 837 2859 famulata
885 2810 1026 2866 sunt,
1059 2817 1179 2872 quae
1217 2817 1315 2872 per
1341 2801 1581 2856 diversas
1631 2801 1811 2856 mundi
1849 2809 2027 2870 partes

441 2894 784 2965 possessione
808 2893 1063 2949 latissima
1085 2892 1459 2956 tendebantur,
1494 2907 1561 2946 ne
1585 2891 1764 2960 inopia
1796 2889 2027 2947 faciente

439 2984 740 3050 vilesceret,
762 2981 905 3052 quod
927 2980 1184 3036 Romana:
1205 2981 1373 3050 copim
1394 2979 1644 3035 laudabili
1671 2979 2020 3036 famulatione

438 3074 682 3130 serviret.
697 3072 872 3127 Suarii
891 3085 1128 3141 quoque,
1155 3071 1409 3124 Romanae
1431 3071 1597 3139 copiae
1617 3085 1775 3126 causa
1798 3071 2018 3140 reperti,

439 3173 532 3219 tuo
559 3159 798 3233 deputati
854 3161 1104 3216 videntur
1131 3160 1384 3216 examini.
1433 3159 1678 3251 Gloriare
1730 3161 2022 3251 privilegiis
2049 3189 2094 3251 ε

439 3254 733 3326 acquisitis.
757 3252 1011 3307 Tribunal
1051 3259 1200 3306 tuum
1241 3267 1349 3305 non
1389 3259 1472 3306 est
1501 3250 1639 3305 inter
1666 3251 1912 3304 minimas
1936 3250 2020 3304 di-

441 3346 694 3416 gnitates,
715 3343 928 3414 quando
949 3351 1005 3397 et
1033 3341 1275 3397 Romana
1301 3341 1472 3410 gratia
1502 3340 1694 3397 frueris
1730 3348 1786 3411 et
1808 3341 2026 3410 provin-

440 3438 538 3494 cits
561 3424 710 3505 jussa
739 3433 1081 3489 transmittis.
1114 3432 1221 3488 Sed
1245 3441 1304 3487 ut
1332 3433 1561 3488 actionis
1589 3431 1756 3502 ipsius
1776 3434 1827 3487 iu
1855 3440 2024 3488 totum

440 3527 628 3583 merita
666 3533 1089 3598 perscrutemur,
1120 3524 1355 3579 triticeas
1383 3523 1598 3592 quidem
1624 3524 1807 3594 cepias
1835 3524 2026 3594 praefe-

443 3627 596 3675 ctura
624 3618 944 3688 praetoriana
989 3623 1274 3686 procurat:
1295 3615 1401 3669 Sed
1448 3631 1556 3671 non
1584 3616 1760 3671 minor
1786 3617 1900 3672 laus
1943 3623 2026 3670 est

439 3709 893 3778 dispensationem
938 3705 1271 3778 probabilem
1325 3703 1504 3760 facere
1555 3719 1716 3773 quam
1759 3704 2022 3759 frumenta

440 3802 710 3871 colligere,
741 3801 956 3871 quando
985 3801 1036 3853 in
1066 3798 1254 3868 quavis
1293 3795 1618 3852 abundantia
1661 3796 1876 3864 querela
1915 3813 2025 3851 non

443 3891 665 3955 tollitur,
697 3890 741 3944 si
771 3889 924 3957 panis
951 3888 1217 3956 elegantia
1265 3886 1410 3940 nulla
1457 3892 1722 3940 servetur.
1748 3883 1836 3940 Sic
1863 3885 2026 3941 Ceres

439 3977 704 4032 frumenta
747 3976 942 4031 dicitur
985 3976 1272 4039 invenisse,
1307 3975 1415 4028 I’an
1443 3983 1621 4029 autem
1663 3975 1868 4044 primus
1894 3992 2026 4030 con-

439 4080 654 4136 sparsas
695 4066 874 4132 fruges
911 4065 1121 4119 coxisse
1158 4063 1510 4134 perhibetur;
1554 4064 1696 4120 unde
1724 4073 1779 4119 et
1808 4066 2025 4121 nomine

439 4157 556 4226 ejus
578 4155 730 4225 panis
751 4163 834 4209 est
857 4154 1176 4224 appellatus.
1193 4153 1271 4207 lta
1285 4161 1338 4207 et
1358 4153 1444 4207 illa
1473 4154 1759 4223 pmdicata
1782 4163 1882 4219 est,
1907 4169 2025 4223 qua:

439 4247 662 4317 reperit;
693 4253 748 4300 et
767 4245 870 4300 iste
898 4244 1146 4299 laudatus
1173 4244 1382 4313 est,qui
1410 4243 1666 4300 decenter
1694 4244 1900 4300 edenda
1925 4245 2026 4300 hu-

441 4339 614 4394 manis
651 4337 836 4392 usibus
881 4336 1192 4407 applicavit.
1243 4335 1419 4406 Atque
1465 4335 1590 4392 ideo
1635 4345 2025 4406 cognoscentes

441 4429 754 4486 industriam
799 4438 966 4493 tuam,
1011 4443 1133 4497 qua:
1167 4441 1380 4498 semper
1406 4436 1490 4484 est
1515 4428 1689 4484 amica
1724 4427 2022 4498 sapientire,

439 4520 810 4588 przefecturam
853 4533 1082 4574 annona:
1131 4533 1228 4588 per
1275 4517 1423 4572 illam
1453 4517 1798 4574 indictionem
1836 4526 2020 4574 nostra

438 4610 533 4664 tibi
561 4610 826 4665 electione
870 4609 1178 4666 deferimus.
1210 4609 1505 4666 Considera
1551 4625 1695 4665 nunc
1743 4610 1868 4679 quia
1909 4627 2019 4666 non

2051 4570 2102 4632 D

2131 1890 2350 1936 coactus
2377 1879 2552 1935 fuerat
2599 1880 2922 1950 desperare!
2962 1881 3063 1936 Ars
3105 1895 3225 1950 qua:
3254 1880 3306 1933 in
3337 1879 3555 1935 homine
3599 1880 3719 1950 plus

2130 1968 2337 2023 invenit
2363 1983 2524 2038 quam
2568 1969 2620 2023 in
2650 1984 2707 2024 se
2734 1969 2849 2039 ipse
2875 1970 3170 2038 cognoscit.
3200 1968 3559 2025 Periclitantia
3589 1986 3719 2026 con-

2131 2058 2340 2126 firmat,
2371 2069 2622 2130 quassata
2672 2062 3020 2130 corroborat,
3070 2070 3124 2117 et
3163 2061 3460 2117 futurorum
3492 2065 3715 2133 prtuscia

2131 2151 2424 2207 valetudini
2454 2168 2560 2208 non
2586 2152 2744 2218 cedit,
2763 2168 2886 2208 cum
2911 2168 2971 2208 se
2997 2167 3140 2221 teger
3164 2155 3414 2223 praesenti
3443 2153 3718 2210 debilitate

2133 2243 2456 2309 turbaverit,
2499 2243 2730 2314 amplius
2759 2245 3062 2312 intelligens
3108 2259 3271 2313 quam
3318 2243 3548 2309 videtur,
3597 2246 3718 2314 plus

2132 2333 2362 2390 credens
2407 2335 2606 2390 actioni
2663 2334 2800 2407 [Ασ.,
2832 2333 3072 2405 lectioni]
3125 2349 3285 2403 quam
3331 2335 3520 2398 oculis,
3563 2345 3620 2389 ut
3647 2336 3716 2390 ab

2135 2423 2507 2494 ignorantibus
2552 2440 2692 2494 pene
2744 2425 3060 2494 praesagium
3089 2431 3308 2493 putetur
3335 2424 3480 2493 quod
3506 2425 3718 2480 ratione

2131 2513 2422 2584 colligitur.
2471 2514 2608 2569 Huic
2636 2516 2844 2586 peritia:
2887 2515 3080 2570 deesse
3101 2514 3356 2583 judicem,
3401 2530 3584 2570 nonne
3613 2513 3717 2568 hu-

2129 2619 2410 2662 manarum
2449 2621 2630 2662 rerum
2668 2599 2927 2676 probatur
2969 2606 3167 2662 oblivio
3191 2607 3214 2660 ?
3242 2605 3310 2660 Et
3353 2621 3474 2662 cum
3504 2606 3718 2662 lasciva

2129 2695 2436 2766 voluptates
2463 2697 2728 2768 recipiant
2758 2698 3053 2763 tribunum,
3082 2699 3188 2753 hoc
3216 2713 3323 2753 non
3352 2707 3592 2754 meretur
3618 2698 3717 2752 ha-

2130 2790 2258 2846 bere
2283 2790 2597 2860 primarium
2625 2795 2648 2845 τ
2689 2791 2934 2846 Habeant
2972 2791 3154 2861 itaque
3191 2791 3492 2860 prazsulem,
3526 2791 3716 2861 quibus

2132 2890 2372 2936 nostram
2397 2881 2780 2937 committimus
2799 2883 3138 2952 sospitatem.
3166 2881 3353 2937 Sciant
3374 2897 3433 2938 se
3458 2883 3583 2938 huic
3605 2883 3714 2938 red-

2129 2970 2260 3050 dere
2286 2972 2572 3038 rationem,
2601 2973 2694 3042 qui
2723 2973 3052 3043 operandam
3082 2973 3383 3042 suscipiunt
3429 2973 3714 3028 humanam

2130 3061 2376 3118 salutem.
2405 3063 2522 3118 Non
2550 3063 2693 3133 quod
2723 3063 2788 3119 ad
2815 3079 2996 3120 casum
3028 3057 3238 3130 fecerit,
3272 3064 3369 3121 sed
3397 3065 3543 3136 quod
3573 3065 3711 3134 lege-

2130 3151 2220 3216 rit,
2247 3168 2333 3209 ars
2361 3153 2568 3208 dicatur
2597 3171 2609 3206 :
2655 3154 2854 3224 alioqui
2885 3154 3141 3224 periculis
3167 3155 3347 3224 potius
3375 3155 3730 3225 exponimur,

2129 3242 2174 3298 si
2204 3244 2353 3312 vagis
2381 3245 2747 3300 voluntatibus
2775 3244 3132 3314 subjacemus.
3161 3243 3313 3300 Unde
3335 3245 3382 3299 si
3410 3244 3729 3304 haesitatum

2129 3330 2306 3398 fuerit,
2336 3348 2463 3388 mox
2488 3342 2759 3402 quaeratur
2785 3332 2924 3406 [Ac.,
2945 3332 3246 3405 queratur].
3291 3331 3532 3388 Obscura
3559 3334 3731 3391 nimis

2129 3432 2213 3479 est
2240 3425 2517 3479 hominum
2546 3424 2712 3488 salus,
2745 3425 3036 3494 temperies
3065 3439 3133 3478 ex
3157 3424 3442 3479 contrariis
3467 3423 3730 3480 humori-

2129 3513 2228 3570 bus
2251 3523 2506 3570 constans
2531 3533 2544 3568 :
2577 3515 2666 3570 ubi
2693 3513 2952 3584 quidquid
2981 3515 3170 3568 horum
3200 3513 3516 3578 excreverit,
3549 3514 3620 3569 ad
3642 3515 3731 3570 in~

2129 3604 2435 3662 firmitatem
2465 3606 2712 3677 protinus
2765 3621 2964 3676 corpus
2992 3606 3228 3662 adducit.
3260 3606 3398 3662 Hinc
3443 3615 3526 3662 est
3570 3608 3734 3678 quod

2127 3701 2267 3754 sicut
2288 3700 2428 3770 aptis
2454 3700 2587 3755 cibis
2608 3699 2858 3756 valetudo
2879 3701 3018 3756 fessa
3045 3711 3334 3766 recreatur,
3359 3703 3436 3757 sic
3449 3719 3734 3760 venenum

2128 3799 2230 3858 est,
2255 3790 2402 3860 quod
2431 3791 2858 3861 incompetenter
2883 3791 3164 3861 accipitur.
3196 3791 3504 3846 Habeantur
3529 3793 3734 3864 itaque

2128 3879 2321 3932 medici
2361 3893 2459 3948 pro
2503 3879 2872 3934 incolumitate
2920 3881 3198 3946 omnium;
3249 3887 3304 3934 et
3344 3889 3462 3948 post
3491 3882 3734 3936 scholas

2127 3967 2438 4036 magistrum
2458 3975 2672 4044 vocent,
2702 3966 2851 4023 libris
2880 3967 3217 4022 delectentur
3244 3969 3493 4036 antiquis.
3527 3968 3735 4024 Nullus

2121 4061 2318 4133 justius
2347 4061 2560 4117 assidue
2581 4061 2709 4130 legit
2734 4075 2896 4130 quam
2919 4062 3009 4130 qui
3030 4061 3096 4116 de
3124 4061 3358 4115 humana
3398 4061 3571 4116 salute
3606 4070 3733 4116 tra-

2126 4153 2370 4209 ctaverit.
2397 4153 2676 4224 Deponite,
2707 4152 2954 4208 medendi
2985 4151 3236 4214 artifices,
3269 4152 3296 4189 δ
3322 4152 3512 4206 noxias
3539 4166 3734 4222 πει-οο

2129 4247 2350 4301 tantium
2378 4247 2774 4310 contentiones,
2797 4252 2857 4300 ut
2883 4260 3004 4301 cum
3044 4245 3197 4300 vobis
3225 4261 3333 4299 non
3361 4244 3524 4298 vultis
3550 4247 3732 4301 cede-

2125 4353 2204 4402 re,
2236 4338 2452 4392 inventa
2494 4345 2673 4394 vestra
2705 4338 2932 4394 invicem
2967 4336 3252 4392 videamini
3290 4336 3574 4407 dissipare.
3615 4337 3738 4391 Ha-

2125 4428 2264 4483 betis
2292 4443 2452 4497 quem
2497 4428 2614 4483 sine
2649 4429 2844 4483 invidia
2873 4429 3206 4496 interrogare
3243 4427 3479 4497 possitis.
3525 4425 3739 4484 Omnis

2127 4517 2363 4588 prudens
2390 4518 2671 4573 consilium
2701 4518 2913 4587 quaarit,
2940 4518 3065 4572 dum
3105 4518 3195 4572 ille
3227 4517 3393 4585 magis
3419 4517 3738 4574 studiosior

2125 4605 2453 4676 agnoscitur,
2486 4607 2575 4677 qui
2597 4609 2804 4663 cautior
2823 4607 3087 4677 frequenti
3109 4606 3537 4675 interrogatione
3558 4624 3736 4663 unon—

440 4699 565 4756 licet
612 4700 811 4768 aliquid
839 4697 1003 4753 furari
1029 4699 1100 4756 de
1127 4700 1346 4770 populo.
1371 4699 1505 4754 Nam
1534 4700 1679 4770 quod
1707 4700 1761 4754 in
1789 4699 2022 4756 civitatis
2123 4705 2344 4754 stratur.
2375 4697 2429 4750 In
2450 4697 2579 4767 ipsis
2601 4698 2800 4769 quippe
2827 4700 2958 4755 artis
2987 4696 3142 4766 hujus
3173 4697 3336 4751 initiis
3357 4696 3602 4766 quodam
3637 4715 3737 4754 sa-

442 4791 640 4847 datnno
694 4791 1076 4856 committitur,
1128 4791 1345 4845 silentio
1399 4806 1506 4845 non
1557 4790 1783 4845 celatur.
1839 4788 2024 4846 Nescit
2125 4788 2350 4845 cerdotii
2375 4801 2571 4857 genere
2597 4796 2974 4845 csacramenta
3002 4803 3099 4843 vos
3143 4796 3482 4843 consecrant.
3515 4785 3742 4844 Docto-

439 4881 591 4952 plebs
615 4889 814 4944 tacere,
845 4879 1059 4948 quando
1083 4879 1347 4934 interdum
1379 4887 1436 4935 et
1456 4879 1562 4935 hoc
1588 4880 1841 4949 loquitur,
1873 4881 2018 4950 quod
2125 4880 2272 4935 ribus
2300 4879 2441 4934 enim
2479 4881 2670 4936 vestris
2715 4880 3026 4951 promittitis
3077 4877 3255 4934 odisse
3302 4878 3644 4948 nequitiam,
3678 4892 3743 4936 et

439 4985 472 5025 a
503 4970 715 5026 nemine
753 4973 1113 5040 perpetratur.
1139 4967 1196 5022 lu
1229 4967 1592 5024 fraudulentos
1621 4968 1899 5040 distringe,
1930 4985 2018 5040 pa-
2123 4985 2304 5026 amare
2331 4970 2638 5042 puritatem.
2682 4970 2772 5026 Sic
2807 4971 2961 5026 vobis
3000 4969 3228 5025 liberum
3258 4984 3364 5024 non
3404 4978 3489 5024 est
3517 4980 3742 5039 sponte

440 5060 524 5116 uis
566 5060 803 5130 pondera
850 5075 1036 5131 (equus
1063 5061 1400 5115 examinator
1426 5060 1644 5118 intende
1677 5080 1692 5129 ;
1739 5062 2017 5118 sollicitius
2123 5062 2455 5132 delinquere,
2488 5062 2684 5132 quibus
2735 5071 2861 5118 ante
2899 5068 3174 5118 momenta
3214 5061 3450 5116 scientia:
3502 5062 3737 5119 animas

440 5165 574 5207 auro
599 5159 872 5222 pensetur,
896 5152 1036 5207 unde
1063 5167 1092 5206 a
1122 5152 1416 5220 Quiritibus
1437 5151 1652 5224 vivitur,
1669 5156 1793 5225 quia
1817 5155 2020 5225 gratior
2124 5157 2415 5228 imponitur
2442 5156 2698 5225 obligare.
2729 5154 2796 5209 Et
2816 5154 2938 5210 ideo
2961 5152 3269 5222 diligentius
3292 5151 3564 5221 exquirite
3596 5168 3738 5221 qua:

442 5241 598 5298 nobis
626 5250 710 5298 est
752 5241 932 5297 laetitia
953 5241 1178 5298 faventis
1215 5242 1401 5314 populi
1424 5241 1655 5300 Romani
1675 5260 1835 5316 quam
1865 5246 2021 5327 copia

443 5443 584 5514 apud
601 5442 808 5516 Valer.,
834 5444 926 5499 lib.
955 5460 1006 5516 v,
1038 5461 1158 5516 cap.
1193 5447 1244 5500 l.
1271 5444 1401 5500 Inde
1421 5444 1624 5515 copiari
1651 5459 1844 5516 magno
1865 5459 2017 5500 com-

445 5523 641 5585 meatu,
673 5515 954 5585 martiaque
973 5515 1204 5585 ingenti,
1249 5515 1388 5585 apud
1417 5516 1699 5584 Agellium,
1727 5515 1820 5570 lib.
1851 5530 2016 5580 xxvii,

447 5596 497 5640 ε.
515 5582 570 5649 2,
591 5593 647 5639 et
677 5582 912 5655 Nouium
938 5582 1247 5655 marcellum
1274 5582 1300 5651 ;“
1320 5582 1714 5655 ῳιοᾶνςτὴιιω
1746 5593 2023 5640 castrense

438 5661 548 5721 est,
580 5669 690 5723 nec
703 5651 855 5708 facile
882 5653 1022 5722 apud
1047 5655 1182 5709 alios
1206 5651 1486 5723 reperitur.
1529 5654 1714 5708 Bnoss.

513 5731 543 5761 ι
565 5723 627 5776 ι).
667 5721 836 5777 Juret.
863 5721 1013 5794 putat
1049 5721 1383 5794 legendum,“
1404 5723 1558 5794 unica
1585 5723 1840 5794 lectione,
1859 5721 2024 5794 inho-

442 5809 586 5860 nora,
629 5802 688 5848 ut
714 5807 896 5863 supra,
927 5793 1019 5850 lib.
1053 5791 1130 5861 tu,
1159 5793 1314 5865 epist.
1354 5791 1440 5849 5'5.
1488 5791 1554 5848 Et
1609 5792 1766 5860 infra,
1819 5792 1910 5848 lib.
1945 5807 2018 5861 tx,

2125 5254 2316 5304 curent
2353 5245 2584 5310 saucios,
2625 5245 2984 5302 corroborant
3012 5242 3325 5299 imbecilles.
3355 5241 3495 5296 Nam
3523 5241 3739 5299 videro

2125 5443 2284 5516 epist.
2307 5443 2395 5498 24.
2425 5443 2494 5499 Ει
2516 5445 2812 5500 Mamertin.
2848 5444 3044 5515 Paneg.
3077 5443 3213 5502 198.

2197 5513 2225 5597 ιξ
2251 5515 2594 5597 yideNSido-n.
2627 5516 2879 5597 Apollinq
2913 5516 3008 5597 lib.
3037 5531 3094 5581 ll,
3125 5513 3402 5597 epist.ul._2.
3435 5512 3568 5597 Jun.

2200 5583 2502 5668 {intelligit
2525 5583 3364 5668 ὅρκον-.ῌ.ἰ“ρρξ)01“3ιὶε,“ςξιξυ,ξιίῐιμ
3391 5586 3654 5642 sanctius
3673 5597 3742 5644 et

2127 5654 2347 5716 castius,
2371 5653 2626 5724 integrius
2645 5653 2796 5710 nihil.
2819 5653 3199 5710 Fonte—Vide
3213 5653 3275 5708 Β.
3295 5653 3737 5724 Hieronymum,

2127 5724 2286 5850 εἰνίδι.
2328 5724 2394 5780 ad
2421 5723 2796 5796 Nepotianum,
2847 5725 2915 5781 de
2962 5726 3069 5780 vita
3116 5724 3432 5781 clericorum
3477 5723 3534 5778 in
3582 5723 3736 5784 line.

2166 5809 2318 5849 υιιετ.

2166 5809 2318 5849 υιιεϊ.
