3988 6178
177 274 268 324 701

1446 266 1802 328 VARIARUM
1841 267 2042 325 LIBER
2079 266 2145 326 Vl

3329 272 3436 330 702

85 399 90 402 '
176 389 216 442 si
255 385 408 456 quod
433 385 686 444 delictum
713 387 894 458 lapsus
932 394 1177 444 excuset.
1225 386 1510 443 Homicidii
1549 386 1750 442 crimen
1779 391 1833 452 Α
1856 385 2029 440 adhuc
2057 385 2349 463 provinciis
2373 394 2596 441 ornatus
2615 385 2832 456 penula,
2860 369 3097 457 carpenti
3119 387 3282 443 etiam
3309 390 3436 445 sub—

175 484 252 532 est
281 477 342 530 in
378 476 612 532 hominis
635 478 808 534 salute
831 492 1076 546 peccare.
1101 476 1206 533 Sed
1228 476 1496 533 credimus
1519 475 1630 545 jam
1657 476 1758 532 ista

173 564 442 632 sufﬁcere,
483 567 700 636 quando
726 566 950 622 facimus
978 568 1072 637 qui
1099 582 1199 622 vos
1221 567 1416 622 debeat
1444 567 1756 620 admonere.

176 655 519 726 Quapropter
543 672 574 710 a
599 658 845 726 praesenti
899 665 1142 728 tempore
1182 666 1209 696 ι
1257 656 1520 712 comitivze
1546 656 1758 710 archia-

176 755 385 800 trorum
415 746 622 801 honore
648 746 926 812 decorare,
957 754 1018 800 ut
1059 747 1198 801 inter
1245 747 1434 800 salutis
1476 746 1759 814 magistros

173 836 319 893 solus
341 839 592 894 habearis
619 840 868 907 eximius,
900 849 954 897 et
982 856 1172 896 omnes
1193 840 1400 910 judicio
1429 849 1520 896 tuo
1541 841 1755 905 cedant,

173 927 257 994 qui
289 942 354 983 se
367 929 570 984 ambitu
595 938 792 985 mutuae
807 930 1166 985 contentionis
1188 931 1514 986 excruciant.
1529 929 1656 984 Esto
1673 946 1760 984 ar-

177 1017 313 1072 biter
337 1019 472 1074 artis
495 1020 742 1090 egregiae,
766 1035 1062 1090 eorumque
1084 1018 1113 1058 δ
1136 1019 1374 1089 discinge
1398 1021 1586 1094 [Juret.
1613 1025 1759 1088 putat

174 1110 468 1180 legendum,
495 1110 791 1182 discingne]
821 1109 1121 1178 conﬂictus,
1165 1127 1301 1181 quos
1324 1111 1568 1181 judicare
1611 1111 1758 1166 solus

175 1199 384 1255 solebat
418 1201 640 1256 ell’ectns
669 1201 816 1276 [Νἱυ.
833 1212 881 1257 et
910 1201 1032 1270 6a.,
1060 1201 1329 1274 allectus].
1351 1202 1409 1256 In
1431 1203 1560 1272 ipsis
1584 1217 1758 1271 aegros

175 1305 348 1356 curas,
376 1293 424 1346 si
449 1293 824 1349 contentiones
849 1295 1036 1350 noxias
1057 1294 1349 1364 prudenter
1368 1293 1616 1350 abscidis.
1643 1294 1757 1350 Ma-

175 1394 336 1447 gnum
367 1399 561 1438 munus
581 1391 684 1450 est,
704 1385 947 1440 subditos
976 1386 1177 1440 habere
1203 1383 1521 1456 prudentes;
1545 1394 1601 1440 et
1619 1385 1759 1441 inter

174 1471 288 1526 illos
323 1473 694 1531 honorabilem
718 1475 848 1542 fieri,
881 1491 1016 1546 quos
1035 1486 1350 1533 reverentur
1375 1477 1570 1533 caeteri.
1608 1489 1630 1518 ε
1669 1478 1759 1534 Vi-

174 1564 358 1618 sitatio
408 1573 498 1620 tua
535 1567 765 1636 sospitas
793 1569 863 1622 sit
897 1571 1297 1640 aagrotantium,
1350 1569 1579 1627 refectio
1602 1571 1756 1626 debi-

174 1652 326 1718 lium,
352 1669 478 1724 spes
498 1664 643 1710 serta
671 1655 954 1713 fessarum.
985 1658 1280 1729 Requirant
1309 1661 1488 1728 rudes,
1513 1676 1648 1731 quos
1674 1662 1757 1716 vi—

1865 477 2109 532 vectione
2136 476 2426 544 decoraris,
2475 485 2536 531 ut
2560 477 2740 532 multis
2769 475 3072 532 declaretur
3107 477 3313 534 indiciis
3339 495 3438 550 per

1859 584 2140 640 expressas
2171 569 2430 638 imagines
2471 583 2648 622 rerum
2691 569 2832 623 vices
2862 575 2915 622 te
2957 569 3223 638 praecelsa:
3249 583 3438 638 gerere

1858 659 2149 729 dignitatis.
2176 657 2467 713 Considera
2497 672 2746 726 magnum
2777 673 2896 712 esse
2934 658 3079 726 quod
3108 659 3350 729 suscipis,
3382 644 3452 716 et

1860 751 2008 826 nulla,
2033 749 2315 806 criminum
2345 749 2647 818 dejectione
2691 748 2913 803 viticris.
2946 747 3186 802 Nominis
3227 749 3300 803 tui
3342 765 3437 803 au-

1858 848 1976 895 ctor
2005 839 2168 893 multa
2197 837 2519 894 conferendo
2550 839 2886 908 praedicatur.
2931 839 3009 893 Tu
3037 853 3156 908 age,
3203 855 3274 894 ne
3317 841 3437 896 ullis

1858 930 2237 1000 cupiditatibus
2284 931 2585 996 accuseris;
2636 939 2695 984 ut
2740 931 2784 985 si
2828 929 2957 985 dare
3003 947 3108 985 non
3157 932 3432 1001 praevales,

1858 1031 2003 1078 certe
2032 1031 2085 1078 te
2114 1022 2380 1077 moderari
2409 1024 2548 1079 velle
2588 1023 2828 1078 festines.
2862 1023 3144 1078 Proximus
3173 1023 3314 1078 enim
3341 1025 3438 1079 ha—

1858 1115 2014 1170 betur
2038 1114 2282 1183 donanti,
2312 1115 2378 1170 de
2406 1131 2513 1185 quo
2539 1124 2717 1185 potest
2744 1115 2869 1180 dici,
2902 1116 3174 1170 abstinens
3200 1124 3284 1169 est
3303 1115 3438 1184 jngi-

1859 1213 1942 1260 ter
1963 1205 2142 1258 alieni.
2188 1203 2345 1258 Certe
2368 1203 2668 1258 ftedissima:
2693 1203 3088 1258 contrarietatis
3117 1203 3302 1257 vitium
3333 1211 3433 1268 est,

1857 1294 2072 1349 studere
2102 1291 2274 1358 furtis,
2303 1301 2357 1348 et
2384 1293 2580 1348 habere
2599 1293 2916 1348 vocabulum
2941 1293 3222 1362 largitatis.
3253 1291 3437 1360 Erigat

1858 1383 1924 1438 ad
1953 1383 2162 1437 laudem
2192 1390 2314 1438 tuos
2341 1383 2569 1443 animos,
2616 1382 2760 1451 quod
2803 1383 3032 1438 vocaris.
3079 1382 3194 1435 Non
3227 1390 3279 1436 te
3307 1398 3434 1452 pro-

1859 1472 1998 1528 fecto
2027 1473 2231 1528 meritis
2260 1473 2518 1541 imparem
2548 1472 2696 1538 facis,
2727 1473 2770 1527 si
2792 1472 3109 1542 turpissima:
3131 1471 3436 1527 ambitionis

1857 1562 2052 1617 delicta
2084 1561 2392 1617 calcaveris.
2445 1561 2576 1615 Nam
2607 1577 2818 1617 errores
2863 1562 3058 1616 noxios
3093 1562 3327 1626 vincere,
3356 1572 3436 1617 est

1856 1654 1984 1707 vitia
2015 1653 2287 1709 maculosa
2318 1669 2590 1723 superare,
2623 1663 2677 1709 ct
2706 1654 2806 1709 iste
2850 1669 3038 1708 revera
3067 1654 3239 1709 editus
3265 1661 3349 1709 est
3370 1654 3438 1708 de

173 1742 360 1808 sitam,
385 1755 728 1814 mgrotantes,
745 1749 790 1804 si
814 1747 968 1804 dolor
995 1752 1244 1819 cessavit,
1273 1751 1318 1806 si
1341 1767 1563 1808 somnus
1582 1753 1759 1808 adrue.
1786 1764 1834 1822 Β
1860 1744 2100 1799 moribus
2120 1746 2449 1800 consulatus.
2465 1744 2573 1799 Nec
2594 1744 2736 1800 enim
2757 1745 3019 1814 super-[lue
3039 1745 3437 1815 prudentissimi

173 1832 257 1886 rit.
291 1832 374 1889 De
419 1851 518 1891 suo
544 1852 672 1892 vero
701 1838 960 1907 languore
988 1847 1042 1897 te
1065 1850 1298 1910 aegrotus
1324 1842 1638 1913 interroget,
1668 1860 1758 1900 au-

172 1923 394 1994 diatque
419 1941 452 1980 a
481 1935 533 1982 te
560 1929 736 1985 verius
762 1931 904 1999 quod
935 1932 1048 2001 ipse
1074 1933 1292 2002 patitur.
1336 1933 1558 1991 Habetis
1584 1944 1639 1990 et
1662 1951 1758 1991 vos

174 2024 324 2070 certe
345 2017 650 2074 verissimos
671 2028 855 2088 testes,
878 2039 1014 2092 quos
1041 2023 1375 2093 interrogare
1400 2025 1637 2094 possitis.
1663 2023 1759 2080 Pe-

174 2105 275 2160 rito
331 2107 595 2175 siquidem
655 2113 923 2169 archiatro
970 2129 1227 2169 venarum
1277 2116 1460 2185 pulsus
1514 2116 1758 2172 enuntiat

175 2198 300 2266 quid
357 2200 503 2255 intus
541 2210 728 2258 natura
775 2205 1029 2275 patiatur.
1061 2202 1365 2261 Olleruntur
1413 2206 1576 2262 etiam
1626 2222 1758 2263 ocu-

173 2289 234 2344 lis
283 2292 501 2359 urinae,
542 2308 602 2349 ut
645 2295 866 2351 'facilius
934 2296 1002 2352 sit
1067 2312 1257 2352 vocem
1317 2297 1601 2354 clamantis
1646 2315 1758 2354 non

174 2378 478 2451 advertere,
525 2399 687 2453 quam
735 2386 1039 2456 hujusmodi
1079 2387 1298 2442 minime
1345 2387 1498 2456 signa
1533 2388 1752 2444 sentire.

173 2465 394 2538 indulge
427 2479 480 2526 te
505 2488 722 2543 quoque
757 2475 957 2544 palatio
1002 2482 1226 2531 nostro:
1259 2475 1458 2532 habeto
1504 2475 1756 2532 fiduciam

175 2559 532 2628 ingrediendi,
550 2579 668 2634 quae
688 2566 892 2634 magnis
911 2567 1050 2622 solet
1075 2568 1261 2636 pretiis
1280 2569 1602 2638 comparari.
1622 2568 1757 2623 Nam

173 2646 301 2704 licet
329 2651 423 2704 alii
451 2652 698 2720 subjecto
736 2654 860 2724 jure
886 2657 1151 2723 serviant,
1203 2665 1262 2712 tu
1301 2671 1480 2712 rerum
1529 2657 1757 2713 Domino

171 2739 355 2795 studio
382 2743 685 2810 praestantis
725 2745 969 2800 observa.
1001 2745 1104 2800 Fas
1133 2753 1216 2802 est
1258 2747 1351 2802 tibi
1394 2762 1493 2804 nos
1530 2736 1759 2822 fatigare

171 2829 412 2900 jejuniis,
444 2833 524 2889 fas
552 2843 636 2890 est
673 2845 859 2891 contra
899 2844 1144 2892 nostrum
1188 2838 1388 2894 sentire
1411 2837 1754 2905 desiderium,

171 2931 227 2978 et
251 2925 308 2979 in
338 2925 516 2982 locum
543 2926 790 2984 beneﬁcii
818 2929 1023 2985 dictare
1048 2930 1192 3000 quod
1218 2945 1318 2986 nos
1346 2930 1414 2985 ad
1449 2931 1642 3001 gaudia
1667 2947 1754 2988 sa-

172 3010 301 3069 lutis
346 3018 640 3072 excruciet.
683 3017 867 3075 Talem
919 3021 1010 3076 tibi
1041 3022 1271 3090 denique
1301 3022 1572 3078 licentiam
1602 3026 1753 3096 107

1857 1841 2097 1888 veterum
2129 1833 2252 1887 talia
2281 1833 2441 1888 rebus
2471 1835 2686 1889 nomina
2719 1834 3088 1904 imposuerunt
3115 1854 3126 1887 :
3159 1835 3285 1890 dum
3314 1851 3439 1890 con-

1856 1922 2091 1977 tinentiae
2118 1938 2324 1992 magna:
2352 1925 2631 1994 prtesulem
2673 1925 2962 1994 provinciis
3001 1928 3278 2000 mitterent
3305 1942 3436 1981 con-

1855 2016 2107 2072 sularem.
2153 2015 2442 2087 Triumpha
2467 2017 2588 2086 jura
2626 2018 2858 2088 publica,
2909 2019 3102 2087 largire
3144 2018 3431 2088 justitiam,

1857 2114 1912 2160 et
1939 2120 2007 2160 ex
2032 2106 2237 2161 fortiori
2265 2115 2416 2176 parte
2455 2107 2650 2160 imitari
2679 2107 2958 2177 praevales,
3008 2123 3165 2176 quem
3204 2109 3435 2164 nominis

1855 2197 2202 2267 proximitate
2229 2197 2512 2266 contingis.
2545 2196 2789 2252 Pecuniis
2835 2206 3014 2267 potest
3060 2199 3295 2267 indigere
3322 2216 3435 2254 me-

1857 2285 2053 2340 diocris
2079 2284 2216 2357 [Ac.,
2248 2283 2664 2356 mediocribus];
2716 2301 2923 2340 morum
2972 2287 3171 2340 talenta
3202 2304 3307 2342 non
3336 2304 3436 2358 po-

1858 2383 1964 2431 test
1991 2392 2097 2430 non
2125 2376 2342 2442 habere,
2373 2377 2462 2446 qui
2490 2375 2666 2445 justus
2695 2385 2796 2432 est.
2843 2377 2958 2432 Non
2984 2395 3237 2448 pavescas
3261 2380 3435 2448 largas

1857 2465 2140 2521 consulum
2185 2481 2398 2522 manus.
2429 2463 2642 2522 Habent
2669 2476 2724 2522 et
2765 2467 2892 2523 boni
2923 2485 3185 2539 pauperes
3224 2471 3436 2528 divitias

1857 2573 2000 2614 suas.
2031 2558 2165 2612 Illud
2193 2574 2322 2629 ergo
2354 2574 2383 2612 a
2415 2567 2467 2613 te
2490 2559 2762 2628 qumritur,
2812 2561 2954 2628 quod
3003 2560 3053 2614 in
3085 2570 3304 2630 pectore
3331 2560 3435 2616 hn-

1860 2666 2021 2705 mano
2041 2651 2298 2718 nascitur,
2317 2666 2424 2705 non
2451 2650 2596 2719 quod
2620 2660 2772 2705 terra:
2793 2652 3083 2707 visceribus
3109 2653 3435 2709 continetur.

1858 2741 2069 2810 Quanto
2097 2741 2287 2796 melius
2313 2741 2645 2810 triumphare
2669 2757 2735 2798 ex
2783 2741 2946 2796 animi
2991 2742 3265 2808 thesauro,
3296 2743 3440 2800 unde

1858 2845 2130 2899 nunquam
2157 2830 2398 2886 nascitur
2417 2831 2721 2900 ptenitudo!
2747 2830 2880 2897 Quia
2902 2847 3002 2887 nec
3019 2833 3190 2888 tenuis
3213 2831 3439 2888 efﬁceris

1860 2937 1982 2976 cum
2025 2921 2178 2992 plura
2225 2920 2477 2976 concedis
2518 2940 2531 2974 :
2573 2922 2812 2992 quinimo
2874 2930 3080 2977 tantum
3124 2923 3440 2993 locupletior

1859 3011 2132 3078 redderis,
2163 3018 2420 3081 quantum
2446 3017 2502 3065 te
2537 3011 2677 3065 bona
2709 3009 2853 3082 [alii,
2895 3008 3072 3080 bonte]
3102 3011 3440 3066 conscientia:

172 3105 347 3159 nostri
377 3121 498 3162 esse
517 3111 817 3178 cognoscis,
839 3111 1055 3181 qualem
1078 3127 1178 3168 nos
1205 3112 1404 3169 habere
1429 3129 1537 3169 non
1560 3115 1757 3185 proba-
1785 3124 1832 3187 ε
1861 3103 2123 3173 sparsisse
2147 3102 2444 3170 cognoscis.
2493 3099 2831 3170 Quapropter
2855 3098 3124 3169 opinionis
3156 3107 3256 3154 tunc
3284 3099 3441 3156 laude

172 3211 295 3252 mur
319 3199 377 3254 in
405 3209 656 3260 ceteros.

515 3332 635 3391 XX.
669 3353 916 3396 FORIIULA
955 3355 1422 3400 CONSULARI'I'ATIS.

239 3445 507 3513 Quamvrs
527 3447 839 3518 dignitatem
869 3463 1014 3507 tuam
1044 3468 1074 3507 a
1096 3455 1404 3510 consulibus
1430 3455 1762 3512 descendere

168 3537 412 3592 nominis
434 3537 601 3607 ipsius
619 3539 902 3596 videantur
929 3543 1231 3598 testimonia
1259 3543 1552 3611 declarare,
1583 3553 1761 3600 tamen

168 3636 228 3683 et
258 3629 497 3698 insignia
524 3637 670 3686 tanta
693 3632 1060 3701 circumstant,
1113 3643 1172 3691 ut
1195 3636 1370 3692 nullus
1397 3637 1568 3707 possit
1593 3639 1763 3694 ambi—

169 3731 311 3784 gere
345 3726 398 3772 te
437 3718 506 3774 de
536 3719 678 3776 illius
722 3721 983 3791 lampadis
1008 3725 1252 3782 claritate
1297 3726 1499 3782 lucere.
1533 3727 1762 3785 Secures

169 3809 330 3863 enim
359 3817 411 3863 et
438 3809 632 3876 fasces,
673 3825 808 3881 quos
832 3813 906 3866 illi
936 3813 1074 3887 [Jun
1109 3817 1232 3887 legit
1260 3815 1424 3888 illius]
1454 3819 1650 3873 dicavit
1678 3833 1766 3889 ge-

167 3899 268 3953 nio
316 3899 640 3969 antiquitas,
690 3903 794 3960 tuis
838 3903 1083 3960 videntur
1142 3907 1322 3963 faleris
1375 3909 1656 3978 deputata,
1705 3918 1764 3965 ut

164 3988 484 4056 iurisdictio
511 4007 770 4048 concessa
799 3994 882 4048 vel
912 3995 1070 4048 tacita
1106 3997 1275 4065 possit
1301 3997 1592 4053 admonere
1633 4014 1763 4068 pro-

165 4082 412 4136 vincias.
441 4081 548 4136 Sed
569 4084 735 4152 quale
762 4085 858 4140 tibi
898 4086 1056 4140 debet
1097 4101 1217 4142 esse
1255 4088 1399 4157 quod
1441 4089 1654 4144 curules
1683 4089 1766 4144 in-

164 4171 358 4243 clytas
386 4174 644 4242 probatur
682 4177 912 4230 ornare?
959 4174 1150 4233 Vultus
1195 4177 1489 4245 quinetiam
1535 4192 1767 4247 regnan-

162 4264 320 4316 tium
348 4264 557 4331 geniata
586 4265 829 4334 obsequii
858 4281 1053 4336 pompa
1099 4268 1388 4336 prasinittit,
1438 4276 1498 4323 ut
1538 4284 1646 4324 non
1673 4285 1765 4326 so-

161 4352 296 4406 lum
347 4353 542 4407 summi
573 4353 799 4423 judicis,
847 4356 943 4411 sed
983 4364 1038 4411 et
1085 4356 1422 4413 dominorum
1464 4359 1765 4414 reverentia

157 4444 488 4500 cumulatus
515 4447 740 4502 orneris.
791 4445 835 4502 Ο
871 4463 1074 4518 magna:
1120 4449 1526 4519 temperationis
1574 4451 1763 4504 inven-

159 4535 331 4590 tum!
356 4535 430 4589 De
454 4537 673 4592 nomine
691 4538 926 4593 consulis
951 4539 1278 4608 promitteris
1297 4539 1764 4609 clementissimus,

152 4637 224 4683 et
257 4627 341 4682 de
386 4628 690 4699 principum
735 4629 966 4702 imagine
1010 4631 1348 4686 metuendus.
1398 4630 1457 4686 ln
1500 4630 1767 4702 aliquibus

242 4837 284 4902 ξ
317 4828 450 4885 Cum
481 4831 662 4902 plures
687 4831 1073 4888 archiatrorum
1103 4829 1318 4902 ordines
1343 4838 1546 4898 essent,
1576 4831 1628 4886 in
1656 4830 1768 4886 sin-

151 4899 337 4971 gulis
373 4899 550 4968 erant,
597 4903 690 4971 qui
736 4909 959 4956 cancros
1000 4901 1299 4971 anteirent,
1348 4910 1404 4956 et
1449 4903 1503 4956 hi
1541 4902 1767 4957 comites

153 4969 583 5025 archiatrorum
613 4969 972 5032 vocabantur;
1020 4970 1088 5024 de
1129 4985 1358 5039 quorum
1398 4971 1764 5039 eligendorum

150 5039 363 5093 ﬁrma”
405 5050 462 5094 et
503 5041 824 5096 auctoritate
867 5039 973 5095 hoc
1021 5039 1142 5096 loco
1170 5040 1353 5094 scribit
1379 5039 1762 5105 Cassiodorus;

150 5123 284 5164 nec
333 5125 494 5164 unum
534 5110 695 5166 fuisse
733 5110 1015 5174 comitem,
1071 5110 1165 5163 sed
1206 5116 1304 5174 tot,
1363 5117 1497 5178 quot
1550 5108 1769 5178 ordines

149 5179 585 5259 archiatrorum
615 5189 785 5259 erant.
816 5179 1040 5259 Cagnat.
1075 5179 1266 5259 obser.
1285 5175 1524 5259 libfcap.
1558 5175 1644 5259 15:

241 5249 282 5290 ι’
325 5247 568 5319 Discittge
589 5290 610 5319 ,ν
641 5258 796 5304 vetus
818 5286 832 5311 ,
882 5245 1156 5319 distingue,
1197 5249 1372 5319 minus
1409 5245 1591 5319 scite_._
1622 5245 1770 5319 Idem

149 5317 448 5372 mendum
471 5315 739 5374 insederat
758 5315 1098 5384 hactenus,'l.
1121 5333 1190 5383 vr,
1210 5318 1365 5382 sicut,
1381 5317 1514 5372 Cod.
1534 5315 1760 5383 Theod.,

149 5388 256 5468 De
295 5387 521 5468 legitimi.
553 5389 768 5468 haud."
791 5386 1148 5468 pendentium
1170 5386 1632 5468 negotioruntfata
1657 5386 1769 5440 dis-

146 5455 463 5525 tinguunt,
506 5473 624 5527 pro,
675 5457 994 5524 discingnnt,
1042 5465 1100 5510 ut
1130 5472 1300 5526 supr.,
1332 5457 1433 5511 hoc
1459 5457 1573 5520 lib.,
1608 5455 1765 5510 form.

145 5527 224 5606 εξ,
259 5528 645 5606 querimonias
671 5541 1038 5606 possessorum
1063 5526 1180 5580 sine
1211 5525 1382 5606 venali
1410 5526 1770 5606 protractione

137 5595 521 5666 distingue:
573 5597 626 5666 in
672 5595 1436 5666 manuscripti_s_membranis,
1480 5595 1765 5666 distingue.

135 5669 270 5724 Sic
307 5661 547 5733 iurgium
577 5665 894 5731 discingere,
928 5665 962 5717 Ι.
990 5661 1104 5733 47C.
1131 5664 1357 5731 Theod.,
1387 5665 1478 5720 lin.
1506 5661 1769 5733 regund.;

131 5741 196 5798 ι.
241 5733 359 5802 64,
390 5732 514 5791 Non
555 5736 868 5807 ignoramus.
907 5733 970 5790 (ἆ.
997 5732 1226 5802 Theod.,
1272 5733 1349 5791 De
1375 5732 1588 5808 appetl.,
1637 5734 1673 5790 Ι.
1699 5732 1766 5799 2;

1864 3192 2097 3263 pellecti,
2126 3207 2225 3261 per
2252 3191 2396 3246 illam
2425 3189 2772 3245 indictionem
2801 3191 2852 3244 in
2881 3190 2970 3244 illa
2998 3191 3271 3261 provincia
3306 3207 3442 3247 cono

1863 3281 2158 3338 sularitatis
2202 3287 2256 3335 te
2299 3278 2638 3350 praecipimus
2679 3292 2838 3348 agere
2867 3279 3201 3349 dignitatem,
3251 3290 3310 3336 ut
3348 3282 3442 3338 tibi

1864 3387 1971 3428 non
1998 3373 2068 3427 sit
2095 3380 2393 3442 acceptum,
2424 3370 2570 3440 quod
2611 3371 2817 3440 legibus
2846 3373 3104 3442 probatur
3145 3374 3438 3428 inimicum.

1861 3461 1957 3517 Illa
1997 3464 2165 3531 magis
2204 3461 2382 3530 dilige,
2431 3476 2550 3530 qua:
2576 3462 2840 3530 aequitatis
2879 3460 3000 3530 jura
3041 3462 3440 3517 commendant.

1864 3553 2068 3609 Nomen
2120 3561 2267 3607 tuum
2310 3552 2609 3607 actionibus
2653 3551 2843 3621 proba.
2889 3550 3122 3606 Consule
3164 3551 3338 3618 fessis,
3388 3558 3443 3606 et

1865 3652 1993 3698 tunc
2019 3657 2147 3698 vere
2176 3641 2374 3697 diceris
2403 3641 2725 3696 consularis.
2765 3639 2871 3694 Sed
2903 3647 2960 3694 ut
2989 3642 3166 3696 omnia
3196 3641 3443 3710 aequabili

1865 3732 2235 3788 moderatione
2261 3738 2570 3801 pensentur,
2604 3729 2822 3784 institue
2851 3731 3108 3800 pecunias
3148 3746 3254 3785 non
3294 3747 3442 3800 quac-

1864 3840 2008 3890 rere,
2060 3831 2115 3879 et
2163 3823 2407 3891 agnoscis
2461 3837 2683 3877 munera
2733 3821 2826 3875 tibi
2871 3823 3088 3891 copiosa
3138 3821 3442 3891 provenire.

1866 3913 2016 3969 Hanc
2043 3912 2184 3968 enim
2211 3911 2575 3966 conditionem
2621 3909 2867 3964 humanis
2895 3909 3102 3964 actibus
3125 3909 3302 3963 divina
3342 3924 3444 3978 p0—

1865 4011 2116 4070 suerunt;
2163 4009 2223 4058 ut
2266 4001 2358 4057 ille
2396 4000 2566 4069 magis
2605 4001 2774 4068 possit
2823 3999 3106 4065 ditescere,
3156 3999 3247 4067 qui
3294 3998 3444 4052 lucra

1869 4095 2044 4165 turpla
2072 4093 2245 4148 nescit
2269 4100 2478 4160 optare.
2509 4089 2824 4158 lgnorantes
2855 4089 3143 4158 accipiunt,
3189 4089 3280 4158 qui
3310 4088 3446 4143 bene

1868 4192 2054 4254 agunt,
2086 4183 2210 4251 quia
2240 4196 2463 4236 necesse
2490 4189 2574 4236 est
2617 4189 2674 4235 ut
2701 4181 2826 4234 dum
2867 4196 3155 4252 parumper
3183 4180 3444 4234 malorum

1868 4273 2088 4328 ambitio
2119 4271 2502 4339 contemnitur,
2529 4285 2764 4340 superno
2788 4285 3011 4325 munere
3049 4271 3167 4340 plus
3194 4269 3441 4325 donetur.

2130 4423 2272 4480 XXI.
2304 4439 2550 4482 FORIULA
2578 4440 2834 4480 necronts
2863 4441 3172 4482 rnovmcne.

1938 4534 2169 4591 Omnino
2217 4533 2438 4602 provide
2499 4532 2737 4588 decrevit
2791 4534 3081 4603 antiquitas
3124 4535 3334 4605 judices
3377 4539 3444 4596 ad

1869 4627 2201 4700 provinciam
2231 4625 2392 4693 mitti,
2424 4640 2493 4680 ne
2521 4625 2690 4695 possit
2719 4625 2787 4680 ad
2815 4640 2916 4681 nos
2943 4627 3207 4684 veniendo
3237 4631 3448 4687 medio-

1867 4827 2058 4910 l_.;_'5”C.
2089 4827 2209 4910 eod.
2238 4844 2251 4880 :
2272 4839 2434 4908 quor.
2465 4829 2662 4910 appell.
2695 4847 2800 4886 non
2815 4809 3018 4910 “recip:
3071 4849 3285 4890 causam
3315 4835 3460 4910 sine

1866 4898 2122 4973 dilatione
2155 4897 2472 4973 discingere.
2502 4897 2685 4954 ’Fonn.
2714 4932 2786 4944 -—
2814 4897 3119 4972 Discingere
3151 4907 3444 4973 negotium.

1870 4968 1930 5022 D.
1961 4965 2180 5045 Jur_e_tus
2224 4965 2367 5045 dicit
2398 4982 2458 5021 se
2509 4977 2726 5045 notasse
2771 4973 2839 5026 ad
2888 4965 3038 5045 Alti:
3067 4965 3349 5045 Avitilib.
3382 4991 3444 5045 ιι,

1871 5035 2130 5110 num._!_’)-4,
2156 5045 2212 5092 et
2238 5037 2305 5110 ad
2335 5036 2728 5110 Symmacalib.
2760 5057 2813 5107 ι,
2840 5044 2994 5110 epist.
3026 5042 3112 5098 52.

1943 5117 1966 5145 ο
1999 5106 2064 5160 Hi
2092 5106 2418 5182 περιοδιυτόιὶ
2452 5121 2483 5160 a
2511 5106 3109 5182 Modestiuddicuntur,
3157 5113 3192 5166 l.
3242 5128 3315 5178 vr,
3366 5112 3454 5168 De

1868 5192 2042 5231 exeas.
2069 5180 2207 5250 ἐμω
2249 5184 2304 5229 et
2333 5182 2768 5250 περιερχομίνους
2809 5180 2981 5236 Lucas
3031 5191 3191 5237 vocat
3218 5182 3460 5240 Acilium

1873 5245 2241 5315 apostolorum
2279 5260 2403 5315 cap.
2434 5245 2552 5311 xix;
2588 5245 2901 5304 "circuibant
2937 5252 3076 5305 enim
3107 5260 3163 5305 et
3190 5254 3452 5310 obambu-

1871 5313 2063 5393 labant
2087 5315 2245 5393 urbes
2287 5313 2504 5393 medici,
2541 5325 2599 5370 ut
2637 5334 2705 5372 ex
2734 5319 2852 5393 lege
2881 5319 3213 5392 Hippocratis
3241 5323 3452 5393 colligi-

1873 5393 1978 5462 Enr,
2008 5387 2100 5462 τᾲς
2129 5385 2312 5462 uoltu;
2352 5392 2764 5462 99t71§9r££_pﬁ_
2790 5385 2917 5462 ᾏργῳ
2947 5385 3166 5462 ’ᾐρῦνον-
3191 5395 3314 5448 ἀλλὰ
3362 5385 3452 5449 δῖαὲ

1872 5455 2005 5528 ἔργῳ
2035 5457 2241 5531 impoti;
2269 5457 2577 5531 νομέζισθοει.
2606 5455 2697 5511 Sic
2718 5455 3020 5531 phildsbphi
3048 5475 3106 5515 se
3145 5460 3460 5531 frequentes

1874 5522 2038 5593 atque
2064 5522 2221 5578 utiles
2250 5537 2346 5593 per
2385 5523 2626 5593 eamdem
2655 5522 2952 5583 studiorum
2995 5541 3194 5586 sectam
3223 5522 3454 5588 conten-

1874 5590 2407 5665 dentibuspmbere,
2455 5590 2491 5644 l.
2518 5593 2573 5661 8,
2613 5594 2680 5665 In
2710 5597 3004 5665 honoribus,
3060 5600 3121 5655 D.
3167 5600 3247 5655 De
3278 5612 3458 5656 vacat-

1875 5679 2036 5788 auth
2060 5659 2252 5718 Suidas
2296 5659 2350 5718 in
2378 5659 2699 5733 δημοσίιῦως
2737 5659 3057 5740 Nomocan.,
3105 5671 3189 5728 tit.
3224 5672 3273 5740 1,
3323 5689 3458 5744 cap-

1951 5772 1962 5786 .
2041 5747 2164 5788 onn.

1951 5772 1962 5786 .
1996 5747 2026 5788 ιε
2041 5747 2164 5790 οειπ.
