3988 6178
511 283 616 339 705

1726 264 1798 321 Μ.
1840 259 2068 322 Αῑιιει.

2181 255 2546 314 IASSIUI‘OBI
3667 255 3751 313 701

506 399 669 455 critas
717 395 1004 465 ingravari.
1047 392 1178 462 Quis
1219 392 1363 452 enim
1404 391 1672 450 latronum
1715 394 1880 452 ferret
1921 399 2072 455 auda-

2195 371 2422 440 arquitas
2447 379 2531 425 est
2558 384 2588 424 a
2619 382 2679 426 se
2707 369 2961 441 praesules
3003 369 3276 435 inchoare,
3327 376 3384 424 ut
3413 367 3641 427 debeant
3666 371 3752 428 cri-

505 493 668 557 ciam,
718 489 763 544 si
813 488 969 556 longe
1013 487 1240 556 positam
1281 496 1670 557 cognoscerent
1713 488 2081 562 disciplinam?

505 581 765 637 Absolute
807 586 1021 649 poterat
1047 579 1128 634 vis
1157 581 1416 649 permissa
1459 581 1721 649 grassari,
1768 581 1814 637 si
1843 599 2081 653 conque-

506 687 628 728 rens
659 669 859 726 tardius
885 671 1197 727 crederetur
1225 670 1419 728 audiri.
1450 673 1556 729 Sed
1585 685 1786 744 quanto
1813 676 2004 732 melius
2029 678 2082 732 in

505 765 633 834 ipsis
664 763 948 820 cunabulis
976 763 1150 819 adhuc
1177 765 1356 820 mollia
1388 767 1698 838 reprimere,
1728 783 1886 837 quam
1925 768 2083 824 indu-

503 865 618 909 rata
670 855 893 909 crimina
937 853 1247 910 vindicare!
1298 855 1356 910 In
1400 858 1775 929 compendium
1829 860 2086 914 mittimus

504 947 644 1001 mala
667 989 682 1014 ,
715 947 758 1001 si
790 947 1074 1016 praesentia
1117 946 1341 1003 facimus
1385 963 1505 1004 esse
1529 947 1750 1018 judicia.
1783 949 1912 1016 Quis
1940 951 2082 1005 enim

504 1037 699 1090 audeat
726 1049 982 1105 peccare,
1013 1051 1134 1091 cum
1173 1050 1333 1105 supra
1377 1038 1614 1093 cervices
1641 1053 1766 1092 suas
1793 1037 2083 1092 districtio-

504 1141 627 1181 nem
652 1126 966 1195 cognoverit
993 1125 1306 1181 imminere?
1331 1125 1399 1180 Et
1430 1127 1549 1181 ideo
1589 1137 1641 1182 te
1680 1128 1754 1182 illi
1794 1129 2083 1198 provincia:

505 1225 768 1272 rectorem
798 1233 894 1287 per
919 1217 1063 1270 illam
1101 1217 1449 1272 indictionem
1479 1225 1659 1271 nostra
1687 1218 1847 1272 mittit
1867 1219 2080 1284 electio,

511 1317 566 1363 ut
597 1323 784 1362 revera
814 1309 1083 1376 corrigere
1113 1308 1300 1363 nitaris
1328 1324 1462 1378 quos
1494 1308 1585 1363 tibi
1613 1311 1928 1365 commissos
1965 1325 2085 1366 esse

508 1397 807 1467 cognoscis.
872 1395 1180 1469 Chlamydis
1237 1405 1338 1453 tua:
1391 1397 1740 1469 proculdubio
1796 1401 1936 1455 inter
1979 1401 2084 1456 alia

508 1491 690 1544 clavos
720 1489 956 1552 intende,
987 1504 1122 1558 quos
1149 1490 1288 1546 scias
1313 1507 1420 1545 non
1449 1493 1680 1548 inaniter
1701 1493 1921 1565 positos.
1950 1491 2087 1550 Hinc

509 1579 585 1643 ﬁt,
633 1589 692 1634 ut
721 1578 838 1652 [Gr.
883 1588 931 1634 et
978 1579 1120 1649 Cuj.,
1154 1580 1274 1644 nisi,
1317 1579 1396 1651 ut]
1422 1597 1542 1636 cum
1569 1581 1839 1652 publicum
1868 1591 2086 1650 agentes

510 1686 796 1741 purpuram
817 1680 840 1706 ³
872 1679 1173 1733 cernerent,
1193 1670 1260 1724 de
1282 1671 1466 1740 vigore
1494 1687 1706 1741 semper
1726 1672 1978 1742 principis
2001 1670 2087 1726 ad-

2199 461 2392 516 miuosi
2445 470 2686 516 metuere
2730 476 2890 532 quem
2939 469 3213 532 nequeunt
3252 460 3482 516 similem
3521 463 3752 532 reperire.

2196 551 2383 610 Nullas
2429 552 2572 608 enim
2623 552 2676 607 in
2723 567 2784 610 se
2812 553 2996 624 culpas
3025 553 3178 608 timet
3205 567 3350 617 rcus,
3400 564 3536 622 quas
3582 552 3755 611 habere

2195 646 2496 716 respexerit
2534 645 2891 717 cognitorem,
2934 644 3149 715 quando
3195 653 3444 714 agentem
3489 645 3630 701 male
3667 646 3756 703 nisi
3791 698 3807 706 ,

2197 736 2355 793 bouis
2383 737 2621 793 moribus
2667 752 2774 792 non
2821 737 3052 792 aestimat
3091 736 3395 806 displicere.
3444 735 3584 792 Suos
3625 746 3756 794 actus

2195 833 2374 889 nullus
2397 833 2619 888 damnat
2646 833 2699 888 in
2728 833 2920 900 altero,
2947 831 3072 901 quia
3100 839 3290 886 natura
3316 839 3400 885 est
3425 831 3636 886 humani
3660 833 3758 887 ani-

2194 925 2266 980 mi
2318 935 2375 980 ttt
2405 926 2606 980 nitatur
2643 924 2826 995 potius
2851 922 3146 991 vindicare,
3194 921 3338 992 quod
3381 937 3442 978 se
3469 922 3758 992 cognoverit

2191 1017 2490 1074 admisisse.
2513 1016 2558 1073 Ο
2579 1018 2737 1088 quale
2765 1025 2870 1082 est,
2895 1016 3120 1071 liberum
3145 1015 3501 1071 tribunalibus
3525 1015 3757 1082 insidere,

2195 1124 2299 1164 non
2323 1123 2442 1166 esse
2469 1109 2765 1165 obnoxium
2810 1123 2904 1164 reo
2931 1107 3058 1163 suo!
3107 1121 3176 1162 ne
3214 1107 3435 1176 incipiat
3460 1106 3633 1176 potior
3657 1105 3759 1162 ﬁeri

2189 1213 2349 1268 quem
2381 1199 2607 1255 redemit
2642 1217 2654 1252 :
2690 1199 2877 1253 timeat
2904 1197 3228 1260 districtum,
3285 1196 3474 1251 timeat
3497 1195 3746 1252 continen-

2192 1301 2322 1358 tem,
2358 1307 2464 1346 non
2494 1291 2676 1346 audiat
2702 1288 2977 1346 blandum.
3024 1290 3097 1344 Da
3131 1299 3190 1344 ut
3216 1289 3388 1360 possit
3413 1287 3632 1356 rigidam
3658 1287 3757 1343 for-

2165 1379 2394 1435 midare
2419 1380 2761 1436 sententiam.
2794 1379 2954 1434 Avari
2991 1378 3200 1446 judices
3247 1377 3492 1434 nesciunt
3519 1384 3756 1446 quantum

2188 1471 2537 1541 delinquunt;
2585 1487 2708 1526 nam
2739 1488 2860 1528 cum
2893 1471 3124 1526 vendunt
3175 1470 3349 1525 aliena
3387 1469 3628 1535 crimina,
3672 1484 3757 1525 sua

2189 1559 2391 1617 faciunt
2420 1577 2539 1617 esse
2568 1571 2811 1633 peccata.
2861 1561 3200 1632 QuaprOpter
3227 1571 3345 1618 esto
3390 1561 3664 1627 sollicitus,
3706 1571 3758 1615 ut

2189 1651 2345 1706 bona:
2383 1653 2614 1708 actionis
2643 1662 2743 1707 tua:
2787 1652 2970 1707 laudes
3000 1652 3177 1722 potius
3205 1651 3503 1705 audiamus.
3545 1652 3591 1704 A
3617 1652 3758 1707 nobis

508 1768 806 1823 monerent.
839 1757 1099 1814 Geuiatus
1129 1760 1373 1829 indutus,
1421 1762 1585 1815 vestis
1612 1764 1843 1830 gratiosa
1863 1804 1878 1829 ,
1925 1777 2072 1832 quam

2187 1745 2524 1800 conﬁdenter
2551 1746 2720 1814 exigis
2741 1744 2885 1814 quod
2915 1744 3165 1808 remittis,
3198 1743 3321 1814 quia
3352 1751 3557 1796 tantum
3591 1743 3655 1796 de
3681 1757 3759 1797 re-

511 1853 618 1906 lilio
648 1867 745 1907 suo
777 1849 972 1921 Priapo
1001 1851 1117 1924 [Gn
1148 1860 1198 1904 et
1225 1849 1366 1922 Cuj.,
1410 1850 1646 1921 Priamo]
1677 1853 1855 1908 Venus
1892 1853 2086 1909 dicitur

509 1945 772 2007 texuisse,
822 1950 878 1997 ut
921 1943 1129 1997 eximia:
1158 1943 1566 2012 pu'chritudinis
1593 1952 1817 1999 matrem
1847 1945 2084 2015 singula-

508 2036 639 2089 riter
668 2043 890 2088 ornatus
919 2033 1055 2087 ﬁlius
1084 2041 1394 2087 testaretur.
1437 2033 1664 2102 Respice
1701 2042 1959 2102 quantum
1985 2035 2083 2090 de-

507 2125 683 2179 derint
712 2126 874 2193 leges.
906 2132 961 2179 et
998 2123 1066 2177 ad
1098 2138 1402 2180 mensuram
1433 2132 1487 2177 te
1512 2125 1794 2193 potestatis
1832 2125 2079 2180 extende.

510 2213 625 2269 Tibi
645 2215 897 2270 ﬁscalium
915 2215 1233 2268 tributorum
1253 2213 1276 2251 δ
1299 2215 1500 2269 credita
1517 2222 1841 2268 monstratur
1851 2215 2082 2272 exactio.

509 2310 729 2362 Constat
771 2323 890 2362 esse
935 2315 1039 2361 tum
1084 2306 1206 2360 ﬁdei
1250 2308 1590 2361 commissum
1619 2307 1842 2377 principi
1883 2322 2084 2361 renun-

511 2410 666 2466 tiare,
715 2399 858 2470 quod
905 2399 958 2452 in
1012 2397 1304 2466 provinciis
1352 2398 1612 2466 probatur
1660 2411 1956 2466 emergere.
2005 2395 2089 2451 Tu

510 2491 670 2542 etiam
701 2497 1002 2543 senatorem
1054 2487 1249 2541 ibidem
1295 2488 1620 2542 residentem
1643 2488 1847 2556 juberis
1875 2488 2082 2553 audire,

511 2586 565 2632 tu
614 2578 665 2631 in
710 2577 1080 2647 praefectorum
1116 2579 1336 2632 militem
1362 2596 1483 2636 cum
1520 2580 1686 2648 ipsius
1715 2588 1918 2635 tantum
1948 2597 2083 2636 con-

511 2671 730 2722 scientia
770 2668 1062 2723 vindicare.
1096 2669 1268 2722 Tuum
1302 2687 1494 2725 nomen
1525 2671 1576 2724 in
1607 2672 2084 2739 subscriptionibus

497 2740 771 2810 jusserunt
799 2741 1078 2798 honoratis
1106 2747 1524 2815 provincialibus
1549 2748 1823 2805 anteferri.
1857 2751 1995 2819 Quid
2019 2755 2087 2811 de

501 2841 552 2885 te
577 2831 897 2886 mstimatum
924 2833 1015 2901 sit,
1048 2834 1205 2890 datur
1229 2836 1458 2904 adverti,
1489 2839 1577 2894 cui
1604 2847 1684 2895 tot
1709 2841 1961 2898 videntur
1988 2859 2086 2900 no-

499 2920 634 2975 biles
678 2923 918 2991 potuisse
959 2925 1230 2994 postponi.
1263 2927 1508 2993 Additur,
1560 2931 1705 2999 quod
1761 2947 1793 2986 a
1842 2934 2086 3005 principe

501 3021 524 3049 ε
550 3009 718 3067 frater
747 3013 976 3078 vocaris,
1003 3024 1059 3069 ut
1086 3014 1369 3071 nobilitate
1390 3018 1611 3087 pretio”si
1640 3022 1875 3078 nominis
1903 3039 1934 3078 a
1963 3025 2082 3080 vili-

2187 1835 2560 1890 munetatione
2607 1844 2696 1889 tua
2744 1835 3062 1903 cogitamus,
3112 1843 3370 1904 quantum
3421 1841 3475 1889 te
3515 1833 3758 1903 pecunias

2185 1943 2291 1982 non
2319 1927 2596 1997 quaesiisse
2625 1926 2996 1997 cognovimus.

2409 2082 2568 2137 XXII.
2603 2099 2848 2138 ronnuu
2878 2098 3145 2138 conm”:
3175 2096 3537 2136 srsscusmg.

2255 2197 2468 2268 Regalis
2499 2207 2581 2254 est
2609 2198 2992 2269 providentiae,
3045 2197 3178 2254 tales
3218 2195 3462 2266 judieum
3512 2174 3776 2264 personas"

2185 2289 2406 2358 eligere,
2460 2297 2520 2343 ut
2561 2289 2627 2344 ad
2657 2290 2972 2345 comitatum
3003 2289 3374 2345 necessitatem
3401 2303 3508 2342 non
3536 2287 3759 2342 habeant

2186 2382 2452 2449 veniendi,
2502 2397 2639 2453 quos
2683 2382 2736 2436 in
2779 2382 3084 2452 longinquis
3128 2382 3438 2448 regionibus
3485 2381 3762 2448 contigerit

2186 2471 2480 2526 immorari.
2512 2471 2724 2526 Nullum
2755 2472 2897 2527 enim
2928 2472 3035 2526 tale
3070 2471 3342 2540 negotium
3373 2478 3476 2533 est,
3519 2469 3660 2538 quod
3681 2467 3762 2523 Si-

2183 2565 2290 2622 culi
2319 2565 2526 2621 itineris
2558 2573 2734 2621 tantas
2761 2565 2871 2635 pati
2904 2564 3072 2634 possit
3099 2571 3366 2631 etgensas
3387 2605 3400 2625 ,
3451 2562 3576 2616 dum
3619 2577 3763 2616 com-

2185 2659 2397 2714 modius
2443 2659 2514 2715 sit
2538 2675 2754 2715 causam
2799 2658 3026 2728 perdere
3070 2671 3229 2726 quam
3278 2653 3477 2723 aliquid
3519 2669 3615 2723 per
3643 2653 3764 2707 talia

2185 2751 2462 2822 dispendia
2486 2751 2857 2821 conquisiisse.
2875 2747 2905 2787 ά
2930 2748 3047 2804 Non
3069 2748 3209 2803 enim
3233 2746 3480 2817 querelas
3507 2745 3574 2800 de
3590 2744 3765 2800 Sicilia

2185 2846 2434 2902 volumus
2462 2846 2667 2911 venire,
2716 2845 2809 2900 sed
2835 2843 3044 2912 laudes,
3074 2843 3197 2913 quia
3226 2849 3478 2910 gravatur
3505 2839 3644 2910 apud
3672 2853 3770 2894 nos

2186 2935 2328 2991 actio
2354 2935 2616 3007 praesulis,
2668 2935 2712 2990 si
2740 2949 2859 2988 eam
2909 2941 3016 2988 tam
3069 2931 3342 3000 longinqui
3372 2931 3645 3002 potuerint
3671 2944 3767 2984 ac—

2185 3042 2375 3082 cusare
2403 3027 2680 3096 petitores.
2729 3023 2916 3079 Falsus
2942 3023 3085 3078 enim
3109 3021 3266 3076 dolor
3291 3035 3414 3076 esse
3459 3034 3566 3073 non
3595 3017 3767 3073 credi~

499 3111 610 3159 tate
638 3105 920 3160 criminum
952 3107 1239 3162 tollereris.
1267 3108 1458 3178 Cogita
1494 3112 1652 3184 108
1681 3120 1950 3170 tantorum
1982 3116 2082 3171 ho-
2106 3128 2151 3190 c
2185 3126 2290 3184 tur,
2343 3119 2435 3174 ubi
2467 3119 2603 3172 tanti
2630 3117 2831 3173 laboris
2861 3115 3016 3170 taedia
3046 3114 3360 3169 subeuntur.
3411 3110 3480 3166 Et
3508 3110 3627 3166 ideo
3655 3124 3771 3163 ma-

498 3196 704 3251 minum
749 3196 844 3251 tibi
893 3198 1207 3256 commissas
1234 3214 1355 3255 esse
1397 3199 1660 3259 fortunas.
1709 3204 1872 3260 Fama
1921 3217 2080 3262 erunt

497 3287 665 3342 nostri
713 3287 972 3356 temporis
1001 3288 1076 3342 tui
1123 3304 1321 3344 mores.
1375 3289 1503 3346 Esto
1550 3293 1672 3348 vitae
1717 3293 1834 3367 [Gn
1858 3304 1907 3350 et
1937 3295 2080 3368 Cuj.,

498 3376 552 3432 in
583 3375 656 3449 te]
686 3377 992 3448 continens,
1026 3387 1086 3435 ut
1112 3381 1287 3450 possis
1314 3381 1366 3437 in
1397 3381 1533 3441 alios
1554 3398 1675 3441 esse
1691 3384 1878 3456 judex.
1903 3386 2082 3446 Prima

565 3607 593 3637 ι
622 3597 898 3658 Vulcatius
923 3600 1249 3671 Gallicanus,
1280 3606 1334 3663 in
1377 3606 1566 3664 Avidio
1590 3609 1778 3669 Cassio
1807 3630 1819 3666 :
1853 3611 1926 3669 Ut
1953 3630 2073 3670 om-

496 3684 592 3752 nes
633 3680 958 3752 purpuratos
1000 3673 1270 3752 Augustos
1327 3692 1702 3748 cognosceres.
1761 3681 2073 3752 “erudiam,

496 3737 1048 3826 ἥξιῗξῖξβιξᾲβασίλειος
1075 3737 1356 3826 ὗτςεδέξατρ
1395 3737 1659 3826 ξορφύρα,
1701 3737 2078 3826 _me_

493 3809 1106 3891 prodeuntem-purpura
1132 3809 1484 3891 imperatoria'
1504 3809 1756 3891 suscepit.
1788 3822 1955 3887 Idem,
1981 3809 2073 3880 lib.

492 3895 550 3962 ρ,
594 3887 684 3960 τήν
732 3879 989 3962 suam;
1014 3879 1286 3962 grosqude
1331 3895 1510 3962 vocat,
1556 3879 1769 3946 ubi'ait
1798 3879 2077 3962 Nigrumﬂa

491 3947 716 4033 Syriaco
732 3947 984 4033 'eitercitu
1013 3947 1392 4033 imperatorem
1438 3947 2078 4033 factum,_amict'umque

494 4032 728 4102 purpura
758 4029 815 4072 et
866 4022 1322 4102 relignoAugusti
1365 4022 2076 4102 apparatu.'Lamprid.,'in

493 4086 817 4169 Alexandro,
859 4089 927 4144 de
972 4086 1212 4169 Πρινίδηςῖ
1233 4113 1246 4148 :
1275 4086 1452 4169 Quem.
1492 4113 1635 4169 saepe
1663 4116 1694 4155 a
1722 4086 1970 4157 militum,
1995 4086 2074 4161 ira

489 4157 718 4239 obiectu.
733 4173 980 4239 purpurae
1001 4157 1255 4239 defendit.
1281 4157 1504 4239 Peplum
1531 4157 1914 4239 imperatorum
1937 4157 2074 4230 diiit

489 4225 786 4310 Trebellius
814 4225 1019 4310 Pollio,_
1039 4233 1092 4287 in
1123 4225 1414 4310 Saturnino
1442 4253 1532 4293 xx:
1560 4225 1808 4310 tyranno.
1833 4225 2005 4298 F633;.

559 4295 586 4336 δ
625 4294 889 4381 iudicum,
934 4294 1021 4381 vel
1049 4305 1356 4381 praesidum,
1379 4294 1720 4381 tnnnus'erat
1740 4294 2068 4369 tributorum

487 4372 770 4450 erectione
799 4372 1126 4450 incumbere.
1161 4373 1218 4429 L.
1254 4375 1340 4450 In_
1359 4377 1643 4450 ﬁscalibus.
1681 4379 1744 4436 (ἶ.
1787 4381 1866 4436 De
1894 4392 2065 4439 exact.

488 4436 633 4503 trib.,
662 4453 784 4520 nov.
817 4439 937 4520 161.
973 4442 1115 4520 Idem
1142 4436 1629 4520 et_‘cath'olicorum
1659 4466 1852 4508 munus
1880 4436 2069 4520 ééifei

2179 3210 2302 3280 jore
2329 3225 2458 3265 cura
2491 3209 2771 3264 tractanda
2801 3215 2948 3276 sunt,
2994 3205 3136 3261 unde
3159 3204 3355 3260 invidia
3381 3203 3500 3274 plus
3531 3202 3770 3256 timetur.

2185 3301 2419 3356 Proinde
2446 3315 2545 3370 per
2573 3299 2920 3357 indictionem
2951 3297 3094 3353 illam
3139 3296 3446 3352 comitivam
3480 3293 3574 3348 tibi
3603 3291 3772 3364 Syra-

2185 3407 2400 3448 cusanae
2428 3391 2683 3460 civitatis,
2713 3390 2945 3463 propitia
2972 3388 3284 3458 Divinitate,
3314 3385 3682 3452 concedimus,
3714 3392 3774 3440 nt

2177 3614 2486 3684 fraternitas
2515 3615 2868 3680 contrahitur,
2917 3613 3074 3684 1.7175,
3125 3611 3250 3684 Non
3278 3615 3531 3684 epistolis,
3573 3612 3641 3668 C.
3691 3613 3774 3669 De

2183 3687 2332 3751 prob.
2359 3683 2475 3740 Huc
2503 3685 2782 3741 referenda
2811 3695 2895 3740 est
2923 3685 2960 3739 Ι.
2986 3683 3072 3748 58,
3107 3683 3436 3753 Νετηο,ῐίη.,
3469 3686 3536 3740 de
3562 3686 3771 3750 haered.

2178 3757 2385 3821 instit.;
2437 3756 2474 3810 l.
2507 3755 2592 3820 65,
2650 3755 2858 3819 Verum,
2901 3758 3025 3824 rtin.,
3076 3771 3172 3824 pro
3202 3771 3317 3810 soc.
3347 3755 3459 3811 Nec
3487 3755 3779 3824 aliorsum,

2183 3828 2414 3896 opinor,
2468 3825 2843 3896 Theobaldum
2887 3823 3105 3880 fratrem
3155 3825 3570 3896 Amalasueutha
3600 3865 3617 3888 ,
3670 3823 3778 3882 nec

2179 3894 2320 3976 hanc
2349 3896 2438 3951 ille
2460 3895 2892 3976 sororem-dixit,
2944 3910 3111 3976 quam
3137 3894 3288 3976 quod
3310 3904 3493 3976 essent
3537 3911 3777 3953 consor-

2181 3973 2264 4020 tes
2287 3966 2516 4035 imperii,
2544 3965 2661 4028 inf.,
2689 3965 2778 4021 lib.
2815 3981 2867 4030 κ,
2899 3964 3058 4034 epist.
3091 3965 3140 4028 1,
3163 3964 3227 4028 2,
3257 3964 3310 4020 5.
3341 3965 3510 4021 Fons.

2250 4034 2275 4074 ει
2311 4034 2381 4091 Ut
2410 4036 2462 4091 iu
2493 4036 2765 4106 provincia
2793 4036 2912 4092 lites
2940 4035 3276 4106 dirimantur,
3321 4051 3388 4106 ne
3434 4049 3662 4090 necesse
3703 4038 3779 4092 sit

2178 4105 2242 4186 ad
2279 4105 2597 4186 comitatum
2631 4106 2888 4186 principis
2927 4105 3207 4186 accedere,
3246 4105 3433 4186 iisdem
3475 4121 3749 4186 propemo

2181 4175 2310 4229 dum
2335 4175 2514 4231 verbis
2549 4175 2894 4244 Maiorianus,
2925 4175 3120 4230 novell.
3152 4176 3218 4229 de
3245 4175 3608 4244 indulgentiis,
3641 4177 3782 4230 reliv

2177 4259 2405 4315 quorum
2433 4247 2600 4301 utitur
2628 4245 2770 4300 :Nec
2789 4247 2857 4300 de
2886 4245 3190 4314 longinquis
3209 4246 3498 4315 provincize
3521 4246 3746 4313 regioni

2176 4313 2277 4369 bus
2313 4331 2451 4386 cum,
2484 4331 2678 4386 magno
2726 4324 3036 4385 sumptuum
3083 4313 3552 4385 expensarumque
3602 4315 3778 4370 detri-

2178 4393 2360 4440 mento
2389 4385 2457 4440 ad
2489 4387 2803 4441 comitatum
2834 4394 3076 4441 nostrum
3109 4386 3293 4456 venire
3321 4387 3515 4440 audeat
3545 4386 3643 4456 ille
3673 4391 3780 4456 qui

2174 4457 2450 4526 queritur;
2491 4457 2576 4511 cui
2614 4457 2713 4511 sub
2739 4456 2929 4511 durum
2957 4455 3227 4525 patientiae
3262 4457 3520 4525 gemitum
3563 4454 3784 4509 tolera-

487 4521 552 4595 εξ
565 4509 960 4595 constitutione
987 4513 1209 4583 Augusti
1233 4516 1346 4586 jam
1376 4519 1444 4573 ab
1483 4519 1636 4575 initio
1663 4509 2064 4590 proconsulum.
2095 4530 2149 4591 Ι)
2176 4509 2335 4581 bilior
2354 4509 2574 4580 videtur
2602 4509 2929 4595 depraedatio
2955 4509 3240 4589 saevientis,
3258 4509 3416 4594 quam
3441 4509 3543 4580 sub
3566 4539 3782 4592 magno

489 4575 609 4644 Dio,
639 4577 730 4632 lib.
764 4594 874 4634 Llll.
906 4575 1092 4638 Bnoss:

562 4645 818 4734 erlFrat‘ris
865 4666 1062 4734 nomen
1091 4655 1363 4734 Aamicitige
1400 4673 1564 4734 causa
1608 4662 1864 4734 positum,
1907 4661 2064 4734 Sym-

485 4717 686 4802 mach.,
717 4718 829 4802 iis.
859 4734 916 4802 ιι,
967 4723 1245 4802 ρρίριεβί,
1293 4725 1384 4802 45,
1433 4727 1502 4802 sv
1529 4738 1583 4784 et
1608 4717 1698 4802 it.
1737 4717 2067 4802 Non’po‘test

486 4800 604 4859 esse
626 4792 858 4843 amicitia
890 4792 997 4845 tam
1047 4792 1172 4848 felix
1202 4811 1320 4859 qua:
1365 4792 1605 4853 imitetur
1646 4792 2059 4859 fratemit'atem.

485 4856 730 4941 Quintil.,
758 4859 999 4941 .declam:
1033 4856 1319 4941 §gl._ﬂinc
1346 4867 1557 4938 opinor,
1589 4869 1626 4925 l.
1653 4867 1740 4941 58,
1769 4856 1978 4940 Nemo,
1997 4871 2060 4929 D.

486 4928 565 4981 De
590 4928 720 5012 (iter;
749 4929 940 5012 inscia,
1030 4931 1120 5012 ϐξ),
1162 4928 1490 5012 Vernm_,‘pro
1511 4928 1667 5012 socio
1691 4928 1781 5009 jus
1801 4928 2060 5012 quodam;

484 4998 667 5083 modo-
693 4997 1042 5083 fraternitatis
1070 5003 1122 5058 in
1162 5020 1228 5083 _se
1275 4997 1455 5083 habet.
1509 5007 1614 5083 Eos
1642 4997 1856 5080 quoque
1883 4997 2058 5083 quiin

482 5075 793 5151 magistratu
823 5079 1022 5151 essent,
1070 5075 1273 5151 amicos
1303 5091 1332 5129 a
1362 5075 1691 5151 principibus
1718 5075 1918 5151 quibus
1939 5097 2056 5139 mc-

481 5137 694 5225 rebaut,
740 5140 885 5225 quod
914 5148 1141 5225 ethunc
1172 5146 1223 5198 in
1255 5137 1485 5225 usu_'est_,
1534 5137 1712 5225 dictos
1734 5137 2057 5225 ‘observavi.

484 5206 620 5295 1,
651 5209 719 5295 (3..
739 5206 799 5295 εξ
819 5214 1045 5295 inanem.
1074 5215 1149 5295 ita
1177 5231 1288 5295 veg.
1305 5216 1388 5295 ;_l.
1420 5206 1540 5283 ult.,
1585 5220 1646 5295 D_.
1673 5206 1751 5295 De
1767 5206 2057 5295 ρῇζξρνωῖξ

479 5278 661 5362 vigili
706 5278 958 5362 l_._Il.__§i
986 5278 1191 5362 in_uitg,
1220 5284 1282 5362 C_.
1305 5278 1392 5341 De
1419 5278 1581 5359 nup.;
1622 5291 1663 5362 I._
1688 5291 1738 5357 1,
1765 5278 1833 5362 D':
1855 5278 1932 5347 oi
1958 5278 2058 5362 up.-

479 5348 616 5433 pet;
647 5349 682 5402 1.
705 5349 797 5433 μγ,
841 5351 1091 5433 Divi,_D.
1128 5354 1204 5408 De
1237 5357 1363 5433 iure
1387 5348 1593 5433 ρᾳιὲριί.
1640 5348 1736 5418 δῆθ’
1775 5348 2057 5433 Ulpianu'm

479 5374 614 5416 μεμε
647 5374 682 5402 ι.
711 5374 797 5414 ιι,
841 5374 978 5418 mm,
1030 5374 1091 5408 υ.
1128 5374 1204 5408 ue
1274 5374 1363 5411 ure
1387 5374 1593 5425 patron.
1640 5374 1728 5418 Sic
1778 5374 2057 5433 Ulpianum

479 5417 784 5500 Alexander
811 5437 916 5500 non
944 5431 1125 5500 rotate,
1153 5434 1209 5478 ut
1231 5374 1592 5500 élossularius
1618 5439 1820 5495 censet,
1849 5433 1942 5487 sed
1968 5434 2060 5488 ob-

476 5491 743 5570 servantia
773 5498 828 5570 et
855 5491 1130 5561 dignitate,
1172 5496 1425 5570 amicum
1447 5491 1816 5570 nuncupavit,
1840 5503 1876 5556 l.
1907 5501 1960 5568 4,
1989 5503 2051 5559 C.

477 5554 558 5638 .Ife
585 5560 818 5614 contrah.
849 5554 1312 5638 ειξςοηῃπςειὶρυι.
1344 5565 1447 5638 Jul.
1473 5554 2048 5638 Firmi'cus'hlaternus,

478 5624 572 5712 lib.
605 5642 712 5693 vnt,
737 5631 977 5712 cap..2_7,
1009 5624 1313 5712 ilathes'eos
1339 5654 1352 5712 ξ
1378 5624 1549 5712 Erunt
1571 5624 2051 5712 aiiiééaii"‘6piiiii

477 5705 745 5783 regum
776 5702 951 5780 amici.
1009 5703 1126 5783 Non
1155 5720 1309 5783 secus
1337 5707 1427 5783 hic
1467 5709 1632 5783 frater
1676 5702 1930 5783 principis
1957 5729 2048 5769 su-

478 5768 661 5824 mitur.
690 5768 800 5826 Ncc
827 5772 971 5828 enim
997 5773 1258 5844 epistolis,
1287 5777 1646 5852 cautionibus,
1671 5768 2047 5843 testationibus

2171 4596 2565 4667 observationis
2617 4595 2960 4667 incommodo
2999 4595 3343 4667 sustinendus
3404 4597 3782 4667 impetranda;

2169 4666 2388 4722 ultionis
2414 4675 2655 4722 eventus.
2699 4665 2764 4719 Et
2801 4666 2936 4720 infra
2967 4675 3151 4726 noster
3177 4665 3512 4730 Cassiodori,
3557 4666 3652 4721 lib.
3694 4684 3776 4730 rx,

2169 4737 2326 4808 epist.
2357 4735 2446 4808 2Q,
2486 4735 2705 4808 Justin.,
2745 4735 2941 4808 novell.
2984 4736 3072 4802 17,
3111 4734 3179 4792 de
3215 4736 3395 4791 mand.
3436 4737 3707 4808 princip.,
3746 4738 3778 4808 §

2169 4806 2230 4861 Si
2250 4805 2349 4876 tibi
2374 4824 2386 4860 :
2408 4805 2697 4876 Pmcipue,
2730 4815 2790 4861 ut
2818 4806 2937 4861 lites
2965 4815 3168 4876 quanta
3193 4805 3450 4875 poterunt
3477 4805 3784 4862 celeritate

2169 4821 2230 4861 δι
2259 4821 2349 4860 ιιυι
2374 4824 2386 4860 :
2408 4821 2697 4876 Praecipue,
2730 4821 2790 4861 ut
2819 4821 2937 4861 lites
2965 4821 3165 4930 quanta
3193 4821 3450 4875 peterunt
3477 4821 3781 4862 celeritate

2167 4875 2444 4931 deﬁniant.
2487 4875 2779 4939 Valentin.,
2822 4876 3020 4931 novel.
3049 4875 3084 4929 1
3115 4894 3128 4929 :
3161 4875 3454 4932 Providere
3488 4877 3653 4932 decet
3701 4893 3781 4931 ne

2167 4947 2525 5016 provinciales
2565 4954 2752 5002 tenues
2787 4945 3034 5000 homines
3070 4947 3368 5002 defensoris
3405 4949 3592 5015 inopia
3620 4985 3636 5011 ,
3702 4948 3781 5001 ad

2161 5016 2481 5086 requirenda
2533 5016 2800 5072 auditoria
2862 5025 3176 5086 sumptuose
3227 5018 3412 5072 venire
3464 5026 3777 5086 cogantur.

2160 5084 2369 5141 Novell.
2437 5085 2694 5142 Marcion.
2737 5086 2762 5139 1
2806 5084 3028 5142 cavetur
3073 5087 3344 5143 neminem
3380 5084 3629 5142 exhiberi
3700 5087 3786 5143 de

2163 5157 2438 5226 provincia
2466 5157 2532 5211 ad
2562 5158 2908 5220 comitatum,
2949 5158 3051 5212 nisi
3079 5157 3144 5211 ad
3176 5157 3494 5212 relationem
3533 5157 3783 5224 iudicis,

2163 5241 2194 5281 a
2220 5243 2328 5296 quo
2353 5227 2511 5281 fuerit
2539 5228 2863 5296 appellatum
2892 5226 3187 5292 :Occurrit,
3221 5229 3415 5296 inquit,
3440 5227 3590 5295 quod
3615 5227 3787 5282 duro

2162 5298 2374 5369 possint
2397 5297 2541 5369 longi
2570 5298 2828 5369 temporis
2856 5298 3158 5369 intervallo,
3185 5307 3242 5352 et
3266 5299 3582 5353 enormibus
3612 5313 3792 5352 sum-

2166 5367 2348 5436 ptibus
2367 5367 2605 5437 legitimo
2623 5367 2842 5437 egentes
2867 5368 3068 5422 auxilio
3097 5369 3348 5433 liberari;
3379 5369 3576 5422 videtis
3605 5370 3789 5423 enim

2164 5438 2376 5504 agmina
2401 5480 2417 5504 ,
2454 5437 2647 5492 videtis
2684 5446 2929 5494 catervas
2967 5439 3272 5492 adeuntium
3313 5438 3553 5493 inﬁnitas
3577 5478 3594 5502 ,
3650 5453 3789 5493 non

2163 5508 2337 5579 solum
2375 5524 2405 5562 a
2446 5506 2684 5579 ﬁnitimis
2721 5509 3035 5579 provinciis,
3092 5525 3273 5563 verum
3312 5518 3563 5564 extremo
3603 5509 3790 5564 orbis

2159 5575 2330 5632 limite
2378 5575 2750 5642 conﬂuentes]
2804 5586 2858 5633 et
2903 5578 3182 5634 adversum
3237 5594 3366 5633 suos
3403 5579 3792 5634 adversarios

2157 5659 2573 5719 conquerentes.
2614 5647 2770 5715 Quod
2808 5647 3049 5719 profecto
3088 5649 3394 5719 nullatenus
3431 5648 3785 5717 accidisset,

2154 5718 2464 5844 sitqulocis
2500 5718 2778 5790 integritas
2813 5718 2918 5775 vel
2955 5720 3216 5776 severitas
3245 5718 3490 5791 judicum
3529 5719 3779 5777 ﬂoruis-

2154 5801 2210 5844 se
2239 5828 2252 5844 .
2325 5804 2448 5844 ean.

2152 5801 2252 5846 θοι.
2281 5801 2448 5846 FORN.
