3988 6178
217 295 326 352 7ὐ5

1464 290 1826 350 VARIARUM
1866 291 2069 348 LIBER
2106 291 2196 348 Vll

3403 293 3506 351 706

213 408 404 469 omnia
430 406 508 464 sic
535 421 697 478 agere
722 406 929 474 nitaris,
954 405 1408 477 quemadmodum
1433 422 1534 463 nos
1561 407 1657 462 tibi
1685 421 1817 477 prte-
1843 415 1890 470 Α
1919 405 2142 463 mercia.
2168 405 2399 460 Praestas
2427 404 2728 462 ementibus
2769 403 2836 461 de
2866 405 3040 476 pretio
3075 419 3208 475 suo;
3238 415 3294 463 et
3320 407 3508 476 gratiae

216 502 428 557 stitissc
450 498 757 568 cognoscis.
789 498 865 552 De
887 498 1146 568 proximis
1174 505 1300 552 vota
1329 497 1665 553 causantium
1693 512 1815 552 sus—

216 593 495 648 tinemus:
528 591 653 645 inde
703 597 883 644 autem
914 590 1056 644 ultro
1079 589 1418 660 requirimus,
1450 588 1592 644 unde
1619 588 1687 644 ad
1719 605 1818 644 nos

219 683 444 740 difﬁcile
470 681 642 737 veniri
683 696 844 752 posse
872 681 1152 736 sentimus.
1206 681 1384 736 Habes
1421 697 1540 752 qua:
1572 689 1623 736 te
1651 681 1815 736 deco-

215 793 348 833 rare
376 775 632 842 debeant,
659 774 706 828 si
737 782 792 828 tu
836 781 1016 828 tamen
1047 773 1119 827 ibi
1163 772 1494 828 conscientia
1531 770 1818 827 defaecatus

217 866 532 923 adveneris.
582 864 811 919 Militum
860 863 956 919 tibi
1001 879 1257 918 numerus
1307 862 1504 918 nostris
1532 863 1698 918 servit
1725 877 1817 918 ex-

216 959 427 1030 pensis.
461 954 725 1012 Redderis
764 955 904 1010 inter
931 970 1080 1008 arma
1109 954 1356 1024 geniatus
1381 971 1394 1006 :
1425 953 1698 1024 processio
1731 962 1818 1008 tua

216 1047 610 1119 procinctualis
633 1055 856 1102 ornatus
876 1054 978 1101 est.
1010 1045 1264 1101 Exercitu
1295 1046 1461 1100 uteris
1480 1053 1696 1116 pacato,
1720 1061 1820 1101 nec

217 1139 468 1209 pericula
495 1137 622 1192 belli
663 1136 830 1203 subis,
875 1144 930 1191 et
958 1151 1230 1192 armorum
1278 1132 1476 1206 pompa
1522 1135 1816 1190 decoraris.

219 1227 426 1283 Verum
477 1229 620 1282 inter
660 1227 775 1282 haac
821 1227 1032 1282 civilem
1079 1227 1256 1296 cogita
1302 1226 1660 1296 disciplinam.
1700 1225 1820 1282 Non

221 1316 514 1389 permittas
541 1314 739 1370 milites
765 1329 885 1370 esse
913 1314 1318 1385 possessoribus
1361 1315 1673 1372 insolentes.
1706 1315 1819 1370 An-

222 1425 402 1466 nonas
427 1425 554 1466 suas
578 1409 678 1464 sub
703 1408 1080 1464 moderatione
1118 1409 1448 1480 percipiant;
1497 1409 1673 1464 causis
1711 1424 1820 1465 non

223 1503 563 1558 misceantur
615 1501 906 1557 extraneis.
967 1500 1072 1556 Pro
1127 1501 1418 1557 securitate
1472 1515 1531 1556 se
1578 1500 1821 1555 omnium

223 1605 523 1670 cognoscat
573 1597 825 1664 electum,
865 1597 955 1667 qui
999 1611 1060 1652 se
1098 1596 1362 1665 gloriatur
1408 1594 1610 1650 habere
1645 1608 1822 1649 arma-

225 1701 368 1747 tum.
398 1687 684 1756 Privilegia
732 1685 1005 1756 dignitatis
1053 1693 1159 1740 tuae
1185 1700 1286 1740 nec
1336 1683 1588 1740 volumus
1632 1684 1818 1750 minui,

1921 508 2024 553 tuae
2050 497 2262 569 prolicit
2290 495 2434 567 quod
2458 496 2644 552 avidus
2675 507 2944 552 mercator
2969 499 3216 568 acquirit.
3235 497 3340 554 Sed
3371 499 3512 554 inter

1918 587 2319 657 imo-praeclara
2350 587 2560 656 fastigia
2591 587 2850 657 optimum
2878 603 2999 647 esse
3048 589 3284 659 judicem
3329 591 3508 658 decet,

1918 681 2136 752 quando
2164 695 2223 735 se
2249 695 2354 735 non
2387 688 2567 750 potest
2597 679 2868 744 occulere,
2901 679 2989 748 qui
3020 680 3158 734 inter
3203 678 3514 748 frequentes

1917 773 2145 843 populos
2173 772 2517 840 cognoscitur
2539 771 2804 828 habitare.
2828 770 3051 826 Factum
3086 782 3232 826 tuum
3263 773 3366 827 erit
3395 789 3516 828 ser-

1919 881 2008 921 mo
2038 865 2290 929 civitatis,
2317 863 2442 916 dum
2473 877 2570 932 per
2595 877 2689 917 ora
2713 861 2880 916 fertur
2901 861 3085 931 populi
3107 861 3250 930 quod
3280 877 3309 916 a
3334 861 3514 931 judice

1920 956 2208 1026 contigerit
2236 955 2463 1010 actitari.
2499 953 2673 1008 Habet
2727 953 2988 1008 ultionem
3037 969 3188 1008 suam
3238 954 3514 1010 hominum

1920 1047 2242 1116 frequentia,
2274 1047 2316 1100 si
2345 1046 2532 1114 loquar
2561 1044 2696 1117 [alii,
2730 1043 3039 1114 loquantur]
3085 1045 3338 1111 adversa;
3364 1054 3419 1100 et
3448 1045 3518 1100 de

1916 1137 2099 1207 judice
2121 1135 2381 1204 judicium
2413 1149 2530 1188 esse
2558 1133 2816 1198 creditur,
2864 1133 3008 1201 quod
3051 1134 3232 1188 multis
3260 1135 3518 1204 astipula-

1923 1229 2159 1284 tionibus
2188 1235 2528 1297 personatur.
2559 1222 2777 1289 Contra,
2803 1225 2930 1292 quid
2960 1225 3151 1280 melius
3180 1241 3338 1296 quam
3368 1227 3516 1281 illum

1921 1319 2182 1390 populum
2212 1327 2423 1388 gratum
2475 1319 2764 1388 respicere,
2816 1319 2902 1373 cui
2949 1322 3289 1388 cognosceris
3335 1321 3521 1391 pncsi-

1923 1410 2091 1466 dere?
2136 1409 2304 1476 Quale
2345 1417 2429 1465 est
2476 1408 2674 1480 perfrui
2706 1408 2892 1465 favore
2936 1411 3246 1476 multorum,
3297 1419 3350 1467 et
3401 1413 3520 1468 illas

1923 1515 2087 1556 voces
2115 1499 2384 1570 accipere,
2430 1514 2564 1568 quas
2592 1507 2647 1554 et
2675 1499 2970 1554 clementes
2999 1500 3248 1556 dominos
3289 1501 3522 1557 delectat

1924 1592 2144 1648 audire!
2172 1591 2282 1647 Nos
2314 1592 2406 1646 tibi
2438 1589 2758 1661 proﬁciendi
2792 1592 3073 1670 materiam
3105 1591 3294 1648 (lamus
3328 1610 3342 1647 :
3374 1601 3525 1648 tuum

1925 1696 2010 1742 est
2037 1687 2115 1742 sic
2162 1698 2352 1755 agere,
2401 1693 2464 1740 ut
2499 1700 2596 1740 sua
2644 1683 2905 1741 beneficia
2950 1685 3248 1756 principem
3294 1687 3529 1744 delectet

226 1795 331 1836 nec
364 1779 618 1850 jubemus
657 1776 866 1833 excedi.
927 1772 1172 1830 Sufficiat
1219 1774 1314 1829 tibi
1364 1781 1571 1828 tantum
1610 1785 1819 1842 gerere,
1858 1789 1900 1848 Β
1926 1791 2143 1846 augere.

225 1876 494 1941 quantum
542 1867 856 1924 decessores
905 1873 1029 1923 tuos
1078 1863 1384 1922 constiterit
1431 1862 1822 1920 rationabiliter

227 1962 498 2019 effecisse.

429 2132 617 2188 XXIII.
652 2148 899 2190 FOIWULL
927 2149 1199 2190 COII‘I‘IVE
1229 2149 1635 2189 murmurum.

302 2263 458 2318 Inter
483 2271 678 2319 cmtera
728 2262 1010 2319 vetustatis
1054 2261 1296 2329 inventa,
1349 2269 1406 2318 et
1453 2260 1825 2317 ordinatarum

227 2371 417 2412 rerum
448 2353 783 2424 obstupenda
828 2354 1118 2426 praeconia,
1172 2353 1278 2410 hoc
1326 2353 1536 2409 cunctis
1581 2350 1828 2408 laudibus

229 2455 478 2503 meretur
505 2445 706 2512 eilerri,
739 2445 885 2515 quod
933 2445 1265 2501 diversarum
1311 2444 1590 2500 civitatum
1631 2442 1829 2499 decora

231 2537 404 2594 facies
434 2537 576 2607 aptis
603 2536 1156 2593 administrationibus
1200 2536 1414 2592 videtur
1441 2535 1642 2600 ornari,
1689 2541 1750 2589 ut
1776 2539 1833 2588 et

235 2637 542 2686 conventus
571 2628 832 2685 nobilium
860 2628 1180 2690 occursione
1207 2627 1411 2684 celebri
1435 2627 1736 2697 colligatur,
1777 2631 1833 2680 et

235 2734 528 2774 causarum
577 2718 708 2775 nodi
750 2719 888 2789 juris
914 2719 1308 2789 disceptatione
1351 2715 1834 2774 solvantur.‘Unde

236 2826 336 2869 nso
361 2825 584 2880 quoque
609 2825 717 2866 non
763 2811 1027 2866 minorem
1054 2811 1282 2880 gloriam
1321 2809 1522 2866 habere
1548 2808 1834 2879 cognosci-

237 2915 384 2965 mur,
416 2901 510 2970 qui
542 2899 680 2956 facta
709 2908 956 2956 veterum
983 2900 1176 2956 annuis
1222 2899 1653 2956 solemnitatibus
1681 2898 1837 2953 inno-

237 3003 457 3043 vamus.
479 2988 612 3044 Nam
643 2989 769 3060 quid
802 2988 1082 3060 prodesset
1109 2990 1407 3055 inventum,
1435 2990 1481 3044 si
1510 3004 1618 3044 non
1647 2986 1838 3042 fuisset

238 3078 441 3149 iugiter
469 3081 834 3136 custoditum?
878 3078 1092 3136 Exeunt
1133 3097 1163 3136 a
1193 3082 1347 3138 nobis
1376 3080 1662 3150 dignitates
1690 3080 1837 3134 relu-

1943 1886 2132 1946 XXIV.
2162 1905 2409 1947 FOBIULA
2441 1907 2740 1947 BONORATIS
2767 1906 3168 1947 rosssssonmus
3209 1906 3278 1946 nr
3315 1905 3503 1946 cunu-

2286 1977 2437 2016 LIBUS
2464 1978 2726 2017 CIVITATIS
2751 1977 3160 2017 NEAPOLITAN/E.

1995 2047 2217 2105 Tributa
2245 2050 2464 2120 quidem
2485 2051 2642 2106 nobis
2663 2066 2840 2106 annua
2868 2052 3158 2107 devotione
3186 2050 3524 2121 persolvitis:

1922 2139 2022 2196 sed
2048 2155 2149 2196 nos
2185 2139 2394 2210 majore
2420 2140 2788 2197 vicissitudine
2815 2140 3042 2196 decoras
3073 2141 3224 2196 vobis
3252 2140 3528 2195 reddimus

1925 2231 2231 2301 dignitates,
2284 2239 2344 2287 ut
2393 2247 2493 2288 vos
2522 2232 2591 2287 ab
2622 2232 3009 2287 incursantium
3059 2232 3320 2302 pravitate
3346 2231 3532 2286 defen-

1927 2322 2058 2378 dant
2096 2323 2191 2393 qui
2237 2323 2440 2380 nostris
2478 2322 2812 2393 jussionibus
2838 2322 3225 2379 obsecundant.
3275 2319 3391 2376 Erit
3427 2337 3530 2376 no-

1928 2421 2099 2472 strum
2125 2414 2380 2484 gaudium
2403 2423 2582 2471 vestra
2607 2416 2794 2486 quies:
2818 2431 2982 2472 suave
3009 2415 3235 2482 lucrum,
3264 2416 3308 2471 si
3332 2414 3532 2471 nescia-

1933 2503 2000 2558 tis
2055 2503 2478 2559 incommodum.
2534 2503 2724 2574 Degite
2771 2505 3014 2560 moribus
3065 2505 3379 2575 compositis
3403 2543 3420 2569 ,
3472 2512 3534 2558 ut

1931 2596 2125 2653 vivatis
2170 2595 2376 2665 legibus
2422 2595 2649 2651 feriatis.
2701 2594 2840 2662 Quid
2890 2611 3028 2665 opus
3076 2604 3159 2650 est
3207 2609 3533 2664 quemquam

1933 2687 2134 2757 facere,
2164 2688 2308 2742 unde
2347 2688 2733 2758 pinnas-possit
2761 2686 3074 2742 incurrere?
3121 2686 3342 2752 Quaerat
3366 2685 3535 2754 judex

1936 2779 1989 2834 in
2019 2793 2116 2833 vos
2151 2793 2363 2843 causas,
2393 2785 2451 2833 et
2479 2793 2585 2833 non
2616 2778 2873 2832 inveniat.
2922 2776 3081 2832 Ratio
3123 2784 3302 2832 motus
3326 2784 3536 2832 vestros

1935 2880 2244 2943 componat,
2295 2872 2388 2942 qui
2435 2871 2728 2926 rationales
2753 2886 2850 2926 vos
2889 2885 3009 2925 esse
3038 2869 3381 2937 cognoscitis.
3430 2868 3537 2923 lm-

1933 2964 2118 3035 probis
2141 2963 2396 3034 judicem,
2419 2973 2614 3019 testem
2642 2963 2799 3018 bonis
2826 2963 3066 3017 moribus
3087 2961 3443 3025 destinamus,
3478 2968 3536 3014 ut

1938 3070 2100 3109 nemo
2135 3070 2195 3109 se
2221 3054 2341 3122 cogi
2371 3054 2589 3123 sentiat,
2635 3053 2738 3108 nisi
2767 3067 2928 3124 quem
2966 3052 3100 3107 ordo
3128 3051 3379 3121 legitimae
3403 3065 3539 3105 con-

239 3139 452 3240 ξκξηεε,
498 3172 651 3242 quasi
678 3187 710 3227 a
737 3172 854 3228 sole
899 3173 1035 3227 radii
1065 3173 1195 3246 [edn
1227 3187 1258 3226 a
1287 3139 1648 3241 solishdiis],
1698 3177 1758 3226 ut
1787 3170 1840 3224 in
1867 3163 1912 3224 ρ
1943 3143 2263 3199 versationis
2308 3151 2548 3199 accusat.
2582 3142 2756 3212 Atque
2806 3141 2928 3197 ideo
2976 3141 3050 3195 illi
3095 3157 3195 3197 nos
3223 3139 3534 3196 comitivam

237 3264 388 3320 orbis
416 3264 590 3318 nostri
620 3273 774 3333 parte
801 3264 1145 3335 reSplendcat
1165 3265 1432 3320 custodita
1457 3264 1686 3333 justitia.
1712 3263 1841 3320 ldeo

237 3358 387 3413 enim
423 3364 510 3411 tot
534 3345 1333 3424 emolumentorumpommoda
1363 3358 1615 3426 serimus,
1663 3356 1841 3413 utse-

236 3449 536 3504 curitatem
579 3446 985 3518 provincialium
1033 3447 1366 3516 colligamus.
1422 3447 1609 3503 Messis
1653 3456 1838 3504 nostra

239 3546 572 3597 cunctorum
601 3537 753 3606 quies
779 3545 882 3603 est,
915 3552 1074 3607 quam
1107 3552 1216 3592 non
1265 3553 1551 3608 possumus
1577 3537 1734 3592 aliter
1757 3553 1846 3592 re-

239 3630 484 3693 cordari,
526 3630 681 3701 109
707 3629 810 3684 nisi
839 3637 898 3683 ut
926 3628 1151 3698 subjecti
1195 3644 1304 3683 non
1333 3627 1616 3683 videantur
1644 3627 1846 3697 aliquid

241 3721 696 3778 irrationabiliter
721 3719 1035 3792 perdidisse.
1084 3718 1154 3773 Et
1198 3719 1320 3775 ideo
1347 3718 1414 3774 ad
1456 3719 1761 3774 comitivam
1792 3726 1845 3774 te

243 3813 666 3883 Neapolitanam
711 3827 811 3882 per
847 3811 990 3864 illam
1040 3809 1385 3866 indictionem
1415 3810 1646 3865 libenter
1674 3807 1845 3864 addu-

249 3907 452 3971 cimus,
478 3912 540 3957 ut
567 3903 742 3958 civilia
772 3903 989 3972 negotia
1018 3918 1204 3972 aequus
1233 3903 1523 3959 trutinatur
1549 3889 1846 3968 examines,

245 4003 572 4064 tantumque
600 3992 797 4048 famam
827 4003 976 4047 tuam
1004 3993 1187 4047 habita
1218 3993 1533 4047 maturitate
1553 3991 1844 4057 custodias,

247 4094 518 4155 quantum
572 4090 626 4138 te
672 4083 748 4138 illi
778 4081 979 4154 p0pulo
1022 4081 1108 4137 vel
1135 4082 1189 4136 in
1218 4081 1322 4136 levi
1352 4081 1510 4152 culpa
1558 4078 1714 4136 facile
1741 4078 1850 4134 dis-

246 4174 457 4244 plicere
485 4185 800 4241 cognoscas.
861 4171 996 4226 Urbs
1038 4177 1229 4226 ornata
1257 4170 1598 4226 multitudine
1628 4169 1845 4233 civium,

245 4264 541 4320 abundans
591 4263 814 4318 marinis
857 4264 1194 4332 terrenisque
1222 4262 1446 4328 deliciis,
1496 4269 1556 4316 ut
1598 4260 1849 4317 dulcissi-

244 4372 392 4414 mam
425 4357 595 4410 vitam
624 4363 678 4410 te
706 4354 905 4410 ibidem
952 4354 1220 4409 invenisse
1267 4351 1552 4422 dijudices,
1599 4351 1644 4407 si
1691 4349 1851 4405 nullis

243 4444 708 4502 amaritudinibus
751 4443 1050 4499 miscearis.
1100 4440 1360 4497 Praetoria
1406 4448 1497 4495 tua
1538 4439 1716 4496 officia
1763 4454 1850 4495 re-

1944 3233 2310 3304 Neapolitana:
2338 3234 2573 3290 civitatis
2602 3249 2698 3304 per
2742 3233 2884 3287 illam
2935 3231 3285 3288 indictionem
3326 3229 3539 3287 dedisse

1943 3323 2297 3390 declaramus,
2350 3332 2407 3378 ut
2436 3332 2618 3379 nostra
2645 3323 3034 3393 gubernatione
3080 3321 3346 3391 laudatus,
3395 3321 3536 3378 alte-

1938 3431 2059 3471 ram
2094 3421 2366 3469 mereatur
2403 3413 2470 3468 de
2506 3421 2693 3468 nostro
2719 3412 2922 3481 judicio
2951 3411 3288 3480 dignitatem.
3319 3407 3417 3464 Cui
3439 3425 3540 3488 vos

1948 3507 2206 3561 convenit
2227 3505 2518 3576 prudenter
2538 3505 2776 3570 obedire,
2808 3503 2932 3573 quia
2962 3512 3250 3570 utrumque
3271 3500 3539 3556 laudabile

1946 3605 2048 3664 est,
2099 3604 2159 3652 ut
2196 3597 2370 3652 bonus
2399 3596 2631 3666 populus
2670 3593 2905 3664 judicent
2934 3593 3226 3662 benignum
3269 3591 3454 3659 faciat,
3483 3599 3542 3646 et

1947 3696 2259 3744 mansuetus
2283 3686 2447 3757 judex
2479 3687 2841 3757 gratissimum
2873 3685 3133 3757 populum
3177 3683 3424 3755 :equabili
3453 3697 3542 3738 ra-

1947 3776 2096 3833 tione
2121 3783 2430 3847 componat.

2364 3887 2527 3946 XXV.
2559 3906 2805 3946 FORIULA
2837 3906 3125 3948 mLmnus.

2021 3978 2222 4036 Omnes
2259 3981 2628 4052 apparitiones
2677 3982 2836 4037 decet
2884 3982 3085 4038 habere
3125 3981 3338 4053 judices
3387 3996 3538 4038 suos.

1949 4070 2082 4126 Nam
2106 4073 2193 4127 cui
2223 4073 2417 4143 praesul
2440 4073 2710 4139 adimitur,
2740 4081 2797 4130 et
2821 4075 3008 4129 militia
3037 4074 3335 4144 denegatur
3371 4073 3538 4147 [ϐοτη

1951 4162 2131 4231 Gam.,
2182 4165 2542 4234 apparitores.
2587 4165 2684 4220 Cui
2715 4165 2911 4236 pnnsul
2955 4165 3229 4230 adimitur,
3273 4174 3328 4221 et
3355 4165 3545 4220 militia

1951 4256 2290 4328 denegatur].
2316 4256 2424 4313 Sed
2452 4273 2572 4322 nos,
2605 4259 2799 4328 quibus
2826 4257 2975 4314 cordi
3004 4265 3090 4313 est
3118 4257 3255 4313 locis
3281 4257 3393 4313 suis
3422 4258 3544 4312 uni-

1951 4362 2139 4404 versos
2167 4346 2384 4404 ordines
2411 4348 2728 4417 continere,
2771 4348 3068 4404 indicamus
3110 4347 3187 4402 illi
3230 4346 3544 4403 comitivam

1951 4436 2384 4507 Neapolitanam,
2436 4437 2549 4492 Deo
2570 4436 2814 4506 juvante,
2862 4437 3116 4505 largitos;
3169 4444 3230 4490 ut
3269 4434 3546 4505 judicibus

241 4538 428 4610 plent,
483 4535 713 4590 militum
764 4534 918 4589 turba
969 4532 1224 4588 custodit.
1281 4529 1528 4587 Considis
1577 4529 1849 4600 geniatum
1878 4547 1927 4606 υ
1953 4544 2131 4584 annua
2158 4528 2502 4584 successione
2539 4527 2824 4598 reparatis,
2869 4527 3023 4583 vobis
3070 4525 3388 4582 solemnitas
3435 4539 3545 4580 non

243 4624 402 4703 [Νίυ.
451 4635 502 4681 et
539 4624 665 4695 6a.,
701 4623 1052 4696 gemmatum]
1094 4622 1360 4691 tribunal;
1410 4621 1504 4678 sed
1554 4629 1636 4677 tot
1685 4629 1851 4678 testes

245 4717 459 4790 pateris
486 4723 622 4786 quot
651 4724 705 4772 te
733 4716 946 4787 agmina
976 4711 1313 4784 circumdare
1359 4710 1661 4781 cognoscis.
1708 4708 1852 4764 Prm-

246 4823 400 4867 terea
447 4809 629 4864 littora
684 4822 853 4878 usque
881 4806 948 4868 ad
992 4805 1318 4878 praeﬁnitum
1358 4803 1538 4860 locum
1580 4802 1704 4858 data
1729 4802 1848 4871 jus-

241 4901 406 4956 sione
430 4896 691 4955 custodis.
719 4894 846 4954 Tuae
877 4895 1138 4952 voluntati
1169 4903 1361 4966 parent
1389 4894 1675 4964 peregrina
1695 4905 1850 4947 com-

1953 4627 2144 4692 pereat
2172 4618 2420 4674 actionis.
2451 4617 2794 4689 Quapropter
2827 4617 3110 4688 designato
3141 4618 3257 4695 viro
3296 4624 3568 4689 prmstate‘

1952 4718 2325 4781 competenter
2352 4709 2690 4781 obsequium,
2743 4718 2803 4766 ut
2847 4709 2987 4766 sicut
3032 4725 3128 4766 vos
3165 4725 3275 4766 non
3312 4708 3548 4780 patimur

1953 4801 2446 4857 emolumemorum
2473 4800 2758 4857 commoda
2805 4801 3052 4872 perdere,
3102 4801 3173 4856 ita
3221 4808 3278 4856 et
3318 4813 3416 4856 vos
3446 4813 3546 4869 pa-

1954 4891 2109 4948 rendi
2134 4891 2377 4948 debeatis
2404 4893 2636 4963 priscam
2655 4884 2905 4962 'regulam
2933 4891 3228 4948 custodire.

1006 5017 2991 5039 ——M

1384 5114 1732 5202 LIBER
1805 5114 2421 5199 SEPTIMUS.

457 5323 616 5394 uo
641 5321 683 5375 l.
716 5322 739 5350 '
764 5335 1009 5376 rosluu
1041 5334 1310 5374 εοιιιτινιε
1340 5331 1654 5373 rnovnvcm.

326 5412 591 5481 Quamvis
637 5412 879 5468 omnium
920 5411 1240 5480 dignitatum
1288 5407 1467 5466 officia
1507 5423 1538 5464 a
1563 5423 1727 5465 manu
1769 5423 1856 5466 se-

339 5575 360 5595 ⁸
389 5565 451 5620 ιιι
480 5565 681 5636 Notitia
713 5566 920 5636 imperii
947 5565 1104 5622 Rom.
1134 5566 1481 5622 nominantur
1507 5578 1694 5636 comes
1717 5563 1856 5619 Afri-

244 5653 362 5706 ca,
387 5639 550 5707 Asiae,
581 5634 836 5701 Ponticae,
857 5635 1135 5707 Thraciae;
1165 5651 1349 5694 comes
1375 5637 1452 5692 rei
1482 5634 1728 5707 militaris
1755 5650 1853 5706 per

245 5703 592 5778 Egyptum;
631 5722 815 5778 comes
851 5703 1180 5778 Tingitanae;
1219 5721 1404 5766 comes
1443 5705 1641 5764 littoris
1679 5703 1852 5762 Sa'xo-

247 5775 619 5844 nici'fcomes
645 5775 874 5842 Isauriae,
901 5775 1004 5832 etc.
1041 5775 1204 5831 Fons.

1955 5312 2241 5371 cludantur
2268 5317 2499 5374 armata,
2542 5317 2597 5364 et
2623 5313 2652 5354 ιι
2687 5307 2937 5364 civilibus
2983 5304 3220 5361 vestibus
3265 5304 3550 5362 vidcantur

1963 5402 2134 5460 induti
2165 5399 2255 5471 qui
2283 5399 2675 5455 districtionem
2705 5397 2973 5470 publicam
3013 5395 3275 5452 docentur
3310 5397 3551 5467 operari,

2031 5560 2060 5602 ι⁵
2091 5559 2473 5631 Prmscriptum
2503 5558 2604 5631 fuit
2627 5559 2862 5631 vestium
2890 5571 3080 5631 genus,
3109 5557 3203 5613 lib.
3233 5573 3307 5631 iv,
3339 5556 3422 5611 tit.
3447 5556 3548 5631 _l_0,

1958 5631 2094 5688 Cod.
2135 5623 2369 5699 Theodlg,
2403 5629 2474 5699 de
2513 5629 2720 5695 habitu,
2759 5644 2868 5699 quo
2894 5623 2986 5684 ἰιιί
3024 5637 3239 5699 Oportet
3265 5623 3550 5699 _intra__lJr-

1956 5703 2103 5769 bem,
2134 5701 2171 5757 1.
2206 5701 2231 5756 l
2270 5718 2283 5755 :
2313 5695 2503 5769 Nullus
2547 5695 2860 5756 senatorum
2905 5695 3146 5755 habitum
3175 5697 3277 5769 sibi
3316 5695 3553 5769 vindicet

1962 5765 2274 5834 militarem.
2305 5767 2398 5830 sed
2437 5769 2783 5843 chlamydum
2823 5778 3030 5828 terrore
3057 5768 3328 5842 deposito,
3370 5765 3554 5839 quieta
