3988 6178
485 279 587 334 7C7

1754 289 1824 346 Μ.
1857 290 2130 348 AliRELll
2159 292 2555 355 CASSIODORI

3656 312 3763 368 708

479 401 571 490 tua
602 401 783 450 tamen
812 394 1040 466 dignitas
1063 411 1092 452 a
1123 396 1416 456 terroribus
1437 408 1677 469 ornatur,
1701 415 1821 473 qua:
1849 412 1870 437 ο
1895 403 2075 473 gladio
2101 409 2155 470 Α
2179 422 2304 464 cere
2333 411 2504 480 possit
2551 411 2816 472 inimicus.
2868 415 2978 474 Nec
3022 425 3204 475 tamen
3247 434 3376 490 spes
3410 431 3589 479 vestra
3615 425 3766 483 velut

478 480 699 551 bellico,
744 486 906 542 rebus
949 488 1111 543 etiam
1160 490 1386 559 pacatis,
1438 492 1756 562 accingitur.
1803 493 1936 550 Vide
1964 509 2073 564 quo

477 577 680 647 judicio
707 579 871 635 fueris
899 591 1140 652 evectus,
1171 583 1390 654 quando
1418 585 1536 642 aliis
1567 587 1805 656 vigorem
1846 586 2074 644 fascium

478 669 754 724 videamus
783 685 901 726 esse
931 672 1217 740 creditum,
1271 675 1365 729 tibi
1396 683 1575 732 autem
1615 677 1682 732 ah
1713 677 1842 747 ipsis
1868 678 2075 747 legibus

477 756 675 811 ferrum
705 768 917 815 constet
946 777 1066 818 esse
1115 773 1444 833 porrectum.
1498 765 1632 820 Rem
1661 776 1941 823 cruentam
1968 769 2065 823 de-

477 847 676 904 derunt
704 851 886 906 animo
908 862 1122 922 pacato,
1151 863 1211 908 ut
1239 863 1294 910 et
1317 857 1464 911 noxii
1494 858 1718 912 nimium
1745 867 2070 925 metuerent,

476 947 532 994 et
561 940 587 978 δ
620 940 730 994 laesi
761 941 829 996 de
863 951 1047 1013 optata
1077 945 1283 1002 ultione
1329 947 1647 1016 gauderent.
1699 949 1914 1021 Alioqui
1954 951 2072 1007 cul-

478 1041 740 1100 parentur
765 1033 994 1102 priores,
1027 1035 1074 1088 si
1115 1042 1410 1106 temperata
1441 1039 1621 1093 omnia
1652 1055 1761 1094 non
1795 1039 2070 1095 fecissent.

476 1121 582 1176 Sed
611 1139 732 1177 cum
763 1132 814 1180 te
841 1125 1106 1195 intelligas
1135 1127 1201 1182 ad
1226 1128 1569 1184 moderamen
1599 1130 1851 1194 electum,
1879 1132 2071 1186 huma-

477 1231 603 1268 num
634 1213 789 1270 facile
831 1233 938 1271 non
968 1219 1321 1289 concupiscas
1350 1220 1594 1276 exitium.
1648 1220 1794 1276 Reus
1822 1221 1915 1291 qui
1945 1221 2073 1278 dici-

477 1316 582 1369 tur,
631 1316 685 1360 et
728 1309 1005 1377 probetur.
1056 1308 1206 1364 Scito
1253 1311 1508 1380 puniendi
1557 1312 1854 1367 remedium
1883 1311 2069 1366 datum

475 1399 570 1452 tibi
603 1415 699 1468 pro
725 1400 899 1454 salute
928 1401 1237 1456 multorum.
1273 1402 1435 1457 Arma
1487 1404 1588 1458 ista
1614 1402 1754 1473 juris
1782 1411 1926 1470 sunt,
1959 1419 2069 1459 non

474 1489 690 1547 furoris.
726 1490 850 1548 Haec
877 1495 1170 1549 ostentatio
1216 1495 1464 1550 nimirum
1511 1505 1594 1551 est
1637 1504 1828 1552 contra
1877 1497 2069 1552 noxios

473 1581 740 1649 instituta,
788 1592 844 1638 ut
872 1584 992 1654 plus
1020 1593 1196 1640 terror
1226 1587 1461 1656 corrigat
1488 1602 1648 1656 quam
1677 1602 1837 1658 pmna
1867 1602 2064 1643 consu-

472 1682 604 1730 mat.
638 1674 756 1730 Non
806 1677 949 1730 enim
996 1677 1206 1745 cogitur
1253 1677 1396 1732 ferro
1443 1678 1721 1734 succidere
1764 1679 2060 1743 robustam,

2178 497 2470 557 fastiditate
2498 503 2794 573 deseritur;
2823 523 2947 563 nam
2988 511 3034 564 si
3074 511 3216 567 bene
3242 514 3643 583 provinciarum
3666 519 3764 575 ad-

2177 589 2664 650 ministrationibus
2684 597 2996 666 praasidetis,
3017 599 3254 656 honores
3280 617 3378 658 vos
3405 605 3766 675 amplissimos

2174 693 2397 750 Sperare
2422 682 2568 752 leges
2609 685 2804 742 merito
2848 700 3194 746 censuerunt.
3227 689 3381 750 Unde
3411 693 3524 764 jam
3545 698 3768 756 videtur

2173 788 2315 845 pene
2341 774 2601 844 debitum,
2631 779 2775 850 quod
2809 781 2965 838 vobis
2994 798 3023 837 a
3051 791 3201 839 tanta
3248 789 3574 848 auctoritate
3621 793 3764 851 ultro

2175 866 2416 922 noscitur
2434 867 2600 926 fuisse
2628 872 2950 940 promissum
2988 871 3105 947 [σν.
3136 885 3186 931 ει
3211 875 3354 950 Cuj.,
3389 880 3533 949 Con,
3563 881 3690 940 Νξυ.
3713 894 3765 942 α

2177 954 2353 1025 Gam.,
2385 959 2705 1033 provisum].

2573 1155 2639 1213 ll.
2683 1172 2928 1214 rouuu
2973 1175 3330 1219 rnssma'rus.

2241 1284 2540 1343 Prudenter
2580 1290 2904 1347 omnimodis
2941 1292 3175 1364 inspexit
3211 1297 3503 1368 antiquitas
3542 1303 3768 1372 provin-

2169 1379 2374 1434 ciarum
2403 1379 2692 1449 dignitates
2720 1398 2896 1438 annua
2923 1387 3266 1442 successione
3294 1395 3556 1461 reparari,
3585 1405 3647 1450 ut
3666 1412 3770 1454 nec

2167 1469 2371 1526 diutina
2403 1481 2670 1542 potestate
2700 1490 2837 1529 unus
2857 1476 3230 1546 insolesceret,
3253 1489 3309 1536 et
3328 1484 3621 1541 multorum
3648 1504 3771 1559 pro-

2166 1569 2355 1617 vectus
2401 1563 2595 1633 gaudia
2651 1566 2971 1636 reperirent.
3022 1568 3230 1626 Sullicit
3272 1573 3416 1630 enim
3474 1577 3765 1650 unicuique

2166 1653 2476 1711 discessisse
2525 1655 2826 1740 laudatum,
2875 1660 3002 1729 quia
3047 1661 3174 1718 dum
3225 1670 3435 1738 tempus
3485 1676 3771 1740 potestatis

471 1765 561 1832 qui
591 1765 766 1821 adhuc
791 1773 1029 1821 teneram
1054 1767 1232 1822 verbis
1256 1778 1442 1822 curvat
1463 1770 1760 1824 audaciam.
1777 1768 1958 1824 Civilis
1980 1779 2050 1824 est

2167 1750 2436 1820 prolixum
2457 1751 2732 1820 quaeritur,
2756 1752 3030 1824 culparum
3053 1758 3342 1827 opprobria
3371 1777 3482 1816 non
3502 1763 3764 1821 vitantur.

471 1871 640 1924 pavor
665 1855 790 1924 iste,
822 1873 928 1912 non
957 1858 1203 1926 bellicus,
1234 1875 1395 1929 quem
1419 1868 1475 1913 tu
1504 1860 1583 1914 sic
1610 1859 1777 1914 facies
1805 1875 1924 1915 esse
1952 1860 2063 1929 glo-

471 1946 693 2014 riosum,
744 1949 789 2002 si
837 1948 1037 2003 habere
1081 1965 1188 2004 non
1237 1951 1500 2019 probetur
1531 1965 1830 2006 excessum.
1881 1949 2060 2007 Habes

471 2039 632 2094 etiam
663 2049 718 2094 ει
746 2039 968 2110 ferrum,
1008 2040 1353 2096 nihilominus
1400 2040 1762 2097 incruentum.
1793 2040 2061 2096 Claudan—

471 2139 557 2185 tur
581 2119 809 2187 nexibus
830 2140 1168 2201 catenarum,
1189 2147 1326 2203 quos
1346 2132 1546 2188 levium
1575 2133 1856 2188 criminum
1883 2133 2062 2204 pulsat

469 2220 690 2276 invidia.
733 2221 1030 2279 Cunctator
1057 2239 1177 2280 esse
1207 2224 1390 2294 debet,
1411 2226 1504 2296 qui
1527 2225 1731 2297 judicat
1766 2225 1836 2282 de
1862 2227 2056 2282 salute.

468 2315 585 2370 Alia
625 2318 894 2372 sententia
941 2326 1121 2388 potest
1156 2320 1374 2390 corrigi,
1412 2331 1434 2359 ο
1467 2321 1534 2377 de
1592 2322 1701 2376 vita
1731 2331 2059 2380 transactum

467 2419 574 2460 non
604 2407 810 2476 patitur
838 2406 1130 2463 immutari.
1157 2409 1318 2480 Signa
1371 2418 1461 2466 tua
1501 2411 1783 2468 abactores
1814 2412 2058 2479 timeant,

466 2495 612 2553 fures
654 2508 986 2569 pavescant,
1036 2501 1273 2558 latrones
1324 2503 1699 2573 perhorreant.
1745 2501 2060 2574 [innocentia

465 2598 674 2644 tantum
697 2590 816 2645 laeta
846 2592 1122 2661 respiciat,
1154 2593 1280 2647 dum
1312 2594 1411 2648 sibi
1442 2594 1640 2649 auxilia
1685 2595 1895 2650 venisse
1935 2610 2060 2652 cre-

464 2679 562 2747 dit,
593 2697 712 2752 quae
754 2681 930 2752 legum
960 2683 1241 2754 disciplina
1271 2686 1588 2741 transmisit.
1635 2686 1806 2742 Nemo
1847 2687 2060 2744 redem-

464 2771 740 2842 ptionibus
769 2781 920 2829 tuum
949 2775 1090 2831 velle
1111 2775 1380 2832 deﬂectat.
1413 2775 1632 2832 Gladius
1675 2779 2056 2847 contemnitur,

465 2863 556 2918 ubi
588 2879 777 2919 aurum
801 2867 1089 2938 suscipitur
1118 2865 1289 2941 [Niv.,
1325 2868 1500 2937 (iam,
1545 2870 1814 2926 conditur.
1841 2868 2060 2927 Gladius

463 2957 847 3024 contemnitur,
883 2960 972 3014 ubi
1001 2975 1189 3014 aurum
1221 2959 1556 3032 suscipitur].
1584 2961 1665 3016 Tu
1709 2969 1764 3018 te
1792 2963 2058 3019 inermem

463 3046 663 3112 reddis,
709 3048 756 3102 si
801 3064 831 3103 a
860 3049 1003 3104 virili
1031 3051 1212 3106 animo
1242 3051 1534 3121 cupiditate
1565 3052 1872 3109 recesseris.
1907 3050 2056 3119 Quo-

2165 1843 2260 1898 llla
2290 1844 2434 1898 enim
2464 1844 2549 1899 vel
2578 1845 2631 1899 in
2654 1844 2918 1901 brevitate
2944 1845 3213 1904 declinare
3234 1851 3479 1908 mirabile
3501 1863 3606 1924 est,
3636 1856 3768 1914 dum

2159 1937 2473 2007 frequenter
2501 1948 2557 1993 et
2581 1939 2664 1993 his
2691 1939 3016 2010 subripiunt,
3048 1942 3138 2012 qui
3165 1958 3197 1997 a
3225 1943 3458 2001 fascibus
3486 1947 3586 2002 sub
3612 1950 3767 2006 velo-

2159 2028 2325 2082 citate
2349 2027 2653 2086 discedunt.
2682 2027 2871 2086 Annus
2900 2032 3186 2089 universus
3223 2044 3280 2090 et
3323 2036 3392 2091 ad
3436 2038 3766 2098 declaranda

2159 2122 2502 2177 conscientiae
2527 2123 2667 2178 bona
2694 2122 2912 2192 suflicit,
2937 2132 2992 2180 et
3015 2125 3224 2183 facilius
3263 2143 3324 2185 se
3361 2131 3429 2186 ab
3453 2145 3637 2190 errore
3664 2150 3765 2190 cu-

2159 2214 2347 2270 stodit.
2421 2214 2505 2270 Sit
2555 2216 2609 2270 in
2659 2225 2845 2273 vestro
2909 2221 3189 2290 proposito
3241 2222 3765 2285 administrationem

2160 2307 2318 2361 unius
2342 2307 2470 2361 anni
2497 2308 2795 2378 suscipere,
2825 2319 3070 2366 nostrum
3119 2320 3202 2368 est
3243 2316 3577 2373 merentibus
3625 2326 3761 2374 tem-

2158 2413 2261 2469 pus
2295 2411 2512 2467 augere,
2545 2399 2679 2468 quia.
2707 2415 2816 2456 non
2844 2398 3003 2457 facile
3024 2417 3308 2460 removere
3336 2407 3584 2477 cupimus
3623 2425 3764 2480 quos

2153 2487 2332 2560 iustos
2359 2504 2478 2545 esse
2505 2490 2783 2546 sentimus.
2808 2490 3034 2560 Idcirco,
3059 2497 3485 2554 conversationis
3512 2508 3616 2554 tua:
3639 2517 3762 2556 mo-

2159 2579 2309 2635 ribus
2337 2580 2564 2646 invitati,
2596 2596 2695 2652 per
2730 2580 2875 2637 illam
2904 2582 3253 2641 indictionem
3281 2589 3625 2658 prtesidatum
3665 2593 3762 2650 tibi

2161 2673 2216 2728 in
2246 2674 2333 2729 illa
2361 2674 2658 2746 provincia,
2695 2675 2928 2747 propitia
2970 2675 3279 2744 Divinitate,
3310 2681 3673 2752 concedimus,
3703 2693 3762 2740 ut

2157 2769 2239 2824 sic
2258 2767 2458 2824 debeas
2483 2781 2644 2837 agere
2671 2768 3122 2839 quemadmodum
3153 2771 3307 2828 nobis
3327 2787 3608 2844 possessor
3639 2789 3764 2846 gra-

2161 2861 2264 2916 tias
2305 2875 2428 2915 cum
2481 2859 2695 2915 tributis
2749 2860 2998 2916 videatur
3041 2862 3343 2919 exsolvere.
3403 2864 3761 2924 Decessorum

2157 2954 2299 3010 bona
2345 2955 2593 3025 exempla
2645 2969 2908 3026 sequere;
2951 2971 2980 3010 a
3012 2957 3328 3015 vitiosornm
3379 2967 3433 3018 te
3460 2961 3761 3021 imitatione

2157 3047 2432 3118 disjunge;
2457 3061 2564 3103 non
2594 3054 2813 3118 putetur
2832 3047 3010 3104 omnis
3031 3047 3059 3086 ά
3086 3051 3420 3107 consuetudo
3443 3053 3760 3124 probabilis.

463 3136 605 3192 circa
637 3153 734 3208 per
763 3139 1110 3196 indictionem
1141 3141 1286 3196 illam
1315 3143 1580 3198 comitivze
1610 3143 1703 3197 tibi
1727 3143 1780 3197 in
1807 3143 1897 3198 illa
1928 3159 2056 3214 pro-
2082 3158 2126 3219 ο
2157 3139 2388 3196 Cautum
2418 3140 2579 3196 debet
2607 3139 2834 3194 reddere
2871 3155 2981 3195 non
3010 3154 3296 3210 sequacem
3336 3157 3490 3198 error
3527 3144 3762 3203 alienus.

461 3229 639 3284 vincia
672 3231 955 3286 tribuimus
982 3233 1324 3301 dignitatem:
1379 3241 1438 3288 ut
1465 3233 1531 3289 ad
1561 3234 1744 3290 titulos
1774 3242 1896 3290 tuos
1923 3249 2052 3306 per-

462 3321 688 3376 tinentia
730 3322 985 3377 civilitate
1028 3327 1209 3394 potius
1250 3325 1534 3381 laudabilis
1562 3326 1903 3396 exsequaris;
1951 3341 2064 3396 nec.

459 3411 752 3481 quidquam
783 3430 1079 3484 prmsumas
1103 3415 1300 3480 facere,
1335 3416 1439 3471 nisi
1468 3416 1614 3486 quod
1643 3418 1885 3488 privatus
1920 3431 2050 3488 pos-

458 3503 534 3558 sis
580 3504 787 3575 legibus
831 3507 1121 3562 vindicare.
1175 3507 1292 3578 ipsa
1342 3517 1426 3565 est
1454 3510 1595 3565 enim
1638 3518 1788 3566 recta
1818 3509 2051 3564 admini-

457 3596 670 3662 stratio,
719 3612 839 3666 qua:
884 3607 939 3653 et
987 3600 1102 3654 sine
1145 3608 1416 3670 potestate
1442 3599 1766 3668 defenditur,
1817 3609 1878 3656 ut
1923 3609 2052 3656 tunc

457 3691 717 3761 probetur
743 3691 908 3748 fuisse
930 3693 1128 3762 justus,
1161 3693 1376 3766 quando
1412 3693 1463 3750 ei
1506 3707 1626 3766 quae
1671 3693 1878 3750 mavult
1904 3692 2046 3765 obji-

451 3915 770 3972 coloborum
809 3929 873 3970 ac
909 3912 1227 3984 penuiarnm
1266 3913 1450 3970 induat
1495 3913 1836 3970 vestimenta.
1901 3911 2038 3969 Cum

449 3998 635 4041 autem
657 3985 744 4040 vel
771 3993 1086 4054 conventus,
1106 3993 1238 4052 etc.,
1257 3993 1495 4054 togatum
1513 3985 1760 4040 eumdem
1781 3986 2041 4040 interesse

457 4055 720 4124 iubemus.
781 4053 986 4123 Nempe
1025 4053 1112 4108 hic
1151 4053 1362 4109 habitus
1400 4062 1484 4110 est
1521 4055 1713 4121 civilis,
1754 4070 1862 4124 quo
1900 4055 2039 4109 intra

507 4126 676 4186 rbem,
719 4132 773 4178 et
811 4133 964 4177 extra
1003 4133 1178 4178 castra
1216 4127 1626 4195 magistratuum
1666 4127 1740 4180 uti
1781 4126 2046 4180 constitu-

454 4205 566 4248 tum
608 4204 744 4266 erat,
783 4195 939 4262 cujus
976 4195 1180 4266 mentio
1219 4196 1273 4250 in
1308 4196 1527 4266 antiqua
1567 4195 1667 4252 fori
1707 4195 2046 4266 Trajaniin-

453 4265 751 4345 scriptione
789 4272 873 4345 est
914 4282 926 4318 :
969 4263 1382 4345 Statuam_poni
1422 4263 1608 4345 habitu
1648 4263 1886 4345 civili'in
1925 4265 2044 4345 foro

446 4336 560 4407 divi
600 4334 815 4407 'l_‘rajani
855 4334 1332 4407 pecuniapublica
1380 4338 1609 4392 censuit.
1653 4336 1769 4393 Huc
1809 4337 2046 4407 pertinet

451 4405 492 4461 l.
525 4405 826 4478 7,7]isdem,
857 4405 919 4461 C.
947 4407 1009 4460 de
1038 4405 1218 4461 adroc.
1249 4409 1348 4462 div.
1376 4407 1496 4478 jud.
1530 4407 1696 4463 Fons.

523 4481 548 4509 ⁸
581 4477 716 4532 Hinc
743 4478 984 4548 praesidis
1009 4479 1302 4547 provinciae
1339 4476 1396 4534 et
1432 4479 1646 4534 comitis
1682 4476 2040 4533 differentiam

2158 3229 2344 3286 Prodit
2371 3231 2614 3286 stultitize
2641 3231 2875 3301 culpam,
2907 3231 2999 3300 qui
3022 3233 3266 3300 sequitur
3293 3244 3619 3291 accusatum.
3651 3235 3762 3296 Sed

2159 3322 2289 3378 illud
2317 3323 2511 3378 melius
2535 3321 2770 3391 eligitur,
2800 3319 2940 3376 unde
2966 3321 3300 3392 prtesidentis
3322 3324 3506 3394 Opinio
3533 3325 3634 3380 sub
3657 3326 3761 3380 ad-

2157 3416 2556 3472 ministratione
2579 3415 2849 3471 laudatur.
2881 3414 3109 3487 Respice
3136 3418 3352 3486 quantis
3383 3418 3453 3474 sit
3481 3421 3761 3489 provincia

2157 3508 2318 3580 plena
2343 3507 2632 3564 nobilibus.
2683 3507 2863 3563 [labes
2891 3509 2983 3577 qui
3012 3517 3069 3564 ει
3095 3509 3235 3564 bene
3282 3509 3430 3581 loqui
3462 3511 3532 3567 de
3573 3523 3626 3567 ιε
3663 3512 3755 3568 de-

2156 3598 2340 3668 beant,
2371 3609 2426 3655 et
2465 3600 2727 3670 derogare
2756 3609 3103 3671 praasumant,
3151 3601 3278 3672 quia
3324 3603 3468 3659 nulla
3513 3613 3760 3675 potestas

2155 3701 2259 3761 εει,
2290 3707 2410 3765 quae
2446 3691 2760 3764 qualitatem
2787 3689 2944 3750 fama
2975 3707 3086 3749 sum
3105 3691 3172 3749 de
3200 3708 3296 3750 ore
3323 3693 3601 3751 hominum
3629 3712 3760 3768 pos-

2147 3911 2210 3983 L.
2255 3911 2364 3978 20,
2405 3911 2473 3968 Si
2515 3912 2790 3980 vindicari,
2833 3912 2896 3968 C.
2925 3911 3023 3983 De
3064 3913 3214 3971 Pam.
3249 3916 3288 3972 l.
3335 3916 3408 3983 Β,
3460 3916 3540 3974 De
3566 3919 3759 3981 Ρωιι..

2147 3982 2283 4046 Cic.,
2313 3999 2412 4054 pro
2443 3983 2604 4054 Rosc.
2639 3984 2853 4049 Amen;
2905 3982 3094 4050 Arist.,
3137 3982 3410 4042 Problem.
3439 4005 3454 4042 :
3502 3988 3758 4054 Ἕκαστος

2148 4057 2289 4136 ἡμῶν
2315 4050 2500 4136 item?»
2534 4050 2594 4136 ᾂλι
2623 4055 2891 4136 «pallam:
2927 4063 3015 4136 tot?
3058 4055 3361 4136 ordinemve:
3405 4050 3758 4136 ὀιπθιξιιοφιῖσ-ιειιζ

2146 4129 2284 4189 σθαι,
2313 4129 2380 4187 ὡς
2409 4128 2498 4204 of»:
2523 4125 2710 4204 ἀδιξεῗ,
2799 4132 2894 4204 ηερ
2936 4133 3005 4204 ptri
3046 4126 3346 4188 ἀδικοῦντος
3387 4125 3756 4204 καταῷηᾷιίσι-

2146 4200 2285 4272 qam,
2309 4199 2376 4272 ὡς
2398 4195 2580 4272 ἀδικεῖ.
2605 4194 2762 4262 Quod
2791 4195 2836 4272 si
2859 4195 2910 4249 in
2929 4194 3255 4272 alterutram
3284 4206 3491 4268 partem
3522 4194 3758 4272 peccan-

2145 4265 2273 4321 dum
2321 4267 2409 4332 sit,
2467 4267 2627 4335 longe
2672 4267 2877 4335 aequius
2921 4265 3084 4322 fuerit
3129 4265 3418 4325 nocentem
3467 4265 3758 4332 absolvere

2145 4349 2306 4404 quam
2328 4337 2678 4413 damnare_ac
2716 4335 3328 4413 perdereinnocentem.
3356 4339 3488 4396 illud
3528 4344 3757 4413 quidem

2143 4415 2429 4478 peccatum
2454 4416 2556 4473 est,
2598 4407 2704 4478 hoc
2729 4422 2860 4462 vero
2881 4407 3054 4478 etiam
3086 4408 3355 4478 impietas,
3399 4420 3458 4466 ut
3481 4407 3566 4468 ei
3592 4413 3756 4469 Anti-
3845 4433 3856 4446 ·

2142 4476 2644 4574 phonte‘St‘qbzeus,‘
2663 4475 2985 4574 Gnomolqg.
3005 4493 3128 4565 cap.
3161 4475 3271 4571 Mi:
3297 4485 3352 4570 sf
3379 4481 3480 4574 ῥέει
3506 4506 3556 4540 τι
3577 4486 3755 4574 ᾲμαρς

451 4552 645 4624 notare
674 4541 818 4602 licet.
853 4541 1117 4624 P_i_~_.esi'des
1132 4553 1289 4624 _enim
1319 4549 1720 4620 provinciarum
1749 4563 1860 4606 non
1884 4557 2042 4604 erant

2154 4541 2268 4610 tria,
2298 4549 2360 4604 τὸ
2407 4549 2594 4609 ἀδίκως
2621 4541 3204 4624 ᾀπελῡσαιιὸσιώτέρογ,
3231 4552 3260 4611 ἦ
3279 4556 3339 4624 τὸ
3366 4553 3552 4616 ἀδίκως
3575 4541 3754 4614 simis.

447 4619 794 4686 magistratus
823 4620 1101 4673 militares.
1130 4619 1297 4675 Fons.

520 4687 549 4726 δ
579 4687 882 4742 llnmanum
913 4697 1018 4755 est,
1059 4697 1116 4742 ut
1151 4690 1355 4745 doloris
1391 4689 1689 4746 remedium
1727 4691 1798 4746 sit
1837 4690 2038 4748 inimici

442 4756 639 4831 dolor:
672 4759 798 4831 hinc
829 4760 1073 4831 vindictae
1110 4761 1362 4831 solatium
1383 4760 1710 4825 Callistrato,
1744 4763 1780 4816 Ι.
1806 4761 1898 4831 28,
1925 4761 2037 4816 Ca-

445 4829 793 4901 pitaliam,__§
839 4828 1113 4901 Famosos,
1146 4830 1221 4901 Ade
1259 4832 1462 4900 poenis;
1492 4831 1720 4901 Apuleio
1745 4873 1760 4899 ,
1819 4828 1911 4888 lib.
1954 4848 2031 4900 Ill,

445 4908 500 4952 et
531 4900 620 4952 lib.
647 4899 1080 4971 v_Metai_norph.,
1108 4899 1326 4955 ultionis
1353 4899 1623 4960 solatium.
1656 4900 1816 4968 Plin.,
1835 4904 1927 4958 lib.
1953 4899 2031 4971 ut,

436 4972 604 5042 epist.
642 4969 706 5024 14
727 4988 738 5022 :
763 4969 1052 5042 Diffugiunt
1080 4971 1244 5038 servi,
1275 4984 1500 5040 quorum
1525 4985 1712 5039 magna
1738 4988 1863 5042 pars
1885 4969 2034 5028 com;

440 5040 710 5112 prehensa
743 5049 843 5112 est,
867 5041 1050 5112 caeteri
1078 5042 1459 5112 requiruntur;
1496 5040 1821 5112 ipsepaucis
1843 5043 2034 5100 diebus

441 5123 585 5177 azgre
627 5111 957 5166 refocillatus
994 5127 1101 5165 non
1141 5112 1258 5168 sine
1296 5111 1530 5167 ultionis"
1550 5111 1744 5168 solatio
1778 5115 2030 5179 decessit,

441 5179 515 5249 ita
545 5181 696 5235 vivus
719 5181 1038 5247 vindicatus,
1057 5193 1114 5235 ut
1136 5182 1300 5237 occisi
1330 5182 1526 5238 solent.
1554 5182 1776 5249 Quintil.
1800 5184 2030 5240 declam.

440 5248 542 5303 381
575 5267 587 5302 :
621 5251 760 5304 Nihil
787 5252 994 5306 dulcius
1023 5260 1107 5306 est
1141 5253 1346 5308 ultione
1376 5253 1531 5309 laesae.
1560 5248 1751 5310 Senec.
1778 5272 1795 5309 ι
1820 5255 1888 5310 de
1913 5256 2029 5311 cle-

441 5327 612 5394 ment.
653 5337 772 5391 cap.
814 5321 877 5376 21
913 5340 925 5375 :
960 5321 1109 5394 illitio
1134 5325 1407 5394 duas‘res
1443 5332 1702 5394 praestare
1738 5326 1895 5391 solet,
1936 5334 2030 5382 aut

440 5389 694 5467 solatium
719 5389 1162 5467 111_aifertei_,
1196 5395 1288 5464 qui
1315 5389 1526 5467 accepit
1553 5395 1820 5465 injuriam,
1853 5389 1946 5451 aut
1974 5398 2028 5452 in

440 5459 707 5529 reliquum
728 5459 1095 5519 {con—nitatem.
1122 5459 1288 5520 Fonn.

515 5541 537 5569 ο
579 5531 776 5594 Aurea,
808 5542 864 5586 et
891 5533 1214 5604 Cassiodoro
1242 5536 1422 5604 digna,
1453 5546 1509 5592 et
1537 5536 1604 5592 ab
1635 5536 1755 5593 aliis
1796 5537 2030 5594 auctori-

439 5602 546 5658 bus
567 5610 795 5657 tractata
823 5604 1109 5659 sententia.
1140 5602 1384 5660 Juvenal.
1417 5616 1583 5678 satyr.
1615 5606 1687 5662 6:

959 5697 1142 5746 Meruit
1162 5709 1260 5759 quo
1284 5699 1488 5749 crimine
1514 5713 1690 5751 servus

532 5754 868 5820 Supplicium?
887 5762 997 5820 quis
1018 5762 1160 5808 tostis
1180 5754 1355 5811 adest?
1371 5764 1481 5817 auis
1502 5763 1712 5813 detulit?
1735 5765 1864 5815 audi.

433 5837 438 5842 ε
529 5815 673 5868 Nulla
697 5815 988 5878 unquam'de
1011 5833 1171 5872 morte
1193 5815 1399 5873 hominis
1419 5826 1660 5876 cunctatio
1680 5825 1826 5889 longa
1849 5834 1945 5879 est.

2149 4641 2276 4697 gat...
2287 4622 2346 4675 τὸ
2367 4622 2586 4697 μένήγᾲρ
2615 4619 2898 4697 ἁμάρτημᾴ
2917 4619 3135 4697 maga
3161 4622 3207 4678 δ’
3235 4621 3425 4686 ἀδίκως
3447 4629 3756 4697 agroagrivm

2144 4688 2400 4764 scaenas.
2449 4688 2626 4764 C_'_n_jhs_
2635 4688 2926 4764 sententia:
2967 4690 3204 4764 insigne
3223 4703 3309 4748 est
3353 4694 3494 4764 apud
3538 4695 3752 4754 Elian.

2143 4757 2574 4839 exemplum-lib.
2606 4758 2736 4815 Var.
2787 4757 2926 4815 Hist.
2963 4759 3045 4827 14,
3071 4757 3138 4817 de
3174 4757 3472 4822 Ριοιεηιξιξο
3501 4776 3557 4821 ει
3587 4767 3754 4826 Bere-

2143 4829 2284 4897 nice,
2312 4840 2416 4884 etc.
2447 4829 2686 4885 Foansn.
2914 4900 2926 4911 .

2205 4898 2238 4978 _d
2281 4898 2824 4978 Consuetudo,_id_est
2861 4901 3140 4978 tributum,
3165 4906 3222 4960 τὸ
3247 4906 3419 4978 τέλος
3448 4921 3627 4978 supr..
3651 4909 3692 4965 l.
3711 4927 3751 4976 ι,

2131 4970 2418 5052 ερίει..1ρ.
2467 4969 2836 5052 'l‘heodoricus
2882 4971 3074 5052 Boetio
3122 4969 3484 5052 res_cribensi__:_
3516 4969 3753 5036 ἈΙ-ἰήιειῖ

2131 5041 2496 5121 arinabeat
2523 5043 2940 5121 consuetudines
2963 5041 3156 5121 justas.
3197 5044 3403 5121 Rursus
3430 5047 3522 5121 lib.
3551 5066 3632 5119 ιιι,
3654 5067 3746 5121 ep.

2129 5110 2199 5164 ‘25
2225 5129 2237 5165 :
2270 5111 2510 5167 Remove
2536 5113 2956 5168 consuetudines
2979 5115 3358 5172 abominanler
3380 5110 3629 5174 inclitas:
3650 5110 3750 5177 Ju-

2131 5181 2305 5237 lianus
2335 5181 2704 5263 Misopogone,
2737 5186 3026 5263 εἰθισμέςνων
3050 5190 3295 5263 εἰςφρρῶν
3321 5191 3577 5263 rigato»,
3611 5207 3749 5263 con-

2133 5262 2409 5309 suetornm
2457 5253 2802 5322 vectigalium
2841 5255 3058 5378 1quinta.
3118 5253 3288 5323 idem,
3330 5253 3572 5340 epistola
3619 5262 3748 5330 ult.,

2134 5328 2417 5378 εἰσοίσεται
2442 5327 2569 5378 κατὰ
2597 5326 2655 5378 τὸ
2679 5323 2810 5378 ἔθος.
2887 5340 2974 5378 am
2997 5329 3334 5378 consuetudo
3365 5345 3417 5378 In
3439 5331 3748 5378 exactioni-

2134 5328 2417 5380 εἰσοίσεται
2442 5327 2569 5380 κατὰ
2597 5326 2655 5379 τὸ
2679 5323 2810 5385 ἔθος.
2841 5323 2974 5380 Nam
2997 5329 3334 5383 consuetudo
3365 5323 3417 5384 in
3439 5323 3750 5387 exactioni;

2131 5393 2235 5466 bns'
2260 5406 2315 5449 et
2341 5395 2849 5466 _tril)utis_maxiine
2884 5397 3177 5466 spectanda
3229 5406 3331 5464 est,
3381 5399 3417 5453 l.
3455 5400 3542 5461 l5,
3599 5399 3749 5465 Quo-

2131 5465 2294 5529 niam,
2325 5464 2366 5519 C
2417 5464 2644 5528 Theod.,
2678 5466 2745 5519 de
2775 5464 2950 5520 exact.
2975 5483 2989 5531 ;
3017 5466 3049 5519 Ι.
3077 5466 3166 5531 ΞΒ,
3191 5467 3447 5534 Αῖνανὶω,
3477 5469 3545 5525 dc
3565 5464 3748 5528 anno-

2135 5550 2203 5608 na
2231 5545 2288 5608 et
2328 5536 2545 5608 tribue;
2587 5534 2649 5608 (ἰ.
2695 5534 2898 5608 Tlieod.
2939 5536 2974 5589 l.
3008 5535 3098 5608 l5,
3134 5537 3507 5608 Imperatores,
3533 5540 3590 5596 in
3621 5541 3746 5604 ﬁn.,

2136 5603 2198 5682 ρ.
2232 5604 2310 5682 Qa
2330 5605 2700 5682 Pollicitgtiop.
2731 5607 2860 5682 etin
2888 5606 3177 5682 vectigal».
3198 5603 3226 5676 ,‘7
3246 5607 3286 5664 Ι.
3308 5607 3363 5679 4,
3395 5610 3434 5666 ι.
3479 5603 3533 5682 9,
3567 5603 3748 5672 Loca?

2134 5677 2224 5740 tio,
2259 5675 2286 5747 §
2319 5675 2495 5745 Paeu.,
2527 5676 2588 5732 D.
2621 5676 2694 5732 De
2715 5676 2903 5747 public.
2937 5675 3174 5734 Fokasn.
