3988 6178
231 305 343 361 πο

1547 305 1901 362 VARIARUM
1939 305 2140 361 LIBER
2181 306 2289 362 νει.

3413 306 3516 360 710

225 417 301 473 sit
332 415 566 471 auferre.
607 413 938 484 Contraque,
969 413 1176 471 fructus
1204 422 1306 481 est,
1337 414 1592 485 opinione
1629 416 1829 486 prmdi-
1857 426 1902 482 Α
1933 417 2142 472 videtur
2184 419 2378 486 quibus
2423 418 2715 475 conlinales
2767 417 2952 488 populi
2998 419 3339 489 deputantur,
3389 419 3516 490 quia

225 507 392 564 cabili
434 523 531 576 per
581 505 823 560 confines
864 505 941 559 ire
971 506 1308 575 provincias;
1355 511 1411 561 et
1466 506 1540 562 ibi
1587 504 1831 562 invenire

226 595 566 651 verissimam
591 593 828 657 laudem,
859 593 948 648 ubi
989 610 1098 650 non
1127 594 1364 663 imperas
1400 602 1689 664 potestate.
1723 595 1833 650 Ad-

227 686 396 751 ditur,
443 685 588 754 quod
635 684 1084 739 irremuneratum
1132 700 1237 739 non
1282 685 1648 755 relinquimus,
1692 685 1741 740 si
1779 693 1833 740 te

227 779 409 848 egisse
430 775 779 847 probabiliter
808 776 1103 834 audiamus.
1136 776 1308 833 Horre
1333 779 1543 848 vitium,
1572 789 1641 835 et
1675 782 1828 850 prin-

227 870 368 938 cipis
396 868 620 923 mereris
643 867 910 923 allectum.
943 868 1286 924 V'oluntatem
1321 870 1523 939 regiam
1553 870 1607 924 in
1628 871 1832 940 legibus

230 959 443 1013 babes:
493 957 598 1012 illis
654 957 988 1027 obtempera,
1039 967 1095 1013 et
1139 965 1323 1016 nostra
1364 961 1707 1029 cognosceris
1733 962 1832 1014 im-

229 1049 385 1118 plere
413 1047 689 1102 mandata.

232 1182 318 1239 ill.
363 1197 611 1238 roauuu
642 1197 912 1237 continu:
948 1199 1237 1238 oornoaun
1275 1200 1376 1238 mm
1413 1200 1662 1257 suculas
1697 1202 1828 1242 rno-

929 1270 1154 1308 VINCIAS.

301 1346 460 1410 Cum,
493 1345 603 1400 Deo
628 1345 870 1414 juvaute,
918 1345 1150 1399 sciamus
1190 1343 1397 1402 Gothos
1425 1346 1701 1401 vobiscum
1730 1346 1830 1400 ba-

229 1439 411 1493 bitare
434 1438 750 1508 permixtos,
792 1452 861 1492 ne
899 1453 1005 1506 qua
1033 1438 1174 1493 inter
1200 1447 1498 1505 consortes,
1525 1448 1586 1494 ut
1609 1441 1829 1507 assolet,

231 1531 659 1600 indisciplinatio
689 1538 1022 1594 nasceretur,
1063 1531 1425 1586 necessarium
1471 1531 1720 1587 duximus
1767 1533 1832 1586 il-

232 1626 350 1679 lum
375 1625 660 1679 sublimem
701 1624 894 1684 virum,
926 1623 1082 1679 bouis
1125 1625 1280 1680 nobis
1306 1623 1544 1679 moribus
1573 1625 1832 1681 hactenus

231 1716 668 1785 comprobatum,
724 1714 791 1769 ad
811 1729 910 1770 vos
939 1715 1189 1770 comitem
1211 1715 1481 1770 destinare
1512 1716 1603 1785 qui
1639 1731 1832 1771 secun-

1935 524 2043 562 non
2074 515 2152 562 est
2181 508 2287 562 tale
2308 510 2513 578 pacatis
2533 509 2840 578 regionibus
2869 513 3020 581 112
3041 509 3129 578 jus
3156 511 3518 581 dieere,quale

1931 583 2192 665 suspectis
2245 596 2489 664 gentibus
2539 596 2792 662 assidere,
2847 599 2936 652 ubi
2982 614 3091 652 non
3142 607 3347 654 tantum
3390 601 3518 655 vitia

1931 696 2189 758 quantum
2221 688 2360 742 bella
2390 697 2638 758 suspecta
2668 697 2819 754 sunt;
2850 704 2952 743 nec
3005 690 3178 744 solum
3231 707 3337 745 vox
3385 707 3520 761 prae-

1932 781 2083 834 conis
2112 779 2342 845 insonat,
2367 779 2461 834 sed
2492 781 2738 833 tubarum
2765 781 3002 849 crepitus
3025 779 3335 850 frequenter
3363 781 3521 836 insul-

1932 879 2027 924 tat.
2064 869 2281 924 l'lbuetiae
2303 885 2534 938 namque
2561 871 2849 924 munimina
2877 879 3003 925 sunt
3055 870 3237 935 ltalim,
3275 879 3331 926 et
3368 873 3518 927 clau-

1929 971 2038 1016 stra
2070 962 2375 1031 provinciae.
2401 959 2530 1027 Quae
2556 977 2663 1016 non
2697 962 2961 1016 immerito
2990 961 3067 1018 sic
3095 962 3362 1030 appellata
3401 978 3521 1017 esse

1931 1048 2246 1118 iudicamus,
2290 1053 2504 1122 quando
2557 1062 2746 1107 contra
2807 1051 2948 1108 feras
3013 1061 3068 1107 et
3131 1053 3519 1121 agrestissimas

1931 1152 2137 1212 gentes,
2166 1144 2314 1197 velut
2338 1144 2580 1212 quaedam
2609 1144 2883 1214 plagarum
2910 1145 3203 1210 obstacula,
3228 1144 3521 1215 disponun-

1933 1242 2036 1287 tur.
2069 1231 2146 1287 lbi
2185 1233 2326 1288 enim
2349 1235 2577 1303 impetus
2598 1235 2809 1302 gentilis
2837 1236 3119 1305 excipitur,
3151 1245 3204 1290 et
3234 1238 3519 1292 transmis-

1931 1323 2005 1378 sis
2027 1323 2218 1391 jaculis
2239 1324 2509 1378 sauciatur
2531 1323 2808 1379 furibunda
2832 1327 3192 1395 praesumptio.
3219 1326 3309 1381 Sic
3338 1331 3513 1398 genti--

1932 1412 1996 1466 lis
2024 1414 2254 1482 impetus
2283 1422 2459 1468 vestra
2491 1415 2703 1468 venatio
2733 1424 2834 1481 est,
2883 1423 2937 1470 et
2985 1416 3108 1470 ludo
3151 1419 3334 1485 geritis
3376 1420 3521 1489 quod

1932 1519 2029 1558 vos
2060 1504 2245 1575 μιαν-ει.
2278 1505 2398 1575 legit
2427 1503 2544 1575 nos]
2586 1505 2797 1560 assidue
2843 1506 3068 1561 feliciter
3093 1509 3265 1576 egisse
3292 1513 3519 1566 sentitis.

1933 1588 2165 1681 ideoque
2193 1596 2425 1649 validum
2458 1603 2510 1650 te
2541 1597 2752 1664 ingenio
2777 1613 2838 1652 ac
2868 1599 3067 1653 viribus
3089 1601 3392 1669 audientes,
3423 1620 3520 1674 per

1935 1682 2078 1736 lllam
2107 1684 2448 1739 indictionem
2478 1685 2728 1741 ducatum
2758 1689 2850 1742 tibi
2885 1691 3147 1746 credimus
3171 1691 3520 1763 Rbmtiarum,

231 1776 380 1862 dum"
406 1806 583 1860 edicu
621 1776 806 1860 n'osua
848 1805 991 1859 inter
1040 1803 1178 1859 duos
1222 1803 1430 1863 Gothos
1475 1776 1624 1860 “iam
1671 1805 1832 1861 debet
1868 1795 1904 1850 η
1935 1785 1991 1828 ut
2012 1776 2205 1830 milites
2231 1783 2285 1829 et
2331 1777 2382 1830 in
2423 1792 2554 1846 pace
2585 1794 2759 1848 regas,
2793 1787 2988 1835 etcum
3019 1782 3096 1838 eis
3139 1784 3270 1838 lines
3309 1796 3524 1842 nostros

231 1905 521 1969 amputare
550 1915 562 1950 :
586 1897 632 1954 si
660 1896 806 1966 quod
832 1897 997 1952 etiam
1022 1896 1163 1951 inter
1184 1896 1421 1952 Gothum
1447 1905 1501 1952 et
1528 1897 1828 1952 Romanum

231 1996 424 2044 natum
454 1988 615 2043 fuerit
650 1987 880 2043 fortasse
907 1987 1200 2057 negotium,
1224 1986 1464 2042 adhibito
1488 1986 1587 2042 sibi
1639 1992 1664 2019 ⁸
1698 2003 1828 2058 pru-

229 2078 398 2133 dente
416 2077 686 2144 Romano,
710 2085 987 2133 certamen
1014 2077 1184 2146 possit
1210 2077 1461 2146 aequabili
1485 2077 1697 2132 ratione
1716 2077 1828 2132 dis-

228 2171 468 2238 cingere.
500 2169 646 2226 lnter
669 2169 808 2225 duos
835 2178 1015 2224 autem
1039 2170 1309 2225 Romanos
1334 2168 1563 2223 Romani
1587 2168 1826 2236 audiant,

227 2275 372 2332 quos
387 2275 486 2330 per
508 2260 812 2330 provincias
839 2259 1136 2329 dirigimus,
1163 2259 1492 2327 cognitores,
1537 2266 1595 2312 ut
1619 2258 1829 2313 unicui-

227 2365 338 2422 que
357 2367 456 2406 sua
502 2352 625 2420 jura
677 2358 981 2414 serventur,
1021 2359 1080 2405 et
1128 2351 1227 2404 sub
1253 2349 1565 2403 diversitate
1586 2347 1827 2416 judicum

229 2456 338 2496 una
367 2441 579 2510 justitia
609 2440 1000 2511 complectatur
1029 2439 1327 2494 universos.
1378 2438 1471 2493 Sic
1499 2451 1634 2508 pace
1672 2452 1824 2493 com-

227 2531 382 2586 muni
430 2539 674 2599 utrmque
721 2531 988 2595 nationes,
1041 2529 1331 2584 Divinitate
1377 2528 1627 2598 propitia,
1679 2526 1827 2584 dulci

226 2625 344 2678 otio
371 2623 735 2694 perfruantur.
768 2621 976 2677 Scitote
999 2629 1181 2675 autem
1205 2635 1360 2675 unam
1390 2619 1547 2674 nobis
1577 2619 1629 2674 in
1652 2619 1827 2673 omni-

225 2714 330 2770 bus
354 2713 695 2783 :equabiliter
718 2727 837 2769 esse
857 2712 1206 2778 charitatem;
1226 2710 1320 2767 sed
1346 2711 1435 2765 ille
1455 2726 1515 2767 se
1537 2711 1714 2766 animo
1737 2725 1829 2766 no-

222 2813 344 2860 stro
371 2805 604 2874 amplius
631 2803 1008 2859 commendare
1038 2802 1262 2872 poterit,
1309 2801 1402 2871 qui
1440 2801 1587 2870 leges
1635 2800 1826 2856 mode-

223 2903 344 2949 rata
373 2896 658 2950 voluntate
685 2894 952 2950 dilexerit.
997 2893 1115 2948 Non
1165 2906 1407 2946 amamus
1451 2890 1651 2960 aliquid
1693 2891 1826 2946 inci-

220 2988 365 3054 vile;
396 2987 683 3042 scelestam
711 2986 1014 3056 superbiam
1041 2999 1165 3038 cum
1207 2983 1320 3038 suis
1357 2981 1688 3037 detestamur
1726 2996 1824 3034 au-

219 3081 491 3136 ctoribus.
523 3079 803 3136 Violentos
822 3085 1007 3133 nostra
1030 3077 1202 3147 pietas
1227 3081 1558 3131 exsecratur.
1584 3071 1640 3127 In
1663 3087 1824 3128 causa

217 3173 441 3242 possint
462 3171 607 3240 jura,
646 3186 754 3225 non
784 3135 1045 3225 brachia:
1067 3167 1199 3222 Nam
1225 3182 1321 3222 cur
1346 3165 1546 3233 eligant
1581 3177 1824 3234 quaarere
1852 3163 1898 3224 C
1927 3136 2198 3206 dignitatis
2221 3142 2324 3190 tum
2345 3135 2541 3190 ηοειτίε

217 3264 489 3328 violenta,
535 3262 627 3331 qui
663 3262 947 3331 praesentia
991 3259 1536 3329 probantur.habere
1575 3255 1823 3326 judicia?

217 3354 351 3410 Ideo
383 3355 534 3409 enim
562 3355 925 3409 emolumenta
947 3352 1215 3422 judicihus
1243 3350 1454 3417 damus,
1487 3348 1608 3404 ideo
1635 3357 1716 3404 tot
1737 3348 1822 3405 of-

216 3447 338 3501 ﬁcia
385 3444 620 3499 diversis
666 3442 1000 3512 largitatibus
1040 3441 1402 3506 continemus,
1443 3445 1503 3492 ut
1543 3437 1684 3491 inter
1727 3452 1824 3492 vos

215 3553 328 3592 non
352 3538 601 3591 sinamus
639 3547 882 3589 crescere
909 3531 1054 3602 quod
1095 3530 1266 3600 possit
1313 3526 1383 3583 ad
1427 3527 1609 3583 odium
1651 3525 1822 3597 perti-

213 3641 371 3682 nere.
417 3623 594 3680 Uuum
620 3639 717 3680 vos
759 3622 1116 3693 amplectatur
1144 3619 1360 3675 vivendi
1389 3625 1593 3683 votum,
1627 3615 1823 3686 quibus

213 3735 391 3775 unum
423 3734 549 3775 esse
563 3725 776 3774 constat
796 3715 1100 3785 imperium.
1134 3712 1336 3768 Audiat
1373 3719 1603 3779 uterque
1651 3723 1824 3779 popu-

210 3813 300 3869 lus
320 3811 479 3882 quod
527 3825 785 3864 amamus.
820 3805 1048 3878 Romani
1075 3804 1231 3860 vobis
1259 3804 1402 3860 sicut
1433 3808 1560 3856 sunt
1608 3814 1825 3870 posses-

211 3905 472 3959 sionibus
510 3900 690 3965 vicini,
743 3900 817 3954 ita
865 3898 975 3953 sint
1023 3903 1078 3951 et
1103 3893 1366 3950 charitate
1385 3890 1680 3959 conjuncti.
1712 3889 1824 3946 Vos

209 4004 430 4059 autem,
479 3991 726 4057 Romani,
783 4003 979 4060 magno
1029 3984 1208 4042 studio
1235 3983 1442 4040 Gothos
1473 3981 1694 4050 diligere
1735 3979 1826 4034 de-

210 4087 384 4151 betis,
420 4083 515 4154 qui
542 4090 597 4138 et
622 4082 677 4137 in
707 4095 838 4152 pace
879 4091 1198 4133 numerosos
1251 4073 1407 4129 vobis
1455 4070 1688 4142 p0pulos
1736 4067 1820 4124 fa-

1929 1864 2155 1919 soiemni
2185 1863 2462 1920 alacritate
2491 1865 2790 1921 circumeas
2817 1885 2829 1919 :
2871 1869 2996 1936 quia
3023 1885 3128 1924 non
3154 1887 3370 1940 parvam
3402 1890 3517 1928 rem

1927 1954 2024 2008 tibi
2052 1954 2272 2024 respicis
2301 1954 2462 2010 fuisse
2501 1956 2862 2022 commissam,
2912 1959 3124 2026 quando
3164 1962 3524 2030 tranquillitas

1926 2046 2080 2114 regni
2111 2046 2280 2100 nostri
2313 2053 2402 2099 tua
2443 2045 2680 2100 creditur
2725 2046 3084 2102 sollicitudine
3113 2051 3388 2105 custodiri.
3439 2052 3516 2108 Ita

1929 2144 2130 2203 tamen,
2179 2144 2239 2190 ut
2275 2137 2472 2191 milites
2515 2135 2608 2190 tibi
2641 2137 2908 2190 commissi
2933 2138 3114 2192 vivant
3143 2155 3264 2193 cum
3305 2143 3522 2210 provin-

1927 2223 2150 2280 cialibus
2167 2223 2287 2295 jure
2314 2225 2490 2291 civili;
2516 2240 2615 2280 nec
2638 2225 2922 2281 insolescat
2943 2228 3169 2292 animus,
3196 2230 3284 2299 qui
3315 2246 3373 2284 se
3393 2247 3510 2287 sen-

1925 2315 1991 2369 tit
2013 2323 2296 2380 armatum,
2323 2315 2448 2385 quia
2469 2315 2686 2386 clypeus
2708 2315 2797 2370 ille
2813 2317 3080 2371 exercitus
3102 2319 3269 2372 nostri
3285 2320 3518 2388 quietem

1925 2403 2084 2459 debet
2111 2413 2368 2474 prmstare
2405 2405 2680 2461 Romanis.
2711 2406 2858 2472 Quos
2888 2407 3009 2462 ideo
3039 2417 3245 2463 constat
3292 2413 3514 2480 apposi-

1927 2505 2029 2562 tos,
2069 2505 2124 2550 ut
2157 2496 2297 2551 intus
2334 2496 2440 2552 vita
2490 2497 2695 2552 felicior
2746 2512 2934 2552 secura
2961 2497 3210 2554 libertate
3238 2509 3517 2570 carpatur.-

1924 2583 2265 2656 Quapropter
2291 2595 2478 2642 nostro
2498 2587 2765 2658 responde
2787 2587 3009 2656 judicio,
3037 2588 3140 2644 ﬁde
3171 2591 3324 2646 nobis
3351 2599 3406 2645 et
3432 2592 3515 2646 in--

1925 2675 2127 2731 dustria
2156 2678 2467 2748 placiturus,
2517 2687 2577 2732 ut
2612 2693 2712 2733 nec
2757 2679 2982 2747 gentiles
3030 2679 3147 2735 sine
3186 2679 3517 2739 discussione

1924 2769 2200 2840 suscipias,
2234 2786 2332 2826 nec
2360 2780 2573 2826 nostros
2595 2771 2662 2826 ad
2689 2779 2876 2840 gentes
2915 2769 3057 2843 [Gr.,
3087 2770 3202 2842 Cuj.
3246 2781 3297 2827 et
3322 2771 3512 2838 Forn.,

1925 2860 2168 2933 agentes]
2195 2862 2292 2917 sub
2321 2863 2685 2918 incuriositate
2714 2863 3066 2918 transmittas.
3107 2863 3187 2918 Ad
3225 2866 3516 2920 necessita-

1926 2961 2035 3008 tem
2068 2954 2332 3024 siquidem
2361 2953 2533 3008 rarius
2561 2953 2773 3007 venitur
2816 2967 3106 3017 armorum,
3135 2952 3226 3007 ubi
3266 2964 3510 3024 suscepta

1924 3047 2190 3116 surreptio
2246 3044 2500 3100 custodiri
2556 3058 2717 3113 posse
2755 3044 3002 3098 sentitur.
3055 3041 3337 3112 Privilegia
3382 3061 3512 3102 vero

2567 3133 2663 3189 tibi
2686 3132 3017 3202 jussiouibus
3043 3133 3360 3190 viudicabis.

2292 3288 2358 3344 V.
2391 3288 2417 3328 δ
2447 3303 2693 3346 romwu
2721 3302 2875 3344 cons
2905 3302 3136 3342 ranam.

1993 3399 2124 3456 Aula
2156 3405 2337 3453 nostra
2374 3397 2513 3451 sicut
2539 3395 2884 3464 cognoscitur
2924 3395 3107 3465 peritis
3148 3395 3510 3466 dispositioni-

1921 3491 2020 3546 bus
2045 3489 2307 3552 instituta,
2349 3487 2423 3540 ita
2462 3484 2740 3540 doctorum
2772 3485 2822 3538 in
2863 3499 2926 3539 ea
2947 3483 3172 3552 diligens
3199 3485 3360 3540 debet
3393 3501 3512 3542 esse

1919 3579 2128 3636 cautela
2154 3595 2166 3630 :
2189 3576 2403 3646 quando
2426 3574 2763 3646 pulchritudo
2794 3574 2880 3627 illa
2903 3574 3182 3639 mirabilis,
3211 3575 3255 3628 si
3279 3575 3508 3629 subinde

1921 3685 2027 3726 non
2050 3667 2307 3735 reﬁcitur,
2335 3673 2612 3722 senectute
2655 3664 2948 3733 obrepente
2976 3663 3211 3717 vitiatur.
3243 3661 3372 3718 Haec
3409 3679 3512 3718 no-

1919 3770 2028 3817 stra
2044 3767 2170 3816 sunt
2189 3758 2603 3823 oblectamenta,
2616 3755 2867 3825 potentias
2890 3754 3096 3823 imperii
3117 3753 3311 3808 decora
3329 3751 3509 3818 facies,

1921 3852 2287 3909 testimonium
2313 3849 2637 3920 prteconiale
2665 3860 2953 3915 regnorum
2987 3864 3001 3900 :
3044 3846 3157 3902 haec
3195 3847 3386 3915 legatis
3413 3849 3512 3903 sub

1921 3943 2278 4001 admiratione
2319 3946 2715 4003 monstrantur;
2763 3945 2820 3991 et
2843 3937 3014 4006 prima
3057 3935 3232 3992 fronte
3260 3937 3384 3990 t'alis
3409 3937 3510 3991 do—

1920 4039 2098 4093 minus
2125 4050 2246 4092 esse
2262 4033 2520 4096 creditur,
2550 4031 2709 4102 quale
2731 4028 2847 4100 ejus
2874 4029 3235 4084 habitaculum
3263 4041 3513 4098 compro-

1919 4126 2094 4182 batur.
2120 4123 2186 4178 Et
2215 4123 2335 4179 ideo
2369 4135 2560 4190 magna
2583 4118 2825 4188 voluptas
2850 4116 2963 4191 [Gn
2993 4127 3041 4172 et
3073 4117 3213 4188 Cuj.,
3242 4114 3514 4186 voluntas]

1919 4225 2004 4273 est
2030 4214 2458 4287 prudentissimae
2480 4210 2692 4277 mentis,
2727 4208 3082 4279 pulcherrima
3117 4207 3316 4276 jugiter
3356 4207 3511 4261 habi-

1919 4308 2126 4364 tatione
2155 4304 2404 4375 gaudere,
2435 4311 2492 4358 et
2519 4303 2659 4356 inter
2687 4300 2926 4372 publicas
2953 4315 3109 4354 curas
3137 4298 3372 4352 animum
3405 4297 3512 4352 fes-

1919 4413 2037 4455 sum
2057 4395 2281 4452 reficere
2308 4392 2588 4449 dulcedine
2612 4391 2951 4445 fabricarum.
2981 4389 3123 4454 Quas
3156 4388 3384 4456 primum
3409 4385 3515 4457 Cy-

1920 4491 2103 4560 clopes
2121 4486 2368 4541 dicuntur
2406 4483 2472 4538 ad
2513 4489 2791 4535 antrorum
2822 4478 3038 4533 modum
3068 4477 3424 4548 amplissimas
3453 4477 3507 4532 in

1917 4580 2098 4639 Sicilia
2135 4577 2459 4641 condidisse,
2511 4581 2794 4643 postquam
2845 4571 2900 4626 in
2953 4569 3199 4625 cavernis
3249 4569 3513 4623 montium

1919 4671 2280 4744 Polyphemus
2333 4666 2402 4721 ab
2455 4664 2647 4736 Ulysse
2707 4659 2993 4731 singularis
3038 4659 3182 4714 oculi
3231 4659 3514 4727 lugendam

1922 4761 2216 4835 pertulerat
2239 4757 2546 4814 orbitatem.
2580 4753 2704 4808 lude
2727 4751 2793 4807 ad
2814 4750 3018 4806 Italiam
3040 4749 3332 4805 fabricandi
3365 4751 3510 4817 peri-

1925 4855 1999 4909 tia
2041 4852 2233 4922 legitur
2257 4849 2421 4904 iuisse
2464 4846 2744 4914 translata,
2773 4853 2834 4900 ut
2868 4843 3013 4914 quod
3042 4843 3202 4897 tantis
3229 4857 3293 4896 ac
3323 4841 3515 4894 talibus

1927 4941 2321 5001 institutoribus
2349 4939 2626 4994 inventum
2665 4943 2769 5002 est,
2813 4933 3109 4989 temulatrix
3150 4929 3434 5000 posteritas
3465 4929 3515 4984 in

207 4178 392 4240 ciunt,
424 4184 483 4229 et
514 4173 817 4229 universam
866 4167 1251 4239 rempublicam
1297 4177 1396 4233 per
1440 4161 1582 4216 bella
1635 4157 1823 4214 defen-

206 4268 378 4321 dunt.
431 4263 622 4332 Itaque
669 4260 941 4316 destinato
987 4272 1018 4311 a
1064 4255 1221 4310 nobis
1263 4250 1430 4323 judici
1451 4265 1550 4305 vos
1570 4245 1823 4304 convenit

203 4359 485 4421 obedire;
529 4364 585 4408 ut
611 4350 867 4423 quidquid
906 4363 1007 4420 pro
1034 4343 1418 4404 conservandis
1444 4341 1649 4411 legibus
1688 4354 1820 4395 cen-

200 4451 411 4513 suerit,
445 4446 620 4500 modis
641 4444 890 4499 omnibus
917 4438 1212 4510 impleatis;
1241 4442 1508 4505 quatenus
1553 4439 1608 4487 et
1633 4439 1820 4488 nostro

201 4525 478 4613 impeFio,
510 4546 564 4593 et
593 4546 785 4593 vestra:
811 4533 1030 4591 utilitati
1055 4527 1379 4588 satisfecisse
1397 4523 1706 4581 videamini.

512 4672 597 4728 Ν.
639 4687 887 4728 romwu
916 4681 1153 4725 oucuus
1181 4675 1532 4720 ιιιυετιλιιωι.

273 4785 557 4859 Quamvis
577 4757 988 4854 spectabilitatis
1013 4781 1189 4836 honor
1225 4791 1365 4832 unus
1407 4787 1528 4829 esse
1553 4769 1818 4859 videatur,

195 4858 316 4942 nee
343 4884 408 4938 in
440 4879 531 4932 bis
557 4875 758 4946 aliquid
779 4873 924 4928 aliud
947 4873 1059 4928 nisi
1078 4880 1289 4940 tempus
1333 4866 1508 4923 soleat
1545 4858 1822 4927 anteferri,

195 4985 404 5031 tamen
435 4984 618 5026 rerum
644 4967 900 5039 qualitate
921 4978 1182 5036 perpensa
1211 4960 1436 5017 multum
1457 4956 1540 5013 bis
1560 4953 1826 5010 creditum

1926 5226 2118 5280 magna
2165 5225 2324 5280 manu
2351 5204 2732 5280 excusserint;
2755 5201 2930 5271 capite
2959 5196 3286 5280 puniuntur.
3343 5195 3510 5280 Fons.

2000 5265 2250 5338 {Sidi—in.
2284 5279 2621 5350 Apoll.__cap.
2667 5265 2755 5336 23,
2795 5265 2916 5350 p'ag.
2959 5265 3244 5350 $48..V'ide
3272 5279 3389 5335 qua:
3437 5265 3509 5350 ibi

1929 5355 2059 5412 dicit
2079 5336 2346 5406 iSavaro.‘
2374 5336 2592 5414 Vigilius
2609 5356 2770 5414 papa
2797 5336 3128 5414 'in'epistola
3177 5350 3296 5404 quas
3335 5341 3514 5388 exstat

1931 5358 2059 5412 dicit
2100 5358 2322 5406 Savaro.
2379 5358 2757 5466 Vigutusbpapa
2805 5358 2858 5394 In
2906 5358 3128 5417 epistola
3177 5358 3296 5404 quae
3335 5358 3514 5388 exstat

1931 5434 2064 5480 tom.
2086 5419 2151 5478 IV
2183 5417 2386 5475 Concil.
2410 5427 2533 5485 pag.
2566 5413 2604 5485 l_
2633 5411 2668 5464 4
2692 5429 2716 5485 :_
2739 5409 2844 5485 Sed
2877 5416 2933 5485 et
2956 5409 3220 5485 Justinum
3249 5418 3515 5485 excausa-‘-

1928 5476 2034 5550 iéiii
2068 5476 2277 5546 etcura
2303 5476 2514 5556 palam}
2543 5481 2609 5556 ac!
2633 5479 2784 5556 cuius
2802 5477 2907 5556 199i
2924 5492 3073 5556 ora!"
3103 5476 3277 5556 slis"
3306 5476 3514 5528 "0m"

271 5262 302 5289 ιι
353 5244 613 5302 Adhibita
641 5241 890 5314 prudente
919 5237 1178 5314 Romano,
1214 5231 1267 5287 id
1296 5235 1380 5285 est
1415 5218 1821 5314 juriscons‘u‘l-t‘on,

189 5323 293 5393 qui
332 5294 838 5393 uounpatierturad.
860 5324 1007 5364 arma
1037 5315 1092 5361 et
1133 5294 1304 5357 rixam
1331 5294 1819 5393 p'rocgdere,pqu.s

189 5363 948 5466 isseisse
977 5363 1819 5466 camare»'I;.32:..::.er:,:

186 5434 539 5523 raros:
555 5434 712 5523 aa;
745 5434 805 5504 υι
835 5449 915 5502 οε
939 5434 1172 5523 minae.
1205 5434 1823 5523 manu-assumsisse

394 5497 918 5596 E'séiiii'ji'rinza
942 5497 1166 5572 brachia
1189 5530 1202 5576 ;
1227 5511 1279 5564 id
1301 5497 1402 5572 est,
1423 5506 1506 5559 vis
1537 5497 1642 5557 non
1672 5497 1824 5552 adhi-
1928 5497 2034 5550 lem
2068 5499 2122 5546 et
2149 5503 2277 5546 cura
2303 5497 2514 5556 palatu;
2543 5497 2609 5563 au
2633 5497 2784 5549 cujus
2803 5497 2907 5559 ioci
2924 5497 3073 5531 oram
3103 5497 3277 5597 trauliltur
3306 5497 3511 5572 nou-vn

191 5607 422 5660 manu:
456 5596 508 5648 in
531 5591 981 5661 disceptatione}
1020 5567 1823 5661 .litisamibuswtEPPdPA‘E‘
1925 5557 2320 5661 1°32?22.T.£2f
2325 5564 2469 5661 ‘33:
2491 5549 2918 5661 332?...lﬁ‘111'2.
2936 5545 3060 5661 Ξξίἓ.
3086 5552 3302 5661 nihili."
3315 5557 3511 5661 ίη“ἒιὶ¹ἓ

191 5612 422 5699 halyx:
457 5612 508 5648 In
531 5612 1826 5712 eisiipmwi'éeﬁii'iiiﬂiéii'éf’ptiin"3575018-
1925 5612 2312 5688 regiituendum
2341 5623 2462 5678 dico
2491 5612 2835 5699 excons'ulem
2863 5625 2919 5672 et
2936 5630 3062 5670 cura
3086 5612 3287 5693 palatii.
3315 5612 3372 5667 ιη
3412 5625 3513 5677 ap-

187 5690 300 5767 ???
336 5687 598 5767 ἷέῗξίτῖν
613 5676 1284 5767 ίξῖἦξιῖεδσηιιρι-ηπιηηιιιι·
1311 5719 1370 5767 1..
1411 5713 1464 5767 2.
1489 5659 1554 5767 (Κδ
1581 5710 1717 5767 orig.
1740 5705 1826 5767 ju-
1926 5700 2153 5767 pendice
2179 5691 2632 5767 Gregor."l‘tiron.
2671 5687 2866 5767 Hister.
2923 5685 3138 5750 Franc.,
3171 5683 3262 5739 lib.
3289 5698 3366 5748 xi,
3388 5693 3510 5749 cap.

193 5713 300 5797 iii;
336 5713 590 5792 ivgalia
613 5713 830 5798 regibus
851 5725 1284 5807 gubernabantur
1311 5713 1464 5800 1...},
1489 5713 1554 5767 de
1581 5713 1717 5808 orig.
1740 5713 1823 5784 ju:

196 5816 303 5869 ris.
345 5805 520 5862 l’aul.
553 5802 586 5856 5
617 5808 755 5855 seut.
786 5816 797 5849 :
824 5797 927 5862 Qui
954 5792 1248 5848 custodiam
1287 5789 1438 5844 llllllll
1481 5782 1823 5854 pr0sequentt

1966 5713 2153 5756 enmce
2179 5713 2404 5763 uregor.
2444 5713 2632 5746 Iuro".
2672 5713 2866 5742 lllhlUl‘.

1928 5719 1963 5826 ἕ
1987 5790 1999 5824 :
2022 5768 2217 5827 Curam
2241 5762 2422 5838 palatii
2451 5761 2688 5833 gerebat.
2727 5756 2919 5813 Juasr.
