3988 6178
437 267 533 324 7H

1686 259 1754 320 Μ.
1794 259 2072 318 Αυιιειιι
2107 257 2503 319 CASSIODORI

3618 253 3724 308 ἨΞ

424 392 586 436 suum
615 375 960 432 commodum
998 373 1312 431 custodiret.
1343 370 1478 428 Hinc
1505 378 1587 429 est
1613 371 1758 443 quod
1785 370 2026 428 sublimi-
2054 376 2102 434 Α
2130 369 2363 426 videaris
2398 366 2665 432 incedere,
2707 365 2792 423 vel
2817 375 2877 422 ut
2917 367 3034 439 ipso
3079 365 3388 424 testimonio
3434 366 3728 458 vicinitatis

430 477 598 524 tatem
627 467 819 540 [Juret.
851 465 973 537 legit
999 463 1470 536 spectabilitatem]
1499 471 1645 528 tuam
1676 461 1744 516 ab
1775 461 1865 516 illa
1893 460 2030 515 indi-

431 557 614 613 ctione
627 570 811 611 curam
825 553 1010 623 palatii
1033 553 1202 608 nostri
1224 552 1496 622 suscipere
1513 549 1712 605 debere
1723 563 2028 615 censemus,

433 658 493 704 ut
511 657 564 702 et
586 646 803 713 antiqua
845 645 898 698 in
920 645 1150 700 nitorem
1176 644 1455 714 pristinum
1479 640 1779 707 contineas,
1807 647 1863 695 et
1893 654 2032 694 nova

433 735 590 791 simili
621 733 939 801 antiquitate
974 733 1260 802 producas.
1293 730 1428 798 Quia
1456 732 1595 786 sicut
1620 729 1877 785 decorum
1911 743 2034 783 cor-

431 843 531 899 pus
563 841 670 879 nno
700 825 956 880 convenit
995 824 1179 880 colore
1211 823 1412 888 vestiri,
1461 823 1534 876 ita
1573 822 1719 876 nitor
1748 821 1932 892 palatii
1961 822 2036 876 si-

435 919 575 972 milis
605 917 765 970 debet
806 931 902 984 per
933 914 1183 970 universa
1214 924 1238 951 α
1270 913 1508 970 membra
1537 911 1779 966 diffundi.
1812 911 1892 965 Ad
1913 926 2034 981 quae

434 1011 513 1064 sic
535 1007 738 1078 poteris
762 1007 986 1061 idoneus
1010 1005 1260 1074 inveniri,
1283 1004 1328 1058 si
1369 1003 1676 1074 frequenter
1702 1011 2034 1072 geometram

434 1099 580 1166 legas
602 1095 899 1161 Euclidem;
931 1095 975 1148 si
1019 1095 1296 1150 schemata
1336 1095 1472 1163 ejus,
1505 1093 1736 1148 mirabili
1774 1092 2036 1148 varietate

434 1188 724 1258 descripta,
757 1189 810 1241 in
846 1196 949 1241 tua:
979 1187 1174 1242 mentis
1213 1185 1672 1257 contemplatione
1697 1185 2033 1252 condideris;

435 1289 492 1334 ut
521 1280 571 1332 in
595 1280 727 1332 hora
756 1277 1086 1334 commonito
1117 1276 1405 1332 famuletur
1445 1275 1538 1330 tibi
1573 1275 1791 1346 copiosa
1819 1275 2032 1330 notitia.

433 1368 784 1424 Archimedes
812 1383 1028 1436 quoque
1049 1366 1431 1421 subtilissimus
1453 1365 1753 1436 exquisitor
1776 1379 1900 1419 cum
1919 1363 2032 1419 Me-

432 1461 607 1514 trobio
634 1460 728 1513 tibi
757 1473 973 1528 semper
990 1457 1266 1524 assistant,
1284 1466 1343 1512 ut
1366 1457 1433 1511 ad
1456 1471 1596 1511 nova
1612 1455 1853 1510 reddaris
1878 1469 2038 1524 para-

435 1551 691 1606 tissimus.
715 1549 835 1605 Non
859 1549 1002 1604 enim
1025 1547 1121 1602 tibi
1149 1547 1368 1602 minima
1379 1561 1507 1602 cura
1525 1542 2033 1615 delegaturquando

434 1644 672 1698 animum
689 1651 930 1698 nostrum
953 1639 1248 1696 fabricandi
1267 1639 1446 1695 studio
1475 1639 1878 1710 cupidissimum
1901 1639 2034 1693 artis

435 1741 540 1789 tuae
561 1733 861 1789 ministerio
878 1733 1122 1804 probaris
1155 1733 1393 1803 explere.
1419 1731 1551 1787 Nam
1581 1731 1748 1788 sicubi
1775 1739 1869 1787 aut
1898 1731 2030 1786 civi-

435 1834 601 1881 tatem
625 1825 914 1892 reﬁcimus,
939 1832 1033 1880 aut
1052 1825 1396 1880 castellorum
1416 1823 1663 1880 volumus
1683 1821 1907 1877 fundare
1927 1836 2026 1876 no-

431 1923 677 1988 vitatem,
699 1922 785 1976 vel
824 1922 869 1977 si
902 1920 1251 1977 construendi
1272 1919 1430 1974 nobis
1469 1917 1709 1990 praetorii
1742 1917 2030 1973 amcenitas

432 2014 759 2081 blandiatur,
812 2011 840 2051 δ
893 2020 946 2068 te
997 2012 1308 2079 ordinante,
1356 2009 1425 2065 ad
1478 1996 1668 2065 oculos
1720 2007 2035 2078 perducitur

428 2105 571 2176 quod
603 2105 758 2161 nobis
777 2104 1137 2174 cogitantibus
1166 2103 1455 2160 invenitur.
1487 2101 1754 2158 Decorum
1768 2101 2032 2171 magiste-

429 2196 591 2264 rium,
624 2195 957 2266 propositum
999 2195 1223 2251 omnino
1272 2193 1588 2265 gloriosum,
1617 2193 1671 2247 in
1712 2200 1822 2247 tam
1849 2192 2036 2260 longas

429 2292 618 2342 aetates
663 2286 900 2352 mittere,
949 2285 1091 2340 unde
1129 2293 1182 2340 te
1211 2283 1408 2340 debeat
1435 2283 1728 2354 posteritas
1774 2281 2038 2338 admirata

431 2373 674 2432 laudare.
705 2375 976 2446 Quidquid
1004 2375 1148 2433 enim
1175 2386 1270 2430 aut
1312 2378 1609 2432 instructor
1630 2375 1915 2446 parietum,
1943 2379 2038 2429 aut

428 2467 672 2537 sculptor
699 2482 1047 2532 marmorum,
1079 2475 1174 2522 aut
1213 2468 1336 2523 teris
1375 2465 1542 2533 fusor,
1572 2475 1666 2522 aut
1703 2480 2038 2523 camerarum

429 2564 659 2621 rotator,
685 2564 779 2611 aut
817 2558 1212 2627 gypsoplastes,
1245 2563 1340 2612 aut
1379 2567 1401 2596 ο
1443 2557 1766 2614 musivarius
1804 2556 2039 2628 ignorat,

431 2653 485 2701 te
522 2645 818 2717 prudenter
866 2646 1196 2716 interrogat;
1228 2656 1285 2703 et
1313 2654 1422 2702 tam
1451 2661 1677 2716 magnus
1706 2647 1796 2703 ille
1836 2646 2040 2706 fabrilis

430 2737 702 2792 exercitus
729 2735 797 2791 ad
827 2745 978 2792 tuum
1025 2738 1256 2793 recurrit
1297 2737 1581 2808 judicium,
1624 2753 1695 2795 ne
1742 2739 1916 2810 possit
1939 2739 2040 2795 ali-

429 2831 561 2900 quid
585 2831 786 2886 babere
810 2830 1110 2886 confusum.
1143 2831 1276 2887 Vide
1290 2847 1421 2901 ergo
1441 2840 1642 2904 quanta
1663 2831 1825 2889 debet
1854 2849 2037 2901 nosse,

431 2922 520 2994 qui
552 2923 720 2992 possit
759 2929 938 2978 tantos
967 2923 1252 2978 instruere.
1297 2921 1516 2994 Recipis
1563 2931 1712 2979 certe
1749 2923 1906 2979 bona:
1930 2924 2038 2980 dis—

431 3011 767 3082 pensationis
781 3019 888 3066 tua!
901 3011 1228 3067 uberrimum
1246 3010 1496 3078 fructum,
1519 3027 1641 3068 cum
1663 3019 1720 3066 tu
1734 3012 1800 3069 de
1821 3013 2035 3070 illorum

2135 467 2333 515 nostrae
2353 471 2707 528 agnoscamus
2727 457 2821 513 tibi
2853 457 3046 526 palatia
3067 457 3424 514 commisisse.

2278 611 2365 666 Vl.
2411 621 2436 650 ο
2477 626 2722 667 εοιιιιυω
2759 626 3026 667 οοιιιτιης
3078 627 3364 667 ῖοιιιιλιιυιι
3416 628 3588 671 nam.

2207 723 2462 792 Quamvis
2487 723 2764 780 Romuleae
2799 723 3017 779 fabricae
3041 724 3252 780 collatae
3279 725 3380 780 sibi
3410 725 3499 781 vix
3527 728 3734 798 possint

2135 817 2418 887 praecipua:
2490 816 2716 886 reperiri
2749 815 2897 886 (quia
2963 823 3138 870 totum
3205 815 3274 870 ad
3324 816 3735 873 admirationem

2141 907 2294 978 113
2335 905 2572 961 noscitur
2606 905 2956 975 exquisitum,
3006 904 3152 975 quod
3208 905 3278 959 ibi
3328 907 3570 962 cernitur
3617 923 3740 964 esse

2133 993 2458 1066 fundatum),
2483 1003 2660 1050 tamen
2691 998 2957 1051 interesse
2997 995 3320 1050 arbitramur
3349 996 3494 1065 quod
3534 997 3739 1054 utilitas

2134 1089 2434 1143 necessaria
2471 1087 2756 1158 gratiﬁcat,
2798 1094 2856 1142 et
2893 1087 3038 1158 quod
3089 1087 3500 1158 pulchritudinis
3529 1099 3739 1147 tantum

2135 1196 2297 1236 causa
2325 1179 2691 1237 commendat.
2721 1178 2938 1248 Traiani
2973 1178 3146 1234 forum
3179 1181 3262 1236 vel
3290 1183 3391 1237 sub
3421 1181 3741 1239 assiduitate

2134 1275 2318 1330 videre
2347 1274 2663 1330 miraculum
2699 1280 2802 1329 est.
2854 1272 3119 1341 Capitolia
3161 1272 3306 1330 celsa
3345 1275 3736 1344 conscendere,

2135 1367 2239 1422 hoc
2281 1374 2366 1422 est
2411 1366 2646 1422 humana
2695 1365 2905 1434 ingenia
2932 1373 3185 1435 superata
3214 1365 3432 1420 vidisse.
3452 1365 3571 1423 ’Sed
3599 1383 3740 1422 nun-

2132 1455 2262 1526 quid
2288 1471 2388 1526 per
2411 1470 2476 1512 ea
2499 1456 2715 1520 vivitur,
2769 1464 2864 1510 aut
2913 1455 3160 1525 corporis
3205 1455 3349 1511 salus
3395 1457 3572 1527 aliqua
3613 1457 3742 1514 inde

2133 1548 2496 1604 delectatione
2528 1548 2836 1603 recreatur?
2885 1545 2904 1585 τ
2938 1546 2998 1602 ln
3041 1545 3226 1602 formis
3253 1529 3434 1603 autem
3480 1547 3741 1606 Romanis

2135 1649 2424 1710 utrumque
2449 1641 2780 1711 praecipuum
2804 1648 2903 1706 est,
2937 1647 2996 1696 ut
3037 1639 3240 1697 fabrica
3269 1642 3340 1696 sit
3375 1643 3658 1705 mirabilis.
3685 1653 3740 1700 et

2067 1764 2104 1819 Β
2135 1746 2393 1802 aquarum
2427 1730 2716 1786 salubritas
2751 1730 3056 1800 singularis.
3104 1728 3258 1797 Quod
3293 1734 3435 1786 enim
3479 1731 3606 1790 illuc
3640 1733 3741 1788 flu-

2133 1823 2298 1889 mina,
2322 1821 2478 1892 quasi
2497 1822 2822 1878 constructis
2847 1820 3017 1895 [Cor.,
3043 1820 3175 1888 ϐω,
3205 1822 3502 1897 obstrictis]
3534 1827 3740 1882 monti-

2133 1915 2233 1970 bus
2265 1913 2648 1985 perducuntur,
2682 1915 2954 1970 naturales
2991 1913 3183 1970 credas
3207 1915 3391 1972 alveos
3434 1918 3741 1977 soliditate:

2134 2020 2409 2069 saxorum,
2443 2003 2659 2074 quando
2681 2012 2862 2060 tantus
2890 2005 3120 2075 impetus
3148 2005 3381 2062 fluminis
3408 2015 3488 2063 tot
3518 2012 3735 2066 sasculis

2135 2095 2359 2150 ﬁrmiter
2395 2094 2574 2165 potuit
2615 2094 2892 2150 sustineri.
2941 2092 3130 2169 Cavati
3169 2104 3380 2156 montes
3417 2095 3740 2169 plerumque

2135 2184 2422 2251 subruunt,
2469 2194 2680 2240 meatus
2732 2183 3054 2239 torrentium
3095 2184 3444 2255 dissipantur;
3494 2197 3552 2243 et
3600 2205 3740 2260 opus

2136 2274 2266 2330 illud
2294 2282 2538 2331 veterum
2565 2289 2674 2330 non
2701 2275 3014 2341 destruitur,
3039 2275 3086 2330 si
3127 2275 3387 2332 industria
3404 2277 3734 2349 suffragante

2137 2376 2401 2422 servetur.
2434 2366 2802 2437 Respiciamus
2823 2374 2969 2422 certe
3003 2381 3262 2437 aquarum
3291 2370 3446 2440 capia
3470 2381 3735 2441 quantum

2140 2457 2398 2514 Romanis
2417 2459 2684 2516 manibus
2705 2467 2926 2530 praestat
2953 2470 3222 2515 ornatum.
3251 2460 3382 2515 Nam
3407 2461 3738 2520 thermarum

2139 2551 2230 2608 illa
2275 2551 2618 2623 pulchritudo
2665 2549 2793 2621 quid
2841 2560 3003 2619 esset,
3047 2551 3094 2607 si
3138 2551 3445 2608 dulcissima
3491 2555 3739 2624 quaedam

2138 2661 2358 2720 aequora
2386 2661 2494 2702 non
2522 2645 2778 2700 haberet?
2807 2643 2988 2700 Currit
3017 2659 3156 2715 aqua
3191 2646 3341 2714 virgo
3369 2645 3469 2701 sub
3496 2645 3742 2702 delecta-

2139 2740 2289 2795 tione
2339 2738 2661 2810 purissima;
2708 2751 2828 2807 quae
2872 2737 2992 2793 ideo
3043 2737 3120 2793 sic
3165 2737 3430 2808 appellata
3477 2740 3738 2809 creditur,

2138 2831 2280 2902 quod
2313 2830 2470 2885 nullis
2490 2829 2738 2884 sordibus
2758 2828 3046 2900 polluatur.
3079 2827 3210 2882 Nam
3231 2844 3351 2885 cum
3380 2830 3501 2884 alia:
3527 2831 3742 2901 pluvia-

2138 2936 2256 2976 rum
2297 2921 2576 2980 nimietate
2620 2927 2836 2975 terrcna
2876 2921 3257 2975 commixtione
3304 2920 3590 2989 violentur,
3622 2923 3739 2979 haec

2136 3026 2318 3067 aerem
2348 3019 2612 3083 perpetuo
2641 3025 2888 3066 serenum
2916 3011 3196 3080 turissime
3215 3010 3399 3066 labens
3418 3015 3561 3072 unda
3589 3029 3740 3069 men-

433 3102 621 3158 labore
651 3102 906 3168 laudaris,
940 3103 986 3159 si
1026 3104 1094 3159 ab
1127 3104 1205 3159 eis
1233 3103 1516 3173 diligenter
1544 3103 1683 3160 facta
1709 3114 2036 3163 monstrave
2059 3129 2104 3190 ο
2137 3103 2287 3157 titur.
2319 3101 2449 3169 Quis
2473 3102 2644 3173 possit
2675 3101 2801 3156 talia
2829 3101 3170 3156 sermonibus
3192 3100 3400 3158 idoneis
3427 3101 3741 3172 explicare?

431 3192 522 3247 ris.
555 3193 895 3264 Quapropter
921 3194 1176 3264 quidquid
1205 3193 1271 3249 ad
1294 3203 1347 3250 te
1368 3196 1624 3266 pertinet,
1653 3196 1726 3250 ita
1749 3195 2027 3263 decenter,
2133 3192 2411 3249 Claudiam
2443 3209 2540 3264 per
2568 3200 2772 3248 tantam
2810 3191 3008 3261 fastigii
3055 3193 3252 3248 molem
3279 3193 3358 3247 sic
3383 3192 3450 3247 ad
3477 3193 3742 3250 Aventini

432 3284 506 3340 ita
545 3284 769 3341 ﬁrmiter
795 3285 1045 3341 volumus
1073 3286 1354 3357 explicari,
1397 3295 1458 3342 ut
1497 3287 1566 3343 ab
1595 3301 1761 3357 opere
1788 3295 2033 3344 veterum
2134 3295 2294 3358 caput
2321 3301 2444 3342 esse
2469 3287 2807 3357 perductam,
2840 3293 2900 3340 ut
2926 3301 3047 3340 cum
3079 3285 3150 3340 ibi
3197 3301 3263 3340 ex
3307 3285 3418 3341 alto
3462 3286 3612 3355 lapsa
3643 3301 3746 3342 ce-

433 3375 738 3432 sola‘distet
759 3375 966 3432 novitas
993 3374 1332 3432 fabricarum.
1361 3376 1469 3433 Sed
1499 3378 1614 3433 haec
1643 3378 1917 3448 possibilia
1947 3377 2032 3434 fa-
2133 3378 2343 3442 ciderit,
2388 3394 2646 3434 cacumen
2676 3377 2806 3433 illud
2845 3377 3114 3433 excelsum
3145 3377 3310 3447 quasi
3343 3377 3505 3432 imam
3535 3378 3740 3432 vallem

435 3467 535 3534 cis,
584 3467 630 3521 si
679 3466 822 3522 dona
878 3475 1063 3523 nostra
1107 3468 1254 3523 nulla
1303 3469 1599 3540 cupiditate
1644 3471 2029 3541 suppresseris.
2135 3469 2359 3540 irrigare
2405 3468 2671 3524 videatur.
2733 3466 3018 3538 Egyptius
3073 3466 3222 3522 Nilus
3264 3467 3427 3523 certis
3467 3469 3744 3538 tempori-

435 3553 738 3612 Eflicaciter
759 3557 903 3612 enim
928 3558 1155 3627 imperat
1182 3556 1394 3624 artiﬁci,
1439 3560 1526 3628 qui
1551 3574 1675 3614 eum
1701 3560 2032 3630 competenti
2131 3559 2232 3615 bus
2259 3575 2507 3615 crescens
2535 3573 2634 3630 per
2657 3573 2878 3628 campos
2900 3558 3144 3627 jacentes
3172 3555 3500 3627 superducta
3526 3557 3747 3612 diluvio

436 3661 541 3701 non
579 3647 779 3716 patitur
807 3647 1194 3702 commoditate
1222 3647 1481 3703 fraudari.
1531 3647 1720 3704 Manus
1749 3650 1895 3718 larga
1940 3666 2030 3705 ar-
2136 3665 2263 3706 aere
2292 3664 2486 3705 sereno
2532 3649 2872 3704 turbulentus
2917 3656 3206 3714 exaestuat;
3240 3647 3332 3702 sed
3361 3658 3564 3717 quanto
3616 3649 3746 3718 pul-

437 3738 569 3793 tium
602 3739 767 3793 nutrit
797 3739 1033 3808 ingenia,
1061 3739 1279 3808 quando
1301 3740 1391 3809 qui
1417 3740 1484 3796 de
1506 3740 1650 3795 victu
1681 3756 1788 3796 non
1805 3743 2027 3811 cogitat,
2134 3739 2318 3796 ebrius
2330 3748 2433 3805 est,
2446 3737 2725 3793 Claudiam
2739 3736 3037 3793 Romanam
3053 3752 3148 3807 per
3168 3745 3247 3792 tot
3270 3737 3440 3793 siccas
3468 3739 3748 3792 montium

436 3828 692 3899 perlicere
711 3829 859 3898 jussa
897 3827 1140 3886 festinat.
1179 3829 1313 3884 lllud
1343 3844 1563 3900 quoque
1590 3830 1894 3896 considera,
1923 3845 2029 3901 qua
2133 3832 2469 3886 summitates
2491 3831 2720 3886 lavacris
2747 3845 2812 3884 ac
2843 3829 3089 3884 domibus
3137 3829 3374 3898 liquores
3417 3829 3750 3899 purissim05

437 3918 830 3986 gratilicatione
857 3920 1122 3986 tracteris,
1167 3926 1225 3973 ut
1267 3916 1293 3956 ἀ
1337 3934 1498 3974 aurea
1524 3919 1673 3987 virga
1721 3918 2027 3986 decoratus,
2136 3923 2434 3978 ﬁstularum
2464 3921 2720 3977 uberibus
2739 3921 3018 3984 emisisse;
3051 3928 3105 3975 et
3134 3919 3207 3974 ita
3233 3920 3514 3988 mqualiter
3541 3917 3749 3989 ﬂuere,

435 4010 578 4065 inter
605 4012 861 4082 obsequia
887 4026 1196 4080 numerosa,
1241 4018 1368 4068 ante
1415 4011 1581 4083 pedes
1609 4011 1788 4083 regios
1813 4011 2019 4082 primus
2123 4022 2183 4070 ut
2235 4029 2508 4084 nunquam
2550 4027 2610 4069 se
2663 4012 2832 4084 possit
2883 4010 3188 4068 desiderata
3241 4010 3576 4067 subducere!
3639 4011 3752 4069 Ille

439 4287 474 4299 ,Δ
509 4222 533 4250 ει
565 4212 868 4299 (membrum
915 4211 1124 4299 aediﬁcii
1147 4227 1273 4299 “pro
1309 4221 1462 4299 parte
1508 4211 1730 4299 domus,
1767 4214 2032 4299 l._'15,'S.i

436 4287 529 4348 ita,
563 4284 589 4356 §
623 4283 771 4338 Idem
818 4285 998 4353 quani,
1031 4282 1093 4336 D.
1137 4281 1215 4336 De
1241 4281 1399 4365 manu
1427 4291 1671 4366 testam;
1716 4285 1752 4340 Ι.
1802 4283 1894 4365 52,
1941 4281 2035 4337 ιε-

437 4357 676 4437 brorum,
710 4352 946 4437 §nlflene,
969 4352 1066 4437 _de
1089 4353 1194 4434 leg.
1226 4352 1483 4437 5;_Pl|n..‘,
1533 4355 1631 4410 llb.
1665 4363 1908 4437 {Inepte}.
1941 4353 2034 4437 Δ17,

2141 4284 2198 4437 ἶ·
2217 4283 2535 4437 itan-litium
2576 4357 2860 4437 formarem
2891 4354 3148 4437 Πιερίδι-ἰὰ
3173 4355 3760 4437 estnaquzeductuutn.

437 4423 833 4507 Apuleiusdl‘ib.
867 4440 922 4507 ιιι
950 4424 1018 4507 de
1039 4424 1225 4507 Asino.
1251 4425 1386 4507 Cic.,
1420 4425 1511 4507 l_ib.
1538 4441 1594 4507 ιιι
1623 4425 1688 4480 ad
1855 4423 2034 4507 (νειμ,
2143 4423 2221 4507 pe
2249 4441 2317 4507 eo
2335 4423 2640 4507 diciturnq'ui
2655 4435 2872 4507 curator
2889 4424 3127 4507 aediﬁciis
3152 4423 3456 4507 praeﬁcitur,
3472 4428 3623 4507 unde
3654 4427 3765 4507 (ις-

440 4493 596 4576 epist.
631 4495 700 4583 ll;
723 4493 832 4550 Nec
879 4496 1110 4583 habere"
1125 4503 1339 4564 poterat
1383 4495 1632 4583 adjuncta
1675 4495 1938 4583 cubicula,
1985 4503 2042 4583 et
2069 4523 2122 4583 υ
2146 4493 2386 4583 formitas
2419 4493 2770 4583 aad‘i'ﬁ'cio‘rutn
2808 4505 2863 4551 et
2884 4493 3392 4583 ‘deformeiguinze.
3419 4496 3660 4583 Sueten.
3699 4499 3767 4553 in

437 4564 704 4634 ejusmodi
757 4565 1014 4619 membra.
1067 4565 1244 4631 Quare
1291 4581 1398 4621 non
1455 4564 1901 4620 dissimulandum
1955 4571 2041 4618 est
2073 4564 2120 4583 "
2148 4564 2769 4634 Neronezbeformitate
2812 4574 3054 4620 veterum
3091 4565 3434 4621 :rdiﬁciorum
3475 4565 3769 4634 oﬁ'ensns,

437 4633 655 4690 Graecos
692 4634 854 4702 paulo
881 4637 1155 4703 angustius
1184 4634 1351 4690 videri
1380 4635 1680 4692 membrum
1708 4644 1918 4692 κοιτῶνα
1939 4649 2037 4690 ex-
2147 4643 2203 4689 et
2223 4651 2290 4692 an
2331 4636 2482 4691 ustiis
2508 4633 2832 4706 flexurisque
2859 4636 3094 4701 viarum;
3124 4636 3160 4689 l.
3192 4635 3288 4700 22,
3325 4635 3433 4690 Lex
3461 4653 3581 4708 qua:
3610 4633 3774 4692 tuo;

441 4705 706 4760 posuisse.
729 4702 782 4756 d.
818 4702 845 4760 ξ
871 4702 1018 4757 Idem
1040 4705 1222 4760 anwri.
1264 4703 1430 4760 Fons.
2145 4722 2250 4760 res.
2367 4704 2446 4760 De
2467 4706 2663 4760 admin.
2691 4706 2862 4760 tut.:l.
2883 4705 2936 4760 1.
2967 4705 3027 4759 D.
3049 4705 3126 4760 De
3149 4708 3278 4760 (ian.
3309 4707 3583 4760 iniuncto:
3620 4709 3661 4760 Ι.
3700 4708 3774 4760 7.

441 4705 706 4776 posuisse,
729 4702 782 4756 d.
818 4702 845 4774 §
871 4702 1018 4757 Idem
1040 4705 1222 4776 qnwri.
1264 4703 1430 4760 Fons.
2145 4722 2250 4773 res,
2273 4702 2332 4760 C.
2367 4704 2446 4760 De
2467 4706 2663 4760 admin.
2691 4702 2862 4770 tui.;l.
2883 4705 2936 4773 1,
2967 4705 3027 4759 D.
3049 4705 3126 4763 De
3149 4708 3278 4777 (ign.
3309 4702 3583 4778 injunélo;
3620 4709 3661 4761 l.
3700 4708 3774 4772 7,

448 4843 464 4847 _
515 4773 542 4812 δ
584 4772 654 4847 Te
683 4772 976 4847 ordinante,
994 4781 1056 4847 te
1097 4783 1392 4844 praeeunte,
1440 4789 1509 4830 ex
1552 4782 1647 4830 tuo
1691 4775 2033 4847 praescripto;
2150 4775 2472 4847 I’rrgsestde
2500 4773 2591 4830 oﬁ‘.
2616 4775 3071 4847 pt'aas.;Cassiod.,
3103 4791 3282 4846 supra,
3307 4776 3400 4847 lib.
3425 4793 3503 4841 ιιι,
3526 4793 3620 4847 ep.
3657 4777 3774 4846 29,

2147 4844 2200 4900 in
2226 4821 2962 4928 ἰὶιῖῖξΝο”ιῖιιὲτ’ίόἶ’ὶιέξὸιῖό
2993 4821 3554 4928 ιῖἇεῖιῖιῖιίῖ’‹ιὲιυξὶἡέἑ
3564 4821 3782 4928 ﬁta:

2148 4924 2268 4997 re.“
2288 4917 2440 4971 mina
2465 4931 2738 4997 εαχοηιιιη,
2771 4915 2916 4997 βιυίη
2944 4916 3271 4997 pragmatica
3299 4913 3591 4972 Justiniani
3617 4913 3780 4997 sint

2147 4987 2359 5074 ctione,
2389 5001 2510 5074 qua:
2550 4987 2719 5068 veteri
2765 4985 2964 5074 διαμειιί
3009 4985 3782 5074 Νονθιιθςυωοςοηνςδξρῑιί

2145 5055 2361 5111 additur
2391 5054 2778 5126 :‘Reparationi
2825 5056 3113 5111 formarum
3134 5094 3148 5117 ,
3198 5064 3305 5111 etc.
3357 5054 3452 5110 Sic
3497 5061 3558 5113 τὸ
3613 5055 3786 5121 εἶδος

2146 5124 2542 5195 llarmenopulo
2567 5125 2850 5180 mdiﬁcium
2880 5136 2985 5190 est,
3010 5126 3144 5180 libro
3175 5141 3211 5179 ιι
3235 5125 3466 5198 Ἐπιτομ.
3493 5125 3685 5182 που.

2223 5197 2238 5236 ι’
2274 5195 2480 5236 Fnrmm
2506 5210 2761 5236 nautarum
2811 5195 2897 5236 Iih,
2937 5211 2969 5236 I,
2998 5195 3064 5236 ιΙρ
3086 5195 3362 5236 annm-an
3414 5195 3528 5236 linll
3593 5198 3605 5236 I
3669 5197 3698 5236 Ι
3720 5199 3746 5236 Ι

2223 5197 2238 5236 ί
2273 5195 2480 5254 Forma:
2505 5210 2782 5266 aquarum,
2810 5195 2900 5249 lib.
2937 5211 2974 5260 ι,
2998 5195 3064 5249 de
3085 5195 3386 5266 aqu:educt.
3409 5195 3552 5251 Cod.
3591 5198 3632 5250 Ι.
3669 5197 3700 5251 1
3720 5199 3786 5266 ι,

2148 5263 2246 5322 Ubi
2279 5265 2418 5320 male
2446 5265 2639 5321 Alciat.
2673 5267 2954 5336 formarunt
2981 5282 2997 5320 :
3028 5265 3236 5320 Forma:
3277 5266 3423 5336 enim
3454 5268 3795 5336 aqugeduc-

2146 5344 2293 5406 tuum
2323 5333 2742 5406 exstructionem
2783 5334 3176 5406 aediliciumque
3201 5333 3631 5406 signiﬁcante!”
3671 5337 3794 5406 27,

2144 5405 2204 5476 _S_i
2233 5404 2532 5476 pendentes,
2558 5403 2586 5476 ς
2613 5405 2672 5460 Si
2684 5405 2816 5476 quid
2835 5403 3099 5476 cloacqrii,
3130 5405 3193 5459 D.
3218 5404 3295 5458 De
3315 5407 3510 5476 usum:
3535 5405 3642 5474 leg
3675 5403 3792 5466 ηυξ

2141 5473 2288 5530 Idem
2318 5473 2581 5549 lulianus,
2609 5473 2767 5549 vulgo
2798 5476 2830 5549 l_.
2862 5473 2953 5540 58,
2983 5473 3108 5529 Cum
3138 5491 3333 5549 seruus,
3367 5473 3576 5549 §'Id_em
3625 5473 3799 5549 tu",

2143 5560 2282 5615 vers.
2319 5545 2522 5611 Haeres,
2547 5544 2616 5600 de
2665 5547 2770 5612 leg.
2803 5545 2853 5610 i,
2887 5561 2984 5612 pro
3023 5561 3174 5615 aqua:
3227 5544 3416 5600 forma.
3469 5544 3666 5603 F01“.
3708 5544 3804 5592 .—'

2144 5613 2211 5686 In
2257 5617 2458 5686 formis.
2510 5615 2566 5669 In
2627 5613 3098 5686 constitutionibus
3148 5615 3449 5685 principum
3511 5615 3802 5685 legilnus

2143 5681 2344 5765 formas
2372 5700 2652 5765 aquarum,
2685 5694 2742 5738 ut
2792 5685 2824 5738 l.
2861 5685 2915 5754 l,
2941 5683 3001 5741 C.
3033 5684 3110 5740 De
3149 5681 3384 5756 ὶιᾳηωᾱη
3425 5700 3556 5742 nov.
3574 5681 3675 5755 ’7,
3717 5694 3804 5748 de

2143 5755 2321 5812 mand.
2355 5755 2579 5827 princip.
2613 5755 2796 5811 Bnoss.

2139 4213 2443 4341 gusjUPetr.
2490 4214 2651 4271 Fabr.
2683 4213 2857 4285 Agon.
2889 4215 2985 4271 lib.
3017 4217 3066 4284 i;
3097 4221 3314 4284 Comes,
3368 4216 3461 4271 lib.
3511 4233 3566 4283 ι,
3614 4234 3755 4290 cap.

2185 4325 2198 4339 .
2299 4303 2347 4340 R.

2185 4303 2347 4340 .JUR.

1729 4775 2004 4831 raescrinto
2017 4789 2033 4831 :

515 4789 542 4812 υ
584 4789 654 4827 re
683 4789 976 4840 oramante,
1005 4789 1056 4828 te
1097 4789 1392 4844 praeeunte,
1440 4789 1509 4830 ex
1552 4789 1647 4830 tuo
1691 4789 2033 4897 ﬁmscrtpto;

441 4843 697 4925 formulas
719 4843 860 4925 enim
882 4852 965 4925 net
992 4842 1162 4911 ideas,
1206 4853 1270 4925 et
1307 4853 1481 4925 typos,
1531 4853 1591 4925 et
1631 4853 1933 4925 scemata,
1959 4854 2041 4925 _et

440 4913 1176 4985 ichnographia-futurarum
1201 4912 1528 4970 fabricarum
1567 4912 1799 4970 faciebat
1829 4923 1892 4969 et
1919 4915 2040 4985 pin-

439 4985 965 5056 gebat‘arcbitectus.
1021 4983 1189 5056 Fons.

519 5065 541 5093 ο
583 5052 916 5125 Musivarius,
952 5068 985 5125 a_
1014 5052 1304 5125 musivario
1352 5067 1538 5125 opere,
1577 5053 1721 5125 quod
1769 5053 2044 5125 sectilibus

440 5124 729 5194 parvisque
749 5123 880 5178 varii
901 5123 1102 5194 coloris
1128 5124 1324 5194 crustis
1345 5123 1577 5194 constat,
1609 5123 1887 5194 formaset
1915 5124 2042 5179 ima-

437 5191 590 5265 gines
615 5191 796 5265 rerum
836 5191 1114 5265 efﬁngens.
1162 5193 1337 5265 Elius
1379 5193 1675 5265 Spartian.,
1707 5195 1761 5250 in
1804 5192 2041 5265 Pescen-

438 5262 562 5331 nio;
589 5265 651 5319 D.
695 5263 999 5331 Augustin.,
1031 5264 1124 5319 lib.
1161 5279 1246 5319 xv:
1276 5264 1343 5319 de
1364 5262 1522 5320 Civil.
1557 5263 1673 5330 Dei,
1705 5281 1756 5331 c,
1797 5262 1860 5328 8;
1905 5263 2040 5320 Gul-

437 5334 548 5390 liel.
583 5333 890 5400 Philander,
918 5333 971 5388 in
997 5333 1221 5389 Vitruvii
1251 5335 1343 5389 lib.
1370 5349 1460 5399 vn,
1501 5349 1550 5389 c.
1581 5334 1632 5402 1,
1662 5335 1927 5390 musivum
1957 5335 2042 5389 in-

438 5413 767 5475 terpretatur
786 5405 929 5475 quod
959 5420 1100 5475 nunc
1127 5405 1421 5460 mosaicum
1450 5404 1718 5470 dictitant,
1763 5406 1916 5474 cujus
1947 5419 2037 5458 ar-

437 5473 612 5530 tiﬁces
638 5474 746 5538 hic,
777 5482 834 5528 et
872 5474 966 5528 lib.
999 5490 1032 5527 x
1059 5473 1220 5542 Cod.,
1254 5475 1333 5529 tit.
1366 5477 1433 5531 de
1469 5489 1627 5536 excu.
1658 5473 1837 5540 artif.,'
1869 5475 2036 5529 musi-

439 5545 965 5616 vztrii_nominantur.
996 5542 1162 5600 Fons.
1316 5613 1326 5616 _
1490 5615 1515 5616 η
1556 5615 1581 5616 μ
1804 5613 1814 5616 _
1854 5610 1863 5616 .

509 5616 535 5651 ά
558 5614 660 5681 Qui
690 5615 743 5668 in
765 5613 883 5684 aula
921 5617 1282 5683 posteriorum
1313 5613 1520 5684 imperii
1551 5615 1714 5670 Rom.
1737 5613 2039 5684 principum

439 5698 581 5739 cura:
609 5683 790 5754 palatii
831 5683 1037 5754 honore
1076 5699 1139 5739 ac
1179 5683 1404 5754 munere
1451 5683 1828 5754 fungebantur,
1873 5698 2039 5754 aurea

443 5754 592 5824 virga
611 5753 896 5810 decoratos
924 5753 1208 5812 incessiSse
1235 5753 1396 5809 tradit
1441 5753 1702 5812 hoc'loco
1746 5753 2036 5811 Cassiodo-
