4004 6194
297 254 404 310 713

1567 253 1928 310 VARIARUM
1969 251 2168 307 LIBER
2211 251 2317 306 ΥΠ.

3487 248 3591 306 7H

288 377 440 434 enim
462 370 834 438 dumteeedit,
886 372 1044 428 limus
1090 383 1205 439 est;
1248 372 1374 426 dum
1403 371 1555 426 venit
1599 371 1890 441 insperate,
1923 377 1970 431 Α
1998 369 2262 423 versutias
2315 365 2528 422 irrctire
2575 363 2810 436 possitis.
2870 362 3099 418 Facilius
3151 361 3297 418 enim
3353 363 3592 420 aestima-

289 457 574 516 diluvium.
607 460 738 529 Quis
775 475 905 530 ergo
955 460 1221 517 famosum
1268 457 1448 516 Nilum
1503 457 1662 514 Urbis
1705 468 1904 514 nostra:

292 550 606 608 fluminibus
626 568 735 607 non
773 553 1004 608 testimet
1032 569 1153 608 esse
1181 551 1534 623 superatum?
1561 548 1790 616 Quando
1815 548 1906 603 ille

294 641 505 698 incolas
537 659 667 697 suos
697 650 792 697 aut
833 643 1104 699 veniendo
1134 651 1319 709 terret,
1354 650 1447 696 aut
1474 638 1775 696 reccdendo
1806 638 1904 694 de-

293 735 492 789 stituit.
524 732 723 790 Verum
752 735 868 790 btec
897 751 1005 790 uon
1058 733 1330 806 superflua
1383 731 1903 788 commemoratione

291 825 655 888 narravimus,
688 834 748 880 ut
778 827 953 896 possis
981 827 1263 882 advertere
1313 825 1490 894 qualis
1517 840 1549 878 a
1579 831 1634 878 te
1679 821 1906 890 diligen-

297 915 374 970 tia
417 917 778 986 perquiratur,
821 918 908 971 cui
949 916 1291 987 pulchritudo
1341 923 1489 970 tanta
1528 912 1902 969 committitur.

294 1004 415 1072 Qua
447 1005 518 1061 de
553 1023 612 1061 re
641 1023 739 1076 per
773 1008 1116 1062 indictionem
1147 1007 1290 1060 illam
1319 1005 1629 1062 comitivam
1659 1003 1756 1058 tibi
1791 1003 1904 1057 for-

295 1113 510 1154 marum
565 1102 665 1154 sub
714 1113 909 1168 magna
963 1101 1358 1154 deliberatione
1421 1097 1785 1161 credidimus,
1847 1099 1906 1148 ut

295 1206 514 1246 summo
541 1191 720 1247 studio
761 1192 950 1246 nitaris
979 1190 1195 1247 efﬁcere
1236 1189 1381 1260 quod
1417 1189 1582 1246 tantis
1610 1203 1675 1244 ac
1713 1187 1908 1241 talibus

294 1281 464 1334 rebus
500 1280 700 1336 videris
738 1281 1016 1352 expedire.
1063 1280 1123 1335 ln
1163 1280 1350 1351 primis
1384 1279 1575 1335 noxias
1604 1287 1630 1316 ⁸
1661 1277 1904 1342 arbores,

299 1385 421 1440 quae
450 1370 685 1425 inferunt
723 1371 1052 1428 fabricarum
1103 1373 1306 1439 ruinas,
1350 1371 1478 1428 dum
1523 1379 1647 1428 sunt
1689 1371 1907 1441 quidam

301 1462 561 1518 mmnium
607 1463 984 1532 importabiles
1033 1463 1268 1529 arietes,
1319 1478 1603 1519 censemus
1646 1462 1907 1519 radicitus

301 1553 590 1623 amputari,
622 1555 744 1623 quia
776 1553 919 1608 nulla
936 1555 1083 1610 laesio
1103 1562 1432 1620 removetur,
1454 1554 1605 1623 cujus
1625 1554 1776 1623 origo
1801 1567 1908 1607 nou

303 1645 532 1700 tollitur.
561 1645 618 1699 Si
647 1646 775 1713 quid
796 1655 976 1701 autem
1004 1647 1328 1703 conﬁciente
1355 1647 1507 1701 senio
1537 1645 1697 1700 fuerit
1725 1645 1911 1700 demo-

2007 474 2126 516 mus
2153 457 2393 528 sphingis
2417 459 2701 526 :enigmata
2731 452 3115 524 comprehendi
3143 452 3402 522 potuisse,
3433 469 3596 523 quam

2005 551 2239 623 raptoris
2280 548 2524 618 fugacem
2561 547 2898 618 praesentiam
2940 544 3198 616 reperire.
3243 543 3337 599 llle
3363 544 3598 601 circum-

2005 649 2220 712 spectus
2241 639 2308 694 ad
2337 637 2517 694 omnia
2539 679 2554 706 ,
2583 635 2844 692 instabilis
2871 634 2941 690 ad
2977 642 3233 700 ventura,
3265 634 3502 704 trepidus
3530 635 3600 702 ad

2006 730 2246 797 insidias,
2276 725 2728 798 quemadmodum
2757 735 2936 797 potest
2962 723 3112 794 capi,
3157 725 3249 794 qui
3279 739 3427 780 more
3453 727 3602 781 venti

2007 823 2154 878 nullo
2201 822 2323 876 loco
2364 820 2604 875 cernitur
2651 818 2961 875 contineri?
3004 817 3174 887 Vigila
3205 817 3431 887 impiger
3477 832 3600 873 cum

2008 913 2288 969 nocturnis
2324 913 2509 966 avibus
2540 928 2552 964 :
2586 927 2692 965 nox
2722 910 2816 964 tibi
2843 909 3042 980 pandat
3071 916 3348 978 aspectus;
3381 917 3437 962 et
3463 908 3605 964 sicut

2008 1004 2111 1059 illa:
2131 1004 2410 1074 reperiunt
2438 1003 2490 1056 in
2514 1000 2756 1057 obscuris
2783 1001 2990 1061 cibum,
3022 999 3094 1052 ita
3125 1007 3181 1052 tu
3228 997 3402 1067 possis
3444 997 3599 1052 inve-

2010 1096 2126 1151 nire
2177 1094 2525 1165 praeconium.
2564 1091 2693 1148 Esto
2739 1107 2883 1146 nunc
2926 1091 2992 1146 ad
3037 1090 3271 1158 iujuncta
3318 1090 3600 1147 sollicitus.

2008 1187 2280 1244 Venalitas
2330 1187 2424 1242 tibi
2449 1202 2555 1240 non
2597 1186 2797 1240 adimat
2837 1185 2980 1256 quod
3019 1185 3266 1240 concedit
3311 1184 3600 1260 industria.
3678 1175 3682 1181 ’

2008 1276 2140 1331 Nam
2170 1276 2292 1332 licet
2336 1277 2450 1330 haec
2482 1276 2580 1330 sub
2608 1274 2871 1346 profunda
2902 1274 3128 1344 caligine
3154 1275 3435 1330 videantur
3462 1276 3598 1344 geri,

2009 1367 2187 1422 nullus
2214 1375 2394 1421 tamen
2424 1374 2577 1421 actus
2605 1375 2688 1421 est
2715 1366 2804 1436 qui
2833 1367 3002 1436 possit
3023 1365 3296 1420 abscondi.
3320 1365 3601 1438 Privilegia

2009 1472 2226 1528 quoque
2246 1464 2338 1512 tua
2369 1456 2452 1512 vel
2496 1454 2660 1512 ofﬁcii
2688 1455 2951 1526 deputati,
2984 1471 3052 1511 ex
3079 1465 3260 1511 nostra
3293 1456 3386 1511 tibi
3414 1467 3605 1514 aucto-

2011 1549 2173 1604 ritate
2217 1546 2613 1605 rationabiliter
2656 1545 2997 1611 vendicabis,
3023 1547 3148 1616 quia
3175 1560 3397 1601 necesse
3436 1556 3518 1602 est
3547 1547 3600 1602 in

2013 1649 2124 1696 tam
2153 1655 2346 1709 magna
2387 1640 2604 1696 civitate
2633 1654 2729 1709 per
2752 1638 2992 1695 diversos
3015 1637 3225 1708 judices
3252 1639 3336 1709 agi
3364 1639 3507 1710 quod
3533 1641 3603 1696 ab

304 1734 484 1802 litum,
513 1736 758 1805 pervigili
779 1737 1058 1792 celeritate
1105 1737 1235 1808 [ed.,
1259 1735 1385 1792 Niv.
1412 1745 1460 1792 et
1488 1735 1612 1802 6a.,
1648 1737 1914 1820 claritate]
1947 1741 1990 1801 Β
2017 1748 2126 1791 ιιηο
2152 1749 2260 1789 non
2287 1740 2467 1806 potest
2493 1731 2767 1802 explicari.

303 1838 610 1897 reparetur,
643 1844 712 1884 ne
735 1840 1017 1886 crescente
1047 1829 1264 1886 defectu
1277 1838 1539 1900 augeatur
1567 1830 1726 1886 nobis
1745 1845 1909 1886 causa

303 1918 591 1988 dispendii.
631 1919 833 1976 Ductus
860 1936 1014 1989 aqua:
1035 1919 1252 1976 fortuna
1288 1929 1376 1976 tua
1407 1930 1509 1988 est,
1537 1909 1664 1976 dum
1705 1920 1910 1978 incolu-

304 2011 412 2065 mis
434 2010 558 2076 eris,
589 2011 632 2065 si
654 2012 745 2066 illa
766 2012 1112 2078 solidaveris;
1144 2020 1460 2085 tantumque
1489 2011 1632 2084 apud
1652 2027 1752 2068 nos
1779 2027 1910 2083 pro-

227 2162 230 2163 ,
309 2102 446 2166 ficis,
470 2111 733 2172 quantum
757 2111 809 2158 te
831 2103 907 2158 illi
925 2104 1193 2161 studuisse
1215 2104 1382 2178 [Cor.,
1409 2103 1534 2160 Niv.
1578 2114 1627 2160 et
1648 2103 1771 2172 6a.,
1795 2113 1912 2160 stu-

308 2191 482 2263 diose]
514 2194 846 2262 probaveris.
886 2194 1024 2260 Agat
1050 2208 1181 2263 ergo
1214 2194 1409 2264 peritia
1441 2194 1680 2266 ﬁdesque
1709 2203 1821 2262 tua,
1851 2202 1913 2250 ut

313 2289 371 2338 et
409 2284 743 2339 constructio
791 2283 1007 2340 fabricae
1053 2285 1261 2341 illibata
1308 2295 1646 2357 permaneat,
1677 2295 1734 2342 et
1759 2300 1912 2356 aqua:

314 2371 628 2429 distributio
658 2373 804 2428 nulla
833 2390 892 2430 se
921 2375 1204 2432 custodum
1233 2377 1527 2434 venalitate
1553 2377 1838 2434 subducat.

444 2526 556 2581 ΥΠ.
590 2543 835 2583 ronuuu
867 2545 1146 2584 rnarscn
1175 2546 1392 2613 victwu
1421 2547 1570 2586 UBBIS
1600 2546 1780 2587 nou.

383 2636 639 2703 Quamvis
667 2654 864 2693 nomen
896 2647 1045 2694 tuum
1075 2639 1100 2678 ιι
1132 2639 1198 2694 ad
1221 2641 1453 2698 civitatis
1481 2628 1536 2696 te
1561 2642 1770 2713 vigilias
1808 2642 1908 2698 de-

312 2729 439 2784 beat
468 2729 731 2796 excitare,
763 2737 822 2783 ut
851 2731 1024 2800 possis
1053 2732 1278 2803 implere
1306 2731 1451 2803 quod
1476 2732 1702 2799 diceris;
1733 2741 1914 2788 tamen

312 2817 667 2890 providentia:
713 2827 909 2873 nostrae
944 2821 1099 2876 solita
1140 2821 1351 2876 cautela
1396 2837 1504 2876 non
1535 2821 1772 2887 deserit,
1810 2821 1914 2876 nisi

315 2924 412 2964 eos
432 2924 568 2979 quos
589 2908 653 2963 ad
675 2911 940 2978 agendum
962 2911 1261 2982 deligimus,
1297 2912 1363 2967 ad
1384 2912 1676 2983 parendum
1699 2928 1917 2984 quoque

316 3006 555 3060 suaviter
597 3005 901 3060 invitemus.
951 3003 1088 3072 Quid
1114 3013 1197 3060 est
1243 3005 1339 3060 tibi
1377 3005 1648 3076 pulchrius
1669 3020 1830 3075 quam
1860 3005 1916 3060 in

2019 1844 2178 1919 ιιι
2216 1843 2345 1899 Vill.
2377 1857 2624 1899 FOBIIULA
2657 1857 2937 1897 Ριιειιεετι
2965 1856 3180 1898 νιςιιωι
3211 1857 3361 1898 URBIS
3395 1857 3603 1898 tusz-

2719 1929 2893 1967 NATIS.

2082 2006 2338 2074 Quamvis
2361 2006 2620 2077 dignitate
2647 2005 2827 2074 magni
2857 2003 3090 2060 nominis
3120 2004 3291 2075 prima
3307 2005 3484 2061 fronte
3504 2005 3604 2062 de-

2011 2097 2372 2169 coreris(quia
2399 2113 2508 2152 non
2525 2097 2702 2167 potuit
2722 2095 3064 2164 antiquorum
3092 2095 3375 2163 prudentia
3397 2111 3604 2151 summa

2011 2190 2225 2258 imaque
2274 2187 2434 2242 simili
2463 2187 2826 2258 appellatione
2872 2200 3094 2242 censere
3115 2227 3132 2255 ,
3164 2202 3232 2241 ne
3260 2186 3604 2256 splendorem

2010 2295 2173 2350 quem
2194 2279 2416 2334 smis
2436 2277 2829 2333 dabatalterius
2855 2276 3062 2331 vilitate
3083 2275 3394 2347 pollueret),
3425 2286 3607 2333 tamen

2011 2372 2138 2427 hinc
2166 2369 2479 2438 intelligitur
2504 2367 2636 2438 quid
2676 2367 2877 2422 sentire
2903 2366 3168 2435 majorum
3197 2367 3460 2437 potuisset
3481 2381 3609 2424 auc-

2013 2461 2225 2526 toritas,
2253 2458 2468 2530 quando
2494 2456 2776 2529 praefectos
2800 2455 3048 2525 vigilibus
3071 2456 3342 2527 appellare
3367 2459 3606 2524 voluere,

2013 2552 2106 2624 qui
2145 2566 2246 2623 pro
2278 2549 2518 2620 generali
2548 2548 2728 2619 quiete
2756 2547 3080 2603 discurrunt.
3127 2547 3246 2603 Tibi
3285 2548 3429 2603 enim
3457 2565 3610 2604 com-

2014 2643 2178 2700 missa
2207 2647 2291 2697 est
2319 2641 2654 2695 fortunarum
2682 2637 2963 2702 securitas,
2996 2637 3228 2693 civitatis
3249 2647 3492 2704 ornatus,
3515 2639 3616 2694 uti-

2015 2735 2138 2791 litas
2163 2733 2402 2790 omnium
2424 2749 2438 2800 ;
2457 2731 2665 2789 scilicet
2684 2738 2743 2786 ut
2763 2729 2905 2786 circa
2931 2729 3260 2786 domesticos
3281 2739 3616 2800 grassatores

2013 2827 2218 2883 bellum
2257 2831 2508 2897 pacatum
2540 2837 2777 2892 gereres,
2809 2821 2852 2878 si
2892 2835 3052 2890 quem
3093 2821 3289 2876 civium
3317 2820 3617 2877 lmdendum

2015 2934 2137 2977 esse
2192 2918 2444 2976 sentires.
2494 2913 2720 2970 Custodi
2774 2913 3020 2968 fortunas
3069 2913 3330 2968 omnium.
3374 2910 3611 2968 Securus
3689 2942 3693 2946 -

2018 3024 2239 3070 somnus
2285 3017 2343 3063 te
2393 3005 2652 3075 vigilante
2715 3002 2994 3072 carpitur,
3053 3009 3111 3056 et
3161 3001 3411 3056 molestia
3465 3000 3613 3055 nulla

317 3095 409 3149 illa
442 3094 583 3151 Urbe
612 3112 832 3168 operam
863 3105 1124 3151 navanter
1145 3096 1476 3167 impendere,
1498 3097 1781 3167 diligentia:
1803 3107 1909 3154 tua:
1937 3116 1983 3180 ρ
2011 3103 2260 3165 sentitur.
2307 3097 2365 3153 In
2412 3111 2548 3168 pace
2590 3095 2799 3166 positus
2851 3092 3019 3148 sumis
3065 3092 3133 3148 de
3190 3100 3454 3148 nocturno
3502 3091 3619 3148 fure

317 3186 409 3241 ubi
439 3187 574 3242 tales
611 3195 776 3242 testes
812 3187 1064 3242 videntur
1111 3188 1402 3243 assistere?
1432 3187 1653 3244 Cautela
1693 3187 1910 3259 quidem

320 3283 433 3341 tua,
464 3293 589 3332 mox
618 3286 677 3331 ut
719 3277 959 3331 adhibita
989 3276 1168 3346 fuerit,
1200 3293 1298 3348 per
1326 3279 1672 3349 patriciorum
1700 3287 1756 3336 et
1782 3296 1913 3337 con-

317 3367 493 3423 sulum
535 3383 629 3422 ora
667 3367 922 3423 discurrit
951 3387 963 3420 :
996 3370 1088 3424 vix
1125 3376 1178 3423 te
1206 3369 1431 3438 contigit
1458 3370 1659 3440 aliquid
1682 3371 1914 3428 sollicite

317 3457 523 3526 facere,
545 3465 600 3513 et
641 3457 793 3512 audis
820 3473 1072 3528 proceres
1115 3475 1234 3516 cum
1277 3460 1632 3516 admiratione
1672 3461 1910 3518 laudare.

318 3547 646 3603 Mediocrem
685 3548 999 3616 dignitatem
1044 3547 1212 3618 regis,
1245 3557 1302 3605 et
1340 3551 1395 3604 in
1423 3565 1631 3606 summa
1661 3550 1916 3620 opinione

318 3640 570 3695 versaris.
595 3641 788 3695 Custos
807 3640 1063 3696 Romana:
1086 3641 1319 3697 civitatis
1339 3641 1553 3707 diceris,
1567 3643 1782 3711 quando
1795 3658 1915 3699 eam

320 3731 392 3787 ab
411 3732 662 3786 intestino
674 3733 831 3787 hoste
851 3731 1109 3788 defendis.
1131 3731 1471 3804 Quapropter
1489 3734 1632 3789 circa
1645 3732 1790 3789 fures
1816 3733 1921 3789 sol—

323 3822 503 3877 licitus
531 3831 681 3887 esto;
707 3836 845 3890 quos
892 3822 993 3876 etsi
1024 3822 1120 3876 tibi
1155 3823 1300 3891 leges
1323 3823 1517 3891 punire
1544 3823 1764 3878 minime
1783 3837 1922 3893 prae-

323 3913 552 3983 cipiunt,
583 3920 760 3967 tamen
791 3927 885 3967 eos
914 3912 1200 3982 indagandi
1240 3913 1513 3968 licentiam
1541 3915 1918 3981 contulerunt;

325 4002 490 4057 credo
512 4011 569 4056 ut
590 4003 833 4070 quamvis
861 4010 1041 4058 essent
1069 4012 1318 4074 raptores
1339 4003 1705 4072 detestabiles,
1721 4011 1921 4072 tamen,

327 4094 456 4164 quia
482 4093 793 4148 dicebantur
825 4093 1076 4162 Romani,
1106 4095 1299 4164 majori
1325 4109 1422 4150 eos
1436 4095 1726 4150 subderent
1751 4095 1923 4163 digni-

327 4183 450 4237 tati.
481 4181 644 4238 Utere
686 4185 847 4252 igitur
885 4199 984 4254 per
1012 4184 1358 4239 indictionem
1403 4185 1549 4240 illam
1589 4185 1923 4256 praefectura:

326 4275 549 4343 vigilum
587 4273 863 4344 dignitate.
915 4273 1120 4331 Horror
1166 4276 1262 4330 tibi
1302 4291 1584 4346 poenarum
1639 4277 1924 4349 ademptus

327 4375 434 4432 est,
465 4382 572 4421 non
599 4375 867 4436 potestas;
898 4382 1022 4420 nam
1052 4367 1137 4422 lex
1164 4382 1196 4420 a
1236 4381 1345 4436 quo
1381 4367 1552 4422 voluit
1577 4367 1752 4423 malos
1777 4368 1919 4438 capi,

2011 3192 2291 3257 victorias.
2325 3187 2452 3244 Tuis
2489 3186 2688 3242 laureis
2717 3200 2875 3241 mane
2903 3184 3093 3242 civitas
3117 3183 3336 3241 defensa
3365 3185 3616 3252 lmtatur;

2011 3297 2133 3354 quae
2156 3280 2282 3335 dum
2321 3284 2510 3348 captos
2535 3274 2777 3345 respicit,
2809 3281 2937 3329 tunc
2977 3288 3038 3329 se
3076 3272 3288 3329 occulto
3331 3273 3490 3328 hoste
3524 3289 3621 3329 ca-

2013 3374 2184 3432 misse
2210 3368 2504 3441 cognoscit.
2535 3366 2786 3434 Quotidie
2815 3367 3144 3436 triumphas,
3173 3367 3218 3423 si
3244 3366 3384 3422 bene
3404 3367 3616 3438 vigilas.

2014 3464 2084 3520 Et
2109 3478 2232 3520 cum
2262 3475 2384 3516 rara
2407 3459 2479 3515 sit
2505 3459 2676 3528 gloria
2711 3456 2887 3513 bellici
2917 3458 3230 3513 certaminis
3252 3498 3268 3525 ,
3298 3460 3395 3515 tibi
3420 3459 3621 3530 jugitcr

2015 3552 2316 3610 latronibus
2356 3549 2646 3605 famulatur
2689 3548 2938 3603 inventis.
2981 3547 3296 3604 Oducatum
3338 3549 3502 3604 nimia
3542 3551 3624 3606 ci-

2022 3647 2172 3701 vium
2201 3642 2485 3699 afl‘ectione
2507 3639 2842 3712 susceptum!
2873 3639 3126 3696 Assumes
3145 3641 3424 3710 praedones
3445 3643 3624 3712 inqui-

2017 3750 2141 3805 rere
2167 3749 2304 3805 quos
2328 3748 2427 3804 per
2455 3747 2514 3788 se
2551 3732 2800 3787 dominus
2823 3746 2932 3786 non
2960 3732 3102 3786 valet
3132 3732 3411 3799 invenire;
3440 3741 3496 3789 et
3515 3734 3615 3789 du-

2020 3801 2144 3895 plici
2172 3801 2383 3876 ratione
2401 3816 2676 3875 beneﬁcus
2704 3826 2797 3874 aut
2838 3818 3019 3874 futura
3044 3817 3186 3874 furta
3215 3821 3500 3891 prohibes,
3522 3831 3617 3879 aut

2023 3916 2310 3972 commissa
2340 3913 2636 3970 concludis.
2658 3912 2849 3968 Nonne
2875 3913 2976 3969 ista
3005 3913 3247 3984 quaedam
3277 3911 3358 3970 est
3378 3912 3626 3970 ineffabi-

2025 4007 2092 4063 lis
2120 4006 2289 4076 gratia
2319 4005 2552 4061 civitatis
2571 4047 2587 4074 ,
2608 4021 2772 4059 unum
2797 4005 2852 4060 in
2882 4007 3270 4078 sc-suscipere,
3303 4009 3446 4078 quod
3478 4007 3624 4065 videt

2029 4098 2281 4154 omnibus
2330 4095 2630 4168 expedire?
2679 4095 2871 4153 Merito
2926 4097 3023 4152 tibi
3075 4098 3370 4167 gloriosum
3421 4115 3624 4156 nomen

2025 4190 2262 4262 prtefecti
2305 4190 2542 4261 prudens
2582 4189 2876 4260 antiquitas
2902 4188 3198 4260 deputavit,
3221 4191 3346 4259 quia
3368 4190 3510 4246 istud
3538 4191 3622 4246 fa-

2027 4296 2153 4337 cere
2173 4297 2280 4336 non
2301 4287 2547 4351 poterat,
2567 4280 2668 4334 nisi
2696 4279 2787 4348 qui
2819 4279 2963 4333 cives
2992 4294 3023 4332 a
3044 4278 3155 4334 suis
3181 4279 3479 4335 commodis
3500 4280 3622 4350 plus

2027 4374 2263 4428 amabat.
2313 4370 2560 4427 Officium
2609 4385 2826 4441 quoque
2875 4379 3027 4425 tuum
3057 4386 3166 4424 non
3215 4386 3381 4440 parvo
3409 4379 3626 4426 constat

328 4458 504 4528 ipsum
524 4458 732 4513 censuit
753 4459 872 4528 plus
891 4459 1088 4512 timeri.
1112 4455 1228 4514 Eris
1251 4457 1508 4512 securitas
1527 4457 1920 4527 soporantium,
1950 4488 2001 4548 ι)
2025 4478 2252 4520 munere
2293 4463 2667 4520 sublevatum:
2701 4461 2919 4531 quando
2965 4469 3022 4516 et
3049 4461 3177 4532 ipsis
3205 4463 3462 4517 momenti
3499 4462 3624 4532 jura

327 4549 607 4604 munimen
626 4549 928 4613 domorum,
946 4547 1110 4602 tutela
1132 4548 1510 4614 claustrorum,
1528 4547 1798 4603 discussor
1821 4548 1921 4603 ob-

330 4655 544 4704 scurus.
573 4640 772 4695 arbiter
797 4639 1120 4705 silcutiosus,
1149 4638 1233 4695 cui
1277 4639 1464 4695 fallere
1504 4639 1817 4694 insidiantes
1844 4638 1926 4695 fas

329 4739 436 4792 est,
469 4739 525 4786 et
550 4731 799 4802 decipere
843 4731 1033 4800 gloria.
1060 4730 1224 4786 Actus
1252 4738 1375 4785 tuus
1414 4729 1632 4785 venatio
1661 4737 1924 4786 nocturna

330 4830 440 4889 est,
466 4837 584 4891 quae
613 4823 750 4876 miro
790 4821 952 4876 modo
981 4822 1030 4876 si
1068 4837 1175 4877 non
1217 4823 1490 4890 cernitur,
1533 4831 1661 4880 tunc
1709 4823 1927 4877 timetur

328 4912 486 4985 μιᾶς,
516 4909 766 4982 tenetur].
797 4910 958 4966 Furta
984 4913 1154 4981 magis
1181 4913 1234 4966 in
1265 4911 1468 4967 furibus
1492 4912 1641 4978 facis,
1656 4913 1781 4968 dum
1806 4913 1927 4970 illos

327 5003 723 5058 circumvenire
751 5003 934 5058 niteris
963 5018 1100 5072 quos
1128 5004 1373 5059 omnibus
1394 5002 1618 5058 illudere
1646 5018 1807 5073 posse
1835 5019 1930 5060 co-

331 5095 572 5166 gnoscis.
605 5090 863 5161 Praestigii
890 5106 1056 5162 genus
1083 5103 1167 5150 est
1189 5094 1334 5166 quod
1361 5094 1538 5163 agitis,
1569 5102 1628 5148 ut
1655 5094 1925 5152 latronum

411 5251 692 5324 ξ-Αῖὸοτεε
731 5268 845 5324 qua:
877 5251 1395 5324 inferuntjabricar.
1437 5255 1638 5324 ruinas.
1680 5254 1937 5310 Arboreis

333 5320 577 5377 aediﬁciis
607 5320 798 5391 noxiae,
847 5323 883 5377 l.
931 5320 983 5390 1,
1015 5323 1074 5379 C.
1106 5320 1416 5390 Deinterd.;
1448 5323 1543 5379 lib.
1544 5341 1628 5448 Fu,
1654 5327 1811 5396 epist.
1835 5325 1926 5380 39.

1586 5411 1710 5448 omv.

1586 5411 1710 5450 ORN.

410 5462 440 5502 ι’
471 5460 716 5518 Prmfecti
747 5463 960 5532 vigilum
992 5463 1135 5535 nihil
1166 5462 1235 5518 de
1274 5464 1592 5535 capitalibus
1629 5467 1807 5522 causis
1832 5481 1930 5521 sua

337 5537 662 5588 auctoritate
685 5542 927 5605 statuere
974 5533 1209 5590 debent:
1241 5533 1418 5605 sed’isi
1462 5535 1589 5605 quid
1625 5535 1931 5605 hujusmodi

337 5605 583 5657 evenerit
610 5604 826 5657 culmini
851 5613 954 5660 tum
983 5605 1265 5674 potestatis
1293 5604 1511 5670 referre,
1545 5614 1604 5660 ut
1629 5604 1704 5661 de
1725 5622 1931 5661 memo-

340 5675 476 5748 r_ati_s
503 5674 678 5748 causis
707 5675 935 5748 celsiore
965 5676 1232 5748 sententia
1265 5674 1556 5748 judicetur,
1583 5676 1620 5730 l.
1647 5675 1929 5748 Praefecti,

342 5744 411 5801 C.
427 5742 508 5799 De
533 5743 627 5814 οῙῙ.
646 5746 798 5816 prwf.
813 5746 956 5815 uigil.
981 5744 1108 5800 Ideo
1135 5745 1330 5804 dicitur
1355 5746 1617 5806 obscurus
1637 5742 1828 5822 judox',
1852 5742 1937 5830 ar:

636 5840 908 5899 “ww.
954 5835 1188 5902 LXIX.

2026 4555 2250 4610 dilatata
2278 4563 2431 4619 sunt,
2462 4553 2552 4623 qui
2581 4568 2681 4623 pro
2707 4552 2996 4608 securitate
3034 4551 3232 4607 civium
3265 4553 3498 4610 militare
3526 4571 3626 4610 no-

2026 4652 2248 4702 scuntur
2271 4655 2318 4700 θ.
2347 4644 2477 4712 Qum
2501 4659 2624 4700 cum
2647 4643 2720 4698 ita
2750 4643 2874 4706 sint,
2899 4641 3268 4712 praefecturam
3288 4643 3386 4698 tibi
3406 4642 3628 4714 vigilum

2029 4751 2129 4807 per
2158 4735 2304 4790 illam
2333 4735 2708 4800 indictionem,
2729 4735 2979 4790 delectati
3008 4743 3099 4789 tua
3128 4735 3406 4806 opinione,
3437 4752 3628 4792 conce-

2029 4825 2235 4891 dimus;
2267 4827 2340 4880 ita
2370 4835 2429 4880 ut
2457 4833 2513 4881 et
2540 4841 2724 4882 curam
2751 4824 2908 4894 hujus
2942 4824 3219 4894 dignitatis
3255 4834 3311 4881 et
3345 4828 3627 4896 privilegia

2035 4915 2130 4970 tibi
2178 4917 2541 4988 competentia
2587 4918 2762 4974 modis
2819 4917 3071 4972 omnibus
3123 4917 3456 4985 exsequaris.
3517 4917 3628 4973 Sed

2033 5007 2278 5076 quamvis
2305 5023 2501 5065 nomen
2535 5008 2930 5065 odiosissimum
2953 5006 3127 5062 furum
3150 5008 3418 5076 generalis
3438 5024 3628 5079 perse-

2031 5108 2228 5170 quatur
2257 5116 2530 5167 assensus,
2551 5110 2731 5158 tamen
2750 5102 2874 5172 quia
2902 5102 2971 5157 de
2989 5099 3249 5156 effusione
3269 5099 3488 5157 humani
3511 5118 3629 5159 san-

2043 5255 2184 5329 l_)iter
2207 5253 2534 5321 silcutiosus,
2558 5254 3007 5329 incendiariorum
3045 5266 3100 5313 et
3124 5257 3299 5329 furum
3324 5256 3630 5329 indagator.

2037 5325 2324 5396 Eleganter
2351 5334 2568 5396 auctor,
2599 5324 2738 5380 furta
2776 5341 2905 5396 eum
2935 5324 3111 5383 facere
3153 5329 3204 5382 in
3233 5324 3480 5394 furibus,
3499 5327 3628 5384 dum

2034 5393 2156 5467 illos
2187 5404 2349 5467 noctu
2369 5395 2742 5467 circumvenit.
2760 5393 3126 5467 _Harmenop.,
3152 5400 3234 5453 tit.
3258 5397 3327 5452 de
3354 5393 3627 5467 dignitat.,

2035 5464 2065 5538 ς
2097 5465 2348 5538 5,_refert_
2374 5463 2610 5520 ofﬁcium
2641 5464 2877 5538 praefecti
2907 5463 3123 5538 vigilum
3163 5469 3229 5523 ad
3270 5463 3514 5524 incendia
3543 5463 3633 5526 ar;

2034 5534 2204 5592 cenda
2227 5535 2552 5602 institutum,
2579 5543 2635 5588 et
2658 5534 2725 5588 de
2753 5535 3113 5603 incendiariis,
3132 5538 3523 5604 eﬁ'ractoribus,
3548 5539 3632 5596 fu-

2034 5607 2184 5662 ribus
2218 5615 2275 5660 et
2301 5604 2729 5673 receptatoribus
2751 5618 3102 5673 cognoscere.
3129 5609 3317 5665 Bnoss.

2111 5687 2134 5716 ε
2161 5673 2535 5756 Hunc-locum
2561 5675 2794 5747 explicat
2816 5673 2960 5747 Cuj.,
2993 5678 3048 5735 in
3087 5677 3310 5737 Paratil.
3339 5679 3473 5739 Cod.
3505 5680 3632 5754 188,

2154 5761 2269 5819 vm,
2299 5745 2382 5804 tit.
2412 5744 2467 5804 ὅ.
2489 5745 2618 5808 For.

3111 5843 3192 5907 23
