3988 6178
278 240 382 297 717

272 447 432 517 gibus
459 450 683 521 patiaris
703 452 955 524 opprimi,
988 468 1090 509 nec
1114 453 1378 509 eharitate
1405 455 1667 510 consumi.

563 582 678 641 XII.
707 602 953 642 ronuvLa
983 603 1279 643 CURATOBJS
1306 602 1589 643 amr/ms.

344 676 602 747 Quamvis
628 695 727 749 per
751 695 811 735 se
839 679 1172 735 honorabilis
1213 680 1495 746 habeatur,
1538 680 1631 748 qui
1659 680 1742 734 vel
1770 680 1873 734 mi-

271 767 475 823 nimam
505 767 921 825 sollicitudinem
951 769 1157 826 civitati
1183 770 1410 841 propriae
1442 769 1654 825 videtur
1674 770 1876 841 impen-

269 858 423 926 dere,
456 868 513 915 et
538 861 680 917 inter
708 878 836 917 suos
866 876 1061 932 magna
1089 862 1390 917 reverentia
1422 862 1751 932 perfruatur,
1782 863 1873 931 qui

268 948 416 1003 cives
448 964 509 1003 se
536 965 721 1004 amare
750 949 1025 1020 professus
1054 960 1158 1018 est,
1190 957 1370 1004 tamen
1402 950 1729 1005 indubitatus
1776 952 1874 1007 ho—

268 1054 375 1094 nor
414 1049 517 1105 est,
567 1040 658 1111 qui
687 1051 871 1095 nostra
904 1041 1171 1095 electione
1199 1039 1493 1106 confertur,
1526 1041 1650 1112 quia
1677 1042 1872 1112 praedi-

268 1138 354 1185 tus
378 1130 537 1186 bonis
567 1132 825 1186 institutis
854 1131 1112 1199 creditur,
1139 1130 1223 1186 cui
1248 1131 1448 1200 aliquid
1490 1131 1748 1202 principis
1775 1149 1873 1187 au-

267 1222 522 1277 ctoritate
568 1222 865 1292 delegatur.
914 1220 983 1277 Et
1031 1222 1153 1278 ideo
1180 1222 1248 1277 ab
1276 1222 1570 1278 indictione
1598 1223 1689 1278 illa
1727 1218 1871 1280 illius

267 1311 506 1366 civitatis
530 1324 715 1367 curam
738 1312 805 1368 ad
833 1320 882 1367 te
905 1312 1152 1371 volumus
1172 1313 1466 1383 pertinere,
1490 1323 1549 1368 ut
1577 1314 1869 1370 laudabiles

264 1402 487 1458 ordines
512 1404 675 1460 curia:
718 1404 992 1474 sapienter
1042 1406 1349 1476 gubernes;
1377 1406 1655 1461 moderata
1692 1407 1866 1477 pretia

264 1493 335 1548 ab
393 1494 526 1564 ipsis
576 1511 805 1565 quorum
855 1496 1079 1552 interest
1113 1496 1279 1553 facias
1318 1495 1602 1579 custodiri.
1650 1499 1766 1553 Non
1798 1500 1868 1554 sit

263 1600 481 1641 merces
520 1588 573 1641 in
618 1596 915 1661 potestatg
937 1590 1052 1644 sola
1094 1589 1439 1645 vendentium
1464 1630 1479 1655 ,
1531 1592 1865 1662 aequabilitas

262 1686 420 1745 grata
442 1679 775 1734 custodiatur
797 1680 851 1734 in
873 1680 1143 1735 omnibus.
1161 1679 1577 1751 Opulentissima
1599 1681 1861 1750 siquidem

1557 236 1921 306 vAnIAnUM
1962 251 2163 308 LIBER
2204 234 2311 311 vn.

277 372 471 415 revera
498 360 626 417 boni
657 361 956 419 defensoris
981 359 1240 429 ofﬁcium,
1271 363 1316 417 si
1346 364 1491 420 cives
1516 372 1636 419 tuos
1662 379 1762 419 nec
1789 366 1866 418 le-
1900 374 1945 428 Α

3464 269 3563 328 718

2208 364 2347 419 XIV.
2393 381 2640 424 renum
2672 384 2939 428 coumva:
2969 389 3319 432 RAVENNA'I'IB.

2051 463 2108 535 Si
2134 480 2448 535 mstimanda
2498 491 2581 537 est
2607 482 2835 553 dignitas
2865 501 2931 541 ex
2982 486 3188 556 labore,
3212 490 3256 545 si
3286 489 3569 550 laudabilis

1976 573 2283 628 sollicitudo
2313 583 2527 638 actuum
2552 574 2885 645 publicorum
2912 581 3053 650 parit
3079 583 3308 651 gratiam
3332 583 3570 641 liberali-

1979 673 2062 719 ter
2088 664 2363 732 servienti,
2397 681 2604 725 summa
2634 661 3025 739 gratificatione
3050 671 3202 730 locus
3228 682 3353 729 tuus
3370 675 3572 732 haben-

1976 755 2079 812 dus
2106 766 2204 822 est,
2236 758 2465 838 quisuis
2488 762 2899 818 necessitatibus
2923 765 3183 833 probatur
3203 766 3442 823 adimere
3470 784 3571 825 no-

1975 852 2101 906 stris
2150 849 2577 909 ordinationibus
2623 855 2950 915 tarditatem.
3004 857 3133 925 Quis
3172 861 3316 917 enim
3344 865 3570 920 nesciat

1967 941 2230 1010 quantam
2262 942 2473 1013 copiam
2491 945 2703 1000 navium
2728 947 2919 1003 leviter
2946 965 3206 1019 procures
3234 952 3568 1011 admonitus?

1974 1029 2019 1086 A
2049 1033 2399 1103 dignitatibus
2444 1039 2603 1109 116
2645 1038 2830 1107 palatii
2862 1041 3031 1096 nostri
3059 1043 3148 1097 vix
3181 1043 3233 1098 in
3263 1046 3563 1103 evectioni-

1973 1124 2073 1179 bus
2101 1126 2370 1203 scribitur,
2401 1135 2455 1183 et
2496 1130 2606 1196 jam
2638 1147 2667 1183 a
2693 1139 2744 1184 te
2773 1146 2979 1188 summa
3018 1134 3297 1190 celeritate
3321 1139 3564 1209 comple-

1968 1210 2077 1269 tur.
2111 1214 2242 1270 Nam
2273 1218 2414 1272 inter
2462 1219 2801 1275 dimissorum
2843 1220 3212 1282 festinationes
3248 1229 3437 1285 anxias
3475 1230 3565 1286 vix

1971 1304 2167 1360 sullicit
2191 1307 2329 1362 alter
2348 1307 2629 1365 advertere
2648 1311 2792 1382 quod
2813 1321 2867 1368 te
2895 1314 3156 1371 vivaciter
3177 1319 3439 1389 contingit
3460 1321 3563 1376 im-

1967 1395 2138 1465 'plere.
2180 1396 2586 1466 Negotiatorum
2634 1416 2830 1471 operas
2883 1413 3170 1462 consuetas
3217 1423 3320 1465 nec
3366 1411 3565 1466 nimias

1969 1486 2154 1555 exigas
2180 1503 2281 1542 nec
2303 1490 2596 1547 venalitate
2625 1491 2985 1563 derelinquas.
3013 1495 3091 1550 Sit
3113 1498 3306 1554 modus
3332 1501 3425 1569 qui
3453 1517 3561 1557 non

1967 1587 2146 1648 potest
2165 1594 2391 1649 gravare
2414 1582 2741 1652 laborantes,
2767 1594 2826 1639 ut
2847 1601 2968 1642 cum
2992 1603 3081 1643 res
3100 1590 3414 1658 querelosas
3443 1593 3562 1649 sine
3625 1626 3633 1634 ι

1966 1671 2316 1739 querimoniis
2346 1675 2539 1743 egeris,
2594 1675 2799 1746 majora
2840 1676 2906 1734 de
2954 1688 3140 1736 nostro
3168 1683 3420 1738 examine
3446 1698 3562 1740 me-

264 1776 315 1820 et
350 1768 477 1824 hinc
521 1770 695 1839 gratia
725 1771 922 1828 civium
951 1770 1243 1840 colligitur,
1272 1771 1315 1826 si
1342 1772 1515 1843 pretia
1543 1773 1641 1828 sub
1670 1774 1855 1828 mode-

1970 1763 2157 1816 rearis.
2189 1761 2418 1820 Proinde
2438 1767 2746 1823 comitivam
2778 1758 3149 1829 Ravennatem
3182 1788 3281 1844 per
3308 1774 3453 1830 illam
3480 1775 3563 1831 in-

266 1861 477 1916 ratione
500 1870 805 1931 serventur;
833 1874 892 1918 ut
919 1880 1046 1919 vere
1065 1848 1331 1919 curatoris
1353 1846 1577 1935 impleas
1602 1864 1862 1934 officium,

150 1982 167 2005 ρ
262 1965 387 2007 cum
447 1955 542 2009 tibi
591 1956 897 2011 sollicitudo
936 1956 1098 2012 fuerit
1149 1956 1218 2011 de
1266 1957 1497 2012 utilitate
1524 1967 1858 2013 cunctorum.

262 2053 289 2080 ⁸
332 2042 769 2103 Consuetudines
827 2055 1007 2104 autem
1047 2047 1144 2103 tibi
1184 2064 1254 2104 ex
1304 2056 1491 2104 nostra
1539 2051 1863 2106 auctoritate

260 2135 514 2203 defende,
560 2153 694 2208 quas
722 2138 778 2194 in
806 2138 999 2195 eodem
1046 2140 1169 2196 loco
1209 2150 1330 2197 tuos
1352 2149 1566 2197 constat
1608 2143 1862 2199 habuisse

260 2244 522 2299 majores.

570 2361 703 2417 Xlll.
738 2379 985 2420 l-‘OItIULA
1018 2380 1287 2423 coumva:
1317 2381 1568 2421 nonus.

324 2450 383 2505 Si
415 2450 613 2507 clausis
633 2454 884 2510 domibus
904 2471 970 2511 ac
992 2456 1211 2511 munitis
1232 2456 1469 2511 insidiari
1490 2456 1625 2512 solet
1650 2457 1860 2528 nequis-

255 2540 451 2595 simum
477 2551 678 2607 votum,
712 2553 919 2613 quanto
970 2546 1138 2613 magis
1176 2546 1231 2599 in
1261 2545 1503 2602 Romana
1532 2547 1750 2603 civitate
1779 2550 1859 2609 vi-

251 2628 412 2685 detur
466 2632 617 2698 illici,
649 2634 741 2702 qui
792 2635 845 2688 in
899 2634 1092 2704 plateis
1122 2636 1417 2705 pretiosum
1466 2638 1668 2711 reperit
1695 2639 1856 2714 .quod

252 2725 428 2793 possit
456 2725 704 2781 auferri?
750 2726 885 2782 Nam
924 2728 1140 2797 quidam
1172 2728 1402 2798 populus
1451 2729 1855 2800 copiosissimus

247 2824 571 2881 statuarum,
587 2831 780 2887 greges
801 2819 964 2873 etiam
989 2818 1435 2875 abundantissimi
1457 2835 1740 2891 equorum,
1758 2822 1855 2877 tali

247 2918 377 2963 sunt
401 2910 615 2965 cautela
643 2912 913 2978 servandi,
944 2912 1091 2981 quali
1121 2921 1177 2968 et
1214 2928 1341 2968 cura
1380 2912 1631 2970 videntur
1657 2913 1803 2972 alllxi
1834 2936 1850 2971 :

247 2998 363 3063 ubi,
388 2999 437 3054 si
465 3009 612 3056 esset
646 3001 895 3057 humanis
926 3003 1085 3057 rebus
1107 3003 1213 3061 ulla
1237 3004 1621 3071 consideratio,
1651 3004 1852 3062 Roma-

244 3103 377 3144 nam
409 3091 866 3161 pulchritudinem
888 3110 993 3148 non
1022 3094 1233 3163 vigilite,
1256 3094 1350 3150 sed
1376 3095 1491 3150 sola
1514 3096 1737 3153 deberet
1763 3114 1849 3154 re-
1875 3118 1922 3179 ο

242 3184 494 3238 verentia
523 3185 815 3241 custodire.
850 3184 988 3253 Quid
1014 3187 1257 3244 dicamus
1303 3202 1577 3244 marmora
1617 3190 1849 3247 metallis

238 3284 295 3328 et
339 3284 467 3330 arte
498 3277 732 3345 pretiosa
761 3294 778 3343 ;
826 3291 945 3347 qua:
988 3278 1032 3332 si
1062 3287 1218 3335 vacet
1247 3279 1475 3349 eripere,
1505 3295 1628 3335 rara
1656 3296 1849 3338 manus

235 3378 324 3423 est
345 3385 478 3439 qua:
526 3369 696 3439 possit
720 3386 751 3423 a
782 3371 976 3426 talibus
996 3372 1302 3427 abstinere?
1324 3372 1402 3427 lbi
1424 3381 1552 3427 sunt
1576 3376 1847 3445 exposita,

231 3472 361 3524 qua:
388 3456 575 3511 facere
598 3466 888 3528 potuerunt
916 3459 1112 3515 divitiae
1134 3461 1415 3529 generales
1437 3470 1494 3516 et
1516 3462 1671 3518 labor
1691 3480 1848 3519 mun-

229 3551 309 3600 di.
336 3549 521 3615 Quem
545 3548 685 3603 inter
711 3550 812 3604 ista
840 3550 1031 3607 deceat
1057 3568 1176 3608 esse
1203 3553 1605 3622 negligentem?
1634 3553 1763 3621 Quis
1790 3556 1847 3611 in

225 3657 411 3697 causa
450 3642 539 3696 tlli
589 3644 792 3714 patitur
818 3660 939 3700 esse
980 3646 1201 3712 venalis,
1230 3645 1446 3716 quando
1469 3648 1844 3717 gravissimum

223 3736 505 3789 damnum
575 3745 758 3806 potest
813 3735 928 3792 fieri
979 3738 1033 3792 in
1087 3738 1485 3809 pulchritudine
1537 3740 1845 3807 singulari?

220 3826 431 3892 Quare
458 3842 555 3899 per
581 3828 928 3884 indictionem
956 3830 1100 3883 illam
1127 3829 1393 3885 comitivac
1438 3830 1693 3885 Romana:
1721 3846 1844 3886 cum

221 3918 556 3987 privilegiis-
591 3927 648 3973 et
687 3918 848 3989 justis
895 3920 1196 3975 commodis
1221 3921 1331 3975 suis
1377 3921 1470 3975 tibi
1500 3920 1846 3978 concedimus

214 4007 599 4074 dignitatem;
633 4016 691 4061 ut
722 4007 865 4064 ﬁdeli
894 4008 1075 4064 studio
1122 4024 1424 4080 magnoque
1470 4010 1587 4065 nisu
1633 4026 1845 4080 quaaras

214 4099 524 4168 improbas
549 4114 771 4163 manus,
805 4107 859 4154 et
907 4100 1217 4155 insidiantes
1246 4108 1338 4155 aut
1378 4101 1708 4171 privatorum
1734 4101 1844 4158 for-

207 4190 378 4245 tunis
441 4197 536 4243 aut
566 4190 855 4258 mmuibus,
887 4191 952 4244 ad
982 4199 1130 4245 tuum
1155 4188 1317 4245 facias
1346 4191 1529 4246 venire
1549 4192 1842 4261 judicium;

204 4292 285 4345 et,
317 4282 416 4337 rei
446 4283 672 4338 veritate
693 4282 956 4352 discussa,
979 4299 1272 4353 congruam
1294 4284 1521 4339 subeant
1544 4286 1611 4340 de
1636 4287 1843 4356 legibus

202 4373 530 4428 ultionem.
556 4372 689 4441 Quia
715 4374 859 4443 juste
882 4376 1016 4431 tales
1039 4376 1376 4445 persequitur
1395 4377 1641 4446 publicus
1663 4379 1841 4449 dolor,

195 4468 306 4537 qui
341 4466 622 4522 decorem
641 4476 884 4523 veterum
914 4466 1117 4523 findant
1139 4466 1549 4523 detruncatione
1570 4470 1841 4528 membro-
1870 4508 1923 4569 Β

190 4573 367 4623 rum,
407 4556 735 4626 faciuntque
788 4557 876 4611 illa
934 4559 988 4612 in
1040 4558 1405 4614 monumentis
1442 4559 1691 4630 publicis,
1722 4575 1843 4631 qua:

188 4651 441 4706 debent
478 4651 612 4718 pati.
641 4649 886 4705 Ofﬁcium
922 4662 1070 4706 tuum
1114 4659 1171 4706 et
1196 4651 1394 4706 milites
1421 4662 1713 4709 consuetos
1741 4670 1842 4709 no—

184 4744 405 4798 ctibus
439 4742 629 4811 potius
651 4743 929 4811 invigilare
958 4743 1253 4814 compelle;
1304 4745 1358 4798 in
1386 4744 1474 4799 die
1502 4754 1683 4800 autem
1712 4747 1845 4801 civi-

180 4843 276 4888 tas
306 4834 531 4902 scipsa
574 4833 827 4888 custodit.
852 4832 1092 4903 Vigilans
1120 4834 1264 4888 enim
1293 4834 1470 4888 studio
1500 4851 1609 4890 non
1640 4835 1846 4906 indiget

178 4926 433 4980 alieno.
478 4922 645 4977 Furta
675 4925 767 4993 qui
787 4926 892 4980 lem
923 4924 1405 4995 persuadentz‘sed
1433 4936 1560 4981 tunc
1586 4944 1844 4997 prmsum-

174 5029 329 5091 ptus
383 5016 575 5072 facile
604 5018 833 5087 capitur,
863 5034 983 5074 cum
1015 5026 1200 5075 custos
1247 5019 1468 5074 minime
1495 5021 1844 5090 supervenire

170 5109 504 5164 sentitur.
529 5105 734 5160 Statua:
765 5122 865 5161 nec
905 5108 958 5161 in
1006 5116 1122 5161 toto
1162 5116 1325 5162 mutm
1370 5116 1497 5162 sunt
1526 5126 1538 5161 :
1567 5108 1783 5179 quando
1811 5124 1842 5162 a

170 5202 438 5255 laribus
474 5210 768 5264 percussae,
797 5198 1050 5251 custodes
1070 5196 1321 5252 videntur
1347 5197 1631 5254 tinnitibus
1658 5199 1846 5253 admo-

170 5307 359 5346 nere.
404 5286 669 5342 Proinde
704 5287 1037 5355 diligentiam
1070 5297 1216 5343 tuam
1265 5288 1553 5345 devotione
1590 5288 1844 5344 laudabili

162 5385 568 5442 sentiamus,
600 5388 659 5431 ut
686 5379 771 5433 cui
803 5394 946 5433 nunc
973 5378 1271 5434 laboriosos
1300 5379 1472 5435 fasces
1497 5379 1838 5451 injungimus,

162 5490 455 5535 securos
492 5473 732 5528 honores
758 5481 945 5543 postea
971 5473 1330 5529 conferamus.

252 5650 279 5672 ιι
317 5630 803 5687 τ.οηετιρηιὰἰηρς.
836 5631 976 5685 Alias
998 5631 1276 5695 vectigalia
1305 5640 1359 5685 et
1386 5634 1606 5698 tributa,
1630 5632 1718 5686 hic
1746 5646 1843 5698 pro

322 5732 335 5755 ν
402 5726 455 5756 ι-
496 5744 513 5753 -
568 5704 854 5763 «minutiam
906 5706 955 5755 in
1011 5702 1233 5754 formula
1280 5705 1343 5753 ad
1386 5704 1843 5759 cumnwmtamlos

152 5806 161 5819 ι
194 5801 323 5837 um.
348 5794 393 5829 Li
470 5790 621 5843 ιιι-ειη
648 5790 675 5839 ι;
701 5789 775 5835 (ις,
826 5782 1112 5840 utrumque
1153 5776 1501 5843 conjuuclitn,
1536 5774 1761 5827 annonis
1790 5780 1843 5825 et

1965 1852 2255 1911 dictionem
2287 1858 2381 1913 tibi
2411 1861 2674 1916 serenitas
2694 1869 2879 1917 nostra
2906 1864 3174 1932 concedit,
3201 1875 3260 1920 ut
3285 1866 3562 1937 dignitatis

1964 1953 2070 2000 ture
2092 1948 2373 2018 privilegia
2402 1946 2598 2007 subeas
2630 1960 2685 2007 et
2705 1952 2936 2009 labores.
2961 1952 3207 2011 Ollieium
3230 1966 3378 2013 tuum
3400 1960 3562 2029 aequi-

1965 2037 2090 2090 tatis
2120 2039 2552 2096 consideratione
2579 2042 2888 2099 moderare.
2919 2044 3145 2116 Semper
3166 2048 3311 2102 enim
3336 2057 3392 2104 et
3419 2066 3558 2122 pm-

1962 2118 2137 2183 standi
2167 2138 2221 2184 et
2251 2130 2477 2187 laedendi
2505 2148 2695 2189 causas
2719 2134 2944 2206 invenit,
2969 2137 3062 2206 qui
3084 2138 3312 2208 publicis
3334 2118 3557 2201 actioni

1960 2218 2061 2272 bus
2089 2219 2395 2278 adhibetur.
2426 2221 2533 2278 Sed
2562 2233 2824 2295 quantum
2853 2226 3253 2286 administratio
3294 2240 3383 2287 tua
3413 2234 3555 2290 inter

1959 2309 2259 2366 mediocres
2304 2313 2497 2382 agitur,
2547 2322 2694 2369 tanta
2741 2315 2905 2373 debet
2931 2319 3242 2389 mqualitate
3280 2324 3551 2391 trutinari,

1959 2403 2081 2471 quia
2111 2404 2258 2459 illum
2305 2407 2482 2477 potius
2511 2409 2729 2478 expedit
2756 2417 2943 2466 tenere
2979 2427 3305 2482 mensuram,
3337 2417 3430 2487 qui
3458 2417 3552 2472 deo

1958 2494 2153 2551 fcetam
2180 2500 2420 2554 noscitur
2442 2499 2742 2567 gubernare
2756 2503 3129 2559 substantiam.
3149 2504 3336 2562 ldonei
3354 2508 3550 2569 damna

1960 2592 2045 2646 vix
2076 2592 2335 2659 sentiunt,
2367 2602 2557 2649 tenues
2585 2603 2766 2650 autem
2794 2596 2899 2652 levi
2952 2597 3234 2668 dispendio
3261 2601 3553 2659 vulneran-

1960 2688 2064 2746 tur,
2090 2682 2309 2751 quando
2330 2682 2411 2738 vel
2438 2683 2697 2740 mediocri
2719 2685 2915 2756 injuria
2945 2695 3120 2744 totum
3148 2690 3361 2748 videtur
3389 2695 3551 2749 amit~

1958 2782 2092 2845 tere,
2119 2776 2212 2844 qui
2242 2775 2493 2844 exiguum
2521 2779 2865 2848 cognoscitur
2892 2780 3194 2852 possidere.

1992 2914 2103 2970 XV.
2141 2930 2389 2971 FOBIULA
2416 2932 2485 2971 ιι)
2524 2932 2855 2973 ιιιιιιςηοτωι
2892 2932 3144 2974 υιωιελυε
3169 2934 3515 2976 Αισπιτεετο

2569 3003 2920 3044 ΡυΒιιυοιωι.

2025 3074 2283 3131 Romanas
2327 3073 2541 3131 fabricae
2591 3076 2759 3135 decus
2786 3077 3038 3135 convenit
3082 3079 3314 3148 peritum
3340 3080 3545 3141 habere

1954 3167 2252 3233 custodem,
2284 3173 2342 3220 ut
2370 3166 2459 3221 illa
2499 3167 2759 3223 mirabilis
2807 3168 2942 3223 silva
2984 3170 3246 3231 manium
3266 3172 3544 3244 diligentia

1953 3260 2304 3315 subveniente
2331 3268 2597 3328 servetur,
2620 3268 2676 3316 et
2702 3259 2961 3316 moderna
3007 3261 3172 3318 facies
3200 3265 3381 3335 operis
3408 3267 3541 3322 aﬂ‘a-

1952 3351 2062 3406 bris
2088 3349 2255 3423 [Jur.,
2279 3352 2430 3422 forte,
2462 3348 2671 3423 aﬂ‘abri]
2698 3351 3137 3423 dispositionibus
3177 3364 3537 3412 construatur.

1952 3442 2067 3499 Hoc
2088 3443 2229 3497 enim
2250 3443 2433 3498 studio
2479 3443 2699 3511 largitas
2727 3452 2911 3499 nostra
2945 3446 3212 3512 concedit,
3239 3454 3299 3501 ut
3320 3455 3375 3502 et
3398 3447 3539 3504 facta

1951 3545 2194 3591 veterum
2222 3535 2455 3591 exclusis
2483 3535 2782 3591 defectibus
2808 3536 3152 3605 innovemus,
3183 3545 3239 3592 et
3267 3553 3407 3593 nova
3447 3555 3542 3595 vc-

1951 3631 2165 3685 tustatis
2195 3629 2365 3698 gloria
2388 3630 2700 3685 vestiamus.
2732 3629 2965 3684 Proinde
2992 3628 3139 3683 illum
3170 3630 3393 3687 illustris
3422 3647 3543 3687 ma-

1950 3722 2172 3790 gnitudo
2195 3730 2282 3777 tua
2316 3721 2572 3777 Romanis
2592 3722 2805 3777 arcibus
2826 3722 2893 3777 ab
2924 3721 3013 3776 illa
3040 3721 3334 3778 indictione
3355 3723 3537 3779 datum

1949 3814 2303 3869 architectum
2329 3829 2448 3870 esse
2476 3820 2785 3884 cognoscat.
2813 3811 2878 3867 Et
2913 3813 3037 3884 quia
3055 3813 3215 3883 justis
3242 3816 3540 3871 commodis

1948 3911 2123 3967 studia
2178 3919 2391 3966 constat
2436 3894 2635 3965 artium
2678 3910 2979 3978 nutrienda,
3031 3910 3097 3966 ad
3141 3926 3262 3966 cum
3291 3913 3539 3969 volumus

1949 4004 2220 4073 pertinere
2249 4002 2510 4074 quidquid
2557 4004 2872 4058 decessores
2901 4002 3017 4072 ejus
3053 4012 3268 4059 constat
3293 4005 3536 4061 rationa-

1947 4095 2128 4150 biliter
2149 4106 2492 4151 consecutos.
2518 4094 2731 4150 Videbit
2754 4093 2998 4165 profecto
3027 4084 3249 4151 meliora
3278 4113 3438 4167 quam
3460 4099 3538 4153 le-

1946 4189 2042 4258 git,
2089 4187 2396 4257 pulchriora
2436 4201 2596 4257 quam
2645 4187 2885 4255 cogitare
2926 4188 3119 4256 potuit,
3165 4196 3370 4244 statuas
3417 4191 3539 4246 illas

1947 4289 2227 4335 auctorum
2276 4296 2518 4348 suorum,
2547 4265 2771 4346 scilicet,
2808 4279 2983 4335 adhuc
3018 4280 3167 4349 signa
3218 4282 3537 4352 retinentes,

1946 4381 2005 4427 ut
2028 4371 2267 4442 quandiu
2309 4370 2659 4426 laudabilium
2688 4385 3041 4442 personarum
3071 4372 3254 4442 Opinio
3285 4387 3536 4444 superes-

1945 4472 2049 4531 set,
2081 4463 2267 4519 tandiu
2314 4471 2369 4518 et
2415 4462 2821 4518 similitudinem
2852 4463 2984 4518 vivae
3011 4464 3326 4521 substantiae
3356 4466 3534 4538 imago

1948 4557 2191 4630 corporis
2220 4556 2544 4613 custodiret:
2578 4556 2875 4626 conspieict
2901 4570 3185 4627 expressas
3227 4559 3279 4614 in
3307 4575 3415 4616 aere
3442 4575 3537 4616 ve-

1947 4664 2064 4715 nas,
2090 4649 2209 4703 nisu
2238 4647 2499 4718 quosdam
2530 4648 2799 4703 musculos
2826 4656 3115 4713 tumentes,
3158 4666 3355 4707 nervos
3380 4652 3536 4721 quasi

1947 4736 2113 4809 gradu
2131 4749 2334 4805 tensos,
2357 4747 2412 4794 et
2438 4740 2516 4794 sic
2541 4738 2814 4794 hominem
2844 4736 3016 4795 fusum
3044 4739 3095 4795 in
3125 4739 3365 4796 diversas
3393 4741 3537 4796 simi-

1948 4833 2219 4899 litudines,
2246 4843 2304 4887 ut
2333 4832 2521 4888 credas
2573 4833 2754 4903 potius
2781 4846 2901 4889 esse
2928 4843 3264 4903 generatum.
3296 4833 3403 4889 llas
3431 4834 3541 4903 pri-

1948 4940 2093 4978 mum
2124 4922 2321 4978 Thusci
2350 4923 2403 4977 in
2433 4921 2583 4977 Italia
2609 4923 2878 4979 invenisse
2902 4923 3224 4991 referuntur,
3255 4926 3391 4994 quas
3417 4940 3535 4980 am-

1947 5006 2105 5086 plexa
2149 5015 2435 5086 posteritas
2483 5029 2622 5086 pene
2669 5031 2855 5085 parem
2904 5016 3162 5086 populum
3220 5013 3347 5071 Urbi
3387 5016 3535 5073 dedit

1948 5123 2109 5175 quam
2135 5115 2323 5163 natura
2352 5106 2673 5176 procreavit.
2707 5105 2987 5160 Mirabitur
3011 5105 3197 5160 formis
3225 5108 3433 5177 equinis
3460 5108 3536 5162 si-

1948 5214 2051 5269 gna
2078 5200 2238 5254 etiam
2270 5198 2447 5253 inesse
2477 5198 2721 5254 fervoris.
2744 5194 3004 5268 Crispatis
3029 5198 3172 5252 enim
3203 5200 3438 5264 naribus,
3472 5216 3537 5255 ac

1948 5291 2191 5346 rotundis
2219 5289 2522 5346 constrictis
2550 5290 2834 5356 membris,
2864 5291 3084 5347 auribus
3122 5293 3387 5357 remulsis,
3418 5309 3535 5349 cre-

1951 5380 2043 5436 det
2070 5382 2292 5436 forsitan
2321 5397 2510 5437 cursus
2536 5390 2811 5451 appetere,
2838 5397 2959 5437 cum
2990 5398 3049 5438 se
3075 5368 3295 5439 metalla
3321 5387 3538 5441 noverit

1952 5489 2058 5528 non
2087 5488 2324 5529 movere.
2340 5471 2479 5538 Quid
2494 5471 2734 5527 dicamus
2746 5472 3117 5529 columnarum
3133 5474 3386 5544 junceam
3407 5490 3537 5547 pro-

1951 5630 2425 5687 consuetudinibus
2448 5631 2704 5701 scriptum
2735 5639 2830 5686 est.
2867 5630 3047 5687 Form.
3080 5630 3238 5701 hujus
3276 5631 3399 5687 libri
3445 5629 3537 5700 35,

1952 5706 2049 5760 sub
2073 5705 2249 5756 linem.
2287 5702 2451 5758 Fons.
