3988 6178
376 260 480 316 7ἑ9

1621 265 1689 320 M.
1729 262 2006 321 AURELII
2045 261 2443 320 CASS!ODORI

3545 255 3642 312 720

371 375 700 432 ceritatem?
744 375 913 433 Moles
959 377 1079 434 illas
1129 377 1538 435 sublimissimas
1597 377 1954 444 fabricarum,
1985 380 2034 440 Α
2060 387 2320 448 quantum
2374 378 2636 448 prodesse
2681 375 2807 434 llrbi
2852 378 3071 450 proprio
3110 375 3296 433 labore
3323 373 3650 432 constiterit.

372 468 528 538 quasi
551 469 870 538 quibusdam
898 470 1093 526 erectis
1120 470 1406 526 hastilibus
1431 471 1717 536 contineri,
1749 478 1802 526 ct
1832 470 1962 526 sub-

371 560 584 616 stantia:
629 560 887 630 qualitate
933 562 1186 619 concavis
1232 563 1508 620 canalibus
1554 568 1874 628 excavatas,
1906 569 1967 616 ut

372 651 543 720 magis
584 651 727 720 ipsas
754 651 989 709 aestimes
1036 651 1201 710 fuisse
1231 651 1548 719 transfusas,
1593 652 1734 708 ceris
1756 651 1966 722 judices

373 745 594 811 factum,
635 745 779 816 quod
828 746 1059 803 metallis
1086 747 1384 803 durissimis
1414 745 1600 801 videas
1645 744 1964 815 expolitum,

372 851 701 891 marmorum
738 835 1020 913 juncturas
1049 853 1214 894 venas
1241 839 1390 894 dicas
1419 853 1538 894 esse
1563 835 1852 907 genitales;
1876 835 1964 890 ubi

372 928 498 982 dum
520 928 778 984 falluntur
796 929 962 998 oculi,
985 929 1103 986 laus
1123 930 1386 1001 probatur
1411 929 1648 986 crevisse
1672 927 1964 983 miraculis.

373 1018 576 1074 Ferunt
598 1018 760 1090 prisci
788 1021 974 1075 saeculi
1013 1029 1325 1076 narratores
1354 1020 1678 1076 fabricarum
1702 1030 1725 1054 ει
1758 1026 1967 1088 septem

374 1118 586 1163 tantum
613 1109 773 1164 terris
793 1110 1051 1165 attributa
1078 1109 1339 1165 miracula
1372 1127 1385 1164 :
1413 1107 1610 1181 Ephesi
1633 1107 1812 1163 Dianae
1834 1116 1972 1163 tem-

375 1200 526 1270 plum
551 1218 566 1267 ;
595 1202 736 1271 regis
765 1201 989 1258 Mausoli
1011 1201 1433 1273 pulcherrimum
1477 1211 1907 1267 monumentum,
1936 1215 1970 1254 a

377 1303 550 1362 quoet
563 1294 836 1350 mausolea
856 1294 1000 1350 dicta
1016 1303 1163 1363 sunt;
1180 1294 1354 1351 Rhodi
1367 1294 1494 1350 solis
1513 1309 1721 1350 aeneum
1733 1295 1966 1364 signum,

376 1387 518 1456 quod
567 1387 809 1442 colossus
836 1394 1096 1454 vocatur;
1127 1385 1274 1442 Jovis
1308 1384 1570 1459 Olympici
1601 1385 1968 1452 simulacrum,

381 1478 525 1549 quod
547 1476 766 1533 Phidias
793 1479 1001 1548 primus
1029 1477 1296 1533 artiﬁcum
1323 1491 1530 1532 summa
1545 1475 1812 1544 elegantia
1841 1475 1972 1534 ebo-

379 1585 439 1626 re
470 1585 710 1640 auroque
747 1570 1040 1639 formavit;
1099 1567 1225 1641 Cyri
1255 1567 1531 1623 Medorum
1579 1566 1720 1635 regis
1757 1567 1969 1631 domus,

377 1676 540 1732 quam
570 1660 821 1716 Memnon
862 1667 980 1716 arte
1033 1657 1261 1731 prodiga
1289 1658 1504 1728 illigatis
1541 1672 1673 1714 auro
1703 1654 1973 1726 lapidibus

2067 469 2296 526 Dubium
2329 485 2437 526 non
2466 480 2551 527 est
2587 471 2838 526 coctilem
2882 470 3105 536 calcem,
3139 459 3259 539 quae
3311 476 3398 524 est
3444 468 3654 526 nivibus

2065 562 2343 631 concolor,
2394 562 2632 632 spongiis
2660 562 2851 627 levior,
2880 561 3295 616 instrumentum
3338 573 3459 614 esse
3487 560 3657 615 maxi-

2067 667 2212 706 mum
2253 651 2598 708 fabricarum.
2631 651 2756 707 Haec
2783 659 3039 720 quantum
3069 650 3208 719 ignis
3229 650 3522 707 'adustione
3548 651 3656 707 sol-

2065 744 2228 809 vitur,
2247 752 2456 800 tantum
2485 744 2679 800 exinde
2696 745 2957 816 parietum
2978 744 3198 799 firmitas
3226 745 3543 800 roboratur:
3563 761 3656 817 pe-

2067 842 2149 888 tra
2172 835 2435 902 solubilis,
2459 851 2619 890 saxea
2644 836 2921 904 mollities,
2938 836 3213 890 arenarius
3235 835 3390 905 lapis,
3416 835 3506 905 qui
3529 845 3658 894 tunc

2066 929 2247 999 potius
2257 929 2584 1001 accenditur,
2598 929 2815 999 quando
2830 927 2984 997 aquis
2997 927 3376 998 copiosissimis
3386 928 3658 997 irrigatur;

2067 1020 2186 1075 sine
2213 1036 2322 1092 quo
2366 1036 2469 1075 nec
2497 1036 2626 1075 saxa
2656 1020 2759 1074 ﬁxa
2804 1027 2948 1086 sunt,
2981 1035 3083 1074 nec
3124 1034 3409 1074 arenarum
3455 1021 3660 1076 minuta

2068 1112 2387 1168 solidantur.
2415 1112 2482 1168 Et
2505 1115 2628 1169 ideo
2652 1113 2826 1183 majus
2849 1113 3081 1169 studium
3107 1122 3352 1170 meretur
3381 1116 3660 1186 accipere,

2068 1204 2213 1274 quod
2235 1205 2463 1276 primum
2495 1206 2674 1260 locum
2697 1205 2750 1260 in
2787 1204 3046 1260 Romanis
3073 1206 3224 1278 117
3254 1206 3518 1261 menibus
3561 1222 3663 1261 no-

2069 1299 2238 1354 scitur
2256 1299 2523 1354 obtinere.
2543 1297 2807 1373 Quocirca
2837 1297 3152 1356 industriam
3176 1307 3344 1362 tuam,
3370 1299 3660 1355 multorum

2071 1403 2321 1443 sermone
2365 1387 2711 1452 celebratam,
2765 1386 2832 1441 ad
2875 1389 3176 1443 coctionem
3203 1387 3663 1444 distributionem-

2071 1493 2178 1549 que
2205 1479 2369 1534 calcis
2395 1478 2462 1533 ab
2493 1478 2784 1534 indictione
2833 1477 2922 1532 illa
2953 1487 3138 1532 nostra
3166 1479 3431 1548 praeponit
3469 1489 3661 1534 aucto-

2071 1569 2225 1634 ritas,
2259 1579 2318 1623 ut
2354 1577 2462 1623 tam
2494 1568 2720 1638 publicis
2758 1583 2920 1639 qnam
2949 1568 3170 1638 privatis
3200 1568 3412 1624 fabricis
3445 1569 3664 1626 abunde

2073 1670 2361 1731 procurata
2409 1659 2685 1727 sufﬁciat;
2737 1667 2792 1714 et
2828 1658 2895 1713 ad
2936 1657 3304 1714 aediﬁcandum
3343 1669 3662 1715 cunctorum

379 1753 689 1822 fabricavit;
719 1753 1030 1825 Babyloniae
1062 1753 1226 1818 muri,
1273 1765 1412 1821 quos
1448 1749 1760 1805 Semiramis
1788 1748 1972 1817 regina
2004 1774 2052 1834 Β
2078 1754 2238 1808 animi
2286 1753 2643 1820 concitentur,
2673 1751 2798 1808 dum
2820 1752 3053 1807 viderint
3089 1761 3334 1822 paratum
3376 1768 3493 1808 esse
3517 1752 3663 1820 quod

380 1846 551 1901 latere
581 1853 758 1911 cocto,
779 1844 1036 1914 sulphure
1057 1843 1310 1913 ferroque
1325 1840 1646 1907 construxit;
1671 1839 1976 1911 pyramides

379 1941 433 1994 in
460 1938 720 2012 Egypto,
751 1953 980 2010 quarum
1032 1939 1088 1992 in
1127 1952 1228 1993 suo
1278 1942 1423 1991 statu
1452 1949 1513 1990 se
1548 1934 1739 1990 umbra
1779 1947 1977 1988 consu-

380 2045 553 2095 mens,
584 2030 725 2084 ultra
755 2028 1172 2084 constructionis
1211 2026 1386 2098 spatia
1427 2025 1572 2082 nulla
1617 2032 1773 2096 parte
1809 2023 1978 2095 respi-

380 2121 540 2176 citur.
564 2119 669 2176 Sed
697 2120 819 2191 quis
846 2119 939 2175 illa
967 2119 1193 2175 ulterius
1214 2117 1486 2189 praecipua
1515 2115 1748 2187 putabit,
1778 2130 1901 2170 cum
1925 2115 1978 2170 in

382 2229 488 2269 una
515 2211 661 2269 Urbe
689 2220 772 2269 tot
815 2210 1086 2284 stupenda
1114 2209 1502 2282 conspexerit?
1531 2206 1847 2264 Habuerunt
1874 2206 1978 2262 bo-

381 2321 592 2374 norem,
617 2304 742 2375 quia
769 2310 1163 2376 praecesserunt
1188 2309 1456 2373 tempore,
1485 2309 1542 2356 et
1560 2299 1614 2354 in
1636 2297 1754 2354 rudi
1783 2297 1981 2354 saeculo

380 2397 641 2471 quidquid
666 2396 982 2453 emersisset
1033 2409 1255 2462 novum,
1288 2408 1386 2466 per
1413 2407 1508 2448 ora
1537 2390 1818 2447 hominum
1859 2386 1982 2457 jure

380 2491 654 2548 ferebatur
680 2489 957 2546 eximium.
1007 2485 1162 2542 Nunc
1207 2492 1389 2541 autem
1421 2491 1602 2555 potest
1628 2497 1751 2538 esse
1776 2478 1980 2535 veridi-

381 2596 504 2636 cum
529 2619 544 2644 ,
597 2579 643 2635 si
681 2579 930 2634 universa
969 2575 1144 2632 Roma
1198 2575 1410 2630 dicatur
1461 2587 1583 2630 esse
1637 2570 1978 2627 miraculum.

381 2669 723 2740 Quapropter
744 2667 873 2722 talia
896 2667 1071 2721 virum
1100 2663 1484 2736 peritissimum
1506 2661 1782 2730 suscipere
1805 2659 1978 2727 decet,

382 2776 452 2818 ne
463 2760 702 2818 interilla
715 2758 874 2814 nimis
884 2756 1163 2827 ingeniosa
1176 2755 1475 2827 priscorum
1489 2750 1853 2823 ipsevideatur
1863 2762 1984 2803 esse

383 2852 706 2919 metallicus;
729 2857 784 2906 et
807 2849 1110 2919 intelligere
1139 2862 1248 2904 non
1276 2845 1472 2919 possit,
1503 2859 1623 2915 quae
1645 2844 1699 2899 in
1727 2842 1832 2898 illis
1853 2839 1985 2896 arti-

384 2947 473 3005 fex
493 2947 806 3019 antiquitas,
831 2954 891 3008 ut
916 2942 1265 3010 sentirentur,
1290 2942 1488 3000 effecit.
1509 2939 1578 2997 Et
1601 2941 1725 2998 ideo
1744 2940 1835 2998 det
1853 2953 1986 3010 ope-

386 3056 501 3097 ram
541 3039 692 3094 libris
741 3037 1090 3109 antiquorum
1111 3076 1128 3103 ,
1178 3033 1627 3092 instructionibus
1675 3039 1870 3098 vacet,
1913 3044 1984 3086 ne

385 3130 513 3203 quid
534 3131 603 3186 ab
622 3129 729 3188 illis
751 3129 890 3188 sciat
912 3126 1090 3184 minus
1117 3127 1172 3185 in
1193 3140 1427 3198 quorum
1446 3126 1625 3183 locum
1644 3124 1985 3196 cognoscitur

389 3228 733 3297 subrogatus.

461 3361 601 3419 XVI.
659 3377 911 3419 FOBIULA
947 3376 1215 3420 ΩΟΙΙἹἸἾΒ
1255 3375 1459 3417 ικευιι
1498 3373 1814 3416 ΟυΜίΙΤΔΝΒ
1854 3373 1923 3414 ΕΤ

1053 3447 1308 3488 εειειιυς.
1527 3447 1530 3451 ’

459 3549 688 3614 Constat
723 3547 1042 3620 plerumque
1089 3547 1232 3603 bene
1257 3560 1419 3618 posse
1447 3545 1552 3614 agi,
1601 3545 1692 3601 ubi
1747 3559 1858 3600 non
1886 3542 1986 3598 de-

391 3647 553 3704 fuerit
598 3659 832 3717 persona
875 3641 1181 3700 monitoris.
1243 3637 1436 3694 Omnia
1483 3637 1626 3693 enim
1664 3637 1780 3692 sine
1807 3636 1989 3706 priore

392 3739 618 3796 confusa
645 3744 804 3804 sunt;
843 3743 901 3791 et
925 3734 1054 3790 dum
1081 3729 1449 3802 unusquisque
1475 3727 1772 3784 secundum
1803 3726 1991 3782 volun-

392 3839 560 3886 tatem
609 3844 766 3886 suam
817 3826 1020 3898 cogitat
1073 3824 1290 3890 vivere,
1348 3819 1590 3888 regulam
1644 3817 1992 3888 cognoscitur

393 3923 646 3981 omittere
688 3919 1004 3989 disciplinae.
1053 3914 1243 3985 Itaque
1295 3912 1530 3983 antiquae
1580 3909 1991 3966 consuetudinis

394 4030 603 4072 morem
634 4013 827 4082 secuti,
848 4009 1148 4065 Curritana:
1187 4015 1243 4062 et
1282 4004 1512 4062 Celsinre
1541 4003 1731 4059 insulis
1774 4010 1830 4058 te
1847 4001 1992 4072 judi-

395 4123 514 4165 cem
555 4119 651 4178 per
692 4102 840 4158 illam
882 4099 1235 4156 indictionem
1270 4105 1457 4152 nostra
1485 4094 1629 4151 cedit
1671 4093 1988 4150 auctoritas.

395 4199 604 4255 Justum
634 4203 717 4251 est
738 4194 881 4251 enim
910 4200 972 4248 ut
1014 4190 1107 4261 qui
1135 4205 1166 4248 a
1201 4189 1534 4258 reliquorum
1562 4187 1842 4242 hominum
1866 4193 1994 4241 sunt

395 4289 812 4348 conversatione
859 4283 1036 4350 divisi,
1070 4281 1139 4338 ad
1191 4281 1555 4338 habitationes
1602 4293 1790 4334 eorum
1830 4276 1993 4332 vadat

395 4384 485 4454 qui
514 4397 608 4440 eos
631 4377 896 4452 probabili
923 4375 1137 4432 ratione
1164 4379 1480 4443 componat,
1525 4385 1596 4426 ne
1640 4368 1883 4440 quaedam
1922 4368 1992 4423 sit

396 4473 692 4532 necessitas
736 4468 1012 4538 injustitize
1059 4479 1374 4521 communes
1404 4470 1558 4519 actus
1580 4461 1740 4531 longe
1784 4459 1993 4531 positos

397 4568 694 4638 ignorasse.
740 4548 962 4617 Habetis
994 4558 1175 4629 igitur,
1223 4555 1537 4627 supradicti,

396 4638 738 4726 emergentes
778 4666 971 4707 causas
995 4659 1050 4706 et
1092 4649 1279 4705 audire
1305 4648 1520 4714 debeat,
1551 4654 1608 4702 et
1634 4644 1808 4700 linire.
1845 4642 1914 4699 Et
1941 4644 1988 4699 si

395 4747 527 4822 quid
554 4745 718 4803 etiam
761 4741 920 4798 fuerit
947 4756 979 4795 a
1007 4748 1191 4796 nostra
1233 4738 1437 4810 pietate
1464 4736 1762 4802 decretum,
1793 4733 1986 4789 eodem

395 4845 800 4904 commonente,
832 4833 1110 4907 peragite;
1139 4831 1265 4902 quia
1294 4829 1568 4887 erroribus
1587 4827 1737 4884 locus
1759 4825 1982 4890 tollitur,

394 4930 612 5002 quando
638 4925 793 4984 vobis
825 4924 910 4980 cui
931 4919 1174 4977 debeatis
1201 4917 1424 4975 obedire
1451 4915 1776 4972 declaratur.
1809 4911 1983 4980 Quem

393 5022 664 5078 credimus
692 5018 766 5072 ita
794 5013 950 5071 bonis
977 5010 1190 5067 actibus
1217 5009 1455 5074 studere,
1484 5015 1546 5063 ut
1573 5014 1859 5076 augmenta
1885 5019 1985 5060 no-

393 5123 519 5170 strze
565 5110 751 5180 gratiae
784 5106 962 5180 possit
1004 5101 1274 5172 accipere.
1329 5099 1560 5156 Necesse
1607 5106 1694 5152 est
1729 5095 1872 5151 enim
1925 5101 1985 5149 ut

393 5223 426 5262 a
460 5205 615 5261 nobis
643 5197 1138 5258 remunerationem
1190 5199 1392 5259 sumat,
1429 5190 1475 5247 si
1501 5187 1657 5246 vobis
1687 5199 1810 5257 quas
1857 5189 1984 5241 sunt

393 5298 673 5372 profutura
703 5295 977 5366 disponat.

609 5425 772 5483 XVII.
815 5439 1065 5480 rouuu
1102 5437 1172 5477 ns
1206 5431 1515 5476 purosrro
1554 5428 1760 5472 canens.

464 5517 774 5576 Gloriosum
799 5530 937 5584 Opus
964 5521 1049 5570 est
1073 5509 1326 5568 servienti
1354 5508 1496 5564 unde
1523 5505 1764 5562 Romana
1793 5501 1985 5560 civitas

395 5609 657 5683 probatur
681 5603 883 5668 ornari,
937 5603 1066 5659 dum
1095 5610 1301 5656 tantum
1329 5599 1451 5670 quis
1470 5596 1614 5670 apud
1640 5610 1742 5652 nos
1767 5591 1983 5665 proﬁcit

2078 1846 2352 1916 quaeritur.
2383 1845 2665 1914 Privilegia
2688 1860 2818 1900 vero
2857 1843 2960 1900 loci
3006 1845 3083 1898 tui
3113 1837 3311 1899 nostris
3334 1843 3664 1913 jussionibus

2076 1936 2467 1992 rationabiliter
2495 1934 2808 2000 vindicabis,
2843 1942 2904 1989 ut
2925 1933 3129 2004 majora
3171 1934 3366 1990 mereri
3395 1933 3585 2005 possis,
3615 1935 3662 1990 si

2076 2027 2215 2084 bene
2244 2029 2339 2084 tibi
2366 2027 2612 2098 delegata
2641 2025 3020 2098 compleveris.

2257 2163 2438 2220 XVIII.
2482 2179 2728 2221 ronnuu
2767 2179 2836 2219 ns
2865 2176 3120 2218 annorum
3149 2176 3488 2216 nc'romsus.

2150 2317 2445 2375 Considera
2470 2317 2616 2388 quod
2640 2315 2889 2386 suscipis,
2905 2325 2958 2370 et
2973 2314 3239 2386 intelliges
3260 2315 3436 2370 locum
3459 2323 3512 2369 te
3533 2315 3662 2370 dare

2081 2423 2191 2465 non
2237 2406 2438 2464 debere
2488 2407 2747 2477 peccatis.
2779 2407 2941 2460 Arma
2969 2404 3112 2460 enim
3161 2405 3301 2460 bene
3327 2411 3660 2468 construere,

2082 2508 2166 2557 est
2211 2500 2440 2555 salutem
2487 2497 2629 2554 velle
2674 2497 2916 2552 omnium
2953 2495 3226 2552 custodire
3269 2513 3283 2550 :
3335 2495 3456 2566 quia
3488 2495 3662 2565 prima

2081 2591 2220 2648 facie
2244 2591 2374 2663 ipsis
2403 2595 2639 2646 terretur
2661 2588 2928 2653 inimicus,
2953 2596 3009 2642 et
3031 2586 3220 2658 incipit
3239 2587 3419 2641 animo
3447 2586 3660 2651 cedere,

2082 2685 2129 2740 si
2157 2683 2518 2751 secognoscit
2544 2680 2738 2736 similia
2769 2694 2880 2734 non
2924 2678 3146 2733 habere.
3200 2677 3376 2746 Atque
3425 2676 3548 2732 ideo
3599 2676 3665 2732 ab

2084 2773 2377 2832 indictione
2403 2772 2495 2827 illa
2540 2769 2798 2824 militibus
2829 2777 2882 2824 te
2910 2775 2966 2824 et
2992 2766 3156 2822 fabris
3184 2781 3454 2822 armorum
3475 2807 3489 2832 ,
3533 2765 3667 2820 invi-

2084 2867 2182 2924 tati
2227 2879 2440 2921 morum
2471 2871 2684 2916 tuorum
2727 2859 2982 2931 opinione
3004 2899 3019 2924 ,
3052 2856 3417 2927 praefecimus,
3461 2864 3522 2910 ut
3560 2855 3668 2912 tale

2084 2973 2223 3032 epus
2251 2959 2319 3014 ab
2343 2955 2636 3012 artiﬁcibus
2664 2953 2868 3020 exigas,
2896 2950 3056 3020 quale
3087 2950 3240 3004 nobis
3269 2948 3482 3018 placere
3509 2961 3670 3017 posse

2085 3049 2386 3120 cognoscis.
2417 3045 2690 3102 Securitas
2712 3052 2764 3099 te
2786 3051 2984 3098 nostrae
3011 3057 3117 3096 non
3144 3039 3364 3095 inducat
3385 3039 3666 3094 absentiae.

2009 3157 2055 3221 ο
2088 3141 2356 3213 Quidquid
2381 3140 2576 3196 feceris
2604 3153 2704 3193 nos
2739 3136 2980 3193 videmus
3000 3176 3016 3201 .
3045 3135 3136 3206 qui
3167 3149 3265 3190 usu
3290 3134 3406 3204 ipso
3433 3132 3678 3188 subtilis-

2087 3238 2237 3304 simae
2291 3229 2694 3306 perquisitionis
2740 3234 2796 3283 et
2837 3241 3050 3282 errores
3091 3223 3360 3279 artiﬁcum
3386 3236 3684 3293 possumus

2088 3332 2259 3404 prima
2287 3329 2466 3384 fronte
2495 3321 2895 3395 reprehendere
2938 3317 3104 3393 [Cor.,
3150 3316 3326 3383 Gam.,
3369 3316 3686 3388 deprehen-

2087 3422 2269 3496 dere],
2299 3430 2355 3478 et
2398 3417 2740 3475 laudabiliter
2792 3422 3016 3482 operata
3056 3411 3323 3482 judicare.
3354 3409 3492 3465 Vide
3543 3424 3687 3479 ergo

2088 3533 2196 3590 qua
2224 3515 2500 3585 diligentia
2524 3554 2539 3579 ,
2569 3525 2678 3580 quo
2725 3507 2903 3564 studio
2955 3506 3029 3562 sit
3079 3503 3379 3560 faciendum
3432 3503 3585 3572 quod
3615 3503 3692 3558 ad

2090 3621 2338 3670 nostrum
2382 3615 2670 3664 venturum
2719 3608 2934 3658 constat
2959 3613 3208 3654 examen.
3254 3597 3368 3666 Age
3404 3596 3594 3664 itaque
3627 3604 3698 3650 ut

2089 3703 2235 3762 nulla
2287 3710 2342 3757 te
2395 3697 2656 3755 venalitas
2687 3736 2702 3762 ,
2771 3692 2916 3749 nulla
2962 3690 3122 3761 culpa
3176 3689 3490 3758 demergat,
3554 3690 3698 3757 quia

2088 3796 2300 3855 veniale
2351 3807 2471 3849 esse
2504 3805 2615 3847 non
2663 3795 2844 3860 potest
2878 3784 3023 3856 quod
3075 3783 3130 3838 in
3172 3782 3266 3838 tali
3311 3796 3474 3838 causa
3514 3780 3703 3836 delin-

2090 3888 2294 3958 quitur,
2350 3899 2419 3941 ne
2462 3881 2587 3937 inde
2633 3877 2874 3951 puniaris
2915 3876 2982 3932 de
3015 3890 3121 3946 qua
3169 3882 3321 3944 parte
3341 3873 3703 3944 peccaveris.

2091 3979 2237 4052 Opus
2288 3975 2433 4048 quod
2484 3983 2715 4030 mortem
2783 3977 3006 4041 generat
3061 3977 3118 4025 et
3180 3967 3408 4023 salutem
3429 4007 3446 4032 ,
3494 3967 3712 4022 interi-

2093 4081 2180 4129 tus
2232 4068 2574 4141 peccantium
2605 4106 2622 4132 ,
2682 4061 2923 4120 custodia
2988 4060 3253 4116 bonorum
3282 4097 3296 4122 ,
3355 4065 3552 4112 contra
3586 4059 3712 4112 im-

2091 4162 2294 4234 probos
2317 4157 2685 4215 necessarium
2733 4168 2950 4224 semper
2995 4149 3275 4206 auxilium.
3301 4148 3418 4204 Hoc
3444 4150 3716 4218 primum

2093 4254 2410 4309 Phoroneus
2461 4248 2660 4304 Junoni
2712 4245 2912 4301 dicitur
2959 4240 3241 4306 obtulisse,
3289 4249 3350 4294 ut
3400 4239 3722 4295 inventum

2091 4359 2246 4402 suum
2301 4341 2557 4406 numinis,
2609 4347 2670 4394 ut
2718 4336 2983 4408 putabat,
3039 4333 3281 4403 auspicio
3311 4343 3723 4388 consecraret.

2093 4438 2220 4495 Haec
2249 4437 2302 4492 in
2323 4435 2466 4492 bello
2502 4431 2806 4488 necessaria
2826 4470 2842 4494 ,
2874 4429 2928 4484 in
2968 4441 3100 4499 pace
3145 4425 3344 4480 decora
3373 4433 3529 4478 sunt.
3565 4423 3734 4482 Haec

1579 4513 1991 4623 }n{e,',g,;
2016 4534 2071 4596 D
2094 4530 2328 4623 denique
2349 4523 2651 4623 imbecilles
2678 4519 3004 4593 fragilesque
3041 4513 3301 4571 mortales
3329 4514 3554 4570 cunctis
3589 4515 3704 4571 hei

2092 4621 2197 4677 luis
2225 4619 2464 4676 efﬁciunt
2489 4615 2762 4671 fortiores.

2089 4750 2228 4815 XIX.
2259 4766 2506 4809 FOBIULA
2545 4765 2612 4805 AD
2642 4759 2975 4802 PREFEC‘I‘UI
3006 4755 3288 4799 PRE'I'OBIO
3321 4755 3392 4796 ΒΕ
3423 4755 3737 4801 Διιιίοιωι

2693 4828 3037 4873 ηοτοιιιιςυε.

2162 4937 2450 4994 Multorum
2501 4934 2874 4998 insinuatione
2903 4929 3266 5000 comperimus
3303 4927 3455 4984 illum
3507 4931 3744 5000 probi'

2091 5033 2336 5094 moribus
2363 5028 2666 5086 institutum
2697 5024 2986 5083 commissa
3015 5021 3119 5077 sibi
3140 5034 3302 5091 posse
3332 5018 3601 5076 ﬁdeliter
3639 5040 3760 5079 ex-

2090 5126 2295 5201 pedire.
2325 5121 2533 5179 idcirco
2585 5117 2804 5175 illustris
2849 5112 3166 5185 magnitudo
3197 5118 3378 5166 vestra
3425 5125 3546 5165 nos
3584 5128 3744 5168 eum

2091 5219 2316 5290 elegisse
2345 5221 2660 5284 cognoscat,
2684 5218 2743 5265 ut
2771 5217 2827 5266 et
2863 5205 3122 5262 militibus
3159 5203 3343 5275 prtesit
3381 5205 3747 5263 seclmdum

2091 5325 2302 5368 morem
2330 5307 2635 5380 pristinum,
2661 5309 2720 5358 et
2747 5298 3046 5355 artiﬁcibus
3079 5295 3272 5366 jubere
3300 5294 3476 5364 possit
3528 5310 3760 5354 armo.

2091 5417 2242 5469 rum;
2309 5406 2576 5468 quatenus
2621 5388 3038 5449 consuetudines
3093 5401 3218 5442 suas
3274 5385 3355 5441 sic
3410 5383 3753 5453 eleganter

2091 5492 2438 5562 adimpleant,
2471 5495 2532 5543 ut
2558 5484 2702 5542 nulla
2728 5483 2782 5538 in
2823 5481 2903 5538 eis
2948 5477 3182 5536 inveniri
3224 5475 3400 5546 possit
3429 5473 3755 5538 oﬁ‘ensio.

2090 5585 2227 5654 Quia
2247 5583 2376 5639 licet
2386 5580 2585 5650 ubique
2608 5576 2766 5646 culpa
2791 5569 2970 5640 laniat,
2989 5571 3078 5628 hic
3097 5578 3276 5625 tamen
3298 5566 3574 5637 graviter
3599 5586 3767 5643 per-

467 5791 494 5820 ⁸
519 5783 840 5858 DeOlympii
864 5780 1011 5840 Jovis
1039 5795 1178 5852 agno
1214 5788 1270 5836 et
1297 5778 1450 5846 fanis,
1475 5777 1598 5834 vide
1635 5775 1780 5832 Petr.
1813 5771 1970 5829 Fabr.
2013 5770 2186 5842 Agon.
2217 5764 2310 5822 lib.
2333 5778 2373 5820 ι.
2401 5758 2588 5816 Bnoss.
