4004 6194
368 388 467 446 72!

1686 381 2044 442 VARIARUM
2082 383 2299 443 LIBER.
2322 385 2433 443 VII.

3541 397 3647 453 79.2

367 502 601 575 cutit,si
625 502 892 561 bellorum
912 504 1269 563 instrumenta
1284 501 1606 576 neglexerit.
1626 500 1958 560 Proditionis
1985 503 2033 566 Α
2060 517 2345 574 possessor
2372 516 2536 574 supra
2585 504 2805 561 modum
2859 505 3220 577 possessionis
3267 510 3531 568 exsolvat.
3578 512 3648 568 Et

366 599 568 671 quippe
593 599 764 656 instar
811 605 912 666 est,
965 599 1229 655 exercitui
1274 599 1591 655 subtrahere
1636 596 1781 669 quod
1830 612 1955 653 eum

367 700 581 748 constat
623 705 854 746 armare.
904 689 1112 758 Quibus
1157 692 1574 748 consuetudines
1610 707 1737 748 suas
1765 691 1953 763 provi-

369 782 551 837 dentia
583 792 759 838 vestra
786 783 1065 855 deputabit
1092 801 1106 850 ;
1155 792 1214 838 ut
1238 783 1364 838 dum
1396 784 1501 840 illis
1526 784 1840 840 victualium
1866 783 1950 838 lex

370 874 536 947 [Cuj.,
567 873 712 941 Niv.,
740 890 807 930 ex
837 875 1149 932 victualium
1180 875 1412 948 summa]
1443 876 1669 942 tollitur,
1702 890 1955 932 necessa-

366 968 448 1020 ria
474 967 713 1023 vivacius
732 968 1040 1038 exigantur.

364 1117 486 1174 XX.
527 1135 777 1177 ronuuu
798 1137 1032 1179 sinonuu
1071 1138 1141 1177 ιτ
1189 1137 1479 1179 rsuuonuu
1506 1138 1563 1197 st
1588 1138 1689 1179 res
1724 1140 1949 1181 .tumceu

1028 1208 1296 1249 AGANTUR.

436 1305 518 1360 Ad
546 1308 761 1377 genium
790 1306 1065 1377 dignitatis
1113 1315 1218 1364 tuae
1264 1308 1535 1364 credimus
1564 1309 1838 1379 pertinere
1858 1352 1875 1377 ,
1906 1310 1951 1366 si

365 1400 729 1469 competentia
768 1400 867 1454 tibi
913 1399 1191 1455 videamur
1244 1399 1571 1469 injungere:
1623 1401 1749 1470 quia
1798 1409 1952 1456 tanto

364 1491 488 1562 quis
516 1491 719 1559 gratior
745 1490 1006 1557 redditur,
1022 1501 1225 1560 quanto
1247 1491 1472 1562 parendi
1499 1507 1691 1548 causas
1719 1492 1954 1562 amplius

362 1583 667 1652 suscepisse
694 1591 1044 1638 monstratur.
1088 1581 1155 1637 Et
1196 1582 1318 1638 ideo
1349 1592 1374 1620 α
1405 1583 1655 1638 binorum
1684 1591 1740 1639 et
1770 1593 1954 1639 terno-

361 1689 484 1729 rum
530 1673 712 1728 titulos
737 1713 752 1739 ,
778 1687 916 1742 quos
939 1689 977 1728 ~a
1005 1675 1426 1744 provincialibus
1464 1675 1609 1746 exigi
1663 1676 1836 1746 prisca
1865 1675 1957 1731 de-

363 1765 537 1819 crevit
565 1765 858 1820 auctoritas
878 1806 895 1831 ,
929 1780 1026 1835 per
1052 1766 1198 1820 illam
1225 1766 1575 1822 indictionem
1601 1806 1617 1832 ,
1646 1766 1827 1822 cilicio
1858 1774 1951 1824 tuo

360 1865 709 1928 procurante,
735 1856 799 1910 ad
820 1856 1019 1912 scrinia
1047 1857 1262 1912 comitis
1289 1872 1565 1913 sacrarum
1606 1856 1950 1925 largitionum

362 1947 729 2002 transmittere
759 1947 1087 2014 maturabis;
1116 1948 1189 2002 ita
1220 1956 1279 2002 ut
1311 1948 1487 2003 omnis
1509 1948 1790 2016 quantitas
1812 1948 1951 2002 intra

360 2041 466 2096 cal.
499 2039 809 2094 Martiarum
864 2040 1004 2095 diem
1059 2041 1376 2097 solemniter
1426 2041 1751 2112 impleatur,
1782 2056 1852 2097 ne
1880 2040 1952 2097 de

359 2134 585 2203 proprio
625 2131 855 2187 reddere
896 2134 1108 2201 cogaris
1136 2133 1279 2204 quod
1309 2148 1600 2205 procurare
1625 2133 1948 2202 neglexeris.

360 2224 532 2280 Tuam
560 2226 703 2280 enim
734 2226 1002 2297 tetigisset
1049 2225 1299 2295 injuriatn
1329 2265 1345 2291 ,
1395 2226 1442 2281 si
1470 2228 1609 2282 alter
1637 2240 1733 2282 eos
1763 2225 1952 2282 titulos

360 2313 637 2369 videretur
662 2315 881 2384 exigere
907 2331 1045 2386 quos
1073 2317 1140 2372 ad
1170 2323 1224 2373 te
1247 2325 1622 2387 praeceperunt
1646 2317 1795 2387 leges
1820 2333 1950 2372 san-

362 2408 619 2462 ctissimae
652 2408 945 2478 pertinere.

394 2535 540 2595 XXI.
583 2554 831 2594 nonnum
858 2555 1087 2595 BINORUI
1117 2556 1187 2594 ετ
1217 2555 1506 2596 renuonuu
1531 2580 1547 2608 ,
1585 2556 1631 2597 st
1673 2554 1914 2599 rsn'or-

914 2626 1094 2665 FICIUI
1122 2626 1387 2666 AGANTUR.

432 2720 688 2787 Quamvis
724 2720 899 2791 prisca
937 2720 1273 2777 consuetudo
1304 2722 1555 2777 binorum
1583 2729 1640 2777 et
1667 2728 1949 2778 ternorum

359 2813 703 2869 exactionem
734 2813 799 2868 ad
831 2827 886 2868 te
921 2812 1145 2883 jusserit
1173 2813 1482 2883 pertinere;
1514 2821 1697 2869 tamen
1730 2852 1745 2878 ,
1798 2829 1867 2869 ne
1895 2822 1952 2869 te

359 2905 646 2975 multiplex
692 2906 978 2976 occupatio
1028 2913 1430 2975 prmgravaret,
1463 2913 1519 2961 et
1564 2906 1950 2976 impedimenta

347 2996 458 3051 tibi
483 2994 685 3051 faceret
713 2995 1015 3050 sollicitudo
1044 2996 1337 3065 geminata,
1366 2995 1514 3050 illum
1545 3004 1599 3051 et
1627 2996 1777 3051 illum
1803 2996 1947 3051 scri-

360 3087 567 3143 niarios
595 3086 759 3143 ofﬁcii
806 3087 978 3142 nostri
1026 3087 1277 3142 duximus
1326 3086 1695 3153 dcstinandos,
1743 3095 1803 3142 ut
1856 3087 1952 3142 tibi

358 3180 649 3251 oﬂicioque
678 3190 773 3238 tuo
803 3181 1039 3237 debeant
1071 3180 1379 3247 imminere;
1411 3188 1678 3250 quatenus
1704 3196 1827 3236 cum
1849 3195 1944 3236 eo-

360 3289 484 3328 rum
532 3274 726 3329 solatio
757 3274 895 3328 intra
935 3273 1041 3328 cal.
1079 3271 1393 3327 Martiarum
1419 3271 1561 3327 diem
1591 3271 1658 3326 ad
1686 3270 1944 3327 illustrem
1978 3263 2023 3326 C

358 3366 536 3420 virum
570 3365 717 3421 illum
744 3366 998 3421 comitem
1020 3379 1297 3419 sacrarum
1326 3364 1670 3435 largitionum
1692 3364 1949 3419 solemnis

358 3457 636 3529 quantitas
658 3454 960 3523 deferatur,
1011 3469 1081 3510 ne
1110 3454 1382 3524 opinionis
1408 3454 1636 3524 publica:
1663 3468 1789 3508 reus
1833 3452 1952 3508 efIi-

360 3549 522 3605 ciaris
544 3590 562 3617 ,
592 3547 637 3602 si
666 3548 975 3616 largitiones
1002 3561 1182 3602 sacras
1226 3560 1324 3617 per
1352 3560 1558 3600 moram
1588 3544 1821 3614 aliquam
1853 3560 1949 3615 pu-

363 3641 565 3696 taveris
595 3654 715 3695 esse
746 3638 1057 3693 tardandas.
1090 3636 1168 3691 Ita
1199 3646 1257 3692 ut
1295 3643 1351 3692 te
1406 3634 1781 3708 excipiendum
1830 3651 1951 3692 esse
1990 3686 2001 3687 ,

361 3747 473 3786 non
514 3732 790 3796 aestimes,
827 3746 987 3800 quem
1039 3745 1140 3786 nos
1186 3728 1513 3785 credidimus
1566 3726 1947 3797 adjuvandum.

359 3823 499 3878 Nam
525 3822 571 3877 si
619 3820 748 3891 quid
780 3821 956 3876 minus
984 3820 1144 3876 fuerit
1171 3836 1331 3891 quam
1376 3819 1669 3890 oportebat
1697 3818 1906 3875 illatum
1933 3861 1949 3888 ,

364 3914 435 3969 de
458 3914 562 3968 tuis
590 3914 695 3967 hoc
724 3912 941 3968 noveris
967 3911 1309 3966 facultatibus
1339 3909 1661 3966 eruendum.

363 4049 530 4106 XXII.
587 4064 838 4104 rouuuu
880 4046 904 4086 δ
956 4061 1342 4103 conuoutronu
1391 4061 1499 4100 ILLI
1540 4060 1611 4099 ετ
1663 4059 1771 4099 ILLI
1808 4058 1953 4099 scm-

1042 4132 1259 4173 'RIABIIS.

434 4233 553 4289 Non
598 4232 904 4287 dubitamus
948 4244 1069 4285 esse
1118 4228 1521 4296 gratissimum,
1567 4226 1784 4297 quando
1830 4224 1952 4294 quis

362 4333 742 4382 commonetur
771 4320 1007 4377 officium
1050 4319 1274 4389 implere
1299 4325 1633 4387 susceptum,
1666 4317 1789 4388 quia
1821 4315 1951 4371 illud

368 4428 456 4477 est
488 4418 667 4488 potius
695 4431 856 4485 grave
882 4457 898 4483 ,
928 4414 973 4469 si
1017 4413 1178 4468 miles
1203 4411 1349 4465 vivat
1376 4412 1572 4476 otiose,
1601 4410 1688 4464 cui
1716 4417 1952 4478 quaestus

364 4520 451 4567 est
480 4510 621 4566 actio
642 4522 735 4562 sua
770 4524 782 4560 :
813 4506 988 4560 honor
1011 4546 1025 4569 ,
1056 4502 1370 4574 principalis
1412 4499 1694 4570 injunctio.
1745 4497 1951 4554 Similis

362 4604 512 4658 enim
558 4599 824 4655 discincto
852 4597 1083 4652 habetur
1108 4637 1124 4664 ,
1156 4595 1248 4664 qui
1280 4591 1516 4663 ignobili
1546 4591 1754 4662 torpori
1783 4590 1948 4645 relin«

361 4694 571 4764 quitur.
600 4690 941 4763 Quapropter
988 4704 1087 4761 per
1134 4687 1490 4743 indictionem
1518 4684 1664 4740 illam
1696 4682 1765 4739 ad
1802 4682 1947 4737 illam

359 4800 463 4840 vos
493 4783 827 4852 provinciam
853 4781 1104 4850 jubemus
1151 4777 1444 4843 accedere;
1476 4784 1536 4831 ut
1564 4790 1689 4831 cum
1728 4774 1945 4845 judice,

360 4875 453 4929 vel
499 4873 615 4941 ejus
642 4872 850 4936 oflicio,
882 4872 1021 4926 intra
1052 4870 1203 4926 diem
1231 4870 1335 4926 cal.
1369 4868 1703 4932 Martiarum,
1730 4882 1850 4937 quae
1879 4866 1947 4922 de

363 4966 507 5020 binis
550 4972 607 5020 et
646 4966 816 5019 ternis
843 4966 1118 5035 quantitas
1158 4962 1477 5019 solemniter
1504 4960 1849 5031 postulatur,
1878 4959 1947 5015 ad

357 5054 576 5112 comitis
624 5070 900 5110 sacrarum
949 5054 1295 5123 largitionum
1344 5054 1544 5109 scrinia
1573 5091 1589 5118 ,
1644 5052 1943 5123 postposita

358 5144 643 5207 dilatione,
675 5146 923 5213 dirigatis
954 5162 967 5197 :
1011 5145 1091 5201 sic
1119 5154 1330 5207 tamen,
1362 5152 1422 5197 ut
1446 5158 1546 5199 nec
1570 5143 1816 5197 azrarium
1845 5156 1945 5197 no-

357 5248 535 5296 strum
582 5238 787 5308 aliquid
838 5240 1015 5295 minus
1037 5253 1068 5293 a
1096 5237 1490 5295 consuetudine
1511 5236 1775 5307 percipiat
1799 5276 1818 5304 ,
1846 5250 1947 5292 nec

435 5432 460 5461 ι
491 5420 569 5503 De
596 5422 895 5503 exactione.
909 5421 1153 5503 binorum
1192 5428 1247 5475 et
1269 5426 1545 5503 ternorum
1568 5458 1583 5482 ,
1615 5429 1799 5503 supra,
1845 5413 1937 5470 lib.

352 5510 440 5558 tu,
471 5493 628 5616 (adst.
653 5491 708 5558 8,
736 5501 790 5547 et
813 5491 969 5555 infra,
1001 5491 1162 5570 duab.
1195 5503 1309 5558 seq.
1336 5487 1595 5542 formulis.
1628 5486 1795 5540 Fotuv.
1893 5554 1906 5567 .

435 5566 459 5602 ιι
533 5565 798 5617 incentius
828 5562 1117 5616 Lirinensm
1158 5561 1414 5615 adversus
1464 5556 1716 5626 profanas
1750 5553 1939 5610 :ObIt—

358 5634 538 5689 vionis
563 5649 699 5687 mere
726 5634 895 5701 gratia
933 5630 1403 5701 commonitorium
1445 5628 1688 5701 mihimet
1712 5638 1948 5701 parasse

360 5705 615 5760 sufficiet.
656 5693 857 5758 Eodem
884 5704 1052 5758 verbo
1082 5702 1248 5755 utitur
1284 5698 1613 5768 Augustinus
1640 5693 1799 5767 epist.
1845 5693 1947 5749 129

362 5772 561 5829 etl58.
587 5772 943 5844 Symmachus
959 5787 1068 5895 pro
1094 5771 1286 5826 eodem
1324 5768 1670 5824 monitorium
1701 5773 1942 5836 usurpat.

362 5843 491 5895 For.
524 5844 593 5895 ad
616 5844 711 5895 lib.
737 5859 809 5895 tv.
840 5842 923 5895 tit.
1000 5884 1015 5895 .
1045 5842 1084 5895 Ι.
1110 5836 1338 5894 LFORN.

358 5843 491 5904 For.
513 5844 593 5918 _ad
616 5836 809 5918 l'ib._tv,
840 5842 923 5918 tit.
959 5836 1015 5911 4,
1045 5842 1084 5896 ι.
1110 5836 1338 5918 1.ιῖ“οειᾲιξε
1469 5908 1481 5918 _
1675 5914 1686 5918 Δ
1761 5905 1776 5918 .

436 5924 462 5957 ο
510 5908 817 5991 Legendum
856 5908 1023 5972 vitem
1065 5922 1236 5969 tenes.
1281 5909 1373 5967 Sic
1395 5908 1542 5966 enim
1569 5908 1949 5967 centurionum

1978 4643 2025 4703 D

2056 610 2169 650 non
2216 595 2475 653 dubitetis
2520 598 2902 654 commotionis
2949 610 3151 656 nostra:
3194 616 3292 659 vos
3344 604 3646 673 periculum

2058 688 2351 758 sustinere,
2373 690 2419 745 si
2443 689 2571 759 quid
2595 700 2776 747 actum
2801 699 2991 748 contra
3021 694 3256 765 priscum
3289 695 3533 753 ordinem
3556 713 3649 770 po-

2057 778 2283 835 terimus
2309 793 2625 849 agnoscere.

2263 934 2424 1005 ιιε
2458 930 2645 987 XXIII.
2686 948 2932 989 FORIULA
2972 950 3171 992 manu
3205 953 3427 993 ponus.

2128 1075 2397 1142 Béneﬁcia
2443 1094 2627 1143 nostra
2658 1089 2843 1158 gratia;
2874 1097 2978 1145 tuae
3018 1092 3329 1163 specialiter
3355 1093 3569 1163 damus,
3601 1098 3647 1155 si

2054 1182 2115 1231 te
2132 1190 2293 1247 agere
2342 1179 2628 1235 commissa
2675 1181 3071 1238 rationabiliter
3113 1186 3495 1256 approbemus.
3537 1188 3648 1245 Nec

2057 1271 2201 1327 enim
2235 1272 2658 1329 irrcmuneratus
2689 1273 2839 1344 jaces
2867 1315 2887 1341 ,
2915 1277 2959 1331 si
2987 1285 3043 1332 et
3070 1279 3300 1349 populos
3328 1282 3646 1349 peregrinos

2055 1363 2351 1433 prudenter
2379 1364 2637 1435 excipias,
2668 1374 2723 1421 et
2753 1368 3061 1424 nostrorum
3102 1372 3429 1427 commercia
3456 1372 3645 1428 mode-

2057 1462 2174 1509 rata
2204 1454 2510 1525 aequalitate
2534 1469 2848 1526 componas.
2882 1457 3016 1513 Nam
3062 1459 3191 1515 licet
3219 1461 3416 1532 ubique
3456 1478 3644 1519 neces-

2057 1544 2198 1599 saria
2226 1545 2296 1599 sit
2322 1546 2628 1615 prudentia;
2661 1547 2713 1601 in
2738 1547 2838 1603 hac
2864 1550 3048 1623 potius
3074 1552 3287 1607 actione
3315 1552 3526 1607 videtur
3555 1569 3645 1608 ac-

2057 1636 2359 1704 commoda,
2419 1637 2635 1706 quando
2684 1638 2825 1693 inter
2878 1639 3017 1695 duos
3073 1643 3302 1713 populos
3353 1654 3648 1700 nascuntur

2056 1742 2272 1797 semper
2297 1730 2612 1796 certamina,
2644 1730 2746 1785 nisi
2776 1730 2935 1786 fuerit
2951 1732 3161 1801 justitia
3184 1734 3472 1791 custodita.
3504 1733 3648 1802 Qua-

2057 1827 2280 1889 propter
2307 1828 2423 1875 arte
2453 1821 2696 1891 placandi
2726 1824 2970 1893 suntqui
2999 1840 3181 1882 mores
3217 1826 3451 1882 aﬂ'erunt
3478 1828 3648 1882 simil-

1983 1890 2026 1951 Β
2057 1909 2216 1966 limos
2244 1912 2447 1977 ventis;
2476 1926 2706 1982 quorum
2736 1913 2836 1969 nisi
2867 1917 3012 1984 prius
3035 1918 3199 1973 animi
3231 1927 3602 1990 temperentur
3628 1958 3642 1983 ,

2056 2003 2109 2058 in
2137 2012 2504 2074 contemptum
2532 2006 2827 2061 maximum
2856 2009 3035 2063 nativa
3059 2009 3316 2067 facilitate
3339 2012 3644 2082 prosiliunt.

2055 2092 2172 2161 Qua
2194 2093 2260 2149 de
2286 2109 2347 2149 re
2373 2094 2653 2150 modestiae
2681 2104 2785 2151 tuae
2814 2096 2953 2152 fama
2984 2103 3286 2169 provocati,
3318 2118 3478 2159 curas
3505 2104 3646 2159 illius

2056 2191 2244 2252 portus
2270 2198 2369 2253 per
2397 2182 2541 2237 illam
2572 2184 2921 2240 indictionem
2947 2194 3000 2242 te
3028 2187 3230 2244 habere
3257 2205 3561 2257 censemus,
3587 2197 3647 2245 ut

2054 2275 2235 2331 omnia
2261 2275 2329 2330 ad
2358 2282 2507 2330 tuum
2537 2274 2748 2331 titulum
2770 2278 3098 2347 pertinentia
3110 2281 3189 2335 sic
3214 2294 3361 2350 agas,
3384 2282 3641 2353 quemad-

2051 2364 2272 2419 modum
2318 2362 2387 2419 ad
2416 2364 2638 2420 meliora
2664 2367 2966 2436 pervenias.
3002 2368 3061 2424 In
3086 2370 3267 2439 parvis
3294 2372 3440 2427 enim
3479 2371 3646 2428 disci-

2053 2463 2171 2526 tur,
2201 2458 2288 2514 cui
2309 2457 2523 2529 potiora
2554 2466 2899 2528 praestentur.

2241 2614 2433 2671 XXIV.
2464 2633 2714 2673 ronuuu
2750 2634 3005 2675 rnmcrrts
3041 2606 3447 2677 DALMATILRUI.

2123 2747 2315 2819 Magna
2341 2749 2482 2806 inter
2509 2751 2747 2821 collegas
2783 2767 2912 2807 suos
2941 2752 3296 2823 prmrogativa
3329 2752 3643 2824 decoratur,

2051 2841 2299 2913 quisquis
2326 2844 2465 2912 gerit
2494 2844 2742 2899 militiam
2788 2844 3009 2901 nomine
3045 2845 3395 2917 principatus.
3426 2846 3643 2917 Cogno-

2051 2937 2220 2993 scitur
2246 2938 2392 2994 enim
2424 2953 2584 3008 agere
2610 2939 2788 2994 locum
2818 2939 3134 3009 primarium
3162 2958 3175 2993 :
3210 2939 3425 3010 quando
3448 2939 3503 2994 iu
3549 2955 3641 2997 re-

2050 3028 2152 3086 bus
2183 3031 2433 3087 humanis
2456 3046 2649 3101 magna
2676 3047 2803 3103 pars
2840 3032 3116 3088 nominum
3148 3032 3302 3105 [Alii,
3334 3030 3638 3104 hominum]

2053 3124 2247 3178 asserit
2283 3123 2659 3201 excellentiam
2689 3123 3029 3192 dignitatum.
3082 3121 3200 3179 Hoc
3245 3124 3409 3178 etiam
3434 3123 3507 3178 tui
3536 3123 3645 3180 loci

2051 3216 2314 3285 probatur
2344 3216 2617 3286 exemplo,
2645 3216 2764 3273 sine
2792 3232 2900 3287 quo
2929 3231 3030 3273 nec
3047 3215 3324 3272 secretarii
3353 3224 3641 3287 praestant

2054 3329 2324 3380 accessus,
2354 3329 2455 3371 nec
2479 3313 2860 3385 postulationis
2889 3312 3060 3385 [GruL
3085 3322 3134 3368 et
3162 3312 3306 3384 Cuj.,
3334 3312 3644 3371 osculatio-

2055 3405 2164 3478 nis]
2194 3422 2392 3477 pompa
2419 3406 2725 3477 peragitur;
2752 3415 3006 3476 totusque
3034 3407 3123 3462 ille
3138 3406 3327 3475 judicii
3356 3407 3546 3477 genius
3566 3406 3644 3463 ita

2055 3498 2151 3554 tibi
2174 3497 2379 3568 legibus
2399 3498 2658 3568 probatur
2673 3497 2932 3565 creditus,
2955 3506 3015 3553 ut
3036 3496 3154 3553 sine
3180 3506 3233 3552 te
3263 3507 3496 3567 nequeat
3514 3513 3647 3555 esse

2053 3588 2345 3662 perfectus.
2406 3589 2608 3645 Comiti
2676 3590 2894 3659 quidem
2946 3589 3349 3661 provinciarum
3402 3598 3644 3659 potestas

2054 3683 2180 3738 data
2224 3690 2339 3747 est,
2373 3682 2469 3738 sed
2516 3682 2611 3738 tibi
2636 3681 2802 3752 judex
2852 3685 2968 3753 ipse
3019 3681 3340 3738 commissus
3369 3692 3470 3736 est.
3504 3681 3586 3737 Tu
3618 3691 3642 3721 °

2051 3775 2216 3830 vitem
2275 3775 2421 3848 [Alii,
2467 3774 2655 3848 vitam]
2706 3783 2858 3830 tenes
2906 3774 3167 3845 improbis
3204 3774 3539 3837 minantem;
3585 3780 3644 3828 tu

2052 3865 2388 3936 disciplinam
2420 3865 2560 3920 inter
2577 3864 2698 3934 jura
2727 3863 3000 3931 custodis;
3029 3863 3125 3919 tibi
3147 3862 3488 3918 insolentiam
3512 3877 3641 3932 per—

2052 3956 2259 4011 orantis
2306 3953 2387 4011 fas
2434 3964 2518 4012 est
2542 3955 2877 4025 discingere,
2925 3970 3091 4024 quam
3128 3954 3343 4025 praesuli
3372 3970 3479 4010 non
3520 3954 3647 4010 licet

2053 4048 2329 4103 vindicare
2358 4065 2371 4100 :
2401 4054 2553 4116 gesta
2598 4045 2893 4116 quinetiam
2925 4046 3092 4101 totius
3136 4055 3290 4100 actus
3321 4053 3375 4099 te
3405 4042 3643 4100 subscri-

2052 4136 2215 4193 bente
2244 4137 2609 4207 complentur;
2634 4145 2691 4191 et
2714 4151 3009 4193 consensus
3040 4142 3163 4191 tuus
3191 4136 3469 4206 qumritur,
3504 4142 3645 4205 post-

2055 4243 2217 4298 quam
2238 4227 2489 4283 voluntas
2510 4227 2705 4298 judicis
2727 4226 3048 4297 explicatur.
3080 4224 3215 4295 Age,
3247 4235 3306 4278 ut
3330 4225 3421 4294 qui
3448 4224 3644 4279 talibus

2053 4322 2386 4394 prmponeris
2408 4362 2423 4388 ,
2448 4337 2514 4378 ea
2536 4322 2790 4392 implesse
2817 4320 3012 4385 merito
3035 4320 3306 4376 sentiaris.
3331 4317 3517 4388 Itaque
3546 4333 3642 4390 per

2056 4416 2410 4472 indictionem
2440 4416 2588 4471 illam
2611 4453 2628 4479 ,
2655 4417 2721 4471 ad
2751 4417 2897 4471 illam
2940 4425 2995 4471 te
3024 4415 3353 4486 provinciam
3387 4415 3641 4485 jubemus

2055 4521 2377 4575 excurrere;
2395 4514 2455 4562 ut
2474 4508 2677 4565 mixtus
2700 4505 2895 4577 judicis
2917 4505 3098 4562 ofﬁcio
3125 4508 3492 4578 competentia
3519 4506 3640 4564 loco

2054 4606 2148 4655 tuo
2172 4612 2429 4669 peragas;
2460 4607 2517 4655 et
2539 4598 2628 4670 qui
2650 4599 2902 4669 princeps
2931 4613 2963 4653 a
3003 4598 3161 4654 nobis
3190 4597 3495 4669 egrederis,
3524 4598 3641 4654 nul-

2053 4691 2118 4746 lis
2146 4689 2441 4745 vilitatibus
2481 4691 2770 4746 accuseris.
2819 4688 3336 4745 Reverentissimum
3388 4689 3530 4744 enim
3583 4696 3638 4743 te

2050 4783 2300 4839 omnibus
2326 4783 2463 4839 facis
2485 4822 2502 4850 ,
2527 4783 2744 4855 siquod
2771 4783 2840 4840 de
2868 4784 3089 4840 nomine
3118 4791 3214 4839 tuo
3244 4782 3485 4840 creditur
3504 4781 3636 4837 etin

2054 4874 2294 4930 moribus
2323 4875 2605 4931 sentiatur.

2055 5027 2223 5086 XXV.
2276 5044 2527 5086 I-‘OIilULA
2565 5047 2633 5087 an
2662 5044 3084 5087 counsnumos
3130 5043 3311 5084 eoum
3351 5040 3634 5081 PNNCIPBS.

2124 5144 2322 5201 Invitat
2350 5161 2449 5201 nos
2478 5145 2816 5202 consuetudo
2845 5144 3129 5210 solemnis,
3148 5151 3204 5199 et
3216 5142 3370 5195 vobis
3387 5148 3636 5195 ornatum

2053 5234 2215 5292 officii
2254 5235 2484 5306 dirigere
2513 5276 2531 5304 ,
2571 5242 2626 5292 et
2672 5237 2928 5307 pristinos
2973 5234 3191 5290 ordines
3244 5233 3629 5289 excubantium

2050 5414 2382 5471 militarium.
2406 5413 2545 5469 Vitis
2572 5413 2767 5481 legitur
2790 5426 2888 5481 pro
2913 5410 3111 5466 indicio
3139 5410 3427 5481 potestatis
3443 5451 3457 5471 ,
3487 5424 3636 5481 eam-

2049 5500 2156 5565 que
2184 5485 2268 5565 illi
2291 5484 2607 5565 gestabant,
2632 5478 2713 5565 ξς.
2731 5478 2836 5565 qua
2865 5481 3009 5565 ,ιη
3034 5478 3176 5537 titul.
3200 5482 3267 5536 de
3297 5496 3355 5565 r_e
3384 5478 3634 5565 lliil‘lzll'i;

2045 5549 2316 5617 Juvenal;
2344 5564 2515 5625 satyr.
2557 5549 2859 5625 7;_Plitiius,
2892 5551 2993 5625 lib.
3018 5568 3135 5625 xiv,
3159 5566 3279 5625 cap.
3313 5553 3365 5606 Ι.
3396 5549 3635 5625 Spartia-

2056 5640 2158 5679 nus
2187 5624 2239 5678 in
2278 5619 2514 5679 Adriano
2549 5642 2561 5677 :
2593 5623 2769 5677 Vitem
2816 5622 2945 5677 nulli
2975 5624 3075 5678 nisi
3108 5619 3331 5678 robusto
3376 5619 3451 5676 et‘
3481 5619 3638 5674 bona:

2056 5694 2210 5749 fama:
2237 5693 2406 5750 dedit.
2437 5693 2571 5750 Vide
2587 5693 2784 5748 Euseb.
2807 5691 3009 5750 Histor.
3040 5693 3248 5750 Eccles.
3282 5692 3376 5748 lib.
3392 5706 3484 5754 vn,
3512 5705 3632 5759 cap.

2059 5764 2145 5819 14.
2205 5764 2401 5892 igitur.
2452 5764 2587 5823 Vide
2634 5763 2799 5822 etiam
2845 5762 3138 5835 Pithmum,
3192 5763 3390 5822 subcis.
3445 5761 3541 5821 lib.
3595 5773 3636 5827 ι.

2059 5852 2177 5892 can.
2282 5875 2298 5892 .

2055 5852 2177 5909 cap.
2209 5852 2298 5892 ID.
