  <div class='ocr_page' id='page_1' title='image "/cluster/home/n/w/nwhite01/storage/ocr_20150623/69/hvd.32044054758727/389.png"; bbox 0 0 3988 6178; ppageno 0'>
   <div class='ocr_carea' id='block_1_1' title="bbox 389 349 494 405">
    <p class='ocr_par' dir='ltr' id='par_1_1' title="bbox 389 349 494 405">
     <span class='ocr_line' id='line_1_1' title="bbox 389 349 494 405; baseline 0.01 -1"><span class='ocrx_word' id='word_1_1' title='bbox 389 349 494 405; x_wconf 66' lang='lat'><strong>733</strong></span> 
     </span>
    </p>
   </div>
   <div class='ocr_carea' id='block_1_2' title="bbox 1635 336 2459 405">
    <p class='ocr_par' dir='ltr' id='par_1_2' title="bbox 1635 336 2459 405">
     <span class='ocr_line' id='line_1_2' title="bbox 1635 336 2459 405; baseline -0.001 -12"><span class='ocrx_word' id='word_1_2' title='bbox 1635 338 1706 393; x_wconf 83' lang='lat' dir='ltr'><strong>M.</strong></span> <span class='ocrx_word' id='word_1_3' title='bbox 1749 337 2027 405; x_wconf 75' lang='lat' dir='ltr'><strong>AURELII</strong></span> <span class='ocrx_word' id='word_1_4' title='bbox 2063 336 2459 395; x_wconf 76' lang='lat' dir='ltr'><strong>CASSIODORI</strong></span> 
     </span>
    </p>
   </div>
   <div class='ocr_carea' id='block_1_3' title="bbox 3541 331 3629 388">
    <p class='ocr_par' dir='ltr' id='par_1_3' title="bbox 3541 331 3629 388">
     <span class='ocr_line' id='line_1_3' title="bbox 3541 331 3629 388; baseline 0.045 -4"><span class='ocrx_word' id='word_1_5' title='bbox 3541 331 3629 388; x_wconf 62' lang='grc' dir='ltr'><strong>ἠδ</strong></span> 
     </span>
    </p>
   </div>
   <div class='ocr_carea' id='block_1_4' title="bbox 388 440 3633 519">
    <p class='ocr_par' dir='ltr' id='par_1_4' title="bbox 388 440 3633 519">
     <span class='ocr_line' id='line_1_4' title="bbox 388 440 3633 519; baseline -0.006 -2"><span class='ocrx_word' id='word_1_6' title='bbox 388 457 679 517; x_wconf 86' lang='lat' dir='ltr'><strong>custodire.</strong></span> <span class='ocrx_word' id='word_1_7' title='bbox 700 458 896 513; x_wconf 82' lang='lat' dir='ltr'><strong>Nostra</strong></span> <span class='ocrx_word' id='word_1_8' title='bbox 918 452 1060 511; x_wconf 89' lang='lat' dir='ltr'><strong>enim</strong></span> <span class='ocrx_word' id='word_1_9' title='bbox 1086 452 1202 510; x_wconf 90' lang='lat' dir='ltr'><strong>laus</strong></span> <span class='ocrx_word' id='word_1_10' title='bbox 1229 458 1329 517; x_wconf 85' lang='lat' dir='ltr'><strong>est,</strong></span> <span class='ocrx_word' id='word_1_11' title='bbox 1354 451 1399 506; x_wconf 87' lang='lat' dir='ltr'><strong>si</strong></span> <span class='ocrx_word' id='word_1_12' title='bbox 1429 463 1524 506; x_wconf 89' lang='lat' dir='ltr'><strong>vos</strong></span> <span class='ocrx_word' id='word_1_13' title='bbox 1554 448 1798 515; x_wconf 77' lang='lat' dir='ltr'><strong>Romana</strong></span> <span class='ocrx_word' id='word_1_14' title='bbox 1827 449 1968 504; x_wconf 90' lang='lat' dir='ltr'><strong>mili-</strong></span> <span class='ocrx_word' id='word_1_15' title='bbox 2001 454 2048 510; x_wconf 81' lang='grc' dir='ltr'><strong>Α</strong></span> <span class='ocrx_word' id='word_1_16' title='bbox 2080 449 2255 517; x_wconf 87' lang='lat' dir='ltr'><strong>agitis,</strong></span> <span class='ocrx_word' id='word_1_17' title='bbox 2309 449 2524 519; x_wconf 84' lang='lat' dir='ltr'><strong>quoties</strong></span> <span class='ocrx_word' id='word_1_18' title='bbox 2564 447 2719 513; x_wconf 81' lang='lat' dir='ltr'><strong>vobis</strong></span> <span class='ocrx_word' id='word_1_19' title='bbox 2765 461 2875 503; x_wconf 86' lang='lat' dir='ltr'><strong>non</strong></span> <span class='ocrx_word' id='word_1_20' title='bbox 2919 444 3149 511; x_wconf 74' lang='lat' dir='ltr'><strong>defuerit</strong></span> <span class='ocrx_word' id='word_1_21' title='bbox 3192 440 3472 514; x_wconf 59' lang='lat' dir='ltr'><strong>praesentia</strong></span> <span class='ocrx_word' id='word_1_22' title='bbox 3511 442 3633 511; x_wconf 78' lang='lat' dir='ltr'><strong>judi-</strong></span> 
     </span>
    </p>
   </div>
   <div class='ocr_carea' id='block_1_5' title="bbox 392 530 1972 618">
    <p class='ocr_par' dir='ltr' id='par_1_5' title="bbox 392 530 1972 618">
     <span class='ocr_line' id='line_1_5' title="bbox 392 530 1972 618; baseline -0.005 -13"><span class='ocrx_word' id='word_1_23' title='bbox 392 552 464 607; x_wconf 90' lang='lat' dir='ltr'><strong>tia</strong></span> <span class='ocrx_word' id='word_1_24' title='bbox 481 552 785 614; x_wconf 72' lang='lat' dir='ltr'><strong>comitetur,</strong></span> <span class='ocrx_word' id='word_1_25' title='bbox 815 545 1030 618; x_wconf 85' lang='lat' dir='ltr'><strong>quando</strong></span> <span class='ocrx_word' id='word_1_26' title='bbox 1054 532 1250 611; x_wconf 78' lang='lat' dir='ltr'><strong>talibus</strong></span> <span class='ocrx_word' id='word_1_27' title='bbox 1278 530 1537 599; x_wconf 87' lang='lat' dir='ltr'><strong>ministris</strong></span> <span class='ocrx_word' id='word_1_28' title='bbox 1567 544 1790 614; x_wconf 76' lang='lat' dir='ltr'><strong>potestis</strong></span> <span class='ocrx_word' id='word_1_29' title='bbox 1812 558 1972 613; x_wconf 76' lang='lat' dir='ltr'><strong>agere</strong></span> 
     </span>
    </p>
   </div>
   <div class='ocr_carea' id='block_1_6' title="bbox 391 637 1975 716">
    <p class='ocr_par' dir='ltr' id='par_1_6' title="bbox 391 637 1975 716">
     <span class='ocr_line' id='line_1_6' title="bbox 391 637 1975 716; baseline -0.006 -15"><span class='ocrx_word' id='word_1_30' title='bbox 391 646 538 716; x_wconf 88' lang='lat' dir='ltr'><strong>quod</strong></span> <span class='ocrx_word' id='word_1_31' title='bbox 585 643 801 699; x_wconf 90' lang='lat' dir='ltr'><strong>videtur</strong></span> <span class='ocrx_word' id='word_1_32' title='bbox 847 642 1035 711; x_wconf 77' lang='lat' dir='ltr'><strong>priscis</strong></span> <span class='ocrx_word' id='word_1_33' title='bbox 1092 639 1461 709; x_wconf 76' lang='lat' dir='ltr'><strong>sanctionibus</strong></span> <span class='ocrx_word' id='word_1_34' title='bbox 1516 637 1833 693; x_wconf 88' lang='lat' dir='ltr'><strong>convenire.</strong></span> <span class='ocrx_word' id='word_1_35' title='bbox 1885 637 1975 691; x_wconf 81' lang='lat' dir='ltr'><strong>Sic</strong></span> 
     </span>
    </p>
   </div>
   <div class='ocr_carea' id='block_1_7' title="bbox 394 727 1977 800">
    <p class='ocr_par' dir='ltr' id='par_1_7' title="bbox 394 727 1977 800">
     <span class='ocr_line' id='line_1_7' title="bbox 394 727 1977 800; baseline -0.008 -9"><span class='ocrx_word' id='word_1_36' title='bbox 394 737 536 791; x_wconf 91' lang='lat' dir='ltr'><strong>enim</strong></span> <span class='ocrx_word' id='word_1_37' title='bbox 578 734 788 789; x_wconf 89' lang='lat' dir='ltr'><strong>Gothos</strong></span> <span class='ocrx_word' id='word_1_38' title='bbox 834 740 1049 788; x_wconf 91' lang='lat' dir='ltr'><strong>nostros</strong></span> <span class='ocrx_word' id='word_1_39' title='bbox 1072 773 1086 798; x_wconf 91' lang='lat'><strong>,</strong></span> <span class='ocrx_word' id='word_1_40' title='bbox 1114 730 1225 787; x_wconf 87' lang='lat' dir='ltr'><strong>Deo</strong></span> <span class='ocrx_word' id='word_1_41' title='bbox 1251 729 1490 798; x_wconf 76' lang='lat' dir='ltr'><strong>iuvante,</strong></span> <span class='ocrx_word' id='word_1_42' title='bbox 1517 727 1886 800; x_wconf 83' lang='lat' dir='ltr'><strong>produximus,</strong></span> <span class='ocrx_word' id='word_1_43' title='bbox 1917 733 1977 795; x_wconf 82' lang='lat' dir='ltr'><strong>ut</strong></span> 
     </span>
    </p>
   </div>
   <div class='ocr_carea' id='block_1_8' title="bbox 394 817 1977 894">
    <p class='ocr_par' dir='ltr' id='par_1_8' title="bbox 394 817 1977 894">
     <span class='ocr_line' id='line_1_8' title="bbox 394 817 1977 894; baseline -0.007 -10"><span class='ocrx_word' id='word_1_44' title='bbox 394 838 449 885; x_wconf 91' lang='lat' dir='ltr'><strong>et</strong></span> <span class='ocrx_word' id='word_1_45' title='bbox 476 829 641 883; x_wconf 90' lang='lat' dir='ltr'><strong>armis</strong></span> <span class='ocrx_word' id='word_1_46' title='bbox 682 828 787 881; x_wconf 89' lang='lat' dir='ltr'><strong>sint</strong></span> <span class='ocrx_word' id='word_1_47' title='bbox 838 824 1083 880; x_wconf 85' lang='lat' dir='ltr'><strong>instructi</strong></span> <span class='ocrx_word' id='word_1_48' title='bbox 1109 866 1123 890; x_wconf 92' lang='lat'><strong>,</strong></span> <span class='ocrx_word' id='word_1_49' title='bbox 1154 832 1210 878; x_wconf 89' lang='lat' dir='ltr'><strong>et</strong></span> <span class='ocrx_word' id='word_1_50' title='bbox 1240 823 1493 894; x_wconf 59' lang='lat' dir='ltr'><strong>aequitate</strong></span> <span class='ocrx_word' id='word_1_51' title='bbox 1520 820 1828 890; x_wconf 75' lang='lat' dir='ltr'><strong>compositi.</strong></span> <span class='ocrx_word' id='word_1_52' title='bbox 1860 817 1977 873; x_wconf 86' lang='lat' dir='ltr'><strong>lloc</strong></span> 
     </span>
    </p>
   </div>
   <div class='ocr_carea' id='block_1_9' title="bbox 395 915 1983 991">
    <p class='ocr_par' dir='ltr' id='par_1_9' title="bbox 395 915 1983 991">
     <span class='ocr_line' id='line_1_9' title="bbox 395 915 1983 991; baseline -0.003 -15"><span class='ocrx_word' id='word_1_53' title='bbox 395 920 647 991; x_wconf 83' lang='lat' dir='ltr'><strong>est‘quod</strong></span> <span class='ocrx_word' id='word_1_54' title='bbox 660 920 877 989; x_wconf 83' lang='lat' dir='ltr'><strong>reliquae</strong></span> <span class='ocrx_word' id='word_1_55' title='bbox 896 927 1083 987; x_wconf 77' lang='lat' dir='ltr'><strong>gentes</strong></span> <span class='ocrx_word' id='word_1_56' title='bbox 1118 917 1320 972; x_wconf 91' lang='lat' dir='ltr'><strong>habere</strong></span> <span class='ocrx_word' id='word_1_57' title='bbox 1347 931 1454 970; x_wconf 92' lang='lat' dir='ltr'><strong>non</strong></span> <span class='ocrx_word' id='word_1_58' title='bbox 1474 922 1734 985; x_wconf 88' lang='lat' dir='ltr'><strong>possunt;</strong></span> <span class='ocrx_word' id='word_1_59' title='bbox 1768 915 1875 969; x_wconf 92' lang='lat' dir='ltr'><strong>hoc</strong></span> <span class='ocrx_word' id='word_1_60' title='bbox 1897 920 1983 971; x_wconf 77' lang='lat' dir='ltr'><strong>est</strong></span> 
     </span>
    </p>
   </div>
   <div class='ocr_carea' id='block_1_10' title="bbox 395 1006 1980 1082">
    <p class='ocr_par' dir='ltr' id='par_1_10' title="bbox 395 1006 1980 1082">
     <span class='ocr_line' id='line_1_10' title="bbox 395 1006 1980 1082; baseline -0.005 -15"><span class='ocrx_word' id='word_1_61' title='bbox 395 1011 540 1082; x_wconf 91' lang='lat' dir='ltr'><strong>quod</strong></span> <span class='ocrx_word' id='word_1_62' title='bbox 568 1028 663 1067; x_wconf 90' lang='lat' dir='ltr'><strong>vos</strong></span> <span class='ocrx_word' id='word_1_63' title='bbox 693 1009 868 1067; x_wconf 28' lang='lat' dir='ltr'><strong>et‘t‘tcit.</strong></span> <span class='ocrx_word' id='word_1_64' title='bbox 884 1010 1182 1079; x_wconf 89' lang='lat' dir='ltr'><strong>singulares</strong></span> <span class='ocrx_word' id='word_1_65' title='bbox 1208 1048 1223 1074; x_wconf 92' lang='lat'><strong>,</strong></span> <span class='ocrx_word' id='word_1_66' title='bbox 1252 1009 1296 1063; x_wconf 89' lang='lat' dir='ltr'><strong>si</strong></span> <span class='ocrx_word' id='word_1_67' title='bbox 1322 1047 1338 1074; x_wconf 90' lang='lat'><strong>,</strong></span> <span class='ocrx_word' id='word_1_68' title='bbox 1369 1008 1570 1063; x_wconf 88' lang='lat' dir='ltr'><strong>assueti</strong></span> <span class='ocrx_word' id='word_1_69' title='bbox 1598 1006 1765 1071; x_wconf 85' lang='lat' dir='ltr'><strong>bellis,</strong></span> <span class='ocrx_word' id='word_1_70' title='bbox 1793 1006 1980 1063; x_wconf 87' lang='lat' dir='ltr'><strong>vidca-</strong></span> 
     </span>
    </p>
   </div>
   <div class='ocr_carea' id='block_1_11' title="bbox 394 1097 1982 1172">
    <p class='ocr_par' dir='ltr' id='par_1_11' title="bbox 394 1097 1982 1172">
     <span class='ocr_line' id='line_1_11' title="bbox 394 1097 1982 1172; baseline -0.006 -13"><span class='ocrx_word' id='word_1_71' title='bbox 394 1105 530 1160; x_wconf 89' lang='lat' dir='ltr'><strong>mini</strong></span> <span class='ocrx_word' id='word_1_72' title='bbox 579 1104 784 1172; x_wconf 88' lang='lat' dir='ltr'><strong>legibus</strong></span> <span class='ocrx_word' id='word_1_73' title='bbox 821 1102 1004 1158; x_wconf 84' lang='lat' dir='ltr'><strong>vivere</strong></span> <span class='ocrx_word' id='word_1_74' title='bbox 1051 1116 1171 1155; x_wconf 91' lang='lat' dir='ltr'><strong>cum</strong></span> <span class='ocrx_word' id='word_1_75' title='bbox 1218 1098 1498 1153; x_wconf 82' lang='lat' dir='ltr'><strong>Romanis.</strong></span> <span class='ocrx_word' id='word_1_76' title='bbox 1542 1097 1884 1168; x_wconf 83' lang='lat' dir='ltr'><strong>Quapropter</strong></span> <span class='ocrx_word' id='word_1_77' title='bbox 1912 1112 1982 1151; x_wconf 81' lang='lat' dir='ltr'><strong>ex</strong></span> 
     </span>
    </p>
   </div>
   <div class='ocr_carea' id='block_1_12' title="bbox 398 1189 1981 1262">
    <p class='ocr_par' dir='ltr' id='par_1_12' title="bbox 398 1189 1981 1262">
     <span class='ocr_line' id='line_1_12' title="bbox 398 1189 1981 1262; baseline -0.006 -11"><span class='ocrx_word' id='word_1_78' title='bbox 398 1195 578 1252; x_wconf 83' lang='lat' dir='ltr'><strong>oliicio</strong></span> <span class='ocrx_word' id='word_1_79' title='bbox 609 1204 796 1250; x_wconf 90' lang='lat' dir='ltr'><strong>nostro</strong></span> <span class='ocrx_word' id='word_1_80' title='bbox 821 1193 970 1247; x_wconf 91' lang='lat' dir='ltr'><strong>illum</strong></span> <span class='ocrx_word' id='word_1_81' title='bbox 994 1191 1325 1262; x_wconf 88' lang='lat' dir='ltr'><strong>atqueillum</strong></span> <span class='ocrx_word' id='word_1_82' title='bbox 1355 1190 1419 1245; x_wconf 89' lang='lat' dir='ltr'><strong>ad</strong></span> <span class='ocrx_word' id='word_1_83' title='bbox 1452 1206 1546 1245; x_wconf 92' lang='lat' dir='ltr'><strong>vos</strong></span> <span class='ocrx_word' id='word_1_84' title='bbox 1575 1189 1839 1245; x_wconf 87' lang='lat' dir='ltr'><strong>credimus</strong></span> <span class='ocrx_word' id='word_1_85' title='bbox 1861 1203 1981 1243; x_wconf 88' lang='lat' dir='ltr'><strong>esse</strong></span> 
     </span>
    </p>
   </div>
   <div class='ocr_carea' id='block_1_13' title="bbox 398 1279 1979 1354">
    <p class='ocr_par' dir='ltr' id='par_1_13' title="bbox 398 1279 1979 1354">
     <span class='ocr_line' id='line_1_13' title="bbox 398 1279 1979 1354; baseline -0.006 -13"><span class='ocrx_word' id='word_1_86' title='bbox 398 1285 739 1354; x_wconf 82' lang='lat' dir='ltr'><strong>dirigendos;</strong></span> <span class='ocrx_word' id='word_1_87' title='bbox 772 1292 830 1338; x_wconf 92' lang='lat' dir='ltr'><strong>ut</strong></span> <span class='ocrx_word' id='word_1_88' title='bbox 855 1322 870 1348; x_wconf 90' lang='lat'><strong>,</strong></span> <span class='ocrx_word' id='word_1_89' title='bbox 900 1281 1194 1339; x_wconf 89' lang='lat' dir='ltr'><strong>secundum</strong></span> <span class='ocrx_word' id='word_1_90' title='bbox 1222 1281 1457 1352; x_wconf 83' lang='lat' dir='ltr'><strong>priscam</strong></span> <span class='ocrx_word' id='word_1_91' title='bbox 1504 1279 1979 1342; x_wconf 90' lang='lat' dir='ltr'><strong>consuetudinem,</strong></span> 
     </span>
    </p>
   </div>
   <div class='ocr_carea' id='block_1_14' title="bbox 400 1364 1982 1450">
    <p class='ocr_par' dir='ltr' id='par_1_14' title="bbox 400 1364 1982 1450">
     <span class='ocr_line' id='line_1_14' title="bbox 400 1364 1982 1450; baseline -0.007 -16"><span class='ocrx_word' id='word_1_92' title='bbox 400 1380 491 1450; x_wconf 91' lang='lat' dir='ltr'><strong>qui</strong></span> <span class='ocrx_word' id='word_1_93' title='bbox 535 1378 640 1433; x_wconf 90' lang='lat' dir='ltr'><strong>tuis</strong></span> <span class='ocrx_word' id='word_1_94' title='bbox 679 1364 1013 1448; x_wconf 82' lang='lat' dir='ltr'><strong>jussionibus</strong></span> <span class='ocrx_word' id='word_1_95' title='bbox 1072 1373 1473 1440; x_wconf 89' lang='lat' dir='ltr'><strong>obsecundant,</strong></span> <span class='ocrx_word' id='word_1_96' title='bbox 1524 1387 1620 1427; x_wconf 91' lang='lat' dir='ltr'><strong>eos</strong></span> <span class='ocrx_word' id='word_1_97' title='bbox 1674 1369 1982 1426; x_wconf 83' lang='lat' dir='ltr'><strong>rationabili</strong></span> 
     </span>
    </p>
   </div>
   <div class='ocr_carea' id='block_1_15' title="bbox 400 1460 2007 1541">
    <p class='ocr_par' dir='ltr' id='par_1_15' title="bbox 400 1460 2007 1541">
     <span class='ocr_line' id='line_1_15' title="bbox 400 1460 2007 1541; baseline -0.007 -16"><span class='ocrx_word' id='word_1_98' title='bbox 400 1472 640 1541; x_wconf 79' lang='lat' dir='ltr'><strong>debeant</strong></span> <span class='ocrx_word' id='word_1_99' title='bbox 667 1460 987 1539; x_wconf 84' lang='lat' dir='ltr'><strong>antiquitate</strong></span> <span class='ocrx_word' id='word_1_100' title='bbox 1030 1465 1321 1521; x_wconf 88' lang='lat' dir='ltr'><strong>moderari.</strong></span> <span class='ocrx_word' id='word_1_101' title='bbox 1361 1463 1462 1518; x_wconf 88' lang='lat' dir='ltr'><strong>Cui</strong></span> <span class='ocrx_word' id='word_1_102' title='bbox 1503 1464 1728 1532; x_wconf 79' lang='lat' dir='ltr'><strong>gratiam</strong></span> <span class='ocrx_word' id='word_1_103' title='bbox 1756 1471 1898 1516; x_wconf 88' lang='lat' dir='ltr'><strong>tuam</strong></span> <span class='ocrx_word' id='word_1_104' title='bbox 1930 1461 2007 1531; x_wconf 25' lang='lat' dir='ltr'><strong>in,</strong></span> 
     </span>
    </p>
   </div>
   <div class='ocr_carea' id='block_1_16' title="bbox 402 1555 1986 1620">
    <p class='ocr_par' dir='ltr' id='par_1_16' title="bbox 402 1555 1986 1620">
     <span class='ocr_line' id='line_1_16' title="bbox 402 1555 1986 1620; baseline -0.007 -2"><span class='ocrx_word' id='word_1_105' title='bbox 402 1560 788 1620; x_wconf 86' lang='lat' dir='ltr'><strong>conservandis</strong></span> <span class='ocrx_word' id='word_1_106' title='bbox 842 1559 1071 1616; x_wconf 90' lang='lat' dir='ltr'><strong>annonis</strong></span> <span class='ocrx_word' id='word_1_107' title='bbox 1128 1566 1185 1613; x_wconf 90' lang='lat' dir='ltr'><strong>et</strong></span> <span class='ocrx_word' id='word_1_108' title='bbox 1229 1556 1711 1613; x_wconf 85' lang='lat' dir='ltr'><strong>consuetudinibus</strong></span> <span class='ocrx_word' id='word_1_109' title='bbox 1761 1555 1873 1610; x_wconf 90' lang='lat' dir='ltr'><strong>suis</strong></span> <span class='ocrx_word' id='word_1_110' title='bbox 1917 1570 1986 1609; x_wconf 79' lang='lat' dir='ltr'><strong>ex</strong></span> 
     </span>
    </p>
   </div>
   <div class='ocr_carea' id='block_1_17' title="bbox 404 1646 1985 1725">
    <p class='ocr_par' dir='ltr' id='par_1_17' title="bbox 404 1646 1985 1725">
     <span class='ocr_line' id='line_1_17' title="bbox 404 1646 1985 1725; baseline -0.008 -14"><span class='ocrx_word' id='word_1_111' title='bbox 404 1664 586 1711; x_wconf 90' lang='lat' dir='ltr'><strong>nostra</strong></span> <span class='ocrx_word' id='word_1_112' title='bbox 602 1654 844 1725; x_wconf 89' lang='lat' dir='ltr'><strong>jussione</strong></span> <span class='ocrx_word' id='word_1_113' title='bbox 871 1650 1166 1723; x_wconf 66' lang='lat' dir='ltr'><strong>praestabis.</strong></span> <span class='ocrx_word' id='word_1_114' title='bbox 1193 1649 1361 1713; x_wconf 81' lang='lat' dir='ltr'><strong>Debet</strong></span> <span class='ocrx_word' id='word_1_115' title='bbox 1386 1649 1530 1704; x_wconf 91' lang='lat' dir='ltr'><strong>enim</strong></span> <span class='ocrx_word' id='word_1_116' title='bbox 1555 1663 1584 1702; x_wconf 91' lang='lat' dir='ltr'><strong>a</strong></span> <span class='ocrx_word' id='word_1_117' title='bbox 1618 1656 1672 1703; x_wconf 91' lang='lat' dir='ltr'><strong>te</strong></span> <span class='ocrx_word' id='word_1_118' title='bbox 1700 1647 1868 1716; x_wconf 82' lang='lat' dir='ltr'><strong>diligi,</strong></span> <span class='ocrx_word' id='word_1_119' title='bbox 1894 1646 1985 1716; x_wconf 91' lang='lat' dir='ltr'><strong>qui</strong></span> 
     </span>
    </p>
   </div>
   <div class='ocr_carea' id='block_1_18' title="bbox 406 1742 1133 1821">
    <p class='ocr_par' dir='ltr' id='par_1_18' title="bbox 406 1742 1133 1821">
     <span class='ocr_line' id='line_1_18' title="bbox 406 1742 1133 1821; baseline -0.008 -18"><span class='ocrx_word' id='word_1_120' title='bbox 406 1763 436 1821; x_wconf 86' lang='lat' dir='ltr'><strong>a</strong></span> <span class='ocrx_word' id='word_1_121' title='bbox 465 1747 622 1804; x_wconf 89' lang='lat' dir='ltr'><strong>nobis</strong></span> <span class='ocrx_word' id='word_1_122' title='bbox 640 1745 833 1800; x_wconf 89' lang='lat' dir='ltr'><strong>meruit</strong></span> <span class='ocrx_word' id='word_1_123' title='bbox 856 1742 1133 1821; x_wconf 86' lang='lat' dir='ltr'><strong>destinari.</strong></span> 
     </span>
    </p>
   </div>
   <div class='ocr_carea' id='block_1_19' title="bbox 477 1918 1918 1975">
    <p class='ocr_par' dir='ltr' id='par_1_19' title="bbox 477 1918 1918 1975">
     <span class='ocr_line' id='line_1_19' title="bbox 477 1918 1918 1975; baseline -0.006 0"><span class='ocrx_word' id='word_1_124' title='bbox 477 1918 663 1975; x_wconf 83' lang='lat' dir='ltr'><strong>XXVI.</strong></span> <span class='ocrx_word' id='word_1_125' title='bbox 683 1934 929 1975; x_wconf 68' lang='lat' dir='ltr'><strong>FORIULA</strong></span> <span class='ocrx_word' id='word_1_126' title='bbox 952 1931 1220 1974; x_wconf 67' lang='grc' dir='ltr'><strong>οοιιτινιε</strong></span> <span class='ocrx_word' id='word_1_127' title='bbox 1250 1931 1582 1971; x_wconf 60' lang='grc' dir='ltr'><strong>οινειιειυιωί</strong></span> <span class='ocrx_word' id='word_1_128' title='bbox 1609 1931 1918 1971; x_wconf 74' lang='lat' dir='ltr'><strong>cmrnnn.</strong></span> 
     </span>
    </p>
   </div>
   <div class='ocr_carea' id='block_1_20' title="bbox 479 2051 1992 2125">
    <p class='ocr_par' dir='ltr' id='par_1_20' title="bbox 479 2051 1992 2125">
     <span class='ocr_line' id='line_1_20' title="bbox 479 2051 1992 2125; baseline -0.004 -14"><span class='ocrx_word' id='word_1_129' title='bbox 479 2055 672 2119; x_wconf 82' lang='lat' dir='ltr'><strong>saeculi</strong></span> <span class='ocrx_word' id='word_1_130' title='bbox 699 2055 856 2125; x_wconf 84' lang='lat' dir='ltr'><strong>hujus</strong></span> <span class='ocrx_word' id='word_1_131' title='bbox 883 2056 1061 2109; x_wconf 87' lang='lat' dir='ltr'><strong>honor</strong></span> <span class='ocrx_word' id='word_1_132' title='bbox 1093 2052 1346 2108; x_wconf 82' lang='lat' dir='ltr'><strong>humanae</strong></span> <span class='ocrx_word' id='word_1_133' title='bbox 1377 2052 1572 2107; x_wconf 88' lang='lat' dir='ltr'><strong>mentis</strong></span> <span class='ocrx_word' id='word_1_134' title='bbox 1599 2059 1682 2107; x_wconf 90' lang='lat' dir='ltr'><strong>est</strong></span> <span class='ocrx_word' id='word_1_135' title='bbox 1709 2051 1992 2109; x_wconf 83' lang='lat' dir='ltr'><strong>manifesta</strong></span> 
     </span>
    </p>
   </div>
   <div class='ocr_carea' id='block_1_21' title="bbox 410 2144 1994 2219">
    <p class='ocr_par' dir='ltr' id='par_1_21' title="bbox 410 2144 1994 2219">
     <span class='ocr_line' id='line_1_21' title="bbox 410 2144 1994 2219; baseline -0.003 -19"><span class='ocrx_word' id='word_1_136' title='bbox 410 2147 680 2219; x_wconf 84' lang='lat' dir='ltr'><strong>probatio,</strong></span> <span class='ocrx_word' id='word_1_137' title='bbox 726 2147 852 2216; x_wconf 87' lang='lat' dir='ltr'><strong>quia</strong></span> <span class='ocrx_word' id='word_1_138' title='bbox 883 2146 1107 2203; x_wconf 89' lang='lat' dir='ltr'><strong>libertas</strong></span> <span class='ocrx_word' id='word_1_139' title='bbox 1124 2144 1299 2200; x_wconf 71' lang='lat' dir='ltr'><strong>animi</strong></span> <span class='ocrx_word' id='word_1_140' title='bbox 1342 2145 1678 2199; x_wconf 82' lang='lat' dir='ltr'><strong>voluntatem</strong></span> <span class='ocrx_word' id='word_1_141' title='bbox 1720 2144 1994 2213; x_wconf 84' lang='lat' dir='ltr'><strong>propriam</strong></span> 
     </span>
    </p>
   </div>
   <div class='ocr_carea' id='block_1_22' title="bbox 411 2232 1995 2308">
    <p class='ocr_par' dir='ltr' id='par_1_22' title="bbox 411 2232 1995 2308">
     <span class='ocr_line' id='line_1_22' title="bbox 411 2232 1995 2308; baseline -0.005 -15"><span class='ocrx_word' id='word_1_142' title='bbox 411 2254 626 2308; x_wconf 86' lang='lat' dir='ltr'><strong>semper</strong></span> <span class='ocrx_word' id='word_1_143' title='bbox 646 2237 902 2303; x_wconf 90' lang='lat' dir='ltr'><strong>ostendit,</strong></span> <span class='ocrx_word' id='word_1_144' title='bbox 925 2237 1052 2292; x_wconf 91' lang='lat' dir='ltr'><strong>dum</strong></span> <span class='ocrx_word' id='word_1_145' title='bbox 1082 2251 1141 2292; x_wconf 91' lang='lat' dir='ltr'><strong>se</strong></span> <span class='ocrx_word' id='word_1_146' title='bbox 1167 2234 1467 2291; x_wconf 86' lang='lat' dir='ltr'><strong>contemnit</strong></span> <span class='ocrx_word' id='word_1_147' title='bbox 1492 2234 1766 2299; x_wconf 82' lang='lat' dir='ltr'><strong>occulere,</strong></span> <span class='ocrx_word' id='word_1_148' title='bbox 1782 2234 1872 2302; x_wconf 88' lang='lat' dir='ltr'><strong>qui</strong></span> <span class='ocrx_word' id='word_1_149' title='bbox 1894 2232 1995 2287; x_wconf 87' lang='lat' dir='ltr'><strong>sihi</strong></span> 
     </span>
    </p>
   </div>
   <div class='ocr_carea' id='block_1_23' title="bbox 414 2323 1996 2399">
    <p class='ocr_par' dir='ltr' id='par_1_23' title="bbox 414 2323 1996 2399">
     <span class='ocr_line' id='line_1_23' title="bbox 414 2323 1996 2399; baseline -0.004 -17"><span class='ocrx_word' id='word_1_150' title='bbox 414 2328 549 2393; x_wconf 80' lang='lat' dir='ltr'><strong>alios</strong></span> <span class='ocrx_word' id='word_1_151' title='bbox 577 2327 893 2399; x_wconf 78' lang='lat' dir='ltr'><strong>cognoverit</strong></span> <span class='ocrx_word' id='word_1_152' title='bbox 918 2325 1216 2396; x_wconf 73' lang='lat' dir='ltr'><strong>subjacere.</strong></span> <span class='ocrx_word' id='word_1_153' title='bbox 1250 2325 1355 2381; x_wconf 91' lang='lat' dir='ltr'><strong>Sed</strong></span> <span class='ocrx_word' id='word_1_154' title='bbox 1381 2325 1629 2379; x_wconf 82' lang='lat' dir='ltr'><strong>humanae</strong></span> <span class='ocrx_word' id='word_1_155' title='bbox 1654 2324 1849 2378; x_wconf 87' lang='lat' dir='ltr'><strong>mentis</strong></span> <span class='ocrx_word' id='word_1_156' title='bbox 1870 2323 1996 2383; x_wconf 73' lang='lat' dir='ltr'><strong>felix</strong></span> 
     </span>
    </p>
   </div>
   <div class='ocr_carea' id='block_1_24' title="bbox 414 2415 1999 2487">
    <p class='ocr_par' dir='ltr' id='par_1_24' title="bbox 414 2415 1999 2487">
     <span class='ocr_line' id='line_1_24' title="bbox 414 2415 1999 2487; baseline -0.003 -15"><span class='ocrx_word' id='word_1_157' title='bbox 414 2419 501 2472; x_wconf 88' lang='lat' dir='ltr'><strong>illa</strong></span> <span class='ocrx_word' id='word_1_158' title='bbox 531 2418 770 2473; x_wconf 85' lang='lat' dir='ltr'><strong>conditio</strong></span> <span class='ocrx_word' id='word_1_159' title='bbox 798 2426 898 2483; x_wconf 88' lang='lat' dir='ltr'><strong>est,</strong></span> <span class='ocrx_word' id='word_1_160' title='bbox 931 2431 1051 2487; x_wconf 72' lang='lat' dir='ltr'><strong>qum</strong></span> <span class='ocrx_word' id='word_1_161' title='bbox 1081 2417 1360 2471; x_wconf 91' lang='lat' dir='ltr'><strong>arbitrium</strong></span> <span class='ocrx_word' id='word_1_162' title='bbox 1392 2416 1755 2486; x_wconf 84' lang='lat' dir='ltr'><strong>provectionis</strong></span> <span class='ocrx_word' id='word_1_163' title='bbox 1779 2430 1888 2469; x_wconf 80' lang='lat' dir='ltr'><strong>sum</strong></span> <span class='ocrx_word' id='word_1_164' title='bbox 1918 2415 1999 2468; x_wconf 90' lang='lat' dir='ltr'><strong>in-</strong></span> 
     </span>
    </p>
   </div>
   <div class='ocr_carea' id='block_1_25' title="bbox 414 2505 1999 2574">
    <p class='ocr_par' dir='ltr' id='par_1_25' title="bbox 414 2505 1999 2574">
     <span class='ocr_line' id='line_1_25' title="bbox 414 2505 1999 2574; baseline -0.003 -12"><span class='ocrx_word' id='word_1_165' title='bbox 414 2515 496 2562; x_wconf 91' lang='lat' dir='ltr'><strong>tra</strong></span> <span class='ocrx_word' id='word_1_166' title='bbox 521 2509 808 2562; x_wconf 91' lang='lat' dir='ltr'><strong>terminum</strong></span> <span class='ocrx_word' id='word_1_167' title='bbox 856 2507 1238 2561; x_wconf 84' lang='lat' dir='ltr'><strong>moderationis</strong></span> <span class='ocrx_word' id='word_1_168' title='bbox 1276 2505 1534 2573; x_wconf 89' lang='lat' dir='ltr'><strong>includit;</strong></span> <span class='ocrx_word' id='word_1_169' title='bbox 1565 2515 1621 2559; x_wconf 91' lang='lat' dir='ltr'><strong>et</strong></span> <span class='ocrx_word' id='word_1_170' title='bbox 1662 2506 1743 2561; x_wconf 92' lang='lat' dir='ltr'><strong>sic</strong></span> <span class='ocrx_word' id='word_1_171' title='bbox 1790 2505 1999 2574; x_wconf 82' lang='lat' dir='ltr'><strong>peragit</strong></span> 
     </span>
    </p>
   </div>
   <div class='ocr_carea' id='block_1_26' title="bbox 415 2580 1996 2669">
    <p class='ocr_par' dir='ltr' id='par_1_26' title="bbox 415 2580 1996 2669">
     <span class='ocr_line' id='line_1_26' title="bbox 415 2580 1996 2669; baseline -0.002 -17"><span class='ocrx_word' id='word_1_172' title='bbox 415 2599 691 2669; x_wconf 81' lang='lat' dir='ltr'><strong>dignitatis</strong></span> <span class='ocrx_word' id='word_1_173' title='bbox 710 2580 1086 2652; x_wconf 75' lang='lat' dir='ltr'><strong>brevissimum</strong></span> <span class='ocrx_word' id='word_1_174' title='bbox 1114 2596 1375 2666; x_wconf 87' lang='lat' dir='ltr'><strong>spatium,</strong></span> <span class='ocrx_word' id='word_1_175' title='bbox 1407 2604 1468 2650; x_wconf 91' lang='lat' dir='ltr'><strong>ut</strong></span> <span class='ocrx_word' id='word_1_176' title='bbox 1495 2595 1758 2650; x_wconf 89' lang='lat' dir='ltr'><strong>universis</strong></span> <span class='ocrx_word' id='word_1_177' title='bbox 1786 2604 1996 2665; x_wconf 88' lang='lat' dir='ltr'><strong>tempo-</strong></span> 
     </span>
    </p>
   </div>
   <div class='ocr_carea' id='block_1_27' title="bbox 416 2685 1998 2761">
    <p class='ocr_par' dir='ltr' id='par_1_27' title="bbox 416 2685 1998 2761">
     <span class='ocr_line' id='line_1_27' title="bbox 416 2685 1998 2761; baseline -0.003 -17"><span class='ocrx_word' id='word_1_178' title='bbox 416 2690 567 2761; x_wconf 80' lang='lat' dir='ltr'><strong>ribus</strong></span> <span class='ocrx_word' id='word_1_179' title='bbox 596 2686 850 2743; x_wconf 87' lang='lat' dir='ltr'><strong>reddatur</strong></span> <span class='ocrx_word' id='word_1_180' title='bbox 875 2695 1150 2757; x_wconf 91' lang='lat' dir='ltr'><strong>acceptus.</strong></span> <span class='ocrx_word' id='word_1_181' title='bbox 1184 2685 1523 2758; x_wconf 86' lang='lat' dir='ltr'><strong>Quapropter</strong></span> <span class='ocrx_word' id='word_1_182' title='bbox 1544 2686 1835 2754; x_wconf 88' lang='lat' dir='ltr'><strong>interdum,</strong></span> <span class='ocrx_word' id='word_1_183' title='bbox 1857 2685 1998 2756; x_wconf 86' lang='lat' dir='ltr'><strong>judi-</strong></span> 
     </span>
    </p>
   </div>
   <div class='ocr_carea' id='block_1_28' title="bbox 416 2776 1996 2851">
    <p class='ocr_par' dir='ltr' id='par_1_28' title="bbox 416 2776 1996 2851">
     <span class='ocr_line' id='line_1_28' title="bbox 416 2776 1996 2851; baseline -0.003 -14"><span class='ocrx_word' id='word_1_184' title='bbox 416 2798 529 2851; x_wconf 87' lang='lat' dir='ltr'><strong>ces,</strong></span> <span class='ocrx_word' id='word_1_185' title='bbox 554 2780 621 2836; x_wconf 85' lang='lat' dir='ltr'><strong>ad</strong></span> <span class='ocrx_word' id='word_1_186' title='bbox 646 2779 843 2835; x_wconf 90' lang='lat' dir='ltr'><strong>blanda</strong></span> <span class='ocrx_word' id='word_1_187' title='bbox 871 2778 1201 2835; x_wconf 89' lang='lat' dir='ltr'><strong>descendite.</strong></span> <span class='ocrx_word' id='word_1_188' title='bbox 1233 2778 1583 2833; x_wconf 86' lang='lat' dir='ltr'><strong>Laboriosum</strong></span> <span class='ocrx_word' id='word_1_189' title='bbox 1607 2778 1823 2847; x_wconf 90' lang='lat' dir='ltr'><strong>quidem</strong></span> <span class='ocrx_word' id='word_1_190' title='bbox 1840 2819 1854 2841; x_wconf 92' lang='lat'><strong>,</strong></span> <span class='ocrx_word' id='word_1_191' title='bbox 1899 2776 1996 2833; x_wconf 91' lang='lat' dir='ltr'><strong>sed</strong></span> 
     </span>
    </p>
   </div>
   <div class='ocr_carea' id='block_1_29' title="bbox 421 2865 1995 2938">
    <p class='ocr_par' dir='ltr' id='par_1_29' title="bbox 421 2865 1995 2938">
     <span class='ocr_line' id='line_1_29' title="bbox 421 2865 1995 2938; baseline -0.002 -14"><span class='ocrx_word' id='word_1_192' title='bbox 421 2866 529 2925; x_wconf 83' lang='lat' dir='ltr'><strong>non</strong></span> <span class='ocrx_word' id='word_1_193' title='bbox 573 2876 657 2925; x_wconf 89' lang='lat' dir='ltr'><strong>est</strong></span> <span class='ocrx_word' id='word_1_194' title='bbox 699 2866 1027 2938; x_wconf 89' lang='lat' dir='ltr'><strong>impossibile</strong></span> <span class='ocrx_word' id='word_1_195' title='bbox 1062 2865 1325 2936; x_wconf 83' lang='lat' dir='ltr'><strong>justitiam</strong></span> <span class='ocrx_word' id='word_1_196' title='bbox 1366 2866 1594 2922; x_wconf 87' lang='lat' dir='ltr'><strong>suadere</strong></span> <span class='ocrx_word' id='word_1_197' title='bbox 1637 2866 1995 2921; x_wconf 81' lang='lat' dir='ltr'><strong>mortalibus:</strong></span> 
     </span>
    </p>
   </div>
   <div class='ocr_carea' id='block_1_30' title="bbox 406 2956 2001 3033">
    <p class='ocr_par' dir='ltr' id='par_1_30' title="bbox 406 2956 2001 3033">
     <span class='ocr_line' id='line_1_30' title="bbox 406 2956 2001 3033; baseline -0.001 -19"><span class='ocrx_word' id='word_1_198' title='bbox 406 2956 580 3030; x_wconf 72' lang='lat' dir='ltr'><strong>quam</strong></span> <span class='ocrx_word' id='word_1_199' title='bbox 601 2962 676 3015; x_wconf 90' lang='lat' dir='ltr'><strong>ita</strong></span> <span class='ocrx_word' id='word_1_200' title='bbox 714 2967 1033 3033; x_wconf 87' lang='lat' dir='ltr'><strong>cunctorum</strong></span> <span class='ocrx_word' id='word_1_201' title='bbox 1062 2957 1306 3013; x_wconf 88' lang='lat' dir='ltr'><strong>sensibus</strong></span> <span class='ocrx_word' id='word_1_202' title='bbox 1335 2957 1655 3012; x_wconf 91' lang='lat' dir='ltr'><strong>beneticium</strong></span> <span class='ocrx_word' id='word_1_203' title='bbox 1698 2958 2001 3013; x_wconf 90' lang='lat' dir='ltr'><strong>Divinitatis</strong></span> 
     </span>
    </p>
   </div>
   <div class='ocr_carea' id='block_1_31' title="bbox 422 3047 2001 3130">
    <p class='ocr_par' dir='ltr' id='par_1_31' title="bbox 422 3047 2001 3130">
     <span class='ocr_line' id='line_1_31' title="bbox 422 3047 2001 3130; baseline -0.003 -24"><span class='ocrx_word' id='word_1_204' title='bbox 422 3052 694 3130; x_wconf 79' lang='lat' dir='ltr'><strong>attribuit,</strong></span> <span class='ocrx_word' id='word_1_205' title='bbox 728 3058 871 3122; x_wconf 82' lang='lat' dir='ltr'><strong>utet</strong></span> <span class='ocrx_word' id='word_1_206' title='bbox 912 3049 1005 3119; x_wconf 92' lang='lat' dir='ltr'><strong>qui</strong></span> <span class='ocrx_word' id='word_1_207' title='bbox 1051 3049 1297 3104; x_wconf 86' lang='lat' dir='ltr'><strong>nesciunt</strong></span> <span class='ocrx_word' id='word_1_208' title='bbox 1320 3047 1469 3118; x_wconf 85' lang='lat' dir='ltr'><strong>jura,</strong></span> <span class='ocrx_word' id='word_1_209' title='bbox 1506 3048 1770 3103; x_wconf 92' lang='lat' dir='ltr'><strong>rationem</strong></span> <span class='ocrx_word' id='word_1_210' title='bbox 1820 3055 2001 3103; x_wconf 90' lang='lat' dir='ltr'><strong>tamen</strong></span> 
     </span>
    </p>
   </div>
   <div class='ocr_carea' id='block_1_32' title="bbox 425 3130 1998 3212">
    <p class='ocr_par' dir='ltr' id='par_1_32' title="bbox 425 3130 1998 3212">
     <span class='ocr_line' id='line_1_32' title="bbox 425 3130 1998 3212; baseline -0.003 -16"><span class='ocrx_word' id='word_1_211' title='bbox 425 3143 667 3198; x_wconf 88' lang='lat' dir='ltr'><strong>veritatis</strong></span> <span class='ocrx_word' id='word_1_212' title='bbox 694 3130 1007 3212; x_wconf 80' lang='lat' dir='ltr'><strong>agnoscant.</strong></span> <span class='ocrx_word' id='word_1_213' title='bbox 1037 3138 1268 3196; x_wconf 85' lang='lat' dir='ltr'><strong>Necesse</strong></span> <span class='ocrx_word' id='word_1_214' title='bbox 1294 3147 1378 3197; x_wconf 85' lang='lat' dir='ltr'><strong>est</strong></span> <span class='ocrx_word' id='word_1_215' title='bbox 1405 3139 1550 3195; x_wconf 90' lang='lat' dir='ltr'><strong>enim</strong></span> <span class='ocrx_word' id='word_1_216' title='bbox 1580 3147 1640 3193; x_wconf 90' lang='lat' dir='ltr'><strong>ut</strong></span> <span class='ocrx_word' id='word_1_217' title='bbox 1666 3139 1810 3209; x_wconf 88' lang='lat' dir='ltr'><strong>quod</strong></span> <span class='ocrx_word' id='word_1_218' title='bbox 1841 3154 1872 3192; x_wconf 91' lang='lat' dir='ltr'><strong>a</strong></span> <span class='ocrx_word' id='word_1_219' title='bbox 1900 3155 1998 3193; x_wconf 86' lang='lat' dir='ltr'><strong>na-</strong></span> 
     </span>
    </p>
   </div>
   <div class='ocr_carea' id='block_1_33' title="bbox 2077 534 3633 605">
    <p class='ocr_par' dir='ltr' id='par_1_33' title="bbox 2077 534 3633 605">
     <span class='ocr_line' id='line_1_33' title="bbox 2077 534 3633 605; baseline -0.003 -11"><span class='ocrx_word' id='word_1_220' title='bbox 2077 544 2269 594; x_wconf 84' lang='lat' dir='ltr'><strong>cautis.</strong></span> <span class='ocrx_word' id='word_1_221' title='bbox 2298 538 2539 595; x_wconf 81' lang='lat' dir='ltr'><strong>Rclativa</strong></span> <span class='ocrx_word' id='word_1_222' title='bbox 2569 539 2675 596; x_wconf 87' lang='lat' dir='ltr'><strong>ista</strong></span> <span class='ocrx_word' id='word_1_223' title='bbox 2703 538 2998 597; x_wconf 87' lang='lat' dir='ltr'><strong>intellectui</strong></span> <span class='ocrx_word' id='word_1_224' title='bbox 3016 546 3145 594; x_wconf 87' lang='lat' dir='ltr'><strong>sunt</strong></span> <span class='ocrx_word' id='word_1_225' title='bbox 3171 535 3391 591; x_wconf 89' lang='lat' dir='ltr'><strong>nomina</strong></span> <span class='ocrx_word' id='word_1_226' title='bbox 3419 552 3432 588; x_wconf 74' lang='grc' dir='ltr'>ε</span> <span class='ocrx_word' id='word_1_227' title='bbox 3457 534 3500 589; x_wconf 91' lang='lat' dir='ltr'><strong>si</strong></span> <span class='ocrx_word' id='word_1_228' title='bbox 3521 551 3633 605; x_wconf 76' lang='lat' dir='ltr'><strong>pne-</strong></span> 
     </span>
    </p>
   </div>
   <div class='ocr_carea' id='block_1_34' title="bbox 2071 628 3637 706">
    <p class='ocr_par' dir='ltr' id='par_1_34' title="bbox 2071 628 3637 706">
     <span class='ocr_line' id='line_1_34' title="bbox 2071 628 3637 706; baseline -0.001 -21"><span class='ocrx_word' id='word_1_229' title='bbox 2071 632 2248 695; x_wconf 65' lang='lat' dir='ltr'><strong>~sulem</strong></span> <span class='ocrx_word' id='word_1_230' title='bbox 2295 630 2581 698; x_wconf 85' lang='lat' dir='ltr'><strong>ademeris,</strong></span> <span class='ocrx_word' id='word_1_231' title='bbox 2632 631 2856 686; x_wconf 91' lang='lat' dir='ltr'><strong>militem</strong></span> <span class='ocrx_word' id='word_1_232' title='bbox 2904 646 3012 706; x_wconf 78' lang='lat' dir='ltr'><strong>non</strong></span> <span class='ocrx_word' id='word_1_233' title='bbox 3058 629 3355 697; x_wconf 82' lang='lat' dir='ltr'><strong>relinquis;</strong></span> <span class='ocrx_word' id='word_1_234' title='bbox 3398 628 3637 696; x_wconf 81' lang='lat' dir='ltr'><strong>apparitio</strong></span> 
     </span>
    </p>
   </div>
   <div class='ocr_carea' id='block_1_35' title="bbox 2079 718 3637 795">
    <p class='ocr_par' dir='ltr' id='par_1_35' title="bbox 2079 718 3637 795">
     <span class='ocr_line' id='line_1_35' title="bbox 2079 718 3637 795; baseline 0.001 -20"><span class='ocrx_word' id='word_1_235' title='bbox 2079 722 2223 775; x_wconf 89' lang='lat' dir='ltr'><strong>enim</strong></span> <span class='ocrx_word' id='word_1_236' title='bbox 2253 722 2480 790; x_wconf 90' lang='lat' dir='ltr'><strong>tollitur,</strong></span> <span class='ocrx_word' id='word_1_237' title='bbox 2508 723 2721 792; x_wconf 88' lang='lat' dir='ltr'><strong>quoties</strong></span> <span class='ocrx_word' id='word_1_238' title='bbox 2753 721 2846 791; x_wconf 91' lang='lat' dir='ltr'><strong>qui</strong></span> <span class='ocrx_word' id='word_1_239' title='bbox 2885 720 3092 795; x_wconf 84' lang='lat' dir='ltr'><strong>jubere.</strong></span> <span class='ocrx_word' id='word_1_240' title='bbox 3116 725 3331 790; x_wconf 78' lang='lat' dir='ltr'><strong>poterat</strong></span> <span class='ocrx_word' id='word_1_241' title='bbox 3357 718 3637 788; x_wconf 81' lang='lat' dir='ltr'><strong>abrogatur.</strong></span> 
     </span>
    </p>
   </div>
   <div class='ocr_carea' id='block_1_36' title="bbox 2082 808 3635 884">
    <p class='ocr_par' dir='ltr' id='par_1_36' title="bbox 2082 808 3635 884">
     <span class='ocr_line' id='line_1_36' title="bbox 2082 808 3635 884; baseline 0 -19"><span class='ocrx_word' id='word_1_242' title='bbox 2082 810 2245 867; x_wconf 84' lang='lat' dir='ltr'><strong>Vobis</strong></span> <span class='ocrx_word' id='word_1_243' title='bbox 2274 826 2402 880; x_wconf 79' lang='lat' dir='ltr'><strong>ergo</strong></span> <span class='ocrx_word' id='word_1_244' title='bbox 2431 822 2611 882; x_wconf 89' lang='lat' dir='ltr'><strong>aptum</strong></span> <span class='ocrx_word' id='word_1_245' title='bbox 2641 813 2914 871; x_wconf 88' lang='lat' dir='ltr'><strong>credimus</strong></span> <span class='ocrx_word' id='word_1_246' title='bbox 2944 808 3059 884; x_wconf 72' lang='grc' dir='ltr'><strong>[σν.</strong></span> <span class='ocrx_word' id='word_1_247' title='bbox 3083 819 3133 865; x_wconf 86' lang='lat' dir='ltr'><strong>et</strong></span> <span class='ocrx_word' id='word_1_248' title='bbox 3160 808 3301 881; x_wconf 87' lang='lat' dir='ltr'><strong>Cuj.,</strong></span> <span class='ocrx_word' id='word_1_249' title='bbox 3331 809 3493 863; x_wconf 89' lang='lat' dir='ltr'><strong>altum</strong></span> <span class='ocrx_word' id='word_1_250' title='bbox 3513 810 3635 865; x_wconf 89' lang='lat' dir='ltr'><strong>cedi-</strong></span> 
     </span>
    </p>
   </div>
   <div class='ocr_carea' id='block_1_37' title="bbox 2081 899 3645 976">
    <p class='ocr_par' dir='ltr' id='par_1_37' title="bbox 2081 899 3645 976">
     <span class='ocr_line' id='line_1_37' title="bbox 2081 899 3645 976; baseline -0.002 -18"><span class='ocrx_word' id='word_1_251' title='bbox 2081 902 2245 973; x_wconf 73' lang='lat' dir='ltr'><strong>mus],</strong></span> <span class='ocrx_word' id='word_1_252' title='bbox 2280 904 2404 957; x_wconf 87' lang='lat' dir='ltr'><strong>dum</strong></span> <span class='ocrx_word' id='word_1_253' title='bbox 2429 904 2494 957; x_wconf 92' lang='lat' dir='ltr'><strong>ad</strong></span> <span class='ocrx_word' id='word_1_254' title='bbox 2520 918 2614 958; x_wconf 92' lang='lat' dir='ltr'><strong>vos</strong></span> <span class='ocrx_word' id='word_1_255' title='bbox 2642 903 2920 971; x_wconf 78' lang='lat' dir='ltr'><strong>dirigimus</strong></span> <span class='ocrx_word' id='word_1_256' title='bbox 2954 901 3262 976; x_wconf 78' lang='lat' dir='ltr'><strong>dignitates,</strong></span> <span class='ocrx_word' id='word_1_257' title='bbox 3292 908 3348 954; x_wconf 89' lang='lat' dir='ltr'><strong>et</strong></span> <span class='ocrx_word' id='word_1_258' title='bbox 3370 899 3546 953; x_wconf 90' lang='lat' dir='ltr'><strong>tandiu</strong></span> <span class='ocrx_word' id='word_1_259' title='bbox 3566 917 3645 955; x_wconf 85' lang='lat' dir='ltr'><strong>vos</strong></span> 
     </span>
    </p>
   </div>
   <div class='ocr_carea' id='block_1_38' title="bbox 2081 992 3645 1064">
    <p class='ocr_par' dir='ltr' id='par_1_38' title="bbox 2081 992 3645 1064">
     <span class='ocr_line' id='line_1_38' title="bbox 2081 992 3645 1064; baseline -0.003 -14"><span class='ocrx_word' id='word_1_260' title='bbox 2081 996 2312 1050; x_wconf 87' lang='lat' dir='ltr'><strong>militare</strong></span> <span class='ocrx_word' id='word_1_261' title='bbox 2361 994 2606 1063; x_wconf 82' lang='lat' dir='ltr'><strong>facimus,</strong></span> <span class='ocrx_word' id='word_1_262' title='bbox 2653 996 2826 1050; x_wconf 92' lang='lat' dir='ltr'><strong>donec</strong></span> <span class='ocrx_word' id='word_1_263' title='bbox 2872 993 3085 1064; x_wconf 86' lang='lat' dir='ltr'><strong>judices</strong></span> <span class='ocrx_word' id='word_1_264' title='bbox 3152 992 3517 1051; x_wconf 79' lang='lat' dir='ltr'><strong>destinamus;</strong></span> <span class='ocrx_word' id='word_1_265' title='bbox 3560 1007 3645 1047; x_wconf 84' lang='lat' dir='ltr'><strong>nec</strong></span> 
     </span>
    </p>
   </div>
   <div class='ocr_carea' id='block_1_39' title="bbox 2082 1081 3646 1149">
    <p class='ocr_par' dir='ltr' id='par_1_39' title="bbox 2082 1081 3646 1149">
     <span class='ocr_line' id='line_1_39' title="bbox 2082 1081 3646 1149; baseline -0.005 -8"><span class='ocrx_word' id='word_1_266' title='bbox 2082 1087 2226 1141; x_wconf 89' lang='lat' dir='ltr'><strong>istud</strong></span> <span class='ocrx_word' id='word_1_267' title='bbox 2255 1085 2372 1141; x_wconf 85' lang='lat' dir='ltr'><strong>leve</strong></span> <span class='ocrx_word' id='word_1_268' title='bbox 2401 1087 2633 1141; x_wconf 89' lang='lat' dir='ltr'><strong>credatis</strong></span> <span class='ocrx_word' id='word_1_269' title='bbox 2662 1084 3004 1149; x_wconf 80' lang='lat' dir='ltr'><strong>beneﬁcium,</strong></span> <span class='ocrx_word' id='word_1_270' title='bbox 3039 1091 3098 1137; x_wconf 89' lang='lat' dir='ltr'><strong>ut</strong></span> <span class='ocrx_word' id='word_1_271' title='bbox 3116 1097 3235 1137; x_wconf 89' lang='lat' dir='ltr'><strong>cum</strong></span> <span class='ocrx_word' id='word_1_272' title='bbox 3263 1097 3363 1135; x_wconf 90' lang='lat' dir='ltr'><strong>vos</strong></span> <span class='ocrx_word' id='word_1_273' title='bbox 3390 1081 3535 1135; x_wconf 86' lang='lat' dir='ltr'><strong>scitis</strong></span> <span class='ocrx_word' id='word_1_274' title='bbox 3560 1081 3646 1134; x_wconf 88' lang='lat' dir='ltr'><strong>ob-</strong></span> 
     </span>
    </p>
   </div>
   <div class='ocr_carea' id='block_1_40' title="bbox 2085 1171 3647 1245">
    <p class='ocr_par' dir='ltr' id='par_1_40' title="bbox 2085 1171 3647 1245">
     <span class='ocr_line' id='line_1_40' title="bbox 2085 1171 3647 1245; baseline -0.002 -14"><span class='ocrx_word' id='word_1_275' title='bbox 2085 1176 2349 1245; x_wconf 88' lang='lat' dir='ltr'><strong>sequium,</strong></span> <span class='ocrx_word' id='word_1_276' title='bbox 2383 1177 2533 1231; x_wconf 90' lang='lat' dir='ltr'><strong>vobis</strong></span> <span class='ocrx_word' id='word_1_277' title='bbox 2553 1183 2804 1231; x_wconf 85' lang='lat' dir='ltr'><strong>occurrat</strong></span> <span class='ocrx_word' id='word_1_278' title='bbox 2826 1174 3021 1229; x_wconf 87' lang='lat' dir='ltr'><strong>electio</strong></span> <span class='ocrx_word' id='word_1_279' title='bbox 3063 1174 3421 1241; x_wconf 84' lang='lat' dir='ltr'><strong>cognitorum.</strong></span> <span class='ocrx_word' id='word_1_280' title='bbox 3455 1171 3517 1226; x_wconf 86' lang='lat' dir='ltr'><strong>Et</strong></span> <span class='ocrx_word' id='word_1_281' title='bbox 3543 1173 3647 1228; x_wconf 89' lang='lat' dir='ltr'><strong>ideo</strong></span> 
     </span>
    </p>
   </div>
   <div class='ocr_carea' id='block_1_41' title="bbox 2085 1264 3650 1337">
    <p class='ocr_par' dir='ltr' id='par_1_41' title="bbox 2085 1264 3650 1337">
     <span class='ocr_line' id='line_1_41' title="bbox 2085 1264 3650 1337; baseline -0.003 -15"><span class='ocrx_word' id='word_1_282' title='bbox 2085 1283 2183 1337; x_wconf 91' lang='lat' dir='ltr'><strong>per</strong></span> <span class='ocrx_word' id='word_1_283' title='bbox 2201 1268 2547 1323; x_wconf 90' lang='lat' dir='ltr'><strong>indictionem</strong></span> <span class='ocrx_word' id='word_1_284' title='bbox 2600 1267 2746 1321; x_wconf 88' lang='lat' dir='ltr'><strong>illam</strong></span> <span class='ocrx_word' id='word_1_285' title='bbox 2777 1267 2922 1321; x_wconf 86' lang='lat' dir='ltr'><strong>illum</strong></span> <span class='ocrx_word' id='word_1_286' title='bbox 2950 1266 3201 1322; x_wconf 89' lang='lat' dir='ltr'><strong>comitem</strong></span> <span class='ocrx_word' id='word_1_287' title='bbox 3245 1264 3453 1318; x_wconf 63' lang='lat' dir='ltr'><strong>militiae</strong></span> <span class='ocrx_word' id='word_1_288' title='bbox 3478 1272 3650 1318; x_wconf 73' lang='lat' dir='ltr'><strong>vestrm</strong></span> 
     </span>
    </p>
   </div>
   <div class='ocr_carea' id='block_1_42' title="bbox 2086 1361 3653 1434">
    <p class='ocr_par' dir='ltr' id='par_1_42' title="bbox 2086 1361 3653 1434">
     <span class='ocr_line' id='line_1_42' title="bbox 2086 1361 3653 1434; baseline -0.006 -14"><span class='ocrx_word' id='word_1_289' title='bbox 2086 1366 2396 1434; x_wconf 81' lang='lat' dir='ltr'><strong>cognoscite</strong></span> <span class='ocrx_word' id='word_1_290' title='bbox 2424 1364 2770 1419; x_wconf 89' lang='lat' dir='ltr'><strong>destinatum.</strong></span> <span class='ocrx_word' id='word_1_291' title='bbox 2797 1361 2968 1429; x_wconf 85' lang='lat' dir='ltr'><strong>Quem</strong></span> <span class='ocrx_word' id='word_1_292' title='bbox 2992 1362 3065 1415; x_wconf 88' lang='lat' dir='ltr'><strong>ita</strong></span> <span class='ocrx_word' id='word_1_293' title='bbox 3093 1367 3337 1415; x_wconf 85' lang='lat' dir='ltr'><strong>acturum</strong></span> <span class='ocrx_word' id='word_1_294' title='bbox 3366 1372 3487 1413; x_wconf 90' lang='lat' dir='ltr'><strong>esse</strong></span> <span class='ocrx_word' id='word_1_295' title='bbox 3512 1367 3653 1426; x_wconf 86' lang='lat' dir='ltr'><strong>puta-</strong></span> 
     </span>
    </p>
   </div>
   <div class='ocr_carea' id='block_1_43' title="bbox 2088 1449 3657 1521">
    <p class='ocr_par' dir='ltr' id='par_1_43' title="bbox 2088 1449 3657 1521">
     <span class='ocr_line' id='line_1_43' title="bbox 2088 1449 3657 1521; baseline -0.004 -12"><span class='ocrx_word' id='word_1_296' title='bbox 2088 1470 2210 1509; x_wconf 91' lang='lat' dir='ltr'><strong>mus</strong></span> <span class='ocrx_word' id='word_1_297' title='bbox 2236 1463 2344 1508; x_wconf 90' lang='lat' dir='ltr'><strong>tam</strong></span> <span class='ocrx_word' id='word_1_298' title='bbox 2374 1454 2427 1507; x_wconf 93' lang='lat' dir='ltr'><strong>in</strong></span> <span class='ocrx_word' id='word_1_299' title='bbox 2472 1453 2649 1508; x_wconf 89' lang='lat' dir='ltr'><strong>causis</strong></span> <span class='ocrx_word' id='word_1_300' title='bbox 2692 1452 2917 1521; x_wconf 90' lang='lat' dir='ltr'><strong>publicis</strong></span> <span class='ocrx_word' id='word_1_301' title='bbox 2963 1466 3126 1519; x_wconf 87' lang='lat' dir='ltr'><strong>quam</strong></span> <span class='ocrx_word' id='word_1_302' title='bbox 3175 1449 3419 1518; x_wconf 88' lang='lat' dir='ltr'><strong>privatis,</strong></span> <span class='ocrx_word' id='word_1_303' title='bbox 3466 1456 3521 1501; x_wconf 91' lang='lat' dir='ltr'><strong>ut</strong></span> <span class='ocrx_word' id='word_1_304' title='bbox 3545 1463 3657 1502; x_wconf 84' lang='lat' dir='ltr'><strong>eum</strong></span> 
     </span>
    </p>
   </div>
   <div class='ocr_carea' id='block_1_44' title="bbox 2092 1539 3655 1615">
    <p class='ocr_par' dir='ltr' id='par_1_44' title="bbox 2092 1539 3655 1615">
     <span class='ocr_line' id='line_1_44' title="bbox 2092 1539 3655 1615; baseline -0.004 -16"><span class='ocrx_word' id='word_1_305' title='bbox 2092 1546 2206 1600; x_wconf 92' lang='lat' dir='ltr'><strong>laus</strong></span> <span class='ocrx_word' id='word_1_306' title='bbox 2226 1553 2411 1615; x_wconf 88' lang='lat' dir='ltr'><strong>optata</strong></span> <span class='ocrx_word' id='word_1_307' title='bbox 2439 1544 2743 1598; x_wconf 88' lang='lat' dir='ltr'><strong>comitetur.</strong></span> <span class='ocrx_word' id='word_1_308' title='bbox 2793 1541 2891 1596; x_wconf 88' lang='lat' dir='ltr'><strong>Cui</strong></span> <span class='ocrx_word' id='word_1_309' title='bbox 2934 1540 3276 1596; x_wconf 89' lang='lat' dir='ltr'><strong>devotionem</strong></span> <span class='ocrx_word' id='word_1_310' title='bbox 3318 1539 3655 1607; x_wconf 87' lang='lat' dir='ltr'><strong>justissimam</strong></span> 
     </span>
    </p>
   </div>
   <div class='ocr_carea' id='block_1_45' title="bbox 2091 1630 3658 1704">
    <p class='ocr_par' dir='ltr' id='par_1_45' title="bbox 2091 1630 3658 1704">
     <span class='ocr_line' id='line_1_45' title="bbox 2091 1630 3658 1704; baseline -0.006 -11"><span class='ocrx_word' id='word_1_311' title='bbox 2091 1637 2517 1702; x_wconf 90' lang='lat' dir='ltr'><strong>commodantes,</strong></span> <span class='ocrx_word' id='word_1_312' title='bbox 2550 1636 2632 1690; x_wconf 87' lang='lat' dir='ltr'><strong>his</strong></span> <span class='ocrx_word' id='word_1_313' title='bbox 2677 1650 2796 1704; x_wconf 66' lang='lat' dir='ltr'><strong>qua:</strong></span> <span class='ocrx_word' id='word_1_314' title='bbox 2821 1634 2976 1689; x_wconf 88' lang='lat' dir='ltr'><strong>vobis</strong></span> <span class='ocrx_word' id='word_1_315' title='bbox 3012 1630 3330 1701; x_wconf 76' lang='lat' dir='ltr'><strong>przeceperit</strong></span> <span class='ocrx_word' id='word_1_316' title='bbox 3358 1631 3658 1684; x_wconf 86' lang='lat' dir='ltr'><strong>solemniter</strong></span> 
     </span>
    </p>
   </div>
   <div class='ocr_carea' id='block_1_46' title="bbox 2092 1721 3661 1798">
    <p class='ocr_par' dir='ltr' id='par_1_46' title="bbox 2092 1721 3661 1798">
     <span class='ocr_line' id='line_1_46' title="bbox 2092 1721 3661 1798; baseline -0.008 -12"><span class='ocrx_word' id='word_1_317' title='bbox 2092 1729 2327 1793; x_wconf 88' lang='lat' dir='ltr'><strong>obedite,</strong></span> <span class='ocrx_word' id='word_1_318' title='bbox 2358 1729 2482 1798; x_wconf 80' lang='lat' dir='ltr'><strong>quia</strong></span> <span class='ocrx_word' id='word_1_319' title='bbox 2524 1727 2877 1782; x_wconf 87' lang='lat' dir='ltr'><strong>reverentiam</strong></span> <span class='ocrx_word' id='word_1_320' title='bbox 2917 1731 3156 1778; x_wconf 86' lang='lat' dir='ltr'><strong>nostram</strong></span> <span class='ocrx_word' id='word_1_321' title='bbox 3196 1721 3513 1773; x_wconf 83' lang='lat' dir='ltr'><strong>honoratam</strong></span> <span class='ocrx_word' id='word_1_322' title='bbox 3553 1733 3661 1773; x_wconf 88' lang='lat' dir='ltr'><strong>esse</strong></span> 
     </span>
    </p>
   </div>
   <div class='ocr_carea' id='block_1_47' title="bbox 2025 1809 3662 1889">
    <p class='ocr_par' dir='ltr' id='par_1_47' title="bbox 2025 1809 3662 1889">
     <span class='ocr_line' id='line_1_47' title="bbox 2025 1809 3662 1889; baseline -0.009 -10"><span class='ocrx_word' id='word_1_323' title='bbox 2025 1828 2073 1888; x_wconf 85' lang='grc' dir='ltr'><strong>Β</strong></span> <span class='ocrx_word' id='word_1_324' title='bbox 2099 1824 2383 1888; x_wconf 85' lang='lat' dir='ltr'><strong>credimus,</strong></span> <span class='ocrx_word' id='word_1_325' title='bbox 2414 1822 2459 1876; x_wconf 91' lang='lat' dir='ltr'><strong>si</strong></span> <span class='ocrx_word' id='word_1_326' title='bbox 2483 1822 2620 1875; x_wconf 86' lang='lat' dir='ltr'><strong>bene</strong></span> <span class='ocrx_word' id='word_1_327' title='bbox 2647 1820 2857 1873; x_wconf 85' lang='lat' dir='ltr'><strong>habitos</strong></span> <span class='ocrx_word' id='word_1_328' title='bbox 2886 1824 3103 1889; x_wconf 82' lang='lat' dir='ltr'><strong>nostros</strong></span> <span class='ocrx_word' id='word_1_329' title='bbox 3124 1813 3332 1883; x_wconf 82' lang='lat' dir='ltr'><strong>judices</strong></span> <span class='ocrx_word' id='word_1_330' title='bbox 3357 1809 3662 1864; x_wconf 82' lang='lat' dir='ltr'><strong>sentiamus.</strong></span> 
     </span>
    </p>
   </div>
   <div class='ocr_carea' id='block_1_48' title="bbox 2098 1992 3666 2049">
    <p class='ocr_par' dir='ltr' id='par_1_48' title="bbox 2098 1992 3666 2049">
     <span class='ocr_line' id='line_1_48' title="bbox 2098 1992 3666 2049; baseline -0.008 -1"><span class='ocrx_word' id='word_1_331' title='bbox 2098 1992 2283 2048; x_wconf 83' lang='lat' dir='ltr'><strong>XXIX.</strong></span> <span class='ocrx_word' id='word_1_332' title='bbox 2338 2008 2582 2049; x_wconf 70' lang='lat' dir='ltr'><strong>FORMULA</strong></span> <span class='ocrx_word' id='word_1_333' title='bbox 2631 2007 2698 2046; x_wconf 73' lang='lat' dir='ltr'><strong>ms</strong></span> <span class='ocrx_word' id='word_1_334' title='bbox 2748 2002 3125 2045; x_wconf 66' lang='lat' dir='ltr'><strong>cusromsnms</strong></span> <span class='ocrx_word' id='word_1_335' title='bbox 3169 2000 3355 2040; x_wconf 77' lang='lat' dir='ltr'><strong>Ponus</strong></span> <span class='ocrx_word' id='word_1_336' title='bbox 3396 1995 3666 2037; x_wconf 74' lang='lat' dir='ltr'><strong>CIVITA‘I&#39;IS.</strong></span> 
     </span>
    </p>
   </div>
   <div class='ocr_carea' id='block_1_49' title="bbox 2167 2092 3671 2173">
    <p class='ocr_par' dir='ltr' id='par_1_49' title="bbox 2167 2092 3671 2173">
     <span class='ocr_line' id='line_1_49' title="bbox 2167 2092 3671 2173; baseline -0.013 -10"><span class='ocrx_word' id='word_1_337' title='bbox 2167 2107 2478 2164; x_wconf 86' lang='lat' dir='ltr'><strong>Nullatenus</strong></span> <span class='ocrx_word' id='word_1_338' title='bbox 2504 2105 2571 2160; x_wconf 89' lang='lat' dir='ltr'><strong>de</strong></span> <span class='ocrx_word' id='word_1_339' title='bbox 2599 2103 2716 2173; x_wconf 88' lang='lat' dir='ltr'><strong>ejus</strong></span> <span class='ocrx_word' id='word_1_340' title='bbox 2745 2102 2848 2156; x_wconf 89' lang='lat' dir='ltr'><strong>tide</strong></span> <span class='ocrx_word' id='word_1_341' title='bbox 2873 2100 3146 2154; x_wconf 74' lang='lat' dir='ltr'><strong>didiitatur</strong></span> <span class='ocrx_word' id='word_1_342' title='bbox 3170 2097 3261 2167; x_wconf 91' lang='lat' dir='ltr'><strong>qui</strong></span> <span class='ocrx_word' id='word_1_343' title='bbox 3290 2094 3356 2149; x_wconf 89' lang='lat' dir='ltr'><strong>ad</strong></span> <span class='ocrx_word' id='word_1_344' title='bbox 3390 2092 3671 2149; x_wconf 88' lang='lat' dir='ltr'><strong>custodiam</strong></span> 
     </span>
    </p>
   </div>
   <div class='ocr_carea' id='block_1_50' title="bbox 2098 2188 3673 2267">
    <p class='ocr_par' dir='ltr' id='par_1_50' title="bbox 2098 2188 3673 2267">
     <span class='ocr_line' id='line_1_50' title="bbox 2098 2188 3673 2267; baseline -0.011 -12"><span class='ocrx_word' id='word_1_345' title='bbox 2098 2199 2334 2255; x_wconf 89' lang='lat' dir='ltr'><strong>civitatis</strong></span> <span class='ocrx_word' id='word_1_346' title='bbox 2362 2199 2597 2267; x_wconf 79' lang='lat' dir='ltr'><strong>cligitur,</strong></span> <span class='ocrx_word' id='word_1_347' title='bbox 2644 2195 2768 2265; x_wconf 91' lang='lat' dir='ltr'><strong>quia</strong></span> <span class='ocrx_word' id='word_1_348' title='bbox 2795 2195 3039 2264; x_wconf 61' lang='lat' dir='ltr'><strong>probatae</strong></span> <span class='ocrx_word' id='word_1_349' title='bbox 3085 2188 3439 2246; x_wconf 71' lang='lat' dir='ltr'><strong>conscientiae</strong></span> <span class='ocrx_word' id='word_1_350' title='bbox 3478 2193 3673 2240; x_wconf 80' lang='lat' dir='ltr'><strong>constat</strong></span> 
     </span>
    </p>
   </div>
   <div class='ocr_carea' id='block_1_51' title="bbox 2098 2278 3670 2357">
    <p class='ocr_par' dir='ltr' id='par_1_51' title="bbox 2098 2278 3670 2357">
     <span class='ocr_line' id='line_1_51' title="bbox 2098 2278 3670 2357; baseline -0.014 -9"><span class='ocrx_word' id='word_1_351' title='bbox 2098 2307 2218 2348; x_wconf 85' lang='lat' dir='ltr'><strong>esse</strong></span> <span class='ocrx_word' id='word_1_352' title='bbox 2246 2289 2574 2346; x_wconf 88' lang='lat' dir='ltr'><strong>credendum</strong></span> <span class='ocrx_word' id='word_1_353' title='bbox 2596 2287 2690 2357; x_wconf 88' lang='lat' dir='ltr'><strong>qui</strong></span> <span class='ocrx_word' id='word_1_354' title='bbox 2720 2286 2880 2340; x_wconf 79' lang='lat' dir='ltr'><strong>fuerit</strong></span> <span class='ocrx_word' id='word_1_355' title='bbox 2906 2299 3005 2354; x_wconf 93' lang='lat' dir='ltr'><strong>pro</strong></span> <span class='ocrx_word' id='word_1_356' title='bbox 3045 2281 3335 2338; x_wconf 87' lang='lat' dir='ltr'><strong>securitate</strong></span> <span class='ocrx_word' id='word_1_357' title='bbox 3364 2278 3670 2333; x_wconf 87' lang='lat' dir='ltr'><strong>multorum.</strong></span> 
     </span>
    </p>
   </div>
   <div class='ocr_carea' id='block_1_52' title="bbox 2099 2365 3675 2450">
    <p class='ocr_par' dir='ltr' id='par_1_52' title="bbox 2099 2365 3675 2450">
     <span class='ocr_line' id='line_1_52' title="bbox 2099 2365 3675 2450; baseline -0.011 -15"><span class='ocrx_word' id='word_1_358' title='bbox 2099 2382 2275 2450; x_wconf 84' lang='lat' dir='ltr'><strong>Atque</strong></span> <span class='ocrx_word' id='word_1_359' title='bbox 2320 2380 2442 2433; x_wconf 88' lang='lat' dir='ltr'><strong>ideo</strong></span> <span class='ocrx_word' id='word_1_360' title='bbox 2471 2393 2653 2433; x_wconf 89' lang='lat' dir='ltr'><strong>curam</strong></span> <span class='ocrx_word' id='word_1_361' title='bbox 2696 2383 2866 2445; x_wconf 85' lang='lat' dir='ltr'><strong>portae</strong></span> <span class='ocrx_word' id='word_1_362' title='bbox 2907 2373 3049 2429; x_wconf 89' lang='lat' dir='ltr'><strong>illius</strong></span> <span class='ocrx_word' id='word_1_363' title='bbox 3075 2370 3308 2427; x_wconf 87' lang='lat' dir='ltr'><strong>civitatis</strong></span> <span class='ocrx_word' id='word_1_364' title='bbox 3356 2377 3545 2424; x_wconf 87' lang='lat' dir='ltr'><strong>nostra</strong></span> <span class='ocrx_word' id='word_1_365' title='bbox 3593 2365 3675 2419; x_wconf 86' lang='lat' dir='ltr'><strong>tibi</strong></span> 
     </span>
    </p>
   </div>
   <div class='ocr_carea' id='block_1_53' title="bbox 2098 2465 3681 2545">
    <p class='ocr_par' dir='ltr' id='par_1_53' title="bbox 2098 2465 3681 2545">
     <span class='ocr_line' id='line_1_53' title="bbox 2098 2465 3681 2545; baseline -0.014 -14"><span class='ocrx_word' id='word_1_366' title='bbox 2098 2472 2421 2545; x_wconf 85' lang='lat' dir='ltr'><strong>auctoritate</strong></span> <span class='ocrx_word' id='word_1_367' title='bbox 2449 2470 2815 2536; x_wconf 84' lang='lat' dir='ltr'><strong>concedimus,</strong></span> <span class='ocrx_word' id='word_1_368' title='bbox 2846 2477 2904 2522; x_wconf 91' lang='lat' dir='ltr'><strong>ut</strong></span> <span class='ocrx_word' id='word_1_369' title='bbox 2940 2465 3307 2539; x_wconf 87' lang='lat' dir='ltr'><strong>improborum</strong></span> <span class='ocrx_word' id='word_1_370' title='bbox 3355 2476 3469 2515; x_wconf 92' lang='lat' dir='ltr'><strong>non</strong></span> <span class='ocrx_word' id='word_1_371' title='bbox 3515 2467 3681 2528; x_wconf 82' lang='lat' dir='ltr'><strong>pateat</strong></span> 
     </span>
    </p>
   </div>
   <div class='ocr_carea' id='block_1_54' title="bbox 2101 2547 3681 2626">
    <p class='ocr_par' dir='ltr' id='par_1_54' title="bbox 2101 2547 3681 2626">
     <span class='ocr_line' id='line_1_54' title="bbox 2101 2547 3681 2626; baseline -0.013 -7"><span class='ocrx_word' id='word_1_372' title='bbox 2101 2563 2437 2626; x_wconf 89' lang='lat' dir='ltr'><strong>adventibus,</strong></span> <span class='ocrx_word' id='word_1_373' title='bbox 2463 2570 2518 2616; x_wconf 91' lang='lat' dir='ltr'><strong>et</strong></span> <span class='ocrx_word' id='word_1_374' title='bbox 2547 2562 2811 2615; x_wconf 78' lang='lat' dir='ltr'><strong>bottorutn</strong></span> <span class='ocrx_word' id='word_1_375' title='bbox 2840 2573 2947 2613; x_wconf 90' lang='lat' dir='ltr'><strong>non</strong></span> <span class='ocrx_word' id='word_1_376' title='bbox 2978 2555 3220 2612; x_wconf 89' lang='lat' dir='ltr'><strong>retardet</strong></span> <span class='ocrx_word' id='word_1_377' title='bbox 3251 2567 3529 2607; x_wconf 90' lang='lat' dir='ltr'><strong>accessus.</strong></span> <span class='ocrx_word' id='word_1_378' title='bbox 3559 2547 3681 2603; x_wconf 82' lang='lat' dir='ltr'><strong>Nam</strong></span> 
     </span>
    </p>
   </div>
   <div class='ocr_carea' id='block_1_55' title="bbox 2100 2636 3685 2726">
    <p class='ocr_par' dir='ltr' id='par_1_55' title="bbox 2100 2636 3685 2726">
     <span class='ocr_line' id='line_1_55' title="bbox 2100 2636 3685 2726; baseline -0.015 -14"><span class='ocrx_word' id='word_1_379' title='bbox 2100 2657 2145 2712; x_wconf 91' lang='lat' dir='ltr'><strong>si</strong></span> <span class='ocrx_word' id='word_1_380' title='bbox 2173 2663 2327 2726; x_wconf 90' lang='lat' dir='ltr'><strong>porta</strong></span> <span class='ocrx_word' id='word_1_381' title='bbox 2356 2667 2570 2723; x_wconf 90' lang='lat' dir='ltr'><strong>semper</strong></span> <span class='ocrx_word' id='word_1_382' title='bbox 2597 2650 2847 2717; x_wconf 88' lang='lat' dir='ltr'><strong>obserata</strong></span> <span class='ocrx_word' id='word_1_383' title='bbox 2878 2648 2968 2716; x_wconf 88' lang='lat' dir='ltr'><strong>sit,</strong></span> <span class='ocrx_word' id='word_1_384' title='bbox 3000 2646 3171 2699; x_wconf 90' lang='lat' dir='ltr'><strong>instar</strong></span> <span class='ocrx_word' id='word_1_385' title='bbox 3210 2650 3294 2697; x_wconf 89' lang='lat' dir='ltr'><strong>est</strong></span> <span class='ocrx_word' id='word_1_386' title='bbox 3319 2639 3600 2703; x_wconf 85' lang='lat' dir='ltr'><strong>carceris;</strong></span> <span class='ocrx_word' id='word_1_387' title='bbox 3646 2636 3685 2689; x_wconf 88' lang='lat' dir='ltr'><strong>si</strong></span> 
     </span>
    </p>
   </div>
   <div class='ocr_carea' id='block_1_56' title="bbox 2101 2730 3687 2815">
    <p class='ocr_par' dir='ltr' id='par_1_56' title="bbox 2101 2730 3687 2815">
     <span class='ocr_line' id='line_1_56' title="bbox 2101 2730 3687 2815; baseline -0.013 -12"><span class='ocrx_word' id='word_1_388' title='bbox 2101 2750 2295 2804; x_wconf 90' lang='lat' dir='ltr'><strong>iterum</strong></span> <span class='ocrx_word' id='word_1_389' title='bbox 2321 2746 2521 2815; x_wconf 85' lang='lat' dir='ltr'><strong>jugiter</strong></span> <span class='ocrx_word' id='word_1_390' title='bbox 2546 2741 2828 2814; x_wconf 90' lang='lat' dir='ltr'><strong>pandatur,</strong></span> <span class='ocrx_word' id='word_1_391' title='bbox 2856 2753 3133 2794; x_wconf 90' lang='lat' dir='ltr'><strong>murorum</strong></span> <span class='ocrx_word' id='word_1_392' title='bbox 3154 2735 3229 2791; x_wconf 93' lang='lat' dir='ltr'><strong>nil</strong></span> <span class='ocrx_word' id='word_1_393' title='bbox 3248 2732 3480 2804; x_wconf 82' lang='lat' dir='ltr'><strong>prodest</strong></span> <span class='ocrx_word' id='word_1_394' title='bbox 3498 2730 3687 2786; x_wconf 87' lang='lat' dir='ltr'><strong>habere</strong></span> 
     </span>
    </p>
   </div>
   <div class='ocr_carea' id='block_1_57' title="bbox 2102 2824 3693 2901">
    <p class='ocr_par' dir='ltr' id='par_1_57' title="bbox 2102 2824 3693 2901">
     <span class='ocr_line' id='line_1_57' title="bbox 2102 2824 3693 2901; baseline -0.012 -8"><span class='ocrx_word' id='word_1_395' title='bbox 2102 2837 2421 2893; x_wconf 89' lang='lat' dir='ltr'><strong>munimina.</strong></span> <span class='ocrx_word' id='word_1_396' title='bbox 2472 2834 2554 2891; x_wconf 90' lang='lat' dir='ltr'><strong>Sit</strong></span> <span class='ocrx_word' id='word_1_397' title='bbox 2600 2847 2729 2901; x_wconf 89' lang='lat' dir='ltr'><strong>ergo</strong></span> <span class='ocrx_word' id='word_1_398' title='bbox 2776 2840 3064 2898; x_wconf 89' lang='lat' dir='ltr'><strong>utrumque</strong></span> <span class='ocrx_word' id='word_1_399' title='bbox 3117 2824 3491 2889; x_wconf 87' lang='lat' dir='ltr'><strong>moderatum,</strong></span> <span class='ocrx_word' id='word_1_400' title='bbox 3545 2829 3602 2877; x_wconf 93' lang='lat' dir='ltr'><strong>ut</strong></span> <span class='ocrx_word' id='word_1_401' title='bbox 3642 2827 3693 2875; x_wconf 89' lang='lat' dir='ltr'><strong>et</strong></span> 
     </span>
    </p>
   </div>
   <div class='ocr_carea' id='block_1_58' title="bbox 2103 2913 3690 2987">
    <p class='ocr_par' dir='ltr' id='par_1_58' title="bbox 2103 2913 3690 2987">
     <span class='ocr_line' id='line_1_58' title="bbox 2103 2913 3690 2987; baseline -0.014 0"><span class='ocrx_word' id='word_1_402' title='bbox 2103 2913 2359 2987; x_wconf 69' lang='lat' dir='ltr'><strong>custodia:</strong></span> <span class='ocrx_word' id='word_1_403' title='bbox 2381 2935 2661 2982; x_wconf 69' lang='lat' dir='ltr'><strong>nocturna:</strong></span> <span class='ocrx_word' id='word_1_404' title='bbox 2686 2921 3004 2984; x_wconf 86' lang='lat' dir='ltr'><strong>satisfacias,</strong></span> <span class='ocrx_word' id='word_1_405' title='bbox 3033 2927 3089 2974; x_wconf 91' lang='lat' dir='ltr'><strong>et</strong></span> <span class='ocrx_word' id='word_1_406' title='bbox 3118 2918 3556 2986; x_wconf 88' lang='lat' dir='ltr'><strong>incompetenter</strong></span> <span class='ocrx_word' id='word_1_407' title='bbox 3581 2926 3690 2966; x_wconf 86' lang='lat' dir='ltr'><strong>eam</strong></span> 
     </span>
    </p>
   </div>
   <div class='ocr_carea' id='block_1_59' title="bbox 2103 3002 3698 3090">
    <p class='ocr_par' dir='ltr' id='par_1_59' title="bbox 2103 3002 3698 3090">
     <span class='ocr_line' id='line_1_59' title="bbox 2103 3002 3698 3090; baseline -0.016 -9"><span class='ocrx_word' id='word_1_408' title='bbox 2103 3021 2360 3081; x_wconf 91' lang='lat' dir='ltr'><strong>claudere</strong></span> <span class='ocrx_word' id='word_1_409' title='bbox 2388 3037 2495 3077; x_wconf 92' lang='lat' dir='ltr'><strong>non</strong></span> <span class='ocrx_word' id='word_1_410' title='bbox 2524 3033 2841 3090; x_wconf 77' lang='lat' dir='ltr'><strong>przcsumas.</strong></span> <span class='ocrx_word' id='word_1_411' title='bbox 2873 3015 2991 3069; x_wconf 85' lang='lat' dir='ltr'><strong>Eris</strong></span> <span class='ocrx_word' id='word_1_412' title='bbox 3019 3014 3269 3068; x_wconf 90' lang='lat' dir='ltr'><strong>nimirum</strong></span> <span class='ocrx_word' id='word_1_413' title='bbox 3293 3011 3389 3064; x_wconf 88' lang='lat' dir='ltr'><strong>via</strong></span> <span class='ocrx_word' id='word_1_414' title='bbox 3418 3002 3698 3069; x_wconf 87' lang='lat' dir='ltr'><strong>civium,et</strong></span> 
     </span>
    </p>
   </div>
   <div class='ocr_carea' id='block_1_60' title="bbox 2107 3096 3696 3186">
    <p class='ocr_par' dir='ltr' id='par_1_60' title="bbox 2107 3096 3696 3186">
     <span class='ocr_line' id='line_1_60' title="bbox 2107 3096 3696 3186; baseline -0.014 -16"><span class='ocrx_word' id='word_1_415' title='bbox 2107 3116 2378 3186; x_wconf 90' lang='lat' dir='ltr'><strong>ingressus</strong></span> <span class='ocrx_word' id='word_1_416' title='bbox 2407 3112 2665 3168; x_wconf 89' lang='lat' dir='ltr'><strong>mercium</strong></span> <span class='ocrx_word' id='word_1_417' title='bbox 2694 3108 3025 3177; x_wconf 84' lang='lat' dir='ltr'><strong>singularum</strong></span> <span class='ocrx_word' id='word_1_418' title='bbox 3043 3145 3058 3170; x_wconf 94' lang='lat'><strong>,</strong></span> <span class='ocrx_word' id='word_1_419' title='bbox 3088 3104 3293 3158; x_wconf 92' lang='lat' dir='ltr'><strong>amicus</strong></span> <span class='ocrx_word' id='word_1_420' title='bbox 3318 3099 3493 3156; x_wconf 88' lang='lat' dir='ltr'><strong>simul</strong></span> <span class='ocrx_word' id='word_1_421' title='bbox 3538 3096 3696 3167; x_wconf 66' lang='lat' dir='ltr'><strong>copia:</strong></span> 
     </span>
    </p>
   </div>
   <div class='ocr_carea' id='block_1_61' title="bbox 425 3189 3699 3303">
    <p class='ocr_par' dir='ltr' id='par_1_61' title="bbox 425 3189 3699 3303">
     <span class='ocr_line' id='line_1_61' title="bbox 433 3189 3667 3212; baseline -0.003 0"><span class='ocrx_word' id='word_1_422' title='bbox 433 3189 666 3198; x_wconf 79' lang='lat'><strong>&quot;&#39;&quot;&#39;“&quot;&quot;</strong></span> <span class='ocrx_word' id='word_1_423' title='bbox 694 3189 1007 3212; x_wconf 65' lang='lat' dir='ltr'><strong>&#39;U&quot;&quot;&quot;&quot;&quot;&#39;&quot;</strong></span> <span class='ocrx_word' id='word_1_424' title='bbox 1039 3189 1266 3196; x_wconf 68' lang='lat'><strong>&quot;&quot;&quot;&quot;</strong></span> <span class='ocrx_word' id='word_1_425' title='bbox 1300 3189 1375 3197; x_wconf 68' lang='lat'><strong>&quot;&quot;</strong></span> <span class='ocrx_word' id='word_1_426' title='bbox 1409 3189 1550 3195; x_wconf 74' lang='lat'><strong>&quot;&quot;&quot;&#39;</strong></span> <span class='ocrx_word' id='word_1_427' title='bbox 1586 3189 1638 3193; x_wconf 75' lang='lat'><strong>&quot;&#39;</strong></span> <span class='ocrx_word' id='word_1_428' title='bbox 1671 3189 1809 3209; x_wconf 74' lang='lat'><strong>1&quot;&quot;</strong></span> <span class='ocrx_word' id='word_1_429' title='bbox 1845 3189 1872 3192; x_wconf 72' lang='lat'><strong><em>&quot;</em></strong></span> <span class='ocrx_word' id='word_1_430' title='bbox 1903 3189 1967 3193; x_wconf 74' lang='lat'><strong>&quot;“‘</strong></span> <span class='ocrx_word' id='word_1_431' title='bbox 3298 3194 3309 3204; x_wconf 75' lang='grc' dir='ltr'><strong><em>ο</em></strong></span> <span class='ocrx_word' id='word_1_432' title='bbox 3459 3193 3491 3205; x_wconf 63' lang='grc' dir='ltr'><strong>ι.</strong></span> <span class='ocrx_word' id='word_1_433' title='bbox 3570 3190 3581 3201; x_wconf 74' lang='grc' dir='ltr'>ι</span> <span class='ocrx_word' id='word_1_434' title='bbox 3656 3189 3667 3198; x_wconf 89' lang='lat'><strong><em>-</em></strong></span> 
     </span>
     <span class='ocr_line' id='line_1_62' title="bbox 425 3195 3699 3303; baseline -0.014 -15"><span class='ocrx_word' id='word_1_435' title='bbox 425 3243 544 3290; x_wconf 91' lang='lat' dir='ltr'><strong>tura</strong></span> <span class='ocrx_word' id='word_1_436' title='bbox 573 3233 906 3303; x_wconf 81' lang='lat' dir='ltr'><strong>conceditur,</strong></span> <span class='ocrx_word' id='word_1_437' title='bbox 931 3232 1296 3288; x_wconf 89' lang='lat' dir='ltr'><strong>submonente</strong></span> <span class='ocrx_word' id='word_1_438' title='bbox 1326 3232 1521 3286; x_wconf 88' lang='lat' dir='ltr'><strong>iterum</strong></span> <span class='ocrx_word' id='word_1_439' title='bbox 1550 3230 1738 3285; x_wconf 90' lang='lat' dir='ltr'><strong>eadem</strong></span> <span class='ocrx_word' id='word_1_440' title='bbox 1767 3230 2001 3284; x_wconf 87' lang='lat' dir='ltr'><strong>suaviter</strong></span> <span class='ocrx_word' id='word_1_441' title='bbox 2031 3203 2074 3266; x_wconf 63' lang='grc' dir='ltr'><strong>(ἶ</strong></span> <span class='ocrx_word' id='word_1_442' title='bbox 2105 3222 2264 3277; x_wconf 66' lang='grc' dir='ltr'><strong>(Ιιιθιη</strong></span> <span class='ocrx_word' id='word_1_443' title='bbox 2288 3213 2442 3303; x_wconf 39' lang='lat' dir='ltr'><strong>olims</strong></span> <span class='ocrx_word' id='word_1_444' title='bbox 2471 3204 2690 3303; x_wconf 45' lang='lat' dir='ltr'><strong>intrare.</strong></span> <span class='ocrx_word' id='word_1_445' title='bbox 2927 3212 3200 3303; x_wconf 42' lang='lat' dir='ltr'><strong>ergo-cum</strong></span> <span class='ocrx_word' id='word_1_446' title='bbox 3222 3195 3525 3297; x_wconf 30' lang='lat' dir='ltr'><strong>Xalnnonns</strong></span> <span class='ocrx_word' id='word_1_447' title='bbox 3570 3205 3699 3303; x_wconf 54' lang='lat' dir='ltr'><strong>invt—</strong></span> 
     </span>
    </p>
   </div>
   <div class='ocr_carea' id='block_1_62' title="bbox 405 3322 2007 3393">
    <p class='ocr_par' dir='ltr' id='par_1_62' title="bbox 405 3322 2007 3393">
     <span class='ocr_line' id='line_1_63' title="bbox 405 3322 2007 3393; baseline -0.001 -14"><span class='ocrx_word' id='word_1_448' title='bbox 405 3326 691 3381; x_wconf 89' lang='lat' dir='ltr'><strong>&#39;audiatur.</strong></span> <span class='ocrx_word' id='word_1_449' title='bbox 735 3323 805 3378; x_wconf 87' lang='lat' dir='ltr'><strong>Et</strong></span> <span class='ocrx_word' id='word_1_450' title='bbox 854 3324 977 3380; x_wconf 92' lang='lat' dir='ltr'><strong>ideo</strong></span> <span class='ocrx_word' id='word_1_451' title='bbox 1022 3339 1131 3380; x_wconf 92' lang='lat' dir='ltr'><strong>non</strong></span> <span class='ocrx_word' id='word_1_452' title='bbox 1175 3322 1435 3381; x_wconf 91' lang='lat' dir='ltr'><strong>laboretis</strong></span> <span class='ocrx_word' id='word_1_453' title='bbox 1474 3322 1687 3392; x_wconf 64' lang='lat' dir='ltr'><strong>poyulis</strong></span> <span class='ocrx_word' id='word_1_454' title='bbox 1726 3322 2007 3393; x_wconf 89' lang='lat' dir='ltr'><strong>imponere</strong></span> 
     </span>
    </p>
   </div>
   <div class='ocr_carea' id='block_1_63' title="bbox 425 3411 2008 3488">
    <p class='ocr_par' dir='ltr' id='par_1_63' title="bbox 425 3411 2008 3488">
     <span class='ocr_line' id='line_1_64' title="bbox 425 3411 2008 3488; baseline -0.004 -16"><span class='ocrx_word' id='word_1_455' title='bbox 425 3416 571 3488; x_wconf 91' lang='lat' dir='ltr'><strong>quod</strong></span> <span class='ocrx_word' id='word_1_456' title='bbox 595 3430 691 3472; x_wconf 88' lang='lat' dir='ltr'><strong>eos</strong></span> <span class='ocrx_word' id='word_1_457' title='bbox 719 3421 932 3471; x_wconf 87' lang='lat' dir='ltr'><strong>constat</strong></span> <span class='ocrx_word' id='word_1_458' title='bbox 953 3429 1019 3470; x_wconf 82' lang='lat' dir='ltr'><strong>ex</strong></span> <span class='ocrx_word' id='word_1_459' title='bbox 1047 3414 1263 3485; x_wconf 88' lang='lat' dir='ltr'><strong>propria</strong></span> <span class='ocrx_word' id='word_1_460' title='bbox 1293 3414 1570 3469; x_wconf 86' lang='lat' dir='ltr'><strong>voluntate</strong></span> <span class='ocrx_word' id='word_1_461' title='bbox 1594 3413 1812 3468; x_wconf 90' lang='lat' dir='ltr'><strong>sentire.</strong></span> <span class='ocrx_word' id='word_1_462' title='bbox 1830 3411 2008 3477; x_wconf 85' lang='lat' dir='ltr'><strong>Facile</strong></span> 
     </span>
    </p>
   </div>
   <div class='ocr_carea' id='block_1_64' title="bbox 428 3507 2010 3581">
    <p class='ocr_par' dir='ltr' id='par_1_64' title="bbox 428 3507 2010 3581">
     <span class='ocr_line' id='line_1_65' title="bbox 428 3507 2010 3581; baseline -0.004 -11"><span class='ocrx_word' id='word_1_463' title='bbox 428 3514 572 3571; x_wconf 91' lang='lat' dir='ltr'><strong>enim</strong></span> <span class='ocrx_word' id='word_1_464' title='bbox 601 3517 898 3581; x_wconf 88' lang='lat' dir='ltr'><strong>sequuntur</strong></span> <span class='ocrx_word' id='word_1_465' title='bbox 925 3509 1150 3578; x_wconf 78' lang='lat' dir='ltr'><strong>veStigia</strong></span> <span class='ocrx_word' id='word_1_466' title='bbox 1201 3508 1351 3564; x_wconf 90' lang='lat' dir='ltr'><strong>verbi</strong></span> <span class='ocrx_word' id='word_1_467' title='bbox 1387 3508 1547 3562; x_wconf 90' lang='lat' dir='ltr'><strong>alieni</strong></span> <span class='ocrx_word' id='word_1_468' title='bbox 1573 3546 1587 3572; x_wconf 89' lang='lat'><strong>,</strong></span> <span class='ocrx_word' id='word_1_469' title='bbox 1619 3507 1711 3577; x_wconf 90' lang='lat' dir='ltr'><strong>qui</strong></span> <span class='ocrx_word' id='word_1_470' title='bbox 1741 3523 1800 3562; x_wconf 87' lang='lat' dir='ltr'><strong>se</strong></span> <span class='ocrx_word' id='word_1_471' title='bbox 1850 3522 2010 3577; x_wconf 88' lang='lat' dir='ltr'><strong>posse</strong></span> 
     </span>
    </p>
   </div>
   <div class='ocr_carea' id='block_1_65' title="bbox 431 3599 2011 3673">
    <p class='ocr_par' dir='ltr' id='par_1_65' title="bbox 431 3599 2011 3673">
     <span class='ocr_line' id='line_1_66' title="bbox 431 3599 2011 3673; baseline -0.006 -11"><span class='ocrx_word' id='word_1_472' title='bbox 431 3606 659 3663; x_wconf 90' lang='lat' dir='ltr'><strong>credunt</strong></span> <span class='ocrx_word' id='word_1_473' title='bbox 701 3603 971 3660; x_wconf 89' lang='lat' dir='ltr'><strong>monitore</strong></span> <span class='ocrx_word' id='word_1_474' title='bbox 1001 3602 1271 3673; x_wconf 90' lang='lat' dir='ltr'><strong>compelli.</strong></span> <span class='ocrx_word' id='word_1_475' title='bbox 1304 3599 1598 3671; x_wconf 79' lang='lat' dir='ltr'><strong>Propterea</strong></span> <span class='ocrx_word' id='word_1_476' title='bbox 1630 3616 1726 3669; x_wconf 89' lang='lat' dir='ltr'><strong>per</strong></span> <span class='ocrx_word' id='word_1_477' title='bbox 1753 3599 1897 3654; x_wconf 89' lang='lat' dir='ltr'><strong>illam</strong></span> <span class='ocrx_word' id='word_1_478' title='bbox 1928 3600 2011 3654; x_wconf 82' lang='lat' dir='ltr'><strong>in-</strong></span> 
     </span>
    </p>
   </div>
   <div class='ocr_carea' id='block_1_66' title="bbox 430 3692 2011 3777">
    <p class='ocr_par' dir='ltr' id='par_1_66' title="bbox 430 3692 2011 3777">
     <span class='ocr_line' id='line_1_67' title="bbox 430 3692 2011 3777; baseline -0.003 -26"><span class='ocrx_word' id='word_1_479' title='bbox 430 3698 721 3777; x_wconf 80' lang='lat' dir='ltr'><strong>dictionem</strong></span> <span class='ocrx_word' id='word_1_480' title='bbox 748 3696 800 3763; x_wconf 88' lang='lat' dir='ltr'><strong>in</strong></span> <span class='ocrx_word' id='word_1_481' title='bbox 840 3695 931 3751; x_wconf 90' lang='lat' dir='ltr'><strong>illa</strong></span> <span class='ocrx_word' id='word_1_482' title='bbox 960 3694 1177 3761; x_wconf 85' lang='lat' dir='ltr'><strong>civitate</strong></span> <span class='ocrx_word' id='word_1_483' title='bbox 1206 3693 1473 3748; x_wconf 73' lang='lat' dir='ltr'><strong>comitivte</strong></span> <span class='ocrx_word' id='word_1_484' title='bbox 1496 3692 1756 3747; x_wconf 87' lang='lat' dir='ltr'><strong>honorem</strong></span> <span class='ocrx_word' id='word_1_485' title='bbox 1786 3692 2011 3777; x_wconf 38' lang='lat' dir='ltr'><strong>snecundi</strong></span> 
     </span>
    </p>
   </div>
   <div class='ocr_carea' id='block_1_67' title="bbox 431 3760 2011 3859">
    <p class='ocr_par' dir='ltr' id='par_1_67' title="bbox 431 3760 2011 3859">
     <span class='ocr_line' id='line_1_68' title="bbox 431 3760 2011 3859; baseline -0.004 -14"><span class='ocrx_word' id='word_1_486' title='bbox 431 3768 634 3845; x_wconf 81' lang='lat' dir='ltr'><strong>ordinis</strong></span> <span class='ocrx_word' id='word_1_487' title='bbox 664 3760 779 3856; x_wconf 85' lang='lat' dir='ltr'><strong>tibi,</strong></span> <span class='ocrx_word' id='word_1_488' title='bbox 804 3786 1036 3859; x_wconf 90' lang='lat' dir='ltr'><strong>propitia</strong></span> <span class='ocrx_word' id='word_1_489' title='bbox 1063 3760 1370 3850; x_wconf 85' lang='lat' dir='ltr'><strong>Divinitate,</strong></span> <span class='ocrx_word' id='word_1_490' title='bbox 1404 3784 1679 3859; x_wconf 81' lang='lat' dir='ltr'><strong>largimur,</strong></span> <span class='ocrx_word' id='word_1_491' title='bbox 1706 3792 1763 3838; x_wconf 90' lang='lat' dir='ltr'><strong>ut</strong></span> <span class='ocrx_word' id='word_1_492' title='bbox 1785 3760 1840 3839; x_wconf 58' lang='lat' dir='ltr'><strong>e’t</strong></span> <span class='ocrx_word' id='word_1_493' title='bbox 1863 3785 2011 3840; x_wconf 90' lang='lat' dir='ltr'><strong>cives</strong></span> 
     </span>
    </p>
   </div>
   <div class='ocr_carea' id='block_1_68' title="bbox 431 3873 2010 3946">
    <p class='ocr_par' dir='ltr' id='par_1_68' title="bbox 431 3873 2010 3946">
     <span class='ocr_line' id='line_1_69' title="bbox 431 3873 2010 3946; baseline -0.005 -10"><span class='ocrx_word' id='word_1_494' title='bbox 431 3879 747 3936; x_wconf 88' lang='lat' dir='ltr'><strong>commissos</strong></span> <span class='ocrx_word' id='word_1_495' title='bbox 775 3878 1027 3946; x_wconf 85' lang='lat' dir='ltr'><strong>aequitate</strong></span> <span class='ocrx_word' id='word_1_496' title='bbox 1054 3878 1236 3945; x_wconf 76' lang='lat' dir='ltr'><strong>regas,</strong></span> <span class='ocrx_word' id='word_1_497' title='bbox 1278 3882 1334 3929; x_wconf 92' lang='lat' dir='ltr'><strong>et</strong></span> <span class='ocrx_word' id='word_1_498' title='bbox 1360 3873 1690 3946; x_wconf 89' lang='lat' dir='ltr'><strong>publicarum</strong></span> <span class='ocrx_word' id='word_1_499' title='bbox 1716 3874 2010 3935; x_wconf 81' lang='lat' dir='ltr'><strong>ordinatio-</strong></span> 
     </span>
    </p>
   </div>
   <div class='ocr_carea' id='block_1_69' title="bbox 434 3965 2011 4038">
    <p class='ocr_par' dir='ltr' id='par_1_69' title="bbox 434 3965 2011 4038">
     <span class='ocr_line' id='line_1_70' title="bbox 434 3965 2011 4038; baseline -0.003 -14"><span class='ocrx_word' id='word_1_500' title='bbox 434 3986 560 4024; x_wconf 91' lang='lat' dir='ltr'><strong>num</strong></span> <span class='ocrx_word' id='word_1_501' title='bbox 587 3968 856 4038; x_wconf 87' lang='lat' dir='ltr'><strong>jussiones</strong></span> <span class='ocrx_word' id='word_1_502' title='bbox 903 3976 1215 4022; x_wconf 91' lang='lat' dir='ltr'><strong>constanter</strong></span> <span class='ocrx_word' id='word_1_503' title='bbox 1264 3965 1579 4035; x_wconf 90' lang='lat' dir='ltr'><strong>adimpleas,</strong></span> <span class='ocrx_word' id='word_1_504' title='bbox 1611 3974 1876 4035; x_wconf 88' lang='lat' dir='ltr'><strong>quatenus</strong></span> <span class='ocrx_word' id='word_1_505' title='bbox 1918 3967 2011 4021; x_wconf 85' lang='lat' dir='ltr'><strong>tibi</strong></span> 
     </span>
    </p>
   </div>
   <div class='ocr_carea' id='block_1_70' title="bbox 434 4056 2015 4137">
    <p class='ocr_par' dir='ltr' id='par_1_70' title="bbox 434 4056 2015 4137">
     <span class='ocr_line' id='line_1_71' title="bbox 434 4056 2015 4137; baseline -0.001 -23"><span class='ocrx_word' id='word_1_506' title='bbox 434 4059 660 4137; x_wconf 87' lang='lat' dir='ltr'><strong>meliora</strong></span> <span class='ocrx_word' id='word_1_507' title='bbox 709 4065 1060 4129; x_wconf 76' lang='lat' dir='ltr'><strong>pra-:stcmus,</strong></span> <span class='ocrx_word' id='word_1_508' title='bbox 1110 4056 1325 4125; x_wconf 87' lang='lat' dir='ltr'><strong>quando</strong></span> <span class='ocrx_word' id='word_1_509' title='bbox 1374 4062 1426 4111; x_wconf 87' lang='lat' dir='ltr'><strong>te</strong></span> <span class='ocrx_word' id='word_1_510' title='bbox 1454 4056 1804 4126; x_wconf 79' lang='lat' dir='ltr'><strong>probabiliter</strong></span> <span class='ocrx_word' id='word_1_511' title='bbox 1840 4057 2015 4125; x_wconf 84' lang='lat' dir='ltr'><strong>egisse</strong></span> 
     </span>
    </p>
   </div>
   <div class='ocr_carea' id='block_1_71' title="bbox 433 4148 1051 4225">
    <p class='ocr_par' dir='ltr' id='par_1_71' title="bbox 433 4148 1051 4225">
     <span class='ocr_line' id='line_1_72' title="bbox 433 4148 1051 4225; baseline -0.003 -21"><span class='ocrx_word' id='word_1_512' title='bbox 433 4148 718 4220; x_wconf 60' lang='lat' dir='ltr'><strong>praesentia</strong></span> <span class='ocrx_word' id='word_1_513' title='bbox 738 4148 1051 4225; x_wconf 83' lang='lat' dir='ltr'><strong>sentiemus.</strong></span> 
     </span>
    </p>
   </div>
   <div class='ocr_carea' id='block_1_72' title="bbox 434 4306 2014 4366">
    <p class='ocr_par' dir='ltr' id='par_1_72' title="bbox 434 4306 2014 4366">
     <span class='ocr_line' id='line_1_73' title="bbox 434 4306 2014 4366; baseline -0.002 -1"><span class='ocrx_word' id='word_1_514' title='bbox 434 4306 642 4366; x_wconf 77' lang='lat' dir='ltr'><strong>XXVII.</strong></span> <span class='ocrx_word' id='word_1_515' title='bbox 689 4322 938 4364; x_wconf 71' lang='lat' dir='ltr'><strong>roeuuu</strong></span> <span class='ocrx_word' id='word_1_516' title='bbox 958 4320 1267 4363; x_wconf 73' lang='lat' dir='ltr'><strong>‘IIONOBATIS</strong></span> <span class='ocrx_word' id='word_1_517' title='bbox 1302 4320 1703 4363; x_wconf 75' lang='lat' dir='ltr'><strong>rosssssomnus</strong></span> <span class='ocrx_word' id='word_1_518' title='bbox 1729 4322 1798 4362; x_wconf 74' lang='lat' dir='ltr'><strong>ar</strong></span> <span class='ocrx_word' id='word_1_519' title='bbox 1827 4322 2014 4362; x_wconf 75' lang='lat' dir='ltr'><strong>cunu-</strong></span> 
     </span>
    </p>
   </div>
   <div class='ocr_carea' id='block_1_73' title="bbox 1127 4393 1294 4433">
    <p class='ocr_par' dir='ltr' id='par_1_73' title="bbox 1127 4393 1294 4433">
     <span class='ocr_line' id='line_1_74' title="bbox 1127 4393 1294 4433; baseline -0.006 0"><span class='ocrx_word' id='word_1_520' title='bbox 1127 4393 1294 4433; x_wconf 71' lang='grc' dir='ltr'><strong>ιιιιυε.</strong></span> 
     </span>
    </p>
   </div>
   <div class='ocr_carea' id='block_1_74' title="bbox 505 4512 2016 4585">
    <p class='ocr_par' dir='ltr' id='par_1_74' title="bbox 505 4512 2016 4585">
     <span class='ocr_line' id='line_1_75' title="bbox 505 4512 2016 4585; baseline -0.005 -13"><span class='ocrx_word' id='word_1_521' title='bbox 505 4516 649 4572; x_wconf 82' lang='lat' dir='ltr'><strong>Utile</strong></span> <span class='ocrx_word' id='word_1_522' title='bbox 674 4525 756 4573; x_wconf 91' lang='lat' dir='ltr'><strong>est</strong></span> <span class='ocrx_word' id='word_1_523' title='bbox 777 4532 939 4571; x_wconf 90' lang='lat' dir='ltr'><strong>unum</strong></span> <span class='ocrx_word' id='word_1_524' title='bbox 968 4530 1185 4585; x_wconf 89' lang='lat' dir='ltr'><strong>semper</strong></span> <span class='ocrx_word' id='word_1_525' title='bbox 1203 4514 1421 4584; x_wconf 88' lang='lat' dir='ltr'><strong>eligere,</strong></span> <span class='ocrx_word' id='word_1_526' title='bbox 1452 4513 1537 4568; x_wconf 91' lang='lat' dir='ltr'><strong>cui</strong></span> <span class='ocrx_word' id='word_1_527' title='bbox 1559 4512 1749 4582; x_wconf 88' lang='lat' dir='ltr'><strong>reliqui</strong></span> <span class='ocrx_word' id='word_1_528' title='bbox 1781 4512 2016 4567; x_wconf 89' lang='lat' dir='ltr'><strong>debeant</strong></span> 
     </span>
    </p>
   </div>
   <div class='ocr_carea' id='block_1_75' title="bbox 434 4604 2013 4688">
    <p class='ocr_par' dir='ltr' id='par_1_75' title="bbox 434 4604 2013 4688">
     <span class='ocr_line' id='line_1_76' title="bbox 434 4604 2013 4688; baseline -0.006 -22"><span class='ocrx_word' id='word_1_529' title='bbox 434 4609 688 4688; x_wconf 87' lang='lat' dir='ltr'><strong>obedire;</strong></span> <span class='ocrx_word' id='word_1_530' title='bbox 714 4609 838 4679; x_wconf 90' lang='lat' dir='ltr'><strong>quia</strong></span> <span class='ocrx_word' id='word_1_531' title='bbox 867 4608 914 4663; x_wconf 90' lang='lat' dir='ltr'><strong>si</strong></span> <span class='ocrx_word' id='word_1_532' title='bbox 942 4608 1191 4664; x_wconf 89' lang='lat' dir='ltr'><strong>voluntas</strong></span> <span class='ocrx_word' id='word_1_533' title='bbox 1220 4606 1555 4663; x_wconf 91' lang='lat' dir='ltr'><strong>diversorum</strong></span> <span class='ocrx_word' id='word_1_534' title='bbox 1585 4618 1719 4674; x_wconf 88' lang='lat' dir='ltr'><strong>vaga</strong></span> <span class='ocrx_word' id='word_1_535' title='bbox 1749 4604 2013 4674; x_wconf 86' lang='lat' dir='ltr'><strong>relinqui-</strong></span> 
     </span>
    </p>
   </div>
   <div class='ocr_carea' id='block_1_76' title="bbox 434 4695 2016 4770">
    <p class='ocr_par' dir='ltr' id='par_1_76' title="bbox 434 4695 2016 4770">
     <span class='ocr_line' id='line_1_77' title="bbox 434 4695 2016 4770; baseline -0.006 -11"><span class='ocrx_word' id='word_1_536' title='bbox 434 4714 539 4769; x_wconf 90' lang='lat' dir='ltr'><strong>tur,</strong></span> <span class='ocrx_word' id='word_1_537' title='bbox 573 4700 838 4769; x_wconf 83' lang='lat' dir='ltr'><strong>confusio,</strong></span> <span class='ocrx_word' id='word_1_538' title='bbox 860 4700 1136 4770; x_wconf 89' lang='lat' dir='ltr'><strong>culparum</strong></span> <span class='ocrx_word' id='word_1_539' title='bbox 1162 4700 1333 4755; x_wconf 88' lang='lat' dir='ltr'><strong>amica</strong></span> <span class='ocrx_word' id='word_1_540' title='bbox 1351 4740 1365 4765; x_wconf 88' lang='lat'><strong>,</strong></span> <span class='ocrx_word' id='word_1_541' title='bbox 1397 4706 1704 4768; x_wconf 87' lang='lat' dir='ltr'><strong>generatur.</strong></span> <span class='ocrx_word' id='word_1_542' title='bbox 1731 4697 1917 4768; x_wconf 88' lang='lat' dir='ltr'><strong>Itaque</strong></span> <span class='ocrx_word' id='word_1_543' title='bbox 1939 4695 2016 4752; x_wconf 91' lang='lat' dir='ltr'><strong>ci-</strong></span> 
     </span>
    </p>
   </div>
   <div class='ocr_carea' id='block_1_77' title="bbox 431 4790 2015 4864">
    <p class='ocr_par' dir='ltr' id='par_1_77' title="bbox 431 4790 2015 4864">
     <span class='ocr_line' id='line_1_78' title="bbox 431 4790 2015 4864; baseline -0.006 -8"><span class='ocrx_word' id='word_1_544' title='bbox 431 4798 615 4856; x_wconf 89' lang='lat' dir='ltr'><strong>vitatis</strong></span> <span class='ocrx_word' id='word_1_545' title='bbox 640 4790 832 4852; x_wconf 63' lang='lat' dir='ltr'><strong>vestrL&#39;e</strong></span> <span class='ocrx_word' id='word_1_546' title='bbox 860 4793 1172 4850; x_wconf 89' lang='lat' dir='ltr'><strong>comitivam</strong></span> <span class='ocrx_word' id='word_1_547' title='bbox 1199 4808 1297 4864; x_wconf 90' lang='lat' dir='ltr'><strong>per</strong></span> <span class='ocrx_word' id='word_1_548' title='bbox 1324 4792 1676 4847; x_wconf 83' lang='lat' dir='ltr'><strong>indictionem</strong></span> <span class='ocrx_word' id='word_1_549' title='bbox 1723 4791 1869 4847; x_wconf 89' lang='lat' dir='ltr'><strong>illam</strong></span> <span class='ocrx_word' id='word_1_550' title='bbox 1917 4807 2015 4846; x_wconf 90' lang='lat' dir='ltr'><strong>nos</strong></span> 
     </span>
    </p>
   </div>
   <div class='ocr_carea' id='block_1_78' title="bbox 430 4882 2015 4959">
    <p class='ocr_par' dir='ltr' id='par_1_78' title="bbox 430 4882 2015 4959">
     <span class='ocr_line' id='line_1_79' title="bbox 430 4882 2015 4959; baseline -0.006 -14"><span class='ocrx_word' id='word_1_551' title='bbox 430 4891 507 4945; x_wconf 93' lang='lat' dir='ltr'><strong>illi</strong></span> <span class='ocrx_word' id='word_1_552' title='bbox 536 4888 757 4959; x_wconf 85' lang='lat' dir='ltr'><strong>largitos</strong></span> <span class='ocrx_word' id='word_1_553' title='bbox 793 4886 956 4942; x_wconf 81' lang='lat' dir='ltr'><strong>fuisse</strong></span> <span class='ocrx_word' id='word_1_554' title='bbox 997 4884 1259 4940; x_wconf 82' lang='lat' dir='ltr'><strong>noveritis</strong></span> <span class='ocrx_word' id='word_1_555' title='bbox 1279 4927 1295 4953; x_wconf 89' lang='lat'><strong>,</strong></span> <span class='ocrx_word' id='word_1_556' title='bbox 1316 4884 1402 4939; x_wconf 91' lang='lat' dir='ltr'><strong>cui</strong></span> <span class='ocrx_word' id='word_1_557' title='bbox 1431 4882 1840 4940; x_wconf 90' lang='lat' dir='ltr'><strong>saluberrimam</strong></span> <span class='ocrx_word' id='word_1_558' title='bbox 1869 4891 1892 4919; x_wconf 71' lang='grc'><strong>⁸</strong></span> <span class='ocrx_word' id='word_1_559' title='bbox 1918 4898 2015 4952; x_wconf 90' lang='lat' dir='ltr'><strong>pa-</strong></span> 
     </span>
    </p>
   </div>
   <div class='ocr_carea' id='block_1_79' title="bbox 432 4973 2015 5045">
    <p class='ocr_par' dir='ltr' id='par_1_79' title="bbox 432 4973 2015 5045">
     <span class='ocr_line' id='line_1_80' title="bbox 432 4973 2015 5045; baseline -0.006 -7"><span class='ocrx_word' id='word_1_560' title='bbox 432 4982 681 5045; x_wconf 85' lang='lat' dir='ltr'><strong>rientiam</strong></span> <span class='ocrx_word' id='word_1_561' title='bbox 728 4977 1086 5044; x_wconf 74' lang='lat' dir='ltr'><strong>commodata,</strong></span> <span class='ocrx_word' id='word_1_562' title='bbox 1120 4985 1179 5031; x_wconf 93' lang='lat' dir='ltr'><strong>ut</strong></span> <span class='ocrx_word' id='word_1_563' title='bbox 1219 4975 1396 5037; x_wconf 85' lang='lat' dir='ltr'><strong>causis</strong></span> <span class='ocrx_word' id='word_1_564' title='bbox 1445 4974 1641 5030; x_wconf 88' lang='lat' dir='ltr'><strong>vestris</strong></span> <span class='ocrx_word' id='word_1_565' title='bbox 1673 4973 1813 5029; x_wconf 80' lang='lat' dir='ltr'><strong>ferat</strong></span> <span class='ocrx_word' id='word_1_566' title='bbox 1839 4988 2015 5028; x_wconf 89' lang='lat' dir='ltr'><strong>reme-</strong></span> 
     </span>
    </p>
   </div>
   <div class='ocr_carea' id='block_1_80' title="bbox 431 5062 2013 5139">
    <p class='ocr_par' dir='ltr' id='par_1_80' title="bbox 431 5062 2013 5139">
     <span class='ocr_line' id='line_1_81' title="bbox 431 5062 2013 5139; baseline -0.004 -14"><span class='ocrx_word' id='word_1_567' title='bbox 431 5073 576 5127; x_wconf 89' lang='lat' dir='ltr'><strong>dium</strong></span> <span class='ocrx_word' id='word_1_568' title='bbox 602 5113 616 5137; x_wconf 94' lang='lat'><strong>,</strong></span> <span class='ocrx_word' id='word_1_569' title='bbox 658 5078 713 5125; x_wconf 83' lang='lat' dir='ltr'><strong>et</strong></span> <span class='ocrx_word' id='word_1_570' title='bbox 751 5069 1082 5139; x_wconf 89' lang='lat' dir='ltr'><strong>jussionibus</strong></span> <span class='ocrx_word' id='word_1_571' title='bbox 1117 5067 1273 5139; x_wconf 77' lang='lat'><strong>119</strong></span> <span class='ocrx_word' id='word_1_572' title='bbox 1299 5065 1527 5136; x_wconf 88' lang='lat' dir='ltr'><strong>publicis</strong></span> <span class='ocrx_word' id='word_1_573' title='bbox 1566 5072 1824 5135; x_wconf 88' lang='lat' dir='ltr'><strong>procuret</strong></span> <span class='ocrx_word' id='word_1_574' title='bbox 1852 5062 2013 5119; x_wconf 84' lang='lat' dir='ltr'><strong>etlec-</strong></span> 
     </span>
    </p>
   </div>
   <div class='ocr_carea' id='block_1_81' title="bbox 435 5153 2017 5241">
    <p class='ocr_par' dir='ltr' id='par_1_81' title="bbox 435 5153 2017 5241">
     <span class='ocr_line' id='line_1_82' title="bbox 435 5153 2017 5241; baseline -0.006 -23"><span class='ocrx_word' id='word_1_575' title='bbox 435 5176 592 5241; x_wconf 81' lang='lat' dir='ltr'><strong>tum:</strong></span> <span class='ocrx_word' id='word_1_576' title='bbox 641 5161 825 5239; x_wconf 85' lang='lat' dir='ltr'><strong>scituri</strong></span> <span class='ocrx_word' id='word_1_577' title='bbox 867 5159 1013 5233; x_wconf 86' lang='lat' dir='ltr'><strong>quod</strong></span> <span class='ocrx_word' id='word_1_578' title='bbox 1058 5160 1101 5214; x_wconf 92' lang='lat' dir='ltr'><strong>si</strong></span> <span class='ocrx_word' id='word_1_579' title='bbox 1155 5158 1276 5228; x_wconf 73' lang='lat' dir='ltr'><strong>quis</strong></span> <span class='ocrx_word' id='word_1_580' title='bbox 1329 5172 1388 5212; x_wconf 91' lang='lat' dir='ltr'><strong>se</strong></span> <span class='ocrx_word' id='word_1_581' title='bbox 1436 5155 1702 5233; x_wconf 80' lang='lat' dir='ltr'><strong>probabili</strong></span> <span class='ocrx_word' id='word_1_582' title='bbox 1728 5153 2017 5215; x_wconf 87' lang='lat' dir='ltr'><strong>devotione</strong></span> 
     </span>
    </p>
   </div>
   <div class='ocr_carea' id='block_1_82' title="bbox 435 5238 2014 5317">
    <p class='ocr_par' dir='ltr' id='par_1_82' title="bbox 435 5238 2014 5317">
     <span class='ocr_line' id='line_1_83' title="bbox 435 5238 2014 5317; baseline -0.004 -10"><span class='ocrx_word' id='word_1_583' title='bbox 435 5238 783 5317; x_wconf 82' lang='lat' dir='ltr'><strong>tractaverit,</strong></span> <span class='ocrx_word' id='word_1_584' title='bbox 815 5241 1009 5306; x_wconf 83' lang='lat' dir='ltr'><strong>similia</strong></span> <span class='ocrx_word' id='word_1_585' title='bbox 1047 5248 1116 5304; x_wconf 90' lang='lat' dir='ltr'><strong>de</strong></span> <span class='ocrx_word' id='word_1_586' title='bbox 1145 5248 1342 5304; x_wconf 90' lang='lat' dir='ltr'><strong>nostris</strong></span> <span class='ocrx_word' id='word_1_587' title='bbox 1390 5246 1634 5302; x_wconf 85' lang='lat' dir='ltr'><strong>sensibus</strong></span> <span class='ocrx_word' id='word_1_588' title='bbox 1675 5245 1818 5300; x_wconf 86' lang='lat' dir='ltr'><strong>haud</strong></span> <span class='ocrx_word' id='word_1_589' title='bbox 1861 5245 2014 5300; x_wconf 89' lang='lat' dir='ltr'><strong>irrite</strong></span> 
     </span>
    </p>
   </div>
   <div class='ocr_carea' id='block_1_83' title="bbox 436 5344 749 5416">
    <p class='ocr_par' dir='ltr' id='par_1_83' title="bbox 436 5344 749 5416">
     <span class='ocr_line' id='line_1_84' title="bbox 436 5344 749 5416; baseline -0.006 -17"><span class='ocrx_word' id='word_1_590' title='bbox 436 5344 749 5416; x_wconf 88' lang='lat' dir='ltr'><strong>postulabit.</strong></span> 
     </span>
    </p>
   </div>
   <div class='ocr_carea' id='block_1_84' title="bbox 530 5476 1908 5551">
    <p class='ocr_par' dir='ltr' id='par_1_84' title="bbox 530 5476 1908 5551">
     <span class='ocr_line' id='line_1_85' title="bbox 530 5476 1908 5551; baseline -0.006 -20"><span class='ocrx_word' id='word_1_591' title='bbox 530 5476 763 5551; x_wconf 82' lang='lat' dir='ltr'><strong>XXVIII.</strong></span> <span class='ocrx_word' id='word_1_592' title='bbox 793 5484 1037 5533; x_wconf 74' lang='lat' dir='ltr'><strong>FORIIULA</strong></span> <span class='ocrx_word' id='word_1_593' title='bbox 1078 5490 1328 5541; x_wconf 67' lang='lat' dir='ltr'><strong>PRINCIPIS</strong></span> <span class='ocrx_word' id='word_1_594' title='bbox 1365 5487 1584 5543; x_wconf 65' lang='lat' dir='ltr'><strong>nimum</strong></span> <span class='ocrx_word' id='word_1_595' title='bbox 1614 5478 1908 5534; x_wconf 59' lang='grc' dir='ltr'><strong>Δεοιιίιτινλιῑ.</strong></span> 
     </span>
    </p>
   </div>
   <div class='ocr_carea' id='block_1_85' title="bbox 509 5578 2022 5652">
    <p class='ocr_par' dir='ltr' id='par_1_85' title="bbox 509 5578 2022 5652">
     <span class='ocr_line' id='line_1_86' title="bbox 509 5578 2022 5652; baseline -0.006 -8"><span class='ocrx_word' id='word_1_596' title='bbox 509 5590 732 5649; x_wconf 83' lang='lat' dir='ltr'><strong>Gratum</strong></span> <span class='ocrx_word' id='word_1_597' title='bbox 782 5578 932 5646; x_wconf 82' lang='lat' dir='ltr'><strong>vobis</strong></span> <span class='ocrx_word' id='word_1_598' title='bbox 978 5603 1098 5649; x_wconf 85' lang='lat' dir='ltr'><strong>esse</strong></span> <span class='ocrx_word' id='word_1_599' title='bbox 1155 5587 1510 5651; x_wconf 79' lang='lat' dir='ltr'><strong>conﬁdimus,</strong></span> <span class='ocrx_word' id='word_1_600' title='bbox 1556 5582 1774 5652; x_wconf 86' lang='lat' dir='ltr'><strong>quando</strong></span> <span class='ocrx_word' id='word_1_601' title='bbox 1820 5582 2022 5637; x_wconf 82' lang='lat' dir='ltr'><strong>militiae</strong></span> 
     </span>
    </p>
   </div>
   <div class='ocr_carea' id='block_1_86' title="bbox 438 5675 2021 5751">
    <p class='ocr_par' dir='ltr' id='par_1_86' title="bbox 438 5675 2021 5751">
     <span class='ocr_line' id='line_1_87' title="bbox 438 5675 2021 5751; baseline -0.006 -15"><span class='ocrx_word' id='word_1_602' title='bbox 438 5691 636 5739; x_wconf 75' lang='lat' dir='ltr'><strong>nostra:</strong></span> <span class='ocrx_word' id='word_1_603' title='bbox 656 5680 869 5751; x_wconf 72' lang='lat' dir='ltr'><strong>iudices</strong></span> <span class='ocrx_word' id='word_1_604' title='bbox 888 5679 1250 5736; x_wconf 86' lang='lat' dir='ltr'><strong>destinamus:</strong></span> <span class='ocrx_word' id='word_1_605' title='bbox 1278 5678 1401 5746; x_wconf 89' lang='lat' dir='ltr'><strong>quia</strong></span> <span class='ocrx_word' id='word_1_606' title='bbox 1414 5685 1548 5731; x_wconf 79' lang='lat' dir='ltr'><strong>tunc</strong></span> <span class='ocrx_word' id='word_1_607' title='bbox 1568 5675 1784 5730; x_wconf 79' lang='lat' dir='ltr'><strong>ordines</strong></span> <span class='ocrx_word' id='word_1_608' title='bbox 1808 5682 2021 5747; x_wconf 85' lang='lat' dir='ltr'><strong>nostros</strong></span> 
     </span>
    </p>
   </div>
   <div class='ocr_carea' id='block_1_87' title="bbox 2109 3280 3702 3361">
    <p class='ocr_par' dir='ltr' id='par_1_87' title="bbox 2109 3280 3702 3361">
     <span class='ocr_line' id='line_1_88' title="bbox 2109 3280 3702 3361; baseline -0.014 -6"><span class='ocrx_word' id='word_1_609' title='bbox 2109 3306 2224 3355; x_wconf 88' lang='lat' dir='ltr'><strong>tare</strong></span> <span class='ocrx_word' id='word_1_610' title='bbox 2246 3297 2545 3352; x_wconf 89' lang='lat' dir='ltr'><strong>venientes.</strong></span> <span class='ocrx_word' id='word_1_611' title='bbox 2584 3293 2699 3348; x_wconf 86' lang='lat' dir='ltr'><strong>Non</strong></span> <span class='ocrx_word' id='word_1_612' title='bbox 2749 3292 2844 3346; x_wconf 90' lang='lat' dir='ltr'><strong>tibi</strong></span> <span class='ocrx_word' id='word_1_613' title='bbox 2872 3289 3015 3361; x_wconf 83' lang='lat' dir='ltr'><strong>quod</strong></span> <span class='ocrx_word' id='word_1_614' title='bbox 3043 3288 3381 3356; x_wconf 82' lang='lat' dir='ltr'><strong>despiciatur</strong></span> <span class='ocrx_word' id='word_1_615' title='bbox 3430 3294 3514 3339; x_wconf 89' lang='lat' dir='ltr'><strong>est</strong></span> <span class='ocrx_word' id='word_1_616' title='bbox 3540 3280 3702 3338; x_wconf 81' lang='lat' dir='ltr'><strong>credi-</strong></span> 
     </span>
    </p>
   </div>
   <div class='ocr_carea' id='block_1_88' title="bbox 2109 3364 3709 3454">
    <p class='ocr_par' dir='ltr' id='par_1_88' title="bbox 2109 3364 3709 3454">
     <span class='ocr_line' id='line_1_89' title="bbox 2109 3364 3709 3454; baseline -0.012 -11"><span class='ocrx_word' id='word_1_617' title='bbox 2109 3396 2242 3443; x_wconf 88' lang='lat' dir='ltr'><strong>tum.</strong></span> <span class='ocrx_word' id='word_1_618' title='bbox 2274 3364 2603 3454; x_wconf 75' lang='lat' dir='ltr'><strong>Quibusdam</strong></span> <span class='ocrx_word' id='word_1_619' title='bbox 2652 3382 2894 3438; x_wconf 80' lang='lat' dir='ltr'><strong>faucibus</strong></span> <span class='ocrx_word' id='word_1_620' title='bbox 2939 3378 3173 3435; x_wconf 80' lang='lat' dir='ltr'><strong>civitatis</strong></span> <span class='ocrx_word' id='word_1_621' title='bbox 3212 3374 3583 3447; x_wconf 86' lang='lat' dir='ltr'><strong>praeponeris,</strong></span> <span class='ocrx_word' id='word_1_622' title='bbox 3621 3367 3709 3441; x_wconf 85' lang='lat' dir='ltr'><strong>qui</strong></span> 
     </span>
    </p>
   </div>
   <div class='ocr_carea' id='block_1_89' title="bbox 2108 3461 3708 3550">
    <p class='ocr_par' dir='ltr' id='par_1_89' title="bbox 2108 3461 3708 3550">
     <span class='ocr_line' id='line_1_90' title="bbox 2108 3461 3708 3550; baseline -0.014 -13"><span class='ocrx_word' id='word_1_623' title='bbox 2108 3480 2531 3550; x_wconf 89' lang='lat' dir='ltr'><strong>ingredientibus</strong></span> <span class='ocrx_word' id='word_1_624' title='bbox 2559 3476 2878 3532; x_wconf 89' lang='lat' dir='ltr'><strong>victualibus</strong></span> <span class='ocrx_word' id='word_1_625' title='bbox 2902 3474 3133 3543; x_wconf 80' lang='lat' dir='ltr'><strong>prmesse</strong></span> <span class='ocrx_word' id='word_1_626' title='bbox 3164 3468 3518 3524; x_wconf 84' lang='lat' dir='ltr'><strong>monstraris.</strong></span> <span class='ocrx_word' id='word_1_627' title='bbox 3562 3461 3708 3530; x_wconf 87' lang='lat' dir='ltr'><strong>Quod</strong></span> 
     </span>
    </p>
   </div>
   <div class='ocr_carea' id='block_1_90' title="bbox 2108 3559 3709 3642">
    <p class='ocr_par' dir='ltr' id='par_1_90' title="bbox 2108 3559 3709 3642">
     <span class='ocr_line' id='line_1_91' title="bbox 2108 3559 3709 3642; baseline -0.014 -13"><span class='ocrx_word' id='word_1_628' title='bbox 2108 3582 2166 3628; x_wconf 85' lang='lat' dir='ltr'><strong>te</strong></span> <span class='ocrx_word' id='word_1_629' title='bbox 2192 3580 2407 3642; x_wconf 91' lang='lat' dir='ltr'><strong>oportet</strong></span> <span class='ocrx_word' id='word_1_630' title='bbox 2430 3570 2547 3624; x_wconf 90' lang='lat' dir='ltr'><strong>sine</strong></span> <span class='ocrx_word' id='word_1_631' title='bbox 2574 3567 2793 3638; x_wconf 89' lang='lat' dir='ltr'><strong>querela</strong></span> <span class='ocrx_word' id='word_1_632' title='bbox 2832 3564 3112 3636; x_wconf 82' lang='lat' dir='ltr'><strong>perlicere,</strong></span> <span class='ocrx_word' id='word_1_633' title='bbox 3143 3570 3201 3615; x_wconf 91' lang='lat' dir='ltr'><strong>ut</strong></span> <span class='ocrx_word' id='word_1_634' title='bbox 3240 3562 3292 3614; x_wconf 91' lang='lat' dir='ltr'><strong>in</strong></span> <span class='ocrx_word' id='word_1_635' title='bbox 3330 3559 3523 3629; x_wconf 86' lang='lat' dir='ltr'><strong>parvis</strong></span> <span class='ocrx_word' id='word_1_636' title='bbox 3550 3569 3709 3624; x_wconf 81' lang='lat' dir='ltr'><strong>agno—</strong></span> 
     </span>
    </p>
   </div>
   <div class='ocr_carea' id='block_1_91' title="bbox 2110 3653 3518 3735">
    <p class='ocr_par' dir='ltr' id='par_1_91' title="bbox 2110 3653 3518 3735">
     <span class='ocr_line' id='line_1_92' title="bbox 2110 3653 3518 3735; baseline -0.014 -13"><span class='ocrx_word' id='word_1_637' title='bbox 2110 3679 2263 3722; x_wconf 88' lang='lat' dir='ltr'><strong>scere</strong></span> <span class='ocrx_word' id='word_1_638' title='bbox 2285 3662 2571 3735; x_wconf 86' lang='lat' dir='ltr'><strong>possimus,</strong></span> <span class='ocrx_word' id='word_1_639' title='bbox 2603 3659 2689 3714; x_wconf 90' lang='lat' dir='ltr'><strong>cui</strong></span> <span class='ocrx_word' id='word_1_640' title='bbox 2716 3656 2922 3726; x_wconf 87' lang='lat' dir='ltr'><strong>majora</strong></span> <span class='ocrx_word' id='word_1_641' title='bbox 2942 3653 3162 3712; x_wconf 84' lang='lat' dir='ltr'><strong>credere</strong></span> <span class='ocrx_word' id='word_1_642' title='bbox 3187 3653 3518 3707; x_wconf 87' lang='lat' dir='ltr'><strong>debeamus.</strong></span> 
     </span>
    </p>
   </div>
   <div class='ocr_carea' id='block_1_92' title="bbox 2275 3816 3562 3873">
    <p class='ocr_par' dir='ltr' id='par_1_92' title="bbox 2275 3816 3562 3873">
     <span class='ocr_line' id='line_1_93' title="bbox 2275 3816 3562 3873; baseline -0.012 1"><span class='ocrx_word' id='word_1_643' title='bbox 2275 3816 2442 3873; x_wconf 86' lang='lat' dir='ltr'><strong>XXX.</strong></span> <span class='ocrx_word' id='word_1_644' title='bbox 2480 3831 2727 3873; x_wconf 73' lang='lat' dir='ltr'><strong>FORMULA</strong></span> <span class='ocrx_word' id='word_1_645' title='bbox 2766 3827 3094 3869; x_wconf 67' lang='lat' dir='ltr'><strong>rnmusnus</strong></span> <span class='ocrx_word' id='word_1_646' title='bbox 3126 3822 3562 3865; x_wconf 71' lang='lat' dir='ltr'><strong>rnovtxcunuu.</strong></span> 
     </span>
    </p>
   </div>
   <div class='ocr_carea' id='block_1_93' title="bbox 2186 3913 3719 4003">
    <p class='ocr_par' dir='ltr' id='par_1_93' title="bbox 2186 3913 3719 4003">
     <span class='ocr_line' id='line_1_94' title="bbox 2186 3913 3719 4003; baseline -0.016 -14"><span class='ocrx_word' id='word_1_647' title='bbox 2186 3933 2451 4003; x_wconf 66' lang='lat' dir='ltr'><strong>IEquitati</strong></span> <span class='ocrx_word' id='word_1_648' title='bbox 2493 3930 2746 3987; x_wconf 87' lang='lat' dir='ltr'><strong>convenit</strong></span> <span class='ocrx_word' id='word_1_649' title='bbox 2773 3937 2831 3983; x_wconf 91' lang='lat' dir='ltr'><strong>ut</strong></span> <span class='ocrx_word' id='word_1_650' title='bbox 2861 3925 3223 3994; x_wconf 85' lang='lat' dir='ltr'><strong>unusquisque</strong></span> <span class='ocrx_word' id='word_1_651' title='bbox 3251 3922 3327 3976; x_wconf 88' lang='lat' dir='ltr'><strong>ad</strong></span> <span class='ocrx_word' id='word_1_652' title='bbox 3352 3919 3595 3974; x_wconf 87' lang='lat' dir='ltr'><strong>fructum</strong></span> <span class='ocrx_word' id='word_1_653' title='bbox 3625 3913 3719 3969; x_wconf 88' lang='lat' dir='ltr'><strong>mi-</strong></span> 
     </span>
    </p>
   </div>
   <div class='ocr_carea' id='block_1_94' title="bbox 2114 4004 3723 4091">
    <p class='ocr_par' dir='ltr' id='par_1_94' title="bbox 2114 4004 3723 4091">
     <span class='ocr_line' id='line_1_95' title="bbox 2114 4004 3723 4091; baseline -0.016 -10"><span class='ocrx_word' id='word_1_654' title='bbox 2114 4027 2242 4083; x_wconf 73' lang='lat' dir='ltr'><strong>litite</strong></span> <span class='ocrx_word' id='word_1_655' title='bbox 2269 4039 2492 4083; x_wconf 90' lang='lat' dir='ltr'><strong>emenso</strong></span> <span class='ocrx_word' id='word_1_656' title='bbox 2532 4031 2776 4091; x_wconf 91' lang='lat' dir='ltr'><strong>tempore</strong></span> <span class='ocrx_word' id='word_1_657' title='bbox 2823 4017 3017 4072; x_wconf 84' lang='lat' dir='ltr'><strong>debeat</strong></span> <span class='ocrx_word' id='word_1_658' title='bbox 3064 4011 3385 4083; x_wconf 80' lang='lat' dir='ltr'><strong>pervenire,</strong></span> <span class='ocrx_word' id='word_1_659' title='bbox 3442 4017 3501 4064; x_wconf 90' lang='lat' dir='ltr'><strong>et</strong></span> <span class='ocrx_word' id='word_1_660' title='bbox 3531 4004 3723 4060; x_wconf 64' lang='lat' dir='ltr'><strong>laboris</strong></span> 
     </span>
    </p>
   </div>
   <div class='ocr_carea' id='block_1_95' title="bbox 2116 4100 3719 4192">
    <p class='ocr_par' dir='ltr' id='par_1_95' title="bbox 2116 4100 3719 4192">
     <span class='ocr_line' id='line_1_96' title="bbox 2116 4100 3719 4192; baseline -0.021 -14"><span class='ocrx_word' id='word_1_661' title='bbox 2116 4121 2345 4192; x_wconf 89' lang='lat' dir='ltr'><strong>recipiat</strong></span> <span class='ocrx_word' id='word_1_662' title='bbox 2388 4115 2668 4188; x_wconf 68' lang='lat' dir='ltr'><strong>prtemium</strong></span> <span class='ocrx_word' id='word_1_663' title='bbox 2720 4126 2821 4182; x_wconf 90' lang='lat' dir='ltr'><strong>pro</strong></span> <span class='ocrx_word' id='word_1_664' title='bbox 2876 4104 3326 4175; x_wconf 87' lang='lat' dir='ltr'><strong>compensatione</strong></span> <span class='ocrx_word' id='word_1_665' title='bbox 3377 4100 3719 4155; x_wconf 89' lang='lat' dir='ltr'><strong>meritorum.</strong></span> 
     </span>
    </p>
   </div>
   <div class='ocr_carea' id='block_1_96' title="bbox 2120 4190 3727 4280">
    <p class='ocr_par' dir='ltr' id='par_1_96' title="bbox 2120 4190 3727 4280">
     <span class='ocr_line' id='line_1_97' title="bbox 2120 4190 3727 4280; baseline -0.022 -11"><span class='ocrx_word' id='word_1_666' title='bbox 2120 4190 2273 4269; x_wconf 85' lang='lat' dir='ltr'><strong>Unde</strong></span> <span class='ocrx_word' id='word_1_667' title='bbox 2301 4210 2425 4280; x_wconf 89' lang='lat' dir='ltr'><strong>quia</strong></span> <span class='ocrx_word' id='word_1_668' title='bbox 2454 4208 2644 4277; x_wconf 71' lang='lat' dir='ltr'><strong>prisca:</strong></span> <span class='ocrx_word' id='word_1_669' title='bbox 2671 4192 3075 4258; x_wconf 74' lang='lat' dir='ltr'><strong>consuetudinis</strong></span> <span class='ocrx_word' id='word_1_670' title='bbox 3101 4194 3246 4248; x_wconf 89' lang='lat' dir='ltr'><strong>ratio</strong></span> <span class='ocrx_word' id='word_1_671' title='bbox 3274 4190 3594 4264; x_wconf 87' lang='lat' dir='ltr'><strong>persuadet</strong></span> <span class='ocrx_word' id='word_1_672' title='bbox 3620 4194 3727 4239; x_wconf 87' lang='lat' dir='ltr'><strong>uta</strong></span> 
     </span>
    </p>
   </div>
   <div class='ocr_carea' id='block_1_97' title="bbox 2118 4283 3729 4364">
    <p class='ocr_par' dir='ltr' id='par_1_97' title="bbox 2118 4283 3729 4364">
     <span class='ocr_line' id='line_1_98' title="bbox 2118 4283 3729 4364; baseline -0.017 -5"><span class='ocrx_word' id='word_1_673' title='bbox 2118 4303 2275 4359; x_wconf 90' lang='lat' dir='ltr'><strong>nobis</strong></span> <span class='ocrx_word' id='word_1_674' title='bbox 2314 4300 2509 4354; x_wconf 90' lang='lat' dir='ltr'><strong>debeat</strong></span> <span class='ocrx_word' id='word_1_675' title='bbox 2553 4292 2841 4364; x_wconf 75' lang='lat' dir='ltr'><strong>designari,</strong></span> <span class='ocrx_word' id='word_1_676' title='bbox 2896 4289 2986 4358; x_wconf 89' lang='lat' dir='ltr'><strong>qui</strong></span> <span class='ocrx_word' id='word_1_677' title='bbox 3034 4302 3066 4341; x_wconf 85' lang='lat' dir='ltr'><strong>a</strong></span> <span class='ocrx_word' id='word_1_678' title='bbox 3094 4285 3249 4340; x_wconf 90' lang='lat' dir='ltr'><strong>vobis</strong></span> <span class='ocrx_word' id='word_1_679' title='bbox 3299 4283 3576 4339; x_wconf 86' lang='lat' dir='ltr'><strong>tribunus</strong></span> <span class='ocrx_word' id='word_1_680' title='bbox 3618 4288 3729 4331; x_wconf 80' lang='lat' dir='ltr'><strong>esse</strong></span> 
     </span>
    </p>
   </div>
   <div class='ocr_carea' id='block_1_98' title="bbox 2119 4366 3738 4457">
    <p class='ocr_par' dir='ltr' id='par_1_98' title="bbox 2119 4366 3738 4457">
     <span class='ocr_line' id='line_1_99' title="bbox 2119 4366 3738 4457; baseline -0.019 -8"><span class='ocrx_word' id='word_1_681' title='bbox 2119 4401 2423 4457; x_wconf 88' lang='lat' dir='ltr'><strong>mereatur;</strong></span> <span class='ocrx_word' id='word_1_682' title='bbox 2480 4388 2600 4442; x_wconf 90' lang='lat' dir='ltr'><strong>ideo</strong></span> <span class='ocrx_word' id='word_1_683' title='bbox 2650 4386 2751 4439; x_wconf 90' lang='lat' dir='ltr'><strong>hac</strong></span> <span class='ocrx_word' id='word_1_684' title='bbox 2797 4379 3123 4436; x_wconf 86' lang='lat' dir='ltr'><strong>auctoritate</strong></span> <span class='ocrx_word' id='word_1_685' title='bbox 3163 4390 3497 4441; x_wconf 89' lang='lat' dir='ltr'><strong>censemus,</strong></span> <span class='ocrx_word' id='word_1_686' title='bbox 3550 4379 3609 4425; x_wconf 89' lang='lat' dir='ltr'><strong>ut</strong></span> <span class='ocrx_word' id='word_1_687' title='bbox 3650 4366 3738 4422; x_wconf 83' lang='lat' dir='ltr'><strong>ille</strong></span> 
     </span>
    </p>
   </div>
   <div class='ocr_carea' id='block_1_99' title="bbox 2120 4462 3735 4557">
    <p class='ocr_par' dir='ltr' id='par_1_99' title="bbox 2120 4462 3735 4557">
     <span class='ocr_line' id='line_1_100' title="bbox 2120 4462 3735 4557; baseline -0.017 -16"><span class='ocrx_word' id='word_1_688' title='bbox 2120 4501 2279 4557; x_wconf 80' lang='lat' dir='ltr'><strong>quem</strong></span> <span class='ocrx_word' id='word_1_689' title='bbox 2315 4484 2467 4539; x_wconf 89' lang='lat' dir='ltr'><strong>locus</strong></span> <span class='ocrx_word' id='word_1_690' title='bbox 2494 4478 2711 4534; x_wconf 88' lang='lat' dir='ltr'><strong>videtur</strong></span> <span class='ocrx_word' id='word_1_691' title='bbox 2755 4487 3073 4545; x_wconf 84' lang='lat' dir='ltr'><strong>exposcere,</strong></span> <span class='ocrx_word' id='word_1_692' title='bbox 3103 4468 3263 4524; x_wconf 92' lang='lat' dir='ltr'><strong>vobis</strong></span> <span class='ocrx_word' id='word_1_693' title='bbox 3308 4468 3373 4522; x_wconf 90' lang='lat' dir='ltr'><strong>in</strong></span> <span class='ocrx_word' id='word_1_694' title='bbox 3420 4462 3735 4535; x_wconf 82' lang='lat' dir='ltr'><strong>supradicto</strong></span> 
     </span>
    </p>
   </div>
   <div class='ocr_carea' id='block_1_100' title="bbox 2040 4550 3741 4643">
    <p class='ocr_par' dir='ltr' id='par_1_100' title="bbox 2040 4550 3741 4643">
     <span class='ocr_line' id='line_1_101' title="bbox 2040 4550 3741 4643; baseline -0.016 -11"><span class='ocrx_word' id='word_1_695' title='bbox 2040 4572 2093 4633; x_wconf 80' lang='grc' dir='ltr'><strong>Β</strong></span> <span class='ocrx_word' id='word_1_696' title='bbox 2119 4550 2325 4631; x_wconf 80' lang='lat' dir='ltr'><strong>honore</strong></span> <span class='ocrx_word' id='word_1_697' title='bbox 2353 4568 2669 4643; x_wconf 86' lang='lat' dir='ltr'><strong>praesideat;</strong></span> <span class='ocrx_word' id='word_1_698' title='bbox 2701 4570 2967 4637; x_wconf 89' lang='lat' dir='ltr'><strong>quatenus</strong></span> <span class='ocrx_word' id='word_1_699' title='bbox 3006 4572 3129 4616; x_wconf 88' lang='lat' dir='ltr'><strong>cum</strong></span> <span class='ocrx_word' id='word_1_700' title='bbox 3159 4558 3229 4612; x_wconf 91' lang='lat' dir='ltr'><strong>ad</strong></span> <span class='ocrx_word' id='word_1_701' title='bbox 3260 4564 3505 4627; x_wconf 82' lang='lat' dir='ltr'><strong>tempus</strong></span> <span class='ocrx_word' id='word_1_702' title='bbox 3534 4550 3741 4608; x_wconf 83' lang='lat' dir='ltr'><strong>venerit</strong></span> 
     </span>
    </p>
   </div>
   <div class='ocr_carea' id='block_1_101' title="bbox 2120 4643 3739 4729">
    <p class='ocr_par' dir='ltr' id='par_1_101' title="bbox 2120 4643 3739 4729">
     <span class='ocr_line' id='line_1_102' title="bbox 2120 4643 3739 4729; baseline -0.019 -8"><span class='ocrx_word' id='word_1_703' title='bbox 2120 4664 2487 4725; x_wconf 88' lang='lat' dir='ltr'><strong>constitutum,</strong></span> <span class='ocrx_word' id='word_1_704' title='bbox 2514 4666 2700 4729; x_wconf 89' lang='lat' dir='ltr'><strong>optato</strong></span> <span class='ocrx_word' id='word_1_705' title='bbox 2728 4657 2934 4711; x_wconf 90' lang='lat' dir='ltr'><strong>honore</strong></span> <span class='ocrx_word' id='word_1_706' title='bbox 2960 4652 3215 4722; x_wconf 87' lang='lat' dir='ltr'><strong>potiatur.</strong></span> <span class='ocrx_word' id='word_1_707' title='bbox 3239 4647 3459 4703; x_wconf 85' lang='lat' dir='ltr'><strong>Divina</strong></span> <span class='ocrx_word' id='word_1_708' title='bbox 3482 4652 3616 4701; x_wconf 87' lang='lat' dir='ltr'><strong>sunt</strong></span> <span class='ocrx_word' id='word_1_709' title='bbox 3645 4643 3739 4695; x_wconf 82' lang='lat' dir='ltr'><strong>ista</strong></span> 
     </span>
    </p>
   </div>
   <div class='ocr_carea' id='block_1_102' title="bbox 2114 4737 3747 4826">
    <p class='ocr_par' dir='ltr' id='par_1_102' title="bbox 2114 4737 3747 4826">
     <span class='ocr_line' id='line_1_103' title="bbox 2114 4737 3747 4826; baseline -0.017 -15"><span class='ocrx_word' id='word_1_710' title='bbox 2114 4754 2334 4826; x_wconf 86' lang='lat' dir='ltr'><strong>judicia,</strong></span> <span class='ocrx_word' id='word_1_711' title='bbox 2363 4764 2472 4805; x_wconf 91' lang='lat' dir='ltr'><strong>non</strong></span> <span class='ocrx_word' id='word_1_712' title='bbox 2518 4750 2771 4809; x_wconf 90' lang='lat' dir='ltr'><strong>humana,</strong></span> <span class='ocrx_word' id='word_1_713' title='bbox 2817 4752 2878 4798; x_wconf 91' lang='lat' dir='ltr'><strong>ut</strong></span> <span class='ocrx_word' id='word_1_714' title='bbox 2914 4757 3074 4811; x_wconf 89' lang='lat' dir='ltr'><strong>quem</strong></span> <span class='ocrx_word' id='word_1_715' title='bbox 3103 4754 3351 4809; x_wconf 88' lang='lat' dir='ltr'><strong>superna</strong></span> <span class='ocrx_word' id='word_1_716' title='bbox 3406 4737 3483 4792; x_wconf 87' lang='lat' dir='ltr'><strong>ad</strong></span> <span class='ocrx_word' id='word_1_717' title='bbox 3534 4743 3747 4802; x_wconf 84' lang='lat' dir='ltr'><strong>tempus</strong></span> 
     </span>
    </p>
   </div>
   <div class='ocr_carea' id='block_1_103' title="bbox 2119 4823 3747 4907">
    <p class='ocr_par' dir='ltr' id='par_1_103' title="bbox 2119 4823 3747 4907">
     <span class='ocr_line' id='line_1_104' title="bbox 2119 4823 3747 4907; baseline -0.017 -5"><span class='ocrx_word' id='word_1_718' title='bbox 2119 4823 2358 4902; x_wconf 80' lang='lat' dir='ltr'><strong>debitum</strong></span> <span class='ocrx_word' id='word_1_719' title='bbox 2378 4840 2665 4897; x_wconf 89' lang='lat' dir='ltr'><strong>voluerunt</strong></span> <span class='ocrx_word' id='word_1_720' title='bbox 2692 4835 3009 4907; x_wconf 89' lang='lat' dir='ltr'><strong>perducere,</strong></span> <span class='ocrx_word' id='word_1_721' title='bbox 3048 4832 3241 4886; x_wconf 89' lang='lat' dir='ltr'><strong>merito</strong></span> <span class='ocrx_word' id='word_1_722' title='bbox 3272 4829 3557 4884; x_wconf 84' lang='lat' dir='ltr'><strong>videatur</strong></span> <span class='ocrx_word' id='word_1_723' title='bbox 3588 4833 3646 4878; x_wconf 89' lang='lat' dir='ltr'><strong>et</strong></span> <span class='ocrx_word' id='word_1_724' title='bbox 3670 4823 3747 4876; x_wconf 83' lang='lat' dir='ltr'><strong>la-</strong></span> 
     </span>
    </p>
   </div>
   <div class='ocr_carea' id='block_1_104' title="bbox 2119 4920 3742 5002">
    <p class='ocr_par' dir='ltr' id='par_1_104' title="bbox 2119 4920 3742 5002">
     <span class='ocr_line' id='line_1_105' title="bbox 2119 4920 3742 5002; baseline -0.017 -9"><span class='ocrx_word' id='word_1_725' title='bbox 2119 4937 2265 4992; x_wconf 77' lang='lat' dir='ltr'><strong>bonis</strong></span> <span class='ocrx_word' id='word_1_726' title='bbox 2308 4933 2389 4989; x_wconf 90' lang='lat' dir='ltr'><strong>sui</strong></span> <span class='ocrx_word' id='word_1_727' title='bbox 2430 4930 2646 5002; x_wconf 72' lang='lat' dir='ltr'><strong>pnemia</strong></span> <span class='ocrx_word' id='word_1_728' title='bbox 2694 4926 3016 4995; x_wconf 83' lang='lat' dir='ltr'><strong>suscepisse.</strong></span> <span class='ocrx_word' id='word_1_729' title='bbox 3076 4920 3471 4975; x_wconf 78' lang='lat' dir='ltr'><strong>Excubiarum</strong></span> <span class='ocrx_word' id='word_1_730' title='bbox 3522 4926 3742 4972; x_wconf 84' lang='lat' dir='ltr'><strong>suarum</strong></span> 
     </span>
    </p>
   </div>
   <div class='ocr_carea' id='block_1_105' title="bbox 2117 5004 3741 5097">
    <p class='ocr_par' dir='ltr' id='par_1_105' title="bbox 2117 5004 3741 5097">
     <span class='ocr_line' id='line_1_106' title="bbox 2117 5004 3741 5097; baseline -0.015 -16"><span class='ocrx_word' id='word_1_731' title='bbox 2117 5028 2281 5097; x_wconf 81' lang='lat' dir='ltr'><strong>igitur</strong></span> <span class='ocrx_word' id='word_1_732' title='bbox 2307 5022 2669 5092; x_wconf 89' lang='lat' dir='ltr'><strong>competentia</strong></span> <span class='ocrx_word' id='word_1_733' title='bbox 2695 5016 2974 5089; x_wconf 88' lang='lat' dir='ltr'><strong>privilegia</strong></span> <span class='ocrx_word' id='word_1_734' title='bbox 3007 5020 3419 5080; x_wconf 84' lang='lat' dir='ltr'><strong>consequatur,</strong></span> <span class='ocrx_word' id='word_1_735' title='bbox 3449 5009 3587 5077; x_wconf 86' lang='lat' dir='ltr'><strong>quia</strong></span> <span class='ocrx_word' id='word_1_736' title='bbox 3630 5004 3741 5059; x_wconf 80' lang='lat' dir='ltr'><strong>nul-</strong></span> 
     </span>
    </p>
   </div>
   <div class='ocr_carea' id='block_1_106' title="bbox 2117 5099 3742 5171">
    <p class='ocr_par' dir='ltr' id='par_1_106' title="bbox 2117 5099 3742 5171">
     <span class='ocr_line' id='line_1_107' title="bbox 2117 5099 3742 5171; baseline -0.012 1"><span class='ocrx_word' id='word_1_737' title='bbox 2117 5118 2229 5171; x_wconf 89' lang='lat' dir='ltr'><strong>lum</strong></span> <span class='ocrx_word' id='word_1_738' title='bbox 2275 5113 2640 5169; x_wconf 88' lang='lat' dir='ltr'><strong>emolumento</strong></span> <span class='ocrx_word' id='word_1_739' title='bbox 2690 5113 2952 5162; x_wconf 91' lang='lat' dir='ltr'><strong>consueto</strong></span> <span class='ocrx_word' id='word_1_740' title='bbox 3005 5099 3243 5156; x_wconf 81' lang='lat' dir='ltr'><strong>fraudari</strong></span> <span class='ocrx_word' id='word_1_741' title='bbox 3304 5099 3742 5154; x_wconf 74' lang='lat' dir='ltr'><strong>desideramus.</strong></span> 
     </span>
    </p>
   </div>
   <div class='ocr_carea' id='block_1_107' title="bbox 2119 5190 3747 5278">
    <p class='ocr_par' dir='ltr' id='par_1_107' title="bbox 2119 5190 3747 5278">
     <span class='ocr_line' id='line_1_108' title="bbox 2119 5190 3747 5278; baseline -0.018 -13"><span class='ocrx_word' id='word_1_742' title='bbox 2119 5222 2283 5278; x_wconf 91' lang='lat' dir='ltr'><strong>quem</strong></span> <span class='ocrx_word' id='word_1_743' title='bbox 2311 5206 2430 5267; x_wconf 87' lang='lat' dir='ltr'><strong>sine</strong></span> <span class='ocrx_word' id='word_1_744' title='bbox 2456 5201 2630 5272; x_wconf 89' lang='lat' dir='ltr'><strong>culpis</strong></span> <span class='ocrx_word' id='word_1_745' title='bbox 2658 5200 2726 5254; x_wconf 92' lang='lat' dir='ltr'><strong>ad</strong></span> <span class='ocrx_word' id='word_1_746' title='bbox 2767 5199 3056 5269; x_wconf 86' lang='lat' dir='ltr'><strong>primatum</strong></span> <span class='ocrx_word' id='word_1_747' title='bbox 3079 5193 3269 5247; x_wconf 87' lang='lat' dir='ltr'><strong>venire</strong></span> <span class='ocrx_word' id='word_1_748' title='bbox 3323 5190 3747 5260; x_wconf 81' lang='lat' dir='ltr'><strong>cognoscimus.</strong></span> 
     </span>
    </p>
   </div>
   <div class='ocr_carea' id='block_1_108' title="bbox 2122 5279 3759 5370">
    <p class='ocr_par' dir='ltr' id='par_1_108' title="bbox 2122 5279 3759 5370">
     <span class='ocr_line' id='line_1_109' title="bbox 2122 5279 3759 5370; baseline -0.02 -12"><span class='ocrx_word' id='word_1_749' title='bbox 2122 5302 2465 5370; x_wconf 87' lang='lat' dir='ltr'><strong>Quapropter</strong></span> <span class='ocrx_word' id='word_1_750' title='bbox 2486 5296 2580 5361; x_wconf 91' lang='lat' dir='ltr'><strong>illi,</strong></span> <span class='ocrx_word' id='word_1_751' title='bbox 2612 5309 2711 5364; x_wconf 92' lang='lat' dir='ltr'><strong>pro</strong></span> <span class='ocrx_word' id='word_1_752' title='bbox 2733 5290 2969 5346; x_wconf 88' lang='lat' dir='ltr'><strong>utilitate</strong></span> <span class='ocrx_word' id='word_1_753' title='bbox 2994 5285 3206 5356; x_wconf 90' lang='lat' dir='ltr'><strong>publica</strong></span> <span class='ocrx_word' id='word_1_754' title='bbox 3237 5279 3759 5370; x_wconf 37' lang='lat' dir='ltr'><strong>disponetiti,‘nio-</strong></span> 
     </span>
    </p>
   </div>
   <div class='ocr_carea' id='block_1_109' title="bbox 2123 5366 3756 5450">
    <p class='ocr_par' dir='ltr' id='par_1_109' title="bbox 2123 5366 3756 5450">
     <span class='ocr_line' id='line_1_110' title="bbox 2123 5366 3756 5450; baseline -0.021 -1"><span class='ocrx_word' id='word_1_755' title='bbox 2123 5366 2205 5449; x_wconf 84' lang='lat' dir='ltr'><strong>dis</strong></span> <span class='ocrx_word' id='word_1_756' title='bbox 2230 5366 2478 5448; x_wconf 73' lang='lat' dir='ltr'><strong>omnibus</strong></span> <span class='ocrx_word' id='word_1_757' title='bbox 2519 5384 2737 5442; x_wconf 89' lang='lat' dir='ltr'><strong>obedite</strong></span> <span class='ocrx_word' id='word_1_758' title='bbox 2782 5399 2794 5434; x_wconf 88' lang='lat'>:</span> <span class='ocrx_word' id='word_1_759' title='bbox 2843 5379 3099 5450; x_wconf 88' lang='lat' dir='ltr'><strong>quoniam</strong></span> <span class='ocrx_word' id='word_1_760' title='bbox 3150 5380 3517 5444; x_wconf 81' lang='lat' dir='ltr'><strong>potestatem</strong></span> <span class='ocrx_word' id='word_1_761' title='bbox 3565 5366 3756 5441; x_wconf 49' lang='lat' dir='ltr'><strong>{Cu},</strong></span> 
     </span>
    </p>
   </div>
   <div class='ocr_carea' id='block_1_110' title="bbox 2123 5461 3754 5551">
    <p class='ocr_par' dir='ltr' id='par_1_110' title="bbox 2123 5461 3754 5551">
     <span class='ocr_line' id='line_1_111' title="bbox 2123 5461 3754 5551; baseline -0.018 -11"><span class='ocrx_word' id='word_1_762' title='bbox 2123 5486 2270 5551; x_wconf 64' lang='lat' dir='ltr'><strong>Con,</strong></span> <span class='ocrx_word' id='word_1_763' title='bbox 2305 5483 2426 5538; x_wconf 85' lang='lat' dir='ltr'><strong>Niv.</strong></span> <span class='ocrx_word' id='word_1_764' title='bbox 2460 5490 2508 5535; x_wconf 80' lang='lat' dir='ltr'><strong>et</strong></span> <span class='ocrx_word' id='word_1_765' title='bbox 2539 5479 2714 5542; x_wconf 80' lang='lat' dir='ltr'><strong>Gam.,</strong></span> <span class='ocrx_word' id='word_1_766' title='bbox 2762 5471 2957 5544; x_wconf 87' lang='lat' dir='ltr'><strong>artem]</strong></span> <span class='ocrx_word' id='word_1_767' title='bbox 2996 5468 3188 5540; x_wconf 87' lang='lat' dir='ltr'><strong>judicis</strong></span> <span class='ocrx_word' id='word_1_768' title='bbox 3230 5465 3471 5521; x_wconf 83' lang='lat' dir='ltr'><strong>habent</strong></span> <span class='ocrx_word' id='word_1_769' title='bbox 3523 5461 3754 5534; x_wconf 80' lang='lat' dir='ltr'><strong>priores,</strong></span> 
     </span>
    </p>
   </div>
   <div class='ocr_carea' id='block_1_111' title="bbox 2122 5552 3760 5649">
    <p class='ocr_par' dir='ltr' id='par_1_111' title="bbox 2122 5552 3760 5649">
     <span class='ocr_line' id='line_1_112' title="bbox 2122 5552 3760 5649; baseline -0.018 -15"><span class='ocrx_word' id='word_1_770' title='bbox 2122 5578 2337 5649; x_wconf 85' lang='lat' dir='ltr'><strong>quando</strong></span> <span class='ocrx_word' id='word_1_771' title='bbox 2368 5577 2435 5629; x_wconf 88' lang='lat' dir='ltr'><strong>ab</strong></span> <span class='ocrx_word' id='word_1_772' title='bbox 2484 5572 2613 5642; x_wconf 89' lang='lat' dir='ltr'><strong>ipsis</strong></span> <span class='ocrx_word' id='word_1_773' title='bbox 2655 5567 2967 5641; x_wconf 86' lang='lat' dir='ltr'><strong>requiritur,</strong></span> <span class='ocrx_word' id='word_1_774' title='bbox 2998 5564 3043 5621; x_wconf 89' lang='lat' dir='ltr'><strong>si</strong></span> <span class='ocrx_word' id='word_1_775' title='bbox 3078 5558 3201 5635; x_wconf 82' lang='lat' dir='ltr'><strong>quid</strong></span> <span class='ocrx_word' id='word_1_776' title='bbox 3228 5575 3268 5614; x_wconf 87' lang='lat' dir='ltr'><strong>a</strong></span> <span class='ocrx_word' id='word_1_777' title='bbox 3307 5559 3485 5614; x_wconf 80' lang='lat' dir='ltr'><strong>vobis</strong></span> <span class='ocrx_word' id='word_1_778' title='bbox 3516 5552 3760 5610; x_wconf 76' lang='lat' dir='ltr'><strong>insolen-</strong></span> 
     </span>
    </p>
   </div>
   <div class='ocr_carea' id='block_1_112' title="bbox 2121 5665 3287 5749">
    <p class='ocr_par' dir='ltr' id='par_1_112' title="bbox 2121 5665 3287 5749">
     <span class='ocr_line' id='line_1_113' title="bbox 2121 5665 3287 5749; baseline -0.017 -26"><span class='ocrx_word' id='word_1_779' title='bbox 2121 5671 2227 5723; x_wconf 90' lang='lat' dir='ltr'><strong>tius</strong></span> <span class='ocrx_word' id='word_1_780' title='bbox 2258 5665 2564 5749; x_wconf 80' lang='lat' dir='ltr'><strong>excedatur.</strong></span> <span class='ocrx_word' id='word_1_781' title='bbox 2702 5698 2709 5707; x_wconf 44' lang='grc' dir='ltr'><em>ί</em></span> <span class='ocrx_word' id='word_1_782' title='bbox 3284 5676 3287 5679; x_wconf 53' lang='grc'>&lt;</span> 
     </span>
    </p>
   </div>
   <div class='ocr_carea' id='block_1_113' title="bbox 516 5823 2527 5924">
    <p class='ocr_par' dir='ltr' id='par_1_113' title="bbox 516 5823 2527 5924">
     <span class='ocr_line' id='line_1_114' title="bbox 516 5823 2527 5924; baseline -0.01 -30"><span class='ocrx_word' id='word_1_783' title='bbox 516 5852 535 5867; x_wconf 65' lang='grc' dir='ltr'><strong>ι·</strong></span> <span class='ocrx_word' id='word_1_784' title='bbox 662 5838 689 5892; x_wconf 83' lang='lat' dir='ltr'><strong>I</strong></span> <span class='ocrx_word' id='word_1_785' title='bbox 722 5838 879 5919; x_wconf 80' lang='lat' dir='ltr'><strong>Cod.,</strong></span> <span class='ocrx_word' id='word_1_786' title='bbox 912 5834 1012 5924; x_wconf 73' lang='lat' dir='ltr'><strong>Qui</strong></span> <span class='ocrx_word' id='word_1_787' title='bbox 1040 5853 1134 5907; x_wconf 80' lang='lat' dir='ltr'><strong>pro</strong></span> <span class='ocrx_word' id='word_1_788' title='bbox 1174 5851 1271 5889; x_wconf 78' lang='lat' dir='ltr'><strong>sua</strong></span> <span class='ocrx_word' id='word_1_789' title='bbox 1302 5824 1501 5917; x_wconf 74' lang='lat' dir='ltr'><strong>jurisd.</strong></span> <span class='ocrx_word' id='word_1_790' title='bbox 1542 5838 1596 5885; x_wconf 93' lang='lat' dir='ltr'><strong>et</strong></span> <span class='ocrx_word' id='word_1_791' title='bbox 1622 5846 1784 5915; x_wconf 81' lang='lat' dir='ltr'><strong>supra</strong></span> <span class='ocrx_word' id='word_1_792' title='bbox 1812 5829 1904 5884; x_wconf 90' lang='lat' dir='ltr'><strong>lib.</strong></span> <span class='ocrx_word' id='word_1_793' title='bbox 1936 5843 2011 5895; x_wconf 86' lang='lat' dir='ltr'><strong>Ill,</strong></span> <span class='ocrx_word' id='word_1_794' title='bbox 2053 5826 2206 5903; x_wconf 81' lang='lat' dir='ltr'><strong>epist.</strong></span> <span class='ocrx_word' id='word_1_795' title='bbox 2244 5823 2330 5878; x_wconf 77' lang='grc' dir='ltr'><strong>Η.</strong></span> <span class='ocrx_word' id='word_1_796' title='bbox 2365 5825 2527 5881; x_wconf 67' lang='lat' dir='ltr'><strong>fetus.</strong></span> 
     </span>
    </p>
   </div>
  </div>
