3988 6178
240 416 361 475 ’ἵΞὸ

416 522 602 583 XXXI.
645 536 893 580 rommu
932 533 1276 578 PRINCIPATUS
1312 530 1461 572 unus
1497 528 1677 569 nonas.

328 639 468 697 Cum
492 638 546 693 in
577 634 712 691 urbe
742 632 916 689 Roma
965 630 1196 702 plurima
1240 626 1357 684 ﬁeri
1400 636 1747 686 censeamus,
1796 627 1852 676 et

256 745 487 789 necesse
514 729 584 787 sit
612 727 686 782 ibi
732 733 1058 797 potestatem
1106 738 1227 780 esse
1267 719 1537 777 comitiaci
1578 716 1760 783 officii,
1792 724 1853 771 ut

257 825 524 880 utilitates
575 819 801 891 publicae
846 817 1129 873 videantur
1171 812 1405 884 impleri,
1462 817 1649 867 nostro
1699 820 1853 862 more

265 913 661 987 prospeximus,
685 918 744 964 ut
765 908 891 979 quia
914 906 1209 978 principem
1230 901 1559 959 cardinalem
1583 898 1855 968 obsequiis

264 1006 470 1064 nostris
509 1004 702 1061 deesse
741 1016 850 1057 non
896 1000 1148 1071 patimur,
1196 1005 1255 1052 tu
1299 995 1416 1066 ejus
1464 994 1643 1050 locum
1669 991 1855 1047 vicarii

265 1097 488 1155 nomine
531 1095 585 1149 in
627 1094 762 1149 urbe
808 1089 1051 1146 Romana
1096 1087 1412 1144 solemniter
1460 1085 1661 1141 debeas
1684 1082 1858 1140 conti-

264 1204 438 1255 nere;
476 1193 743 1257 quatenus
767 1192 824 1240 et
859 1182 951 1237 ille
998 1182 1262 1252 primatus
1304 1180 1385 1236 sui
1414 1178 1688 1240 laboribus
1728 1191 1856 1247 per-

268 1280 502 1346 fruatur,
553 1284 610 1333 et
660 1284 719 1330 tu
772 1275 827 1328 in
879 1273 1101 1328 alterius
1154 1274 1362 1327 honore
1403 1270 1578 1340 possis
1630 1268 1857 1332 discere,

270 1372 420 1441 quod
443 1371 496 1425 in
525 1377 620 1425 tuo
648 1368 846 1423 debeas
871 1365 1100 1421 feliciter
1125 1365 1404 1420 exhibere.
1451 1362 1508 1417 Si
1537 1376 1672 1430 quos
1698 1360 1861 1416 etiam

271 1462 684 1518 comitiacorum
728 1457 798 1512 ad
842 1457 1157 1513 comitatum
1201 1454 1526 1525 judicaveris
1566 1468 1686 1507 esse
1730 1451 1862 1506 diri-

260 1542 479 1619 ‘gendos
510 1568 522 1602 :
553 1548 841 1604 consulens
883 1545 1145 1614 obsequio
1187 1551 1394 1607 nostro,
1426 1550 1520 1597 tuo
1567 1539 1865 1609 subiacebit

255 1634 523 1696 'arbitrio.
555 1638 665 1695 Eos
692 1646 870 1692 autem
920 1651 1058 1707 quos
1096 1633 1407 1689 retinendos
1437 1631 1727 1701 putaveris,
1778 1629 1863 1682 in-

273 1734 426 1789 dulta
476 1731 768 1787 securitate
816 1727 1113 1799 potiantur.
1164 1725 1243 1778 Ita
1295 1732 1495 1786 tamen,
1542 1729 1602 1776 ut
1632 1720 1864 1775 vicissim

274 1826 457 1883 omnia
485 1818 818 1888 mndereris;
863 1828 1126 1892 quatenus
1173 1832 1273 1873 nec
1313 1817 1645 1873 excubantes
1689 1814 1864 1870 conti-

1544 394 1905 454 VARIARUM
1946 391 2146 448 LlBER
2186 384 2310 479 VII.‘

1878 518 1924 579 Α
1952 506 2191 561 XXXIII.
2245 517 2489 559 ronunu
2551 516 2868 559 uenenum
2906 515 3141 559 GENTIUII
3176 519 3531 563 DIVERSARUI.

3431 388 3530 446 725

2023 622 2155 689 Quis
2194 619 2402 676 dubitet
2432 617 2676 674 utilitatis
2720 618 2951 688 publicae
2996 618 3254 674 interesse
3293 617 3489 675 rationi
3515 664 3535 685 ,

1952 724 2014 772 ut
2035 715 2230 785 quibus
2259 729 2357 767 nos
2385 718 2601 768 constat
2618 710 2758 768 dona
2800 711 3067 778 conferre,
3095 712 3295 767 nullam
3325 714 3539 769 videan-

1953 814 2041 861 tur
2081 803 2285 859 itineris
2323 801 2628 856 molestiam
2676 801 2963 864 sustinere,
3008 802 3223 870 quando
3258 817 3358 856 nec
3388 801 3538 858 vobis

1954 912 2228 954 morarum
2258 895 2576 949 detrimenta
2618 892 2840 958 faciunt,
2869 902 2925 949 et
2963 894 3037 948 illi
3065 909 3123 948 se
3152 893 3289 949 bene
3326 894 3540 950 habitos

1954 988 2118 1043 fuisse
2146 984 2513 1055 cognoscunt?
2542 983 2719 1052 Atque
2761 982 2884 1038 ideo
2925 983 3311 1038 humanitatem
3355 983 3543 1040 subter

1957 1077 2345 1141 annexam,vel
2372 1075 2438 1131 ad
2462 1090 2631 1145 equos
2656 1075 2890 1144 capitum
2919 1073 3347 1130 definitumillins
3367 1076 3543 1143 gentis

1958 1171 2148 1241 legatis
2175 1171 2293 1225 sine
2322 1168 2499 1238 aliqua
2532 1167 2782 1223 tarditate
2808 1167 3147 1238 prtestabitis,
3182 1174 3449 1238 quatenus
3477 1166 3544 1222 ad

1959 1263 2115 1319 sedes
2140 1277 2264 1317 suas
2286 1260 2663 1315 irremunerati
2684 1275 2794 1315 non
2822 1259 3055 1315 debeant
3078 1259 3383 1330 pervenire,
3417 1260 3544 1328 quia

1960 1352 2336 1409 festinantibus
2362 1350 2567 1420 gratior
2593 1358 2677 1406 est
2704 1349 2953 1405 celeritas
2982 1350 3041 1404 in
3065 1347 3344 1405 redeundo
3386 1364 3546 1419 quam

1961 1444 2215 1514 qumlibet
2238 1458 2522 1498 munerum
2551 1441 2881 1512 magnitudo.

1964 1554 2203 1609 XXXIV.
2236 1571 2480 1610 ronnuu
2506 1569 2861 1617 nvocnoau,
2886 1569 3028 1617 quam
3056 1567 3306 1609 PRINCEPS
3330 1567 3549 1609 ntmclr.

2036 1647 2152 1703 Non
2180 1647 2486 1702 dubitamus
2514 1646 2759 1701 ultronea
2789 1654 2939 1716 grate
2972 1646 3190 1717 suscipi,
3227 1661 3347 1716 qua:
3394 1647 3446 1701 in
3479 1647 3555 1701 lo-

1967 1754 2088 1793 cum
2119 1738 2358 1795 muneris
2386 1738 2564 1792 solent
2600 1737 2869 1808 postulata
2903 1736 3134 1793 conferri
3162 1755 3175 1791 :
3208 1738 3332 1806 quia
3354 1737 3553 1793 domini

1966 1831 2272 1886 recordatio
2301 1830 2552 1887 concedit
2595 1845 2811 1900 semper
2848 1838 3157 1899 augmenta,
3208 1845 3307 1886 nec
3333 1839 3558 1901 possunt

274 1932 417 1972 ηιιυε
465 1915 622 1971 labor
669 1921 885 1979 auem"
919 1926 1020 1966 "3°
1056 1924 1248 1979 segnes
1295 1908 1488 1962 iterum
1534 1905 1723 1974 Γυδῖεο
1770 1904 1865 1959 om
1896 1894 1942 1955 Β
1969 1940 2089 1981 esse
2116 1926 2373 1997 principis
2401 1941 2568 1982 vacua
2596 1924 3003 1994 gratiﬁcationis
3044 1926 3266 1997 judicia.
3308 1894 3556 1997 Quapro-

272 2006 524 2080 fugicnda
554 2013 858 2063 consumat.

409 2200 622 2257 XXXII.
661 2216 908 2256 ronnuu
945 2214 1047 2263 qua
1086 2213 1301 2254 nomen
1339 2212 1732 2254 countrrtrun.

344 2338 534 2395 Omnis
561 2336 777 2407 quidem
809 2336 1015 2392 utilitas
1041 2334 1257 2406 publica
1285 2333 1427 2389 ﬁdeli
1455 2331 1617 2387 debet
1655 2330 1869 2386 actione

269 2427 581 2499 compleri,
629 2427 754 2496 quia
804 2434 978 2480 totum
1016 2424 1274 2493 vitiosum
1324 2424 1545 2493 geritur,
1594 2422 1685 2477 ubi
1738 2436 1870 2477 con-

269 2522 519 2579 scientia:
544 2520 751 2591 puritas
792 2535 901 2574 non
948 2518 1181 2574 habetur
1214 2535 1227 2571 :
1259 2527 1441 2572 tamen
1485 2518 1709 2572 omnino
1748 2530 1867 2570 mo-

270 2623 420 2672 netae
447 2614 607 2669 debet
627 2613 908 2682 integritas
935 2612 1121 2681 qumri,
1153 2611 1241 2666 ubi
1262 2619 1327 2665 et
1353 2611 1531 2665 vultus
1559 2618 1743 2665 noster
1769 2608 1869 2662 im-

270 2705 546 2777 primitur,
596 2710 653 2759 et
695 2703 965 2772 generalis
1014 2701 1217 2757 utilitas
1262 2701 1551 2754 invenitur.
1601 2697 1869 2765 Quidnam

271 2801 384 2856 erit
423 2805 620 2861 tutum,
662 2796 708 2851 si
755 2797 810 2851 in
843 2803 1025 2851 nostra
1069 2802 1326 2865 peccetur
1362 2790 1569 2861 efﬁgie;
1615 2799 1671 2846 et
1708 2805 1871 2859 quam

271 2893 559 2963 subjectus
578 2890 740 2946 corde
778 2889 1026 2944 venerari
1049 2888 1231 2952 debet,
1274 2902 1435 2941 manu
1467 2884 1724 2953 sacrilega
1752 2884 1870 2938 vio-

273 2986 396 3039 lare
424 2984 686 3039 festinet?
716 2978 940 3036 Additur
962 2978 1109 3049 quod
1137 2979 1406 3034 venalitas
1450 2988 1640 3032 cuncta
1679 2975 1873 3030 dissol-

273 3078 352 3131 vit
374 3075 575 3149 [Cruf.,
603 3074 744 3145 Cuj.,
769 3072 893 3127 Niv.
918 3082 967 3127 et
989 3070 1167 3138 Gam.,
1190 3067 1605 3140 dissolvitur],si
1623 3067 1872 3124 victualia

274 3167 502 3224 metalla
526 3166 801 3231 vitiantur,
843 3163 1058 3235 quando
1083 3177 1308 3217 necesse
1335 3169 1416 3216 est
1439 3160 1618 3231 respui
1648 3158 1791 3228 quod
1818 3159 1872 3213 in

1969 2030 2092 2093 pter
2139 2022 2208 2077 ad
2253 2023 2569 2079 comitatum
2618 2031 2858 2076 nostrum
2896 2021 3060 2091 jussis
3107 2030 3160 2077 te
3207 2022 3559 2092 prmsentibus

1970 2128 2276 2179 evocamus,
2328 2121 2388 2167 ιιι
2433 2128 2539 2166 non
2587 2111 2846 2167 mediocri
2892 2111 3087 2180 gaudio
3132 2112 3447 2183 perfruaris.
3496 2111 3558 2164 Et

1969 2203 2091 2258 ideo
2121 2202 2217 2258 otii
2253 2200 2611 2258 delectatione
2647 2202 2964 2272 postposita,
2996 2200 3064 2256 ad
3108 2202 3255 2257 illam
3294 2202 3456 2267 diem,
3492 2202 3559 2256 ad

1972 2292 2171 2349 Urbem
2200 2292 2344 2348 illam
2373 2292 2627 2349 devenire
2653 2308 2903 2363 propera,
2952 2302 3011 2349 ut
3054 2300 3109 2350 et
3138 2294 3232 2350 tibi
3279 2302 3555 2365 aspectum

1970 2390 2212 2438 nostrum
2239 2389 2449 2452 gratum
2480 2381 2641 2436 fuisse
2665 2380 2989 2452 judicemus,
3041 2396 3161 2436 eum
3192 2390 3244 2438 te
3274 2380 3557 2437 festinasse

1970 2474 2363 2543 cognoscimus.
2394 2473 2671 2528 Desiderat
2692 2474 2833 2528 enim
2863 2472 2982 2527 aula
3005 2482 3187 2528 nostra
3217 2473 3557 2544 praesentiam

1970 2566 2256 2628 bonorum,
2287 2565 2412 2619 dum
2443 2565 2626 2619 nescio
2649 2578 2757 2634 quo
2785 2570 2949 2632 pacto
2978 2563 3236 2634 quidquid
3282 2563 3449 2633 regali
3475 2579 3559 2619 sa-

1970 2658 2186 2729 pientia:
2212 2654 2421 2726 gratum
2459 2671 2581 2712 esse
2624 2655 2988 2725 cognoscitur,
3030 2664 3083 2711 ct
3133 2655 3315 2712 divino
3354 2655 3560 2726 judicio

1973 2749 2375 2821 comprobatur,
2406 2749 2532 2819 quia
2577 2747 2666 2803 ille
2702 2748 2793 2817 qui
2835 2747 2999 2803 corda
3045 2755 3229 2804 nostra
3258 2747 3415 2818 regit,
3445 2747 3562 2819 ipse

1973 2844 2133 2899 etiam
2163 2843 2290 2913 quid
2318 2843 2609 2899 debeamus
2629 2844 2831 2898 sentire
2859 2842 3126 2899 concedit.

1974 2970 2188 3027 XXXV.
2251 2988 2499 3027 rouuuu
2551 2986 2921 3037 nvocunnu,
2976 2985 3094 3034 qua:
3150 2986 3382 3027 parum
3432 2987 3554 3029 core

2623 3057 2872 3097 CEDITUR.

2047 3132 2406 3190 Manifestatio
2455 3141 2540 3188 est
2588 3132 2930 3189 conscientia:
2983 3132 3177 3201 bonae,
3223 3135 3561 3205 praesentiam

273 3259 651 3316 mercimoniis
672 3224 983 3328 corruptum
997 3239 1212 3310 videtur
1238 3253 1441 3309 oﬁ‘erri.
1465 3224 1592 3320 Qnis
1621 3224 1750 3322 ergo
1778 3266 1874 3321 pa-
1902 3263 1948 3327 ρ
1972 3224 2100 3328 ius“
2131 3225 2388 3328 Ρτίηῖίνξδ
2412 3224 2721 3295 “Nais”,
2752 3238 2914 3328 quam
2951 3225 3100 3328 ξοιυδ
3140 3226 3565 3328 ίηθέθεῖάετπθ

276 3354 449 3409 tiatur
468 3352 627 3405 unius
662 3365 781 3406 esse
808 3350 1149 3404 commodum
1173 3345 1450 3415 dispendia
1479 3344 1709 3399 scelesta
1748 3359 1879 3398 cun-

277 3451 501 3500 ctorum
525 3482 539 3505 ,
571 3448 632 3495 ut
661 3440 979 3496 detestabile
1008 3438 1195 3492 vitium
1222 3437 1411 3491 venire
1458 3435 1631 3505 possit
1657 3434 1724 3488 ad
1765 3449 1883 3505 pre—

281 3535 455 3590 tium?
479 3531 562 3587 Sit
587 3530 842 3611 mundum
877 3529 1022 3600 quod
1050 3528 1119 3584 ad
1157 3528 1385 3583 formam
1434 3533 1634 3581 nostrm
1678 3525 1881 3580 sereni-

282 3629 418 3684 tatis
446 3625 752 3681 adducitur.
784 3622 1013 3678 Claritas
1056 3622 1205 3690 regia
1235 3620 1310 3675 nil
1338 3618 1576 3674 admittit
1600 3617 1877 3673 infectum.

282 3717 422 3776 Nam
453 3719 503 3773 si
531 3716 710 3771 vultus
753 3714 1040 3784 cujuslibet
1068 3713 1279 3769 sincero
1320 3710 1505 3767 colore
1550 3707 1881 3780 depingitur,

284 3809 463 3864 multo
490 3807 689 3876 justius
716 3805 1055 3861 metallorum
1096 3803 1333 3873 puritate
1373 3801 1683 3873 principalis
1708 3802 1881 3870 gratia

287 3899 613 3957 custoditur.
647 3896 775 3952 Auri
817 3897 1031 3950 flamma
1073 3895 1219 3949 nulla
1268 3894 1460 3963 injuria
1509 3892 1885 3963 permixtionis

286 3994 554 4055 albescat,
585 3988 792 4058 argenti
822 3988 975 4044 color
1003 3987 1171 4056 gratia
1201 3986 1451 4042 candoris
1477 3986 1733 4053 arrideat,
1762 3983 1885 4039 atris

288 4082 461 4136 rubor
500 4080 553 4133 in
595 4078 774 4132 nativa
799 4077 1057 4146 qualitate
1096 4083 1426 4145 permaneat.
1472 4075 1606 4129 Nam
1644 4074 1690 4129 si
1722 4088 1885 4127 unum

290 4171 497 4228 laedere
543 4169 749 4238 legibus
778 4175 1000 4238 putatur
1046 4182 1165 4222 esse
1207 4164 1588 4227 damnandum,
1637 4162 1767 4234 quid
1797 4162 1887 4217 ille

290 4262 493 4318 mereri
524 4259 744 4330 poterit,
793 4258 883 4327 qui
930 4257 984 4312 in
1021 4265 1225 4311 tantam
1271 4256 1546 4311 hominum
1591 4254 1890 4308 numerosi-

293 4356 485 4406 tatem-
528 4347 869 4421 peccaverit?
926 4344 1144 4401 Pondus
1188 4344 1485 4415 quinetiam
1538 4342 1890 4398 constitutum

290 4441 537 4498 denariis
575 4439 921 4510 praecipimus
946 4438 1105 4509 120
1141 4436 1341 4490 debere
1369 4433 1573 4489 servari
1595 4474 1610 4499 ,
1643 4432 1736 4502 qui
1762 4432 1891 4488 olim

296 4542 413 4586 tam
442 4545 616 4601 penso
657 4544 821 4598 quam
866 4542 1091 4583 numero
1112 4526 1482 4582 vendebantur
1531 4542 1545 4577 :
1593 4523 1735 4579 unde
1772 4538 1894 4578 ver-

1978 3326 2177 3390 potest,
2201 3317 2291 3388 qui
2317 3317 2388 3373 de
2409 3330 2601 3387 magna
2629 3318 2825 3373 mentis
2852 3318 3085 3390 puritate
3122 3318 3362 3376 conﬁdit.
3393 3323 3567 3392 Aspe-

1981 3419 2126 3466 ctum
2150 3410 2280 3465 solis
2308 3409 2411 3465 nisi
2431 3409 2578 3466 clara
2606 3410 2809 3465 lumina
2840 3427 2946 3467 non
2988 3413 3288 3482 requirunt,
3331 3416 3457 3484 quia
3490 3416 3564 3471 illi

1981 3509 2189 3556 tantum
2226 3508 2454 3570 possunt
2496 3500 2777 3557 rutilantes
2805 3502 2915 3571 pati
2945 3503 3142 3567 radios,
3192 3520 3328 3575 quos
3355 3517 3568 3562 constat

1981 3590 2169 3647 oculos
2192 3590 2390 3646 habere
2426 3589 2759 3660 purissimos.
2791 3590 2881 3649 Sic
2925 3595 3265 3663 praesentiam
3308 3597 3566 3669 principis

1982 3682 2229 3739 ambiunt
2248 3683 2339 3755 qui
2371 3682 2438 3739 de
2478 3684 2657 3740 cordis
2702 3686 3015 3743 sinceritate
3041 3698 3387 3760 praesumunt.
3429 3690 3568 3748 IIinc

1983 3782 2068 3832 est
2090 3776 2233 3845 quod
2254 3775 2505 3832 veniendi
2535 3775 2632 3832 tibi
2678 3776 2746 3832 ad
2791 3779 3108 3835 comitatum
3141 3779 3387 3837 fiduciam
3416 3792 3566 3851 grata

1984 3875 2166 3922 mente
2192 3866 2470 3936 largimur,
2516 3882 2586 3923 ne
2613 3866 2790 3923 honor
2823 3870 3179 3938 evocationis,
3210 3872 3302 3942 qui
3341 3887 3442 3942 pro
3471 3888 3572 3928 no-

1985 3963 2097 4009 stra
2123 3955 2292 4024 gloria
2316 3964 2531 4011 constat
2556 3956 2824 4024 inventus,
2857 3958 2922 4013 ad
2940 3958 3187 4029 injuriam
3204 3970 3569 4029 convertatur,

1986 4048 2113 4104 dum
2142 4048 2321 4119 aliqua
2340 4048 2502 4105 fuerit
2529 4050 2786 4107 dilatione
2814 4052 3077 4109 tardatus.
3100 4053 3389 4112 lnvitamus
3416 4056 3575 4125 quin-

1988 4140 2097 4196 imo
2124 4139 2390 4197 desideria
2404 4142 2752 4210 venientium,
2770 4145 2897 4214 quia
2927 4144 3050 4200 inde
3075 4147 3244 4217 magis
3263 4147 3572 4213 crescimus,

1987 4234 2034 4290 si
2062 4233 2207 4290 viros
2227 4234 2435 4289 nobiles
2460 4235 2658 4290 nostris
2686 4235 2958 4307 obsequiis
2983 4250 3351 4308 aggregemus.

2302 4342 2541 4397 XXXVI.
2584 4359 2830 4399 ronnuu
2870 4360 3264 4402 COIIEATALIS.

2063 4427 2232 4491 Nemo
2254 4433 2461 4490 dubitat
2488 4436 2735 4491 homines
2762 4451 2856 4491 sua
2883 4437 3146 4493 varietate
3172 4439 3428 4515 recreari,
3452 4441 3578 4515 quia

1995 4527 2050 4581 in
2079 4525 2486 4581 continuatione
2533 4539 2715 4581 rerum
2762 4538 3013 4595 magnum
3062 4514 3333 4587 mentibus
3370 4541 3585 4590 constat

292 4627 495 4680 borum
542 4622 804 4678 vocabula
856 4629 1234 4691 competenter
1282 4618 1350 4673 ab
1398 4617 1607 4686 origine
1648 4616 1888 4679 trahens,
1922 4631 2116 4704 Desse
2144 4616 2435 4672 fastidium.
2468 4615 2701 4673 Dulcedo
2743 4616 2940 4687 mellis,
2988 4619 3032 4675 si
3079 4620 3295 4677 assidue
3322 4632 3586 4692 sumatur,

294 4711 689 4785 compendium
720 4719 778 4766 et
824 4709 1163 4781 dispendium
1212 4708 1436 4778 pulchre
1463 4706 1719 4761 vocitavit
1755 4706 1894 4759 anti-

290 4805 502 4875 quitas.
555 4802 786 4858 Pecunia
840 4804 984 4858 enim
1036 4817 1067 4856 a
1121 4800 1343 4872 pecudis
1390 4808 1545 4868 tergo
1598 4797 1894 4862 nominata,

292 4897 471 4954 Gallis
500 4898 831 4961 auctoribus,
857 4896 975 4951 sine
1003 4895 1184 4965 aliquo
1208 4892 1383 4948 adhuc
1410 4892 1563 4960 signo
1589 4889 1660 4945 ad
1682 4888 1899 4945 metalla

296 4989 568 5044 translata
611 4995 715 5043 est.
772 4988 945 5055 Quam
999 5001 1108 5041 non
1161 4985 1389 5040 sinimus
1438 4982 1718 5039 fzeculenta
1772 4995 1899 5052 per-

294 5080 573 5137 mixtione
612 5079 729 5134 fleri
775 5076 1273 5147 contemptibilem,
1324 5090 1391 5129 ne
1435 5075 1628 5129 iterum
1676 5073 1727 5127 in
1770 5071 1908 5125 anti-

296 5186 469 5243 quam
497 5178 858 5240 cognoscatur
886 5167 1060 5223 redire
1083 5166 1363 5221 vilitatem.
1394 5162 1629 5219 Proinde
1653 5171 1724 5228 te,
1748 5160 1905 5230 cujus

298 5264 473 5319 nobis
522 5262 735 5316 laudata
778 5268 862 5316 est
902 5250 1181 5328 integritas
1228 5256 1478 5321 actionis,
1527 5255 1595 5310 ab
1641 5254 1730 5309 illa
1770 5252 1908 5308 indi-

294 5358 497 5413 ctione
525 5370 622 5425 per
653 5355 783 5424 jnge
830 5352 1257 5423 quinquennium
1301 5356 1534 5405 monetae
1579 5360 1764 5403 curam
1790 5346 1905 5413 -ha-

296 5451 443 5506 bere
467 5448 829 5519 praecipimus,
873 5460 1032 5516 quam
1072 5443 1294 5500 Servius
1334 5458 1428 5500 rex
1453 5444 1503 5498 in
1531 5457 1638 5497 aere
1675 5439 1907 5511 primum

296 5542 654 5613 impressisse
683 5541 1031 5611 perhibetur;
1061 5540 1134 5593 ita
1167 5546 1231 5593 ut
1255 5548 1348 5595 tuo
1395 5538 1639 5610 pericqu
1667 5551 1777 5591 non
1805 5533 1907 5589 du-

296 5636 456 5692 bites
483 5631 674 5703 quaeri,
699 5633 745 5687 si
793 5630 919 5702 quid
951 5632 1005 5685 in
1034 5630 1124 5685 illa
1153 5629 1357 5687 fraudis
1394 5630 1632 5703 potuerit
1660 5625 1907 5684 inveniri.

298 5725 451 5784 Nam
477 5724 620 5778 sicut
642 5738 800 5778 casus
828 5738 1050 5795 asperos
1078 5723 1302 5790 subibis,
1335 5724 1381 5781 si
1401 5710 1529 5797 quid
1562 5720 1791 5780 fortasse
1821 5720 1911 5776 de-

298 5816 566 5884 liqueris,
598 5815 671 5869 ita
719 5815 1171 5871 irremuneratum
1213 5832 1321 5873 non
1368 5818 1740 5892 relinquimus,
1785 5818 1829 5872 si
1859 5826 1911 5875 te

300 5904 501 5977 egisse
528 5902 925 5975 inculpabier
945 5905 1290 5965 senserimus.

1998 4709 2264 4765 horrescit
2294 4727 2307 4762 :
2336 4723 2525 4765 serena
2556 4710 2695 4779 ipsa,
2720 4712 2965 4781 quamvis
3010 4729 3339 4787 magnopere
3377 4716 3586 4773 deside-

1998 4810 2205 4869 rentur,
2253 4800 2455 4871 jugiter
2504 4801 2698 4873 adepta
2745 4802 3100 4873 sordescunt;
3155 4822 3262 4861 non
3296 4807 3588 4870 immerito.

2000 4896 2125 4965 quia
2147 4912 2268 4952 cum
2299 4897 2367 4951 sit
2396 4896 2561 4952 homo
2586 4897 3000 4965 commutabilis,
3046 4907 3250 4955 natura:
3295 4912 3403 4959 sum
3445 4898 3589 4954 desi-

2002 4987 2156 5043 derat
2182 4988 2383 5043 habcre
2416 4987 2722 5058 qualitates.
2757 4986 2824 5041 Et
2867 4987 2988 5044 ideo
3033 4989 3312 5045 festinanti
3339 4990 3429 5045 tibi
3475 5006 3594 5062 pro-

2006 5080 2225 5135 vinciali
2254 5078 2617 5135 oblectatione
2646 5078 2879 5134 refoveri
2900 5078 3110 5149 copiam
3141 5087 3220 5134 tot
3245 5081 3508 5137 mensium
3540 5082 3591 5136 in

2008 5172 2314 5242 supradicta
2361 5172 2634 5240 provincia
2674 5170 3021 5225 concedimus
3068 5172 3388 5228 immorandi
3422 5176 3440 5246 (
3472 5176 3594 5245 quia

2007 5275 2145 5331 pene
2174 5260 2415 5315 reclusus
2443 5260 2763 5329 advertitur,
2810 5260 2895 5315 oui
2922 5269 3133 5316 mutare
3159 5261 3333 5318 solum
3364 5265 3594 5322 liberum

2010 5352 2398 5425 non.videtur),
2428 5354 2501 5409 ita
2533 5362 2733 5420 tamen,
2757 5361 2815 5407 ut
2838 5368 2959 5410 cum
2988 5357 3307 5424 promeritas
3334 5359 3595 5424 inducias,

2011 5444 2242 5499 Domino
2266 5443 2506 5513 juvante,
2534 5444 2876 5513 transegeris,
2895 5444 2961 5500 ad
2983 5447 3217 5503 urbanas
3244 5447 3402 5503 sedes
3421 5449 3601 5505 redire

2008 5537 2248 5596 festines.
2288 5537 2421 5592 Nam
2465 5537 2510 5592 si
2557 5536 2773 5593 mdium
2816 5547 2902 5595 est
2940 5540 3292 5596 continuatim
3321 5541 3504 5598 vivere
3546 5543 3601 5597 in

1984 5638 1989 5645 '
2013 5629 2160 5685 urbis
2179 5626 2512 5694 celebritate,
2539 5636 2744 5699 quanto
2773 5629 2944 5698 magis
2978 5630 3033 5685 in
3060 5632 3205 5701 agris
3232 5632 3439 5687 diutina
3469 5641 3607 5687 tem-

2012 5736 2145 5793 pora
2168 5720 2470 5791 peregisset
2505 5719 2761 5777 Libenter
2792 5735 2923 5792 ergo
2949 5722 3139 5779 damus
3169 5723 3410 5779 inducias
3437 5725 3610 5780 disce-

2012 5814 2196 5880 dendi,
2228 5829 2337 5870 non
2381 5820 2442 5867 ut
2484 5812 2681 5869 debeat
2728 5813 2901 5877 Roma
2949 5816 3148 5885 deseri,
3199 5816 3304 5875 sed
3340 5825 3400 5877 ut
3439 5813 3617 5884 magis

2016 5905 2426 5964 commendetur
2452 5901 2683 5961 absenti.
2896 5898 2901 5903 ’
