3988 6178
361 373 464 430 727

609 478 874 539 XXXVII.
913 490 1162 536 FOBIULA
1200 483 1688 530 specnmun'ris.

422 574 689 648 Optamus
732 571 906 636 nobis,
958 568 1070 624 Deo
1119 563 1434 626 auxiliante,
1481 557 1755 627 subjectos
1798 554 1948 610 varia

355 646 676 739 dignitatum
703 661 1058 736 prmrogativa
1087 656 1308 727 gloriari
1335 673 1348 708 :
1373 652 1739 709 desideramus
1762 649 1952 719 proba-

357 763 466 818 bile
493 773 662 831 genus
710 755 988 812 hominum
1018 753 1279 821 impressa
1325 741 1820 816 gratiadignitatis
1863 755 1952 793 or-

356 867 511 920 nare,
538 857 597 903 ut
625 843 945 903 laudabilius
986 840 1354 910 unusquisque
1397 835 1569 906 possit
1599 832 1798 899 vivere,
1828 843 1950 884 cum

357 958 417 1000 se
445 943 680 997 honores
701 933 1027 992 reverendos
1049 929 1362 1000 cognoverit
1383 925 1675 996 accepisse.
1701 922 1790 977 Sic
1809 920 1953 976 enim

360 1041 416 1089 et
439 1031 505 1086 ad
532 1029 748 1084 virtutis
774 1026 950 1080 studia
979 1024 1238 1078 decenter
1279 1017 1606 1079 ascenditur,
1654 1022 1711 1070 et
1739 1029 1769 1066 a
1798 1012 1955 1066 bonis

362 1126 568 1182 civibus
595 1120 898 1192 respublica
919 1117 1038 1187 plus
1061 1123 1290 1169 amatur.
1324 1112 1498 1182 Atque
1524 1109 1643 1164 ideo
1669 1115 1722 1161 te
1741 1112 1955 1176 specta-

363 1216 587 1273 bilitatis
628 1214 805 1268 nitore
847 1209 1186 1270 decoramus,
1238 1211 1296 1257 ut
1341 1200 1664 1256 sententiam
1713 1206 1860 1251 tuam
1902 1195 1958 1248 in

365 1306 724 1365 conventibus
773 1299 1006 1373 publicis
1059 1295 1410 1368 spectandam
1462 1306 1582 1348 esse
1636 1303 1954 1358 cognoscas,

369 1415 490 1456 cum
521 1397 660 1451 inter
687 1391 897 1448 nobiles
924 1389 1154 1444 decorus
1183 1384 1473 1452 assederis,
1505 1391 1562 1437 ut
1605 1381 1648 1436 si
1676 1381 1792 1434 haec
1820 1393 1958 1449 pne-

369 1490 582 1545 tlicabili
604 1485 1020 1544 conversatione
1040 1479 1374 1545 tractaveris,
1390 1479 1442 1532 in
1467 1475 1703 1532 futurum
1729 1471 1963 1543 prmmiis

371 1580 684 1636 melioribus
705 1575 970 1645 angearis.

645 1733 930 1790 XXXVIII.
973 1747 1220 1788 roauuu
1261 1741 1695 1785 cuntssrunus.

449 1827 678 1886 Constat
702 1823 998 1894 jucundum
1025 1837 1146 1878 esse
1176 1836 1356 1876 rerum
1385 1819 1649 1873 bonarum
1689 1829 1962 1886 saporem,
1998 1843 2042 1901 Β

381 1929 437 1978 et
481 1921 666 1976 utilem
704 1917 962 1972 ambitum
1007 1913 1214 1980 laudis,
1245 1913 1339 1982 qui
1382 1911 1657 1982 appetitur
1695 1924 1794 1980 per
1836 1923 1967 1977 aug-

379 2021 561 2068 menta
589 2010 821 2065 virtutis.
851 2006 968 2063 Hoc
995 2023 1093 2062 nos
1117 2005 1351 2062 studium
1379 2003 1613 2075 providae
1635 2001 1972 2058 liberalitatis

382 2103 732 2168 infundimus,
781 2110 841 2156 ut
866 2099 1040 2170 major
1085 2100 1156 2154 sit
1195 2098 1372 2154 cultus
1414 2111 1648 2161 morum,
1675 2094 1803 2149 dum
1849 2109 1970 2149 cre-

381 2204 538 2252 scunt
565 2193 828 2250 desideria
855 2193 1216 2264 prtumiorum.
1245 2189 1644 2245 Clarissimatus
1683 2187 1844 2256 igitur
1869 2187 1973 2242 ho-

385 2300 598 2350 norem,
627 2289 946 2339 ornamenta
988 2281 1173 2352 iudicii
1204 2281 1398 2348 nostri,
1436 2279 1585 2348 regia
1615 2277 1708 2332 tibi
1751 2275 1975 2346 largitur

385 2377 712 2441 auctoritas;
754 2373 898 2444 quod
938 2374 1178 2444 prmbeat
1223 2381 1280 2428 et
1312 2379 1516 2427 exactio
1560 2371 1685 2424 vitae
1732 2369 1978 2426 testimo-

387 2467 558 2532 nium,
580 2475 638 2519 et
664 2464 856 2519 futura:
881 2464 1252 2534 prosperitatis
1273 2463 1589 2532 polliceatur
1605 2468 1974 2528 augmentum.

388 2556 736 2626 Quapropter
765 2555 892 2610 nihil
935 2554 1049 2624 jam
1080 2555 1369 2610 obscurum
1412 2569 1575 2622 agere
1604 2553 1848 2623 patiaris,
1886 2551 1980 2621 qui

390 2647 776 2702 clarissimatus
805 2645 1066 2715 dignitate
1095 2645 1428 2714 resplendes.
1459 2643 1675 2698 Grande
1715 2643 1980 2714 siquidem

393 2739 514 2792 vitae
544 2735 910 2792 testimonium
939 2743 1044 2803 est,
1071 2751 1178 2790 non
1207 2745 1315 2789 tam
1342 2737 1546 2790 clarum
1586 2749 1748 2804 quam
1795 2734 1984 2788 claris-

391 2828 589 2883 simum
635 2826 760 2892 dici,
810 2826 1028 2897 quando
1065 2842 1208 2898 pene
1256 2835 1429 2882 totum
1475 2826 1542 2882 de
1583 2827 1675 2882 illo
1721 2826 1982 2894 optimum

393 2917 630 2974 creditur
664 2918 754 2986 qui
801 2920 934 2972 tanti
984 2916 1208 2985 fulgoris
1248 2918 1579 2986 superlativo
1628 2917 1848 2973 nomine
1895 2932 1986 2973 vo-

394 3009 611 3066 citatur.

669 3148 820 3218 121
852 3145 1092 3202 XXXIX.
1137 3163 1384 3202 ronuuu
1429 3162 1710 3202 'rumoms.

466 3232 807 3306 Superlluum
845 3237 1062 3307 quidem
1101 3237 1312 3293 videtur
1355 3238 1635 3293 tuitionem
1679 3237 1988 3310 specialiter

397 3339 431 3381 ι
463 3325 704 3397 principe
732 3336 938 3398 petere,
961 3327 1114 3391 cuius
1140 3337 1224 3384 est
1249 3329 1506 3400 propositi
1536 3330 1815 3384 universos
1836 3345 1988 3385 com-

397 3418 634 3473 muniter
663 3418 956 3475 vindicare.
994 3418 1102 3474 Sed
1141 3419 1268 3489 quia
1299 3420 1644 3476 securitatem
1674 3429 1819 3475 tuam
1847 3434 1988 3490 quo-

397 3509 643 3565 rumdam
671 3510 1032 3568 violentorum
1061 3510 1390 3567 exsecranda
1411 3512 1684 3567 temeritas
1705 3511 1986 3582 inquietat,

399 3619 509 3660 non
537 3603 684 3674 piget
708 3603 1005 3660 dolentium
1030 3603 1264 3674 querelis
1284 3602 1352 3657 ad
1372 3603 1513 3658 hanc
1541 3610 1750 3673 partem
1775 3603 1992 3672 pietatis

402 3695 626 3763 adduci;
659 3704 719 3750 ut
741 3697 888 3766 quod
915 3695 1166 3752 omnibus
1207 3704 1462 3764 praestare
1487 3695 1752 3764 cupimus,
1782 3694 1990 3764 suppli-

400 3787 547 3842 canti
570 3787 906 3857 potissimum
929 3787 1290 3842 conferamus.
1315 3785 1492 3856 Atque
1513 3785 1635 3840 ideo
1655 3786 1992 3841 diversorum

399 3885 478 3941 te,
511 3877 958 3948 quemadmodum
994 3879 1254 3949 quereris,
1279 3876 1572 3948 dispendiis
1595 3877 1911 3943 sauciatum,
1938 3876 1992 3932 in

399 3975 581 4024 castra
627 3966 955 4023 defensionis
1001 3977 1203 4024 nostrae
1247 3968 1541 4024 clementer
1577 3968 1897 4038 excipimus,
1934 3975 1994 4023 ut

404 4073 528 4113 cum
575 4058 894 4114 adversariis
939 4059 1066 4124 tuis,
1106 4075 1238 4126 non,
1279 4067 1340 4114 ut
1384 4059 1666 4124 hactenus,
1705 4061 1993 4131 campestri

405 4149 720 4216 certamine,
763 4149 859 4205 sed
909 4151 1102 4206 murali
1141 4151 1371 4207 videaris
1399 4152 1736 4222 protectione
1769 4161 1994 4208 conten-

406 4241 556 4296 dere.
580 4239 656 4295 lta
684 4239 776 4296 ﬁet
805 4249 885 4310 ut,
913 4241 1230 4298 truculentis
1253 4242 1454 4298 viribus
1481 4258 1722 4313 pressus,
1752 4243 1996 4298 reddaris

407 4332 617 4388 auxiliis
639 4332 906 4401 regalibus
933 4341 1260 4403 exchuatus.
1292 4333 1632 4406 QuaprOpter
1655 4343 1680 4371 ⁸
1712 4335 1995 4391 tuitionem

407 4423 506 4478 tibi
535 4422 704 4477 nostri
732 4423 986 4492 nominis,
1015 4424 1168 4494 quasi
1207 4423 1588 4480 validissimam
1629 4432 1827 4480 turrem
1858 4440 1996 4479 con-

408 4519 494 4567 tra
524 4513 763 4570 inciviles
809 4512 1040 4586 impetus
1086 4523 1141 4571 et
1186 4517 1618 4572 conventionalia
1648 4517 1993 4581 detrimenta,

1599 359 1671 414 ὶί.
1713 351 1988 412 Αυιὶιῑιιι
2024 343 2424 405 CASSIODORI

1974 468 2026 526 Α
2049 474 2209 528 quem
2235 456 2483 528 primitus
2503 453 2816 512 detestanda
2845 456 3124 527 premebat
3149 455 3397 514 audacia.
3425 454 3495 512 Et
3519 456 3641 528 quia

2053 551 2327 605 ministros
2373 547 2621 603 efﬁcaces
2663 556 2845 602 nostra
2887 547 3048 603 debet
3089 549 3292 603 habere
3332 547 3642 618 praeceptio,

3545 327 3651 386 728

2055 657 2156 698 nec
2188 641 2344 696 decet
2382 640 2679 710 principem
2726 639 2872 708 loqui
2901 639 3045 710 quod
3080 656 3187 694 non
3216 639 3463 694 videatur
3489 654 3648 709 posse

2054 734 2332 804 compleri,
2366 733 2645 802 prmsentis
2673 731 2922 786 beneﬁcii
2961 732 3225 799 jussione,
3253 731 3508 786 adversus
3535 729 3648 784 Go-

2056 811 2184 880 thos
2219 825 2332 891 illa,
2380 823 2639 878 adversus
2683 823 2958 878 Romanos
3001 823 3113 890 illa,
3155 821 3310 878 facile
3349 831 3401 877 te
3440 821 3570 876 fides
3597 831 3651 876 et

2055 917 2331 986 diligentia
2361 915 2652 971 custodivit
2685 933 2698 967 :
2732 915 2858 984 quia
2897 929 3054 968 nemo
3096 913 3307 968 laborat
3343 911 3650 974 defendere,

2059 1007 2159 1062 nisi
2187 1007 2277 1076 qui
2309 1006 2525 1060 timetur
2552 1003 2771 1068 oll'endi,
2801 1004 2927 1058 dum
2959 1013 3221 1074 prznstans
3248 1003 3500 1058 dominus
3538 1000 3655 1055 ﬁeri

2058 1098 2376 1153 formidatur
2403 1097 2659 1165 ingratus.
2703 1097 2905 1150 Fruere
2936 1095 3096 1164 igitur
3122 1102 3302 1148 nostra
3331 1094 3651 1158 clementia;

2057 1190 2320 1246 beneﬁcio
2344 1190 2525 1244 laetare
2550 1196 2822 1257 suscepto.
2849 1185 2980 1240 Nam
3008 1186 3052 1239 si
3084 1185 3311 1239 ulterius
3333 1200 3361 1237 a
3385 1197 3656 1255 quoquam

2059 1284 2158 1338 sub
2188 1281 2503 1336 incivilitate
2531 1280 2782 1347 tentaris,
2813 1287 2904 1332 tua
2949 1277 3016 1332 de
3061 1275 3288 1330 inimicis
3320 1275 3498 1346 potius
3525 1281 3654 1329 vota

2063 1373 2380 1444 complebis.

2062 1503 2176 1559 XL.
2209 1521 2455 1560 FURIL'LA
2485 1522 2551 1560 ou
2581 1520 2910 1560 unntuomo
2939 1495 3310 1559 σοβεῖ-πωλευο
3340 1519 3406 1558 ετ
3437 1501 3464 1542 ι’
3513 1519 3663 1558 Line-

2447 1592 2529 1631 RIS
2558 1591 2813 1630 ιεῦιτηιε
2843 1590 3103 1631 ςοηετιτυ
3113 1591 3279 1628 ENDIS.

2140 1672 2424 1730 Eternum
2455 1679 2540 1727 est
2580 1669 2922 1733 beneﬁcium,
2955 1667 3099 1738 quod
3139 1667 3473 1738 posteritatis
3503 1665 3667 1721 fuerit

2071 1765 2256 1822 favore
2281 1762 2564 1827 collatum;
2594 1775 2694 1814 nec
2733 1758 2853 1829 plus
2881 1768 2964 1813 est
2990 1757 3315 1814 conveniens
3344 1757 3476 1825 regi,
3501 1772 3664 1827 quam

2073 1867 2131 1909 ut
2157 1854 2406 1908 humana:
2425 1858 2646 1922 prmstet
2667 1849 2878 1919 origini.
2906 1848 2964 1904 In
2992 1849 3170 1904 lucem
3191 1849 3388 1919 quippe
3407 1859 3669 1906 venturus

2073 1959 2230 2001 casus
2255 1942 2529 2012 suscipere
2567 1957 2675 1995 non
2715 1948 2951 1994 meretur
2979 1939 3256 2005 adversos,
3289 1955 3356 1995 ne
3388 1948 3515 1993 ante
3535 1953 3663 2007 gra-

2073 2049 2265 2090 vamen
2313 2031 2666 2088 districtionis
2713 2031 2950 2089 incurrat
2993 2027 3153 2100 quam
3191 2031 3382 2098 gaudia
3419 2045 3670 2100 superna:

2076 2128 2212 2184 lueis
2240 2128 2497 2182 inveniat.
2529 2124 2720 2180 Oblata
2750 2124 2930 2193 itaque
2970 2123 3362 2194 supplicatione
3399 2123 3671 2193 depromis

2077 2220 2360 2276 mulierem
2405 2233 2565 2288 quam
2615 2217 2710 2271 tibi
2761 2216 2987 2286 placitus
3033 2215 3203 2288 [Cor.,
3248 2213 3370 2282 6a.,
3410 2215 3673 2286 placidus]

2081 2317 2307 2387 illigavit
2345 2314 2646 2384 amplexus,
2680 2311 2944 2368 beneﬁcio
2975 2321 3160 2368 nostro
3196 2309 3361 2380 jugali
3391 2311 3675 2365 honestate

2082 2407 2284 2462 debere
2329 2404 2547 2468 sociari,
2581 2412 2637 2457 ut
2674 2418 2742 2458 ex
2790 2417 2854 2456 ea
2895 2400 3050 2456 liberi
3092 2401 3202 2455 nati
3247 2416 3442 2456 nomen
3491 2401 3675 2454 nanci«

2083 2504 2301 2552 scantur
2336 2491 2631 2549 hmredum.
2681 2491 2814 2546 Nam
2851 2506 2972 2547 cum
3010 2499 3310 2560 spontanea
3335 2491 3526 2560 copula
3556 2492 3675 2544 ani-

2084 2587 2287 2642 mantia
2332 2593 2524 2642 cuncta
2560 2583 2854 2647 consociet,
2899 2584 3225 2654 dignumque
3268 2583 3518 2638 videatur
3557 2598 3678 2637 esse

2084 2677 2229 2747 quod
2258 2675 2478 2746 placuit,
2510 2674 2701 2728 durum
2731 2683 2816 2729 est
2845 2673 3145 2729 libertatem
3178 2674 3402 2729 liberam
3441 2690 3549 2728 non
3579 2674 3678 2728 ha-

2085 2770 2236 2836 bere,
2283 2770 2426 2825 unde
2464 2767 2618 2823 liberi
2664 2775 3034 2837 procreantur.
3077 2765 3145 2820 Et
3189 2765 3310 2822 ideo
3351 2767 3496 2821 illam
3536 2782 3676 2836 quae,

2087 2862 2226 2918 sicut
2266 2861 2389 2930 jure
2417 2859 2744 2930 praecipitur,
2776 2858 3062 2913 benestate
3091 2874 3198 2913 non
3230 2857 3390 2914 fuisse
3419 2860 3683 2928 probatur

2088 2953 2329 3022 :equalis,
2379 2951 2671 3019 legitimam
2713 2949 2806 3005 tibi
2855 2948 2970 3004 fieri
2999 2964 3283 3004 censemus
3331 2965 3588 3014 uxorem;
3627 2958 3682 3004 et

2091 3042 2230 3098 ﬁlios
2255 3057 2320 3098 ex
2351 3042 2541 3096 eadem
2571 3038 2818 3108 eonjuge,
2851 3039 2963 3094 sive
3003 3039 3094 3110 qui
3133 3039 3366 3109 suscepti
3397 3048 3544 3106 sunt,
3567 3039 3685 3096 sive

2091 3134 2181 3204 qui
2231 3131 2575 3202 suscipiendi,
2617 3129 2887 3184 bmredum
2929 3129 3175 3184 volumus
3214 3129 3333 3197 jura
3378 3129 3579 3192 sortiri,
3625 3137 3688 3182 ut

2013 3221 2058 3283 C
2091 3225 2189 3280 sub
2219 3223 2363 3277 nulla
2393 3221 2670 3276 dubietate
2697 3219 2886 3288 diligas
2911 3233 3047 3288 quos
3076 3219 3170 3274 tibi
3202 3219 3447 3275 absolute
3468 3234 3692 3275 succes-

2089 3332 2244 3372 sores
2272 3315 2478 3370 futuros
2507 3328 2625 3368 esse
2654 3327 2970 3381 cognoscas.
3017 3311 3216 3366 Natura
3254 3313 3395 3367 enim
3432 3312 3524 3366 tibi
3547 3327 3695 3381 pne-

2089 3406 2227 3462 stitit
2251 3405 2410 3472 ﬁlios,
2435 3403 2532 3462 sed
2563 3419 2662 3459 nos
2699 3403 2790 3457 tali
2823 3403 3115 3459 securitate
3149 3402 3370 3459 facimus
3398 3419 3520 3459 esse
3547 3404 3689 3458 cha-

2091 3513 2358 3556 1⁵185111ιο5.

2448 3603 2584 3660 XLI.
2615 3619 2861 3659 ronuuu
2892 3621 3098 3660 .en'rts
3121 3621 3318 3660 vuum.

2164 3697 2411 3754 Gloriosa
2425 3696 2745 3766 supplicatio
2766 3703 2870 3757 est,
2889 3709 3007 3766 qua:
3026 3697 3233 3750 veniam
3255 3696 3449 3766 qumrit
3473 3696 3650 3750 anatis
3672 3713 3690 3748 :

2093 3789 2314 3861 quando
2336 3804 2396 3844 se
2415 3788 2729 3858 gravitatem
2750 3786 2818 3842 de
2832 3786 3077 3843 moribus
3101 3786 3394 3842 conﬁtetur
3416 3788 3694 3856 accipere,

2093 3896 2255 3952 quam
2279 3881 2645 3936 maturitatem
2671 3877 2791 3932 vitae
2817 3877 2992 3932 adhuc
3015 3893 3123 3932 non
3161 3877 3388 3945 contigit
3418 3877 3690 3933 intulisse.

2095 3971 2271 4027 Minor
2300 3969 2591 4035 nascendo,
2620 3969 2935 4038 grandaevus
2966 3971 3116 4038 cupis
3156 3984 3275 4024 esse
3303 3970 3552 4023 consilio.
3583 3968 3692 4034 Ita,

2094 4062 2239 4132 quod
2267 4063 2321 4117 in
2348 4061 2597 4116 humanis
2625 4060 2786 4114 rebus
2813 4060 3224 4115 audacissimum
3256 4069 3359 4126 est,
3393 4060 3458 4115 ad
3489 4062 3702 4116 erroris

2096 4153 2350 4209 auxilium
2377 4153 2696 4208 beneficium
2716 4151 3015 4206 contemnis
3036 4166 3320 4206 annorum.
3345 4152 3698 4222 Quapropter

2097 4245 2278 4301 oblata
2312 4241 2700 4314 supplicatione
2744 4241 3035 4310 depromis,
3067 4250 3127 4296 ut
3155 4255 3276 4298 cum
3309 4243 3401 4296 tibi
3439 4243 3509 4296 sit
3556 4242 3708 4298 ratio

2098 4335 2251 4390 ﬁrma
2278 4333 2592 4405 prudentiae,
2620 4331 2863 4386 actiones
2893 4339 2999 4385 tua:
3037 4346 3144 4386 non
3175 4333 3550 4402 relinquantur
3581 4347 3709 4386 am-

2098 4427 2290 4496 biguae,
2321 4441 2389 4482 ne
2418 4424 2716 4479 inﬁrmetur
2747 4423 2870 4492 jure
2906 4422 3050 4493 quod
3100 4440 3204 4480 non
3244 4433 3422 4496 potest
3467 4425 3711 4481 utilitate

2098 4516 2352 4572 titubare.
2402 4513 2518 4570 Hoc
2562 4529 2680 4580 nos,
2711 4514 2905 4584 quibus
2943 4515 3092 4569 cordi
3134 4524 3218 4569 est
3265 4515 3404 4569 bona
3433 4514 3709 4570 desideria

411 4615 596 4658 nOStra
627 4605 876 4660 concedit
912 4607 1238 4670 auctoritas;
1281 4607 1356 4662 ita
1388 4617 1586 4678 tamen,
1620 4625 1704 4674 ne,
1747 4609 1830 4663 his
1856 4622 1998 4678 prze-
2028 4606 2079 4666 D
2104 4606 2385 4680 perﬁcere,
2418 4605 2648 4660 libenter
2676 4604 2971 4675 accipimus
3003 4623 3015 4656 :
3048 4605 3171 4674 quia
3197 4604 3367 4660 nullas
3393 4620 3454 4659 se
3481 4615 3714 4674 captare

411 4694 804 4764 sumptionibus
831 4695 1156 4762 sublevatus,
1191 4697 1348 4752 civile
1391 4713 1615 4768 respuas
1643 4698 1883 4769 praebere
1910 4711 1999 4752 re-

412 4799 698 4856 sponsum;
725 4793 780 4840 et
801 4793 858 4841 tu
886 4785 1116 4843 videaris
1137 4787 1375 4843 insolens
1393 4789 1603 4844 calcare
1620 4788 1740 4858 jura
1762 4788 1996 4860 publica,

485 4967 514 4996 ι
542 4955 672 5012 limo
717 4963 800 5012 est
846 4956 1074 5013 formula
1118 4958 1378 5025 tuitionis,
1435 4960 1488 5014 id
1543 4969 1626 5017 est
1677 4961 2006 5025 securitatis,

412 5031 722 5115 figuraliter,
753 5027 822 5082 de
849 5043 966 5115 ξιιξὲ
996 5043 1142 5115 sup_.,
1299 5045 1368 5096 IV,
1392 5031 1561 5115 Epist.
1603 5031 1692 5115 ΞΖ.
1722 5032 1776 5086 in
1806 5033 2012 5115 lin._,.et

413 5099 450 5174 ξ.
478 5095 533 5174 li,
561 5097 816 5174 illicitas,
839 5095 990 5174 N_e
1017 5095 1360 5174 potentiores,
1387 5095 1452 5174 ὓς
1483 5101 1562 5174 lle
1591 5103 1724 5174 allio.
1757 5095 2004 5174 praxim;

413 5169 538 5249 l_._l,
573 5169 602 5240 ᾗ
629 5167 804 5249 Quies,
933 5167 1131 5249 ρεοπ.
1160 5171 1470 5249 _pr_a:[._urb.
1503 5167 1823 5244 Exemplum
1862 5171 2007 5243 apud

420 5237 648 5312 I.ivit_t_in,
679 5239 773 5312 lib.
799 5238 930 5312 ttde
949 5237 1304 5312 Thrasybulo,
1333 5241 1503 5296 Fons.

489 5311 514 5348 δ
545 5307 679 5383 Vide
720 5306 1191 5383 D._Ambrosium,_
1211 5306 1305 5367 lib.
1338 5312 1447 5367 ide
1476 5313 1767 5378 Abraham,
1798 5329 1917 5383 cap.
1943 5312 2006 5383 7'5.

416 5378 539 5434 Jun.
557 5376 778 5452 —Ergp
792 5379 1146 5452 baecformula
1162 5376 1386 5452 derogat
1405 5384 1442 5437 l.
1460 5383 1510 5448 l,
1527 5385 1592 5438 (Ζ.
1613 5384 1691 5439 De
1704 5376 1878 5439 mitur.
1891 5382 2008 5448 lib.,

418 5465 523 5520 qua
552 5457 701 5504 vetat
726 5446 1111 5511 Constantinus
1137 5453 1187 5506 id
1212 5446 1655 5526 per'rescriptum
1683 5456 1812 5526 peti.
1837 5446 2006 5510 Fons.

438 5589 449 5593 _
494 5531 516 5593 ξ
546 5517 703 5588 Sup.,
736 5519 826 5574 lib.
846 5537 930 5593 _rv,
963 5523 1116 5592 epist.
1144 5521 1195 5576 9.
1221 5524 1443 5579 Insidias
1472 5527 1559 5581 hic
1583 5535 1642 5579 ut
1665 5527 1772 5581 illic
1799 5538 2014 5593 quoque

419 5589 602 5660 dolum
636 5598 809 5644 vocat.
845 5589 903 5642 L.
936 5589 1085 5660 pen.,
1118 5593 1179 5647 C.
1213 5596 1290 5648 De
1314 5595 1461 5658 dolo;
1495 5595 1528 5648 Ι.
1562 5595 1616 5660 8,
1644 5596 1704 5649 Si
1733 5589 2011 5660 voluntate,

421 5659 484 5713 C.
531 5659 608 5712 De
641 5675 784 5735 recc.
818 5659 1164 5735 uend._Dolus
1200 5680 1270 5720 ex
1296 5659 1777 5735 calliditate'atque
1806 5659 2013 5720 insidiis

423 5729 683 5806 emptoris
721 5731 1078 5806 argui_debet.
1126 5734 1317 5806 Dolum
1337 5751 1424 5806 _ex
1462 5729 2013 5806 lnsidiisfperspicuis

425 5799 640 5870 probari
666 5801 941 5871 convenit,
967 5801 1016 5871 μ,
1036 5817 1186 5871 pen.,
1220 5803 1280 5859 C.
1325 5804 1406 5860 De
1435 5804 1574 5862 dolo.
1603 5799 1797 5863 Sed-et
1824 5799 1926 5863 liae
1943 5806 2014 5863 de

427 5867 489 5925 re
515 5882 660 5940 sup.,
691 5869 850 5938 epist.
871 5867 944 5922 35
965 5867 1060 5925 lib}
1089 5887 1157 5927 tv.
1186 5873 1355 5928 Fons.

2106 4698 2245 4754 velle
2287 4693 2570 4766 proﬁtetur
2614 4695 2856 4760 insidias,
2905 4695 3148 4765 quisquis
3194 4695 3393 4750 habere
3436 4707 3460 4735 ο
3504 4697 3715 4751 liberos

2106 4796 2417 4847 contractus
2457 4794 2769 4844 constanter
2807 4787 3042 4843 allectat.
3092 4788 3268 4858 Atque
3311 4789 3452 4855 ideo,
3500 4791 3548 4844 si
3586 4789 3612 4827 ά
3659 4791 3715 4845 id

2183 4961 2209 5002 δ
2243 4963 2309 5044 Id
2336 4972 2552 5044 tempus,
2584 4978 2779 5044 nempe
2809 4963 3131 5044 inparibus
3166 4964 3416 5044 vigesimi
3438 4966 3565 5019 anni
3596 4981 3718 5044 me-

2115 5044 2214 5099 tae;
2245 5035 2298 5089 in
2333 5034 2544 5088 feminis
2567 5036 2747 5088 octavi
2773 5043 2829 5087 et
2856 5034 3049 5088 decimi
3079 5034 3418 5089 Constantini
3446 5039 3719 5089 constitu—

2116 5107 2264 5161 tione
2319 5103 2665 5170 deﬁniuntur,
2707 5104 2742 5157 l.
2783 5103 2836 5168 2,
2886 5103 2948 5176 C.
3006 5103 3086 5158 De
3132 5105 3197 5158 iis
3250 5107 3335 5176 qui
3395 5122 3508 5159 ειη.
3565 5115 3716 5160 (εισι.

2113 5179 2355 5246 impetr.,
2409 5189 2570 5244 quam
2625 5174 3281 5246 tetatemhicracerbam
3336 5177 3716 5246 maturitatem

2115 5243 2392 5313 eleganter
2428 5243 2610 5313 vocat,
2659 5252 2717 5298 ut
2758 5243 2968 5312 Ulpian.
3001 5245 3053 5299 in
3082 5244 3119 5297 l.
3151 5243 3206 5310 ἓ,
3239 5262 3380 5300 vers.
3423 5244 3723 5313 Maturius,

2117 5261 2198 5302 ele
2237 5261 2392 5300 anter
2433 5261 2610 5308 vocat,
2659 5261 2717 5298 ιη
2760 5261 2968 5312 Ulpian.
3001 5261 3053 5299 in
3082 5261 3119 5297 I.
3151 5261 3206 5310 ι,
3239 5262 3380 5300 vers.
3423 5261 3723 5313 uarum,

2117 5316 2153 5370 l.
2187 5261 2240 5381 ἐ
2271 5330 2412 5371 vers.
2456 5311 2620 5378 Quasi
2655 5313 2949 5381 ambitiosa,
2986 5315 3044 5368 D.
3089 5315 3169 5370 De
3195 5319 3410 5381 minam;
3441 5325 3495 5369 et
3529 5316 3730 5370 Philo—

2118 5379 2292 5456 stra't.,
2321 5386 2412 5440 lib.
2440 5401 2457 5438 ι
2485 5383 2552 5438 de
2576 5383 2696 5456 Yita
2723 5379 2989 5454 Apollonii
3013 5383 3214 5456 Tyanei
3237 5379 3451 5456 videtur
3468 5387 3737 5455 aliquan—

2118 5455 2188 5511 do
2235 5456 2496 5510 maturius
2543 5453 2916 5510 adolescentes
2961 5453 3072 5509 suai
3123 5457 3304 5510 tutelm
3356 5454 3472 5511 ﬁeri
3527 5453 3740 5511 solitos

2119 5527 2363 5581 innuere.
2393 5525 2754 5593 Quamobrem
2783 5525 3106 5594 praediorum
3154 5526 3412 5582 alienatio
3449 5542 3563 5581 non
3597 5541 3743 5595 per-

2119 5598 2368 5659 mittitur,
2404 5610 2571 5665 ac_ne
2608 5596 2910 5665 hypotheca
2955 5595 3169 5665 quidem
3203 5597 3588 5660 immobilium,
3623 5597 3660 5650 ι,
3691 5595 3744 5650 3

2119 5665 2250 5722 Cod.
2294 5667 2417 5721 eod.
2471 5663 2621 5719 Unde
2649 5663 2754 5719 usu
2794 5663 3009 5734 quoque
3045 5663 3321 5721 Gallorum
3352 5667 3602 5722 clausula
3629 5680 3743 5720 so—

2119 5736 2312 5792 lemnis
2343 5737 2393 5806 in
2431 5735 2797 5806 concipiendis
2835 5735 3095 5804 ejusmodi
3124 5736 3386 5793 codicillis
3416 5738 3747 5794 venialibns

2121 5807 2324 5881 (vulgo,
2358 5805 2462 5881 bail
2487 5805 2958 5881 d_gouvernemen_t)
2979 5806 3259 5881 adjicitur,
3292 5810 3324 5881 ᾇ
3352 5809 3407 5881 In
3436 5809 3636 5881 charge
3659 5808 3746 5863 de

2121 5876 2370 5933 n‘aliéner
2415 5877 2486 5932 (es
2530 5877 2847 5933 immeubfes.
2895 5876 3058 5947 Cujus
3102 5879 3438 5951 exceptionis
3483 5876 3593 5935 vis'
3616 5879 3732 5934 hac
