3988 6178
269 310 385 371 729

1564 309 1930 370 VARIARUM
1962 312 2166 370 LIBER
2208 314 2322 372 VII.

3452 324 3556 380 730

267 434 494 497 tempus
515 427 729 481 constat
757 421 1018 494 elapsum,
1045 436 1154 494 quo
1182 422 1249 480 ad
1277 423 1420 480 hanc
1445 424 1657 480 veniam
1686 423 1869 480 accedi
1899 431 1944 488 Α
1974 424 2460 496 splendidissimum
2497 425 2732 483 officium
2761 429 3006 485 censoria
3041 430 3270 502 quadam
3298 433 3560 502 gravitate

260 518 396 586 jura
435 515 738 582 voluerunt,
782 530 881 570 nos
919 529 1136 585 quoque
1181 516 1550 587 probabilibus
1591 517 1872 573 desideriis

264 609 554 666 licentiam
607 623 714 663 non
761 620 1046 676 negamus;
1091 615 1148 662 ut
1193 609 1249 663 in
1293 607 1411 665 foro
1451 610 1777 680 competenti
1805 625 1869 665 ea

263 715 396 771 quae
425 699 478 752 in
509 697 590 752 his
617 697 795 754 causis
827 697 1121 752 reverenda
1156 697 1332 765 legum
1363 698 1531 753 dictat
1555 699 1868 767 antiquitas,

261 791 590 848 solemniter
615 790 928 844 actitentur.
951 788 1029 844 Ita
1059 797 1117 845 ut
1145 789 1197 844 in
1227 790 1528 846 alienandis
1553 792 1766 847 rusticis
1787 793 1869 847 vel

260 881 498 936 urbanis
541 879 755 950 praediis
793 880 1238 935 constitutionum
1269 891 1514 936 servetur
1541 884 1866 938 auctoritas:

255 989 290 1024 ιι
311 986 343 1025 e
372 986 495 1025 cum
527 969 771 1040 Opinioni
805 977 1062 1039 pnestare
1092 969 1356 1036 volumus,
1380 971 1662 1026 utilitatem
1691 972 1869 1040 publi-

254 1078 392 1117 r-am
424 1062 619 1118 lzedere
649 1061 944 1117 videamur.
986 1061 1132 1132 Cape
1181 1063 1340 1132 igitur
1378 1071 1566 1118 nostro
1607 1063 1870 1119 beneficio

255 1154 543 1224 potiorem
588 1153 742 1208 annis
787 1161 1030 1218 mtatem;
1069 1160 1124 1207 et
1170 1152 1314 1223 quod
1357 1154 1495 1224 petis
1527 1153 1595 1208 ab
1624 1155 1868 1223 oraculo,

258 1243 517 1298 moribus
545 1243 818 1298 exhibete.
851 1241 984 1296 Nam
1015 1241 1278 1314 professio
1308 1243 1629 1299 maturitatis
1659 1244 1869 1300 acerba:

257 1333 452 1390 locum
490 1334 722 1403 denegat
763 1334 1015 1399 actionis,
1057 1335 1272 1403 quando
1313 1335 1484 1390 multo
1529 1336 1746 1404 gravior
1787 1343 1871 1390 est

263 1425 430 1495 culpa
459 1439 619 1494 quam
647 1440 757 1478 sua:
781 1424 1154 1496 promissionis
1176 1425 1451 1496 impugnat
1478 1427 1791 1481 auctoritas.

272 1579 435 1653 122
471 1577 628 1633 XLII.
673 1595 920 1633 FOBIULA
961 1595 1136 1634 EDICTI
1175 1597 1242 1634 an
1269 1595 1619 1646 quasroneu,
1653 1597 1721 1636 ur
1753 1595 1866 1636 IPSE

484 1665 758 1705 SPONDEIIE
787 1666 991 1705 DEBEAT
1015 1667 1102 1714 QUI
1128 1659 1360 1706 ΒΔΙΟΝΕΙΙ
1389 1667 1660 1706 ιιειιιτυιι.

338 1783 677 1854 Frequenter
723 1783 958 1854 sajones,
989 1800 1126 1856 quos
1169 1801 1202 1841 a
1241 1786 1396 1842 nobis
1425 1785 1750 1842 credidimus
1778 1789 1862 1858 pia

269 1876 553 1932 voluntate
582 1877 833 1942 concedi,
865 1878 1100 1948 querelis
1130 1878 1379 1933 maximis
1406 1880 1754 1948 cognovimus
1782 1880 1864 1935 in-

265 1977 538 2038 gravatos.
588 1968 912 2039 Corruptum
959 1977 1042 2026 est
1077 1971 1248 2042 (proh
1275 1971 1500 2042 dolor!)
1548 1971 1866 2029 beneﬁcium

269 2070 531 2124 nostrum,
577 2061 854 2130 crevitque
903 2062 1085 2131 potius
1130 2061 1198 2118 de
1251 2063 1518 2118 medicina
1564 2064 1864 2132 calamitas,

266 2152 396 2208 dum
417 2152 484 2207 ad
505 2153 642 2207 alios
656 2168 784 2208 usus
805 2153 1103 2223 potentium
1132 2154 1464 2223 malignitate
1480 2156 1723 2210 translati
1743 2164 1869 2211 sunt

265 2258 429 2314 quam
459 2259 556 2300 eos
588 2251 772 2300 nostra
803 2245 1038 2300 remedia
1082 2246 1492 2302 transtulerunt.
1527 2244 1680 2302 Unde
1709 2247 1865 2304 nobis

267 2350 491 2391 necesse
519 2335 619 2390 fuit
645 2337 888 2392 remedio
916 2337 1115 2392 salubri
1144 2339 1286 2393 votis
1312 2337 1582 2408 pestiferis
1607 2339 1828 2394 obviare
1845 2381 1861 2408 ,

267 2444 335 2484 ne
363 2429 493 2483 dum
524 2430 740 2499 pietatis
777 2430 1013 2485 studium
1043 2431 1110 2486 ad
1137 2431 1365 2502 aequalia
1410 2431 1671 2487 beneﬁcia
1703 2433 1868 2486 trabi-

272 2530 382 2586 tur,
411 2520 817 2592 surreptionum
858 2521 1192 2591 iniquissima
1220 2523 1511 2592 patiamur.
1542 2522 1718 2594 Atque
1747 2523 1868 2579 ideo

267 2611 480 2665 edietali
511 2620 910 2683 programmate
937 2611 1221 2668 definimus
1250 2623 1309 2668 ut
1334 2615 1640 2684 quicunque
1679 2623 1868 2669 contra

267 2699 538 2756 violentas
580 2701 798 2756 insidias
839 2711 1063 2772 propter
1109 2701 1483 2758 ineluctabiles
1521 2705 1870 2760 necessitates

265 2805 396 2846 suas
422 2793 620 2848 mereri
651 2792 924 2848 desiderat
956 2792 1150 2849 fortem
1175 2793 1440 2864 sajonem,
1469 2794 1649 2850 officio
1679 2803 1868 2851 nostro

267 2886 472 2956 poenali
499 2902 558 2941 se
583 2886 798 2942 vinculo
827 2887 1096 2942 cautionis
1123 2887 1414 2956 astringat;
1439 2895 1500 2942 ut
1526 2888 1570 2942 si
1599 2895 1866 2957 prmcepta

267 2985 468 3032 nostra:
507 2977 765 3046 jussionis
809 2977 1141 3033 immissione
1197 2978 1464 3048 plectibili.
1503 2978 1648 3048 sajus
1697 2993 1862 3048 quem

267 3080 512 3126 meretur
547 3070 866 3137 excesserit,
916 3078 974 3126 et
1016 3070 1132 3141 ipse
1172 3085 1345 3140 poenae
1383 3071 1600 3126 nomine
1626 3070 1720 3126 det
1747 3071 1863 3125 auri

1971 517 2232 582 reluceat,
2261 527 2317 574 et
2347 528 2501 590 turpe
2528 520 2598 574 sit
2627 519 2730 575 illis
2757 520 2970 575 misceri
2998 522 3091 590 qui
3123 522 3297 591 dignis
3323 523 3562 579 moribus

1971 623 2079 664 non
2106 618 2331 679 possunt
2360 611 2668 681 approbari,
2691 625 2986 682 congruum
3015 613 3225 667 videtur
3253 613 3388 668 tales
3415 628 3563 684 quae-

1971 712 2092 752 rere
2115 699 2206 767 qui
2249 700 2302 754 in
2338 699 2486 754 nullo
2514 700 2748 755 debeant
2774 700 3083 770 displicere.
3117 701 3293 770 Atque
3323 703 3444 758 ideo
3466 705 3563 759 tri-

1969 788 2099 844 buni
2143 801 2168 826 σι
2217 791 2608 846 chartariorum
2657 797 2995 864 suggestione
3044 803 3341 864 comperta,
3396 811 3562 864 penes

1970 894 2131 949 quem
2159 879 2322 935 officii
2353 889 2434 934 est
2458 881 2614 949 digna
2645 883 2968 949 reverentia,
2990 882 3058 938 ab
3081 884 3173 938 illo
3195 885 3281 938 die
3306 885 3560 940 chartarii

1971 978 2024 1027 te
2051 972 2298 1028 volumus
2326 989 2522 1028 nomen
2551 973 2796 1043 adipisci;
2827 982 2886 1028 ut
2919 975 3008 1044 qui
3050 976 3206 1030 nobis
3235 975 3374 1031 bene
3401 985 3549 1032 actu-

1970 1078 2064 1116 rus
2088 1063 2440 1132 promitteris,
2467 1063 2804 1119 documentis
2841 1063 3195 1121 laudabilibus
3227 1067 3561 1137 approberis.

1971 1155 2263 1210 Avaritiam
2315 1155 2544 1221 declina,
2597 1155 2809 1224 longius
2838 1153 2960 1225 fuge
3005 1158 3188 1226 Iniqua
3219 1157 3559 1226 compendia.

1969 1243 2140 1300 Multo
2168 1243 2359 1298 melius
2386 1242 2686 1313 proficitur,
2717 1246 2762 1300 si
2791 1246 2946 1300 bonis
2972 1247 3211 1302 moribus
3239 1249 3523 1303 serviatur.

2205 1377 2387 1432 XLIV.
2422 1394 2670 1434 FORIULA
2701 1395 2767 1433 ne
2794 1378 2820 1416 δ
2851 1395 3331 1435 εοκρετιτοιιιιιυε.

2040 1469 2233 1526 Nescio
2281 1469 2408 1540 quid
2447 1469 2649 1538 grande
2675 1469 2743 1524 de
2779 1485 2839 1525 se
2869 1470 3076 1524 videtur
3102 1469 3436 1539 promittere,
3464 1469 3557 1539 qui

1970 1563 2092 1619 loca
2129 1563 2400 1618 desiderat
2438 1562 2652 1633 publica
2691 1562 2988 1632 possidere.
3030 1561 3145 1617 Hoc
3173 1563 3316 1616 enim
3347 1564 3418 1616 ita
3449 1560 3563 1616 ﬁeri

1968 1654 2142 1719 decet,
2193 1654 2238 1709 si
2288 1663 2310 1692 ο
2362 1667 2449 1708 res
2495 1651 2739 1722 squalida
2791 1652 2844 1706 in
2893 1651 3173 1706 meliorem
3224 1651 3329 1707 loci
3373 1649 3561 1706 faciem

1971 1743 2322 1800 transferatur
2358 1751 2414 1800 et
2454 1751 2740 1800 revocetur
2775 1743 2842 1797 ad
2881 1753 3128 1798 ornatum
3157 1742 3302 1813 quod
3356 1743 3562 1813 pridem

1898 1801 2248 1892 B.videbatur
2288 1837 2472 1906 jacere
2519 1837 2801 1892 incultum.
2854 1837 3031 1906 Atque
3071 1801 3191 1892 ideo
3233 1801 3563 1891 desideranti

1973 1929 2068 1982 tibi
2091 1929 2239 1982 illum
2263 1929 2439 1984 locum
2463 1929 2821 2000 proprietario
2838 1928 2960 1997 jure
2984 1929 3351 1995 concedimus,
3369 1937 3565 1998 praeter

1967 2032 2062 2080 ms,
2094 2024 2187 2071 aut
2215 2017 2510 2087 plumbum,
2541 2017 2626 2071 vel
2652 2032 2944 2081 marmora,
2972 2017 3016 2072 si
3048 2025 3225 2072 tamen
3256 2017 3326 2071 ibi
3357 2015 3562 2072 fuerint

1968 2106 2139 2162 latere
2164 2116 2462 2177 comperta.
2488 2106 2600 2175 Age
2631 2107 2810 2176 itaque
2834 2115 2893 2161 ut
2921 2123 3021 2178 per
3043 2117 3093 2163 te
3115 2115 3292 2162 sumat
3313 2108 3564 2163 decorem

1969 2198 2113 2268 quod
2143 2201 2445 2266 neglectum
2477 2199 2682 2253 incuria
2705 2207 2974 2254 vetustate
2995 2198 3268 2268 jacuerat;
3297 2209 3566 2270 quatenus
3642 2240 3645 2244 ι

1968 2289 2098 2343 boni
2141 2289 2274 2343 civis
2319 2288 2529 2343 laudem
2559 2289 2804 2344 invenire
2842 2291 3120 2355 merearis,
3158 2290 3202 2344 si
3234 2289 3429 2344 faciem
3459 2300 3564 2345 tute

1969 2379 2206 2434 civitatis
2231 2379 2525 2444 ornaveris,
2557 2393 2782 2434 securus
2813 2379 2978 2433 etiam
3007 2378 3074 2432 ad
3103 2387 3351 2448 posteros
3381 2388 3560 2433 trans-

1969 2470 2230 2524 missurus
2275 2469 2418 2539 quod
2462 2470 2682 2539 proprio
2734 2469 2898 2525 fuerit
2943 2469 3130 2524 labore
3178 2470 3558 2539 compositum.

1967 2562 2104 2630 Quia
2147 2570 2300 2618 tanto
2341 2563 2547 2619 firmius
2582 2563 2949 2634 unusquisque
2991 2561 3310 2632 possidebit,
3359 2571 3563 2632 quanto

1967 2672 2028 2713 se
2055 2665 2410 2726 auctoresque
2437 2672 2562 2712 suos
2591 2656 2821 2725 amplius
2849 2656 3170 2726 expendisse
3197 2654 3524 2726 probaverit.

1968 2793 2127 2850 XLV.
2155 2810 2425 2862 malum,
2454 2810 2556 2859 qua
2586 2811 2777 2850 cessus
2814 2793 2840 2832 ἀ
2877 2811 3195 2850 ιιειεητῐτιι
3223 2811 3274 2849 ιι
3303 2809 3390 2859 oet
3419 2808 3562 2849 mult

2291 2873 2316 2900 θ
2341 2881 2508 2921 casu
2545 2881 2792 2920 rossmnr
2824 2881 3246 2921 Ριυεοιιλνλτλκ.

2001 2998 2018 3007 κ
2038 2973 2174 3030 Cum
2201 2975 2270 3031 de
2297 2975 2412 3045 agri
2440 2976 2670 3031 utilitate
2697 2976 2906 3030 vivatur
2928 2985 2983 3030 et
3011 2975 3259 3030 omnibus
3289 2973 3414 3029 inde
3441 2990 3562 3032 cer-

1968 3076 2081 3124 tum
2111 3069 2182 3124 sit
2223 3067 2429 3138 justum
2469 3067 2654 3123 venire
2692 3067 3090 3138 compendium,
3132 3067 3391 3120 tributum
3431 3065 3564 3120 illud

266 3161 433 3216 libras
466 3170 569 3225 tot,
610 3170 666 3217 et
709 3160 1023 3216 satisfacere
1064 3161 1345 3230 promittat
1383 3175 1718 3230 quaecunque
1745 3159 1862 3229 ejus
1890 3177 1938 3243 ο
1965 3159 2326 3230 possessionis
2358 3159 2412 3213 in
2452 3157 2543 3212 illa
2583 3157 2860 3228 provincia
2891 3157 3196 3212 constituta:
3219 3157 3291 3210 ita
3320 3157 3564 3225 quereris

269 3257 616 3313 adversarius
637 3256 878 3326 potuerit
906 3265 1013 3311 tam
1038 3255 1307 3312 commodi
1331 3269 1492 3325 quam
1509 3254 1719 3310 itineris
1746 3269 1866 3309 sus-

265 3353 442 3409 tinere
475 3353 816 3408 detrimenta.
863 3352 974 3408 Nos
999 3352 1142 3408 enim
1163 3367 1286 3407 cum
1307 3352 1600 3421 reprimere
1628 3349 1869 3405 inciviles

267 3447 484 3502 animos
512 3446 780 3510 volumus,
812 3459 1152 3516 prmgravare
1179 3443 1540 3498 innocentiam
1567 3456 1676 3496 non
1703 3441 1867 3496 debe-

269 3552 409 3591 mus.
443 3535 605 3605 Sajus
631 3544 836 3604 autem,
861 3537 954 3606 qui
983 3551 1079 3591 sua
1109 3535 1388 3590 voluntate
1413 3534 1629 3589 modum
1660 3547 1865 3604 praece-

269 3626 477 3696 ptionis
505 3625 819 3690 excesserit,
845 3625 1115 3680 donativis
1139 3639 1199 3679 se
1224 3624 1437 3679 noverit
1459 3623 1784 3685 eruendum,
1813 3630 1869 3678 et

272 3717 458 3786 gratiae
503 3725 700 3771 nostra:
749 3715 916 3787 (quod
957 3723 1042 3771 est
1085 3714 1296 3769 damnis
1339 3713 1590 3770 omnibus
1626 3713 1864 3783 gravius)

272 3806 550 3863 incurrere
593 3822 754 3878 posse
798 3807 1126 3877 periculum;
1173 3821 1276 3862 nec
1325 3805 1426 3862 sibi
1474 3803 1700 3860 ulterius
1746 3817 1868 3859 esse

274 3897 623 3961 credendum,
652 3897 698 3952 si
718 3896 974 3967 jussionis
1002 3904 1218 3961 nostras,
1251 3895 1406 3965 cujus
1432 3899 1721 3950 exsecutor
1747 3906 1868 3948 esse

273 3989 480 4057 debuit,
513 3997 810 4045 temerator
836 3989 1123 4045 exstiterit.

415 4146 603 4202 XLIII.
633 4162 881 4202 ronuuu
906 4160 1253 4201 unusnon”;
1279 4155 1716 4199 CHAR‘I‘ABIORUI.

346 4257 577 4313 Constat
609 4257 854 4312 militiam
883 4256 1026 4311 bene
1068 4255 1204 4324 geri,
1232 4268 1353 4322 qua:
1391 4252 1631 4322 probatis
1657 4249 1870 4305 videtur

276 4351 505 4420 imponi,
547 4348 762 4418 quando
811 4348 928 4419 ipse
972 4361 1155 4402 secum
1193 4351 1374 4416 potest
1413 4343 1696 4399 revolvere
1724 4340 1869 4412 quod

273 4443 442 4513 judex
469 4456 593 4495 eum
623 4440 800 4510 potuit
842 4437 1166 4502 admonere;
1199 4435 1431 4489 maxime
1457 4449 1576 4490 cum
1607 4431 1674 4486 ad
1705 4429 1870 4501 patri-

277 4533 459 4588 monia
504 4532 699 4587 divinae
743 4529 867 4585 talis
913 4529 1106 4585 domus
1150 4533 1424 4582 mereatur
1474 4523 1767 4591 accedere,
1811 4529 1872 4576 ut

278 4625 576 4696 cupiditate
595 4621 899 4679 detestabili
923 4636 1032 4676 non
1058 4618 1232 4690 possit
1257 4615 1499 4673 accendi.
1526 4611 1727 4670 Deinde
1749 4625 1874 4667 cum

280 4866 500 4923 quoque
548 4848 776 4923 formula
823 4847 1110 4923 excipitur,
1137 4859 1282 4923 vers.
1324 4841 1412 4923 Ita
1454 4849 1511 4923 ut
1554 4839 1881 4923 iri-alienan-

282 4910 382 4988 dis,
410 4910 526 4975 'etc.
567 4920 793 4991 Athenis
831 4910 1204 4991 adolescentes
1253 4915 1304 4968 in
1354 4910 1702 4991 Lexiarchicp
1730 4923 1880 4991 com-

285 4978 756 5061 mentarioarelati
795 5005 859 5043 ac
902 4988 1092 5061 censiti
1137 4982 1460 5061 sumtutelzn
1487 4978 1876 5061 efﬁciebantur,

285 5075 344 5118 ut
360 5062 549 5118 scribit
573 5059 782 5121 Pollux,
810 5067 1030 5128 tumque
1051 5057 1116 5110 iis
1139 5051 1547 5128 administrandi
1571 5051 1878 5128 patrimonii

281 5133 369 5202 jus
398 5141 536 5187 erat.
559 5129 752 5202 Suidas
772 5118 792 5182 ἐ
823 5118 1128 5202 Οἶςέξῆγ-τὰ
1149 5132 1368 5202 πατρῷα
1389 5126 1695 5202 οὶέκονοεςεεζῆ
1721 5118 1878 5202 hujus

288 5189 458 5258 moris
501 5201 744 5272 meminit
792 5189 1172 5272 etAEs‘chines
1201 5213 1214 5248 :
1251 5189 1340 5272 ἡοὲζ
1364 5197 1536 5272 arripio;
1557 5189 1758 5269 ’ἐγένετο
1781 5197 1878 5268 ῆς

287 5278 491 5333 οὐσίας.
522 5271 628 5325 Sed
657 5271 726 5325 de
751 5268 1183 5337 adolescentibus
1201 5264 1373 5319 aetatis
1391 5264 1604 5315 veniam
1627 5264 1879 5337 principis

289 5329 623 5413 indulgentia
654 5339 981 5403 consecutis,
1011 5338 1117 5391 alio
1147 5335 1269 5390 loco
1293 5343 1500 5390 eertum
1527 5338 1614 5385 est
1639 5329 1880 5398 pluribus

291 5411 474 5484 agere.
511 5411 677 5465 Fons.
1694 5468 1706 5480 .

366 5493 391 5520 ⁸
425 5479 688 5553 Cartbarii
737 5479 982 5553 meminit
1033 5476 1145 5553 lib._
1174 5491 1248 5541 tx,
1283 5474 1460 5553 _epist.
1509 5471 1565 5540 '5,
1615 5470 1882 5553 bujusque

292 5537 503 5608 mentio
534 5552 591 5604 lit
619 5553 670 5604 in
709 5550 875 5605 veteri
907 5537 1254 5616 inscriptione
1283 5537 1663 5616 Nemausensj;
1677 5537 1797 5616 Jan.

367 5624 396 5663 δ
430 5623 488 5676 L.
516 5620 648 5686 2,0.
678 5621 752 5675 De
777 5621 920 5690 petit.
952 5609 1264 5690 born-subl!
1285 5615 1378 5671 lib.
1404 5632 1467 5690 x,_
1489 5613 1572 5666 tit.
1601 5609 1878 5690 12._F03N.

373 5704 397 5733 ε
425 5679 682 5760 Intelligit
709 5679 900 5746 auctor
926 5704 1089 5758 opera
1121 5687 1355 5760 publica,
1383 5685 1617 5760 vel_qu:e
1645 5679 1725 5760 ad
1742 5693 1884 5760 rem-

299 5747 710 5834 pttblicam,vvel
737 5747 1008 5834 civitatem
1037 5747 1414 5834 pertinent,’ut
1441 5747 1623 5810 videre
1651 5757 1736 5806 est
1761 5748 1816 5804 in
1845 5747 1882 5803 ι.

304 5827 367 5890 Si
394 5833 624 5906 quando,
651 5829 712 5886 C.
747 5829 824 5885 De
849 5846 990 5899 oper.
1020 5827 1139 5898 pub.
1175 5827 1359 5886 Bnoss.

1969 3265 2285 3317 onerosum,
2316 3257 2377 3304 ut
2401 3249 2677 3304 universas
2701 3248 2794 3304 tibi
2819 3248 3088 3303 voraverit
3110 3247 3390 3302 facultates
3412 3247 3563 3304 lacus

1969 3341 2060 3396 ille
2105 3339 2438 3395 vastissimus
2478 3337 2796 3404 functionis;
2840 3348 2895 3394 et
2933 3339 3078 3408 quod
3115 3338 3332 3394 aliunde
3363 3351 3561 3408 magno

1969 3429 2156 3484 labore
2184 3435 2364 3499 potest
2391 3428 2591 3496 colligi,
2629 3442 2728 3497 per
2762 3427 2906 3482 illam
2937 3427 3184 3482 videatur
3211 3428 3432 3490 assumi,
3463 3443 3563 3484 cu-

1965 3520 2056 3591 jus
2100 3520 2387 3576 utilitatem
2439 3519 2602 3575 nimia
2651 3519 2982 3576 transcendit
3033 3519 3241 3587 illatio,
3279 3518 3404 3573 dum
3443 3519 3566 3588 plus

1968 3612 2398 3684 compulsoribus
2441 3612 2682 3667 redditur
2727 3626 2890 3681 quam
2940 3625 2969 3665 a
3013 3609 3201 3665 sedulo
3250 3617 3558 3679 praestetur.

1970 3705 2312 3774 Quapropter
2340 3702 2609 3758 credimus
2635 3711 2686 3757 te
2720 3701 2948 3756 evadere
2976 3715 3138 3771 posse
3167 3699 3484 3765 nuditatem,
3515 3698 3561 3754 si

1968 3795 2264 3852 dominium
2293 3793 2452 3863 hujus
2481 3793 2619 3848 ruris
2647 3793 2793 3865 (Alii,
2825 3791 2993 3863 urbis]
3022 3792 3285 3856 amiseris,
3313 3792 3398 3847 cui
3421 3790 3565 3862 jugis

1967 3886 2224 3942 sterilitas
2249 3884 2318 3940 de
2346 3879 2779 3953 compulsoribus
2816 3883 2993 3950 venit;
3025 3897 3092 3938 ne
3120 3881 3432 3938 conditione
3462 3881 3564 3936 mi-

1968 3979 2186 4033 serabili
2231 3977 2436 4033 servias
2481 3974 2812 4040 necessitati,
2843 3974 2997 4044 cujus
3024 3974 3272 4030 dominus
3301 3988 3421 4029 esse
3449 3987 3563 4028 me-

1969 4071 2145 4127 ruisti.
2175 4069 2282 4125 Sed
2310 4069 2434 4139 quia
2461 4069 2567 4124 hoc
2597 4083 2766 4138 genus
2809 4067 3056 4124 beneficii
3091 4067 3331 4138 prmstari
3359 4066 3566 4122 medio-

1969 4163 2150 4219 cribus
2201 4162 2350 4232 leges
2399 4161 2774 4216 sacratissima:
2816 4169 3170 4225 censuerunt,
3221 4169 3282 4214 ut
3326 4159 3418 4228 qui
3466 4173 3566 4227 pro

1969 4253 2129 4308 unius
2174 4251 2394 4322 cespitis
2439 4251 2762 4306 enormitate
2808 4250 3147 4320 deprimitur,
3197 4263 3297 4304 nec
3341 4247 3566 4304 alterius

1971 4342 2359 4398 commoditate
2399 4340 2728 4405 sublevatur,
2769 4340 3139 4394 moderatiene
3176 4339 3360 4394 habita
3390 4338 3437 4392 ei
3468 4337 3562 4391 de-

1973 4431 2098 4486 beat
2129 4427 2423 4496 subveniri,
2474 4426 2859 4496 magnitudinis
2905 4434 3124 4494 nostrze,
3168 4427 3254 4482 cui
3291 4425 3440 4481 cordi
3480 4432 3565 4480 est

1972 4519 2212 4588 cogitare
2251 4517 2535 4587 justitiam,
2563 4516 2812 4586 przesenti
2853 4517 3174 4572 auctoritate
3203 4515 3564 4579 decernimus,

1974 4617 2053 4678 ut,
2073 4610 2118 4665 si
2137 4609 2210 4664 ita
2239 4617 2343 4678 est,
2367 4616 2449 4664 tot
2475 4607 2676 4664 solidos
2703 4606 2988 4664 tributario
3013 4607 3334 4680 supradictae
3355 4620 3564 4678 posscs-

2055 4831 2085 4872 σι
2113 4831 2285 4887 Hodie
2312 4833 2477 4888 vetita
2506 4841 2588 4888 est
2617 4833 2806 4903 petitio
2832 4829 3201 4903 relevationis,
3228 4827 3312 4903 vel
3342 4826 3568 4903 transla-

1983 4903 2163 4965 tionis,
2195 4903 2280 4957 vel
2310 4895 2666 4965 admrationis.
2709 4912 2842 4970 etc.,
2883 4901 2973 4956 lib.
3016 4917 3048 4954 ι
3091 4897 3259 4970 ϐοά.Δ
3277 4897 3356 4950 tit.
3383 4895 3469 4961 28,
3501 4896 3568 4951 de

1982 4973 2166 5030 collat.
2195 4973 2516 5027 donatorum
2546 4974 2630 5026 vel
2670 4967 3050 5032 relevatorum,
3082 4977 3186 5024 etc.
3221 4967 3389 5020 Fons.

2056 5052 2080 5082 ο
2115 5041 2173 5096 L.
2205 5041 2260 5108 4,
2287 5041 2347 5096 Ι).
2383 5042 2461 5097 De
2489 5042 2680 5097 censib.
2712 5051 2761 5095 et
2795 5043 2899 5108 tit.,
2925 5039 2986 5094 C.
3030 5038 3109 5092 De
3143 5033 3480 5108 censitoribut
3518 5045 3568 5108 et

1981 5105 2285 5186 peremunt},
2321 5113 2517 5186 novell.
2553 5112 2692 5186 165._
2713 5105 2922 5186 Ulpian.
2957 5109 3121 5186 _Rhet.
3155 5107 3207 5161 in
3231 5105 3484 5186 oratione
3501 5105 3569 5160 de

1983 5175 2142 5236 male
2169 5175 2314 5236 obita
2362 5183 2522 5251 legat.
2569 5182 2756 5251 scribit
2781 5175 3130 5251 'vacationem
3179 5191 3219 5251 a_
3260 5175 3571 5230 muneribus

2022 5251 2310 5326 auperibus
2339 5245 2454 5326 (qui
2497 5253 2585 5306 hic
2624 5250 2922 5326 mediocres
2957 5245 3568 5326 diqunlurleon‘cessam

2008 5313 2166 5384 'uissc,
2198 5329 2256 5373 ιιι
2283 5313 2398 5378 rem
2425 5322 2775 5377 domesticam
2804 5324 3073 5384 curarent.
3107 5316 3285 5370 Basilii
3326 5313 3569 5384 Porphy-

1987 5383 2257 5457 rogenetis
2286 5391 2600 5446 constitutio
2641 5397 2953 5445 recensetur
2981 5401 3011 5440 a
3040 5383 3309 5457 Cedreno,
3341 5394 3399 5457 et
3425 5383 3528 5457 lib._
3551 5398 3570 5437 ι

1986 5451 2126 5515 luris
2154 5457 2459 5523 Orientalis,
2488 5475 2591 5528 qua
2636 5473 2953 5529 pauperum,
2985 5457 3077 5526 qui
3107 5456 3280 5529 minus
3311 5451 3570 5529 solvendo

1987 5536 2188 5601 essent,
2222 5519 2546 5601 tributumi'a
2593 5519 3032 5601 locupletioribu's
3071 5519 3568 5601 erigeretuquuod

1989 5599 2316 5673 allilengium
2346 5600 2654 5673 vocabatur,
2685 5591 2753 5652 de
2781 5613 2890 5666 quo
2917 5597 3050 5651 alias
3081 5591 3574 5673 plu—ribusu'l'otius

1990 5663 2357 5740 autem'hujus
2381 5671 2618 5740 epistol-.e
2643 5663 3018 5740 argumentum
3059 5663 3311 5724 convenit
3331 5663 3580 5732 disputa-

1991 5739 2146 5808 tioni,
2177 5742 2215 5799 I.
2247 5739 2300 5796 4.
2330 5739 2393 5794 D.
2419 5738 2502 5796 De
2526 5739 2718 5796 centib.
2744 5738 2912 5795 Fons.
