3988 6178
402 305 497 361 75!

1646 307 1719 364 M.
1761 306 2041 364 AURELII
2075 308 2474 367 CASSIODORI

3583 312 3677 370 732

400 424 587 491 sionis,
620 423 760 481 datis
785 422 1233 495 przeceptionibus
1261 423 1327 479 ad
1358 438 1454 480 eos
1492 437 1720 494 quorum
1751 426 1995 493 interest,
2030 430 2069 487 Α
2103 426 2305 498 itaque,
2358 425 2471 483 Deo
2525 425 2767 494 favente,
2810 429 3011 498 posteri
3056 428 3372 486 solemniter
3417 428 3672 496 hatredes,

403 516 476 571 ita
504 514 710 572 faciatis
733 518 801 571 de
828 526 855 554 κ
886 516 1108 571 vasariis
1130 515 1360 586 publicis
1385 516 1672 585 diligenter
1701 517 1908 585 abradi,
1933 525 1995 571 ut
2092 527 2303 576 castum
2352 520 2783 588 matrimonium,
2834 522 3068 590 gloriosa
3110 522 3424 594 permixtio,
3469 521 3679 592 quando

403 607 564 677 hujus
604 610 683 662 rei
725 607 1009 677 duplarum
1048 606 1332 674 vestigium
1376 621 1482 661 non
1521 606 1716 662 debeat
1743 607 1991 673 inveniri,

402 700 496 756 sed
526 714 622 768 per
648 698 843 754 saecula
874 698 989 752 sine
1026 711 1211 753 errore
1254 704 1501 753 servetur
1531 696 1675 765 quod
1708 711 1812 752 una
1840 711 1993 753 com-

401 791 549 846 muni
578 805 788 846 summa
819 789 1177 845 concluditur.

412 944 568 1017 123
592 942 777 998 XLVI.
792 941 819 981 ιι
851 957 1100 997 ροιυιιιω
1121 956 1224 1003 om
1249 955 1578 996 consonum
1599 954 1852 996 ιεῡιτιιιΑ
1874 955 1996 994 rm

1125 1026 1286 1065 UXOB.

478 1147 746 1202 Institutio
768 1146 1069 1201 divinarum
1100 1144 1281 1214 legum
1322 1144 1562 1199 humano
1595 1143 1703 1213 juri
1732 1143 1999 1198 ministrat

409 1237 718 1303 exordium,
751 1237 969 1306 quando
1006 1240 1061 1290 in
1106 1235 1208 1289 illis
1248 1235 1515 1303 capitibus
1558 1235 1755 1303 legitur
1796 1248 1998 1304 praece-

410 1342 559 1403 ptum
588 1345 708 1399 qua:
727 1330 933 1385 duabus
958 1329 1154 1383 tabulis
1182 1328 1481 1399 probantur
1520 1326 1807 1397 adscripta.
1837 1326 2002 1381 Sacer

410 1422 553 1478 enim
583 1421 782 1490 Moses,
814 1421 994 1477 divina
1024 1420 1364 1477 institutione
1393 1421 1672 1485 formatus,
1704 1418 2001 1474 Israelitico

408 1514 609 1583 populo
656 1513 796 1567 inter
836 1514 939 1567 alia
968 1512 1230 1581 deﬁnivit,
1272 1521 1332 1567 ut
1370 1512 1688 1568 concubitus
1745 1522 1766 1549 ο
1801 1526 1929 1565 suos
1971 1524 2002 1562 a

409 1605 690 1660 vicinitate
718 1604 790 1673 pii
819 1605 1093 1672 sanguinis
1122 1604 1476 1669 abstinerent,
1500 1618 1567 1657 ne
1589 1611 1645 1658 et
1665 1618 1723 1657 se
1748 1602 1801 1656 in
1824 1603 2007 1672 proxi-

411 1694 653 1747 mitatem
683 1693 963 1749 redeundo
994 1694 1315 1764 polluerent,
1347 1702 1400 1748 et
1426 1693 1797 1749 dilatationem
1826 1693 2007 1763 provi-

2094 610 2352 681 quidquid
2382 626 2413 665 a
2440 611 2594 666 nobis
2622 610 2736 666 ﬁeri
2772 612 3101 682 praecipitur,
3132 627 3355 668 necesse
3383 621 3466 669 est
3491 621 3551 668 ut
3577 629 3679 670 non

2096 696 2408 771 culpis,’sed
2438 701 2683 758 laudibus
2709 703 3030 774 applicetur.

2098 856 2302 913 XLYH.
2341 875 2612 924 FOBIULA,
2663 877 2731 916 Αι)
2779 877 3133 925 ιίιδιερεοτωι,
3183 879 3253 918 ur
3295 879 3392 919 sun
3443 881 3683 923 uncae-ro

2544 947 2754 987 CURIALI
2782 949 2990 987 PREDIA
3016 949 3246 989 VENDAT.

2170 1045 2377 1101 Patitur
2401 1046 2507 1102 hoc
2535 1047 2832 1117 improvida
2875 1049 3181 1105 mortalium
3212 1051 3528 1122 plerumque
3554 1067 3688 1109 con-

2099 1134 2252 1202 ditio,
2284 1145 2340 1190 ut
2368 1152 2488 1192 eum
2520 1137 2714 1193 laedere
2743 1146 2979 1208 putatur,
3010 1142 3292 1209 consulat;
3323 1150 3379 1198 et
3398 1159 3520 1198 cum
3558 1159 3691 1200 eon-

2100 1227 2276 1283 sulere
2294 1226 2521 1293 videtur,
2549 1228 2767 1299 afﬂigat.
2800 1229 2903 1285 Sed
2927 1231 3242 1305 illudmagis
3262 1243 3345 1289 est
3363 1234 3688 1304 eligendum,

2101 1319 2244 1387 quod
2273 1318 2529 1389 prodesse
2559 1322 2921 1390 cognoscitur.
2946 1322 3077 1378 Nam
3112 1322 3138 1363 δ
3173 1341 3381 1381 venena
3404 1328 3513 1397 ipsa
3537 1328 3584 1384 si
3609 1328 3692 1397 ju-

2103 1423 2233 1463 vare
2271 1411 2585 1478 probantur,
2632 1421 2853 1482 accepta
2889 1423 3033 1468 sunt.
3064 1410 3106 1467 E
3144 1425 3355 1486 contra,
3382 1418 3692 1488 refugienda

2105 1508 2188 1553 est
2208 1501 2444 1557 suavitas
2472 1502 2645 1558 mellis
2672 1519 2792 1574 qua:
2821 1504 3018 1560 inferre
3065 1505 3395 1574 dignoscitur
3418 1507 3688 1565 ltesiones.

2105 1588 2251 1645 Finis
2278 1603 2407 1658 eigo
2435 1591 2693 1661 sapientis
2720 1600 2802 1649 est
2823 1608 3006 1649 amare
3033 1596 3177 1665 quod
3207 1597 3454 1667 expedit;
3485 1600 3565 1654 sic
3598 1615 3694 1655 nec

2107 1685 2270 1753 igitur
2296 1693 2480 1739 votum
2510 1686 2743 1756 respicit,
2770 1688 2860 1756 qui
2884 1688 3140 1758 prodesse
3161 1691 3457 1745 contendit.
3488 1692 3693 1747 Praedia

410 1784 533 1840 dam
564 1786 615 1839 in
646 1800 817 1853 genus
868 1792 1183 1839 extraneum
1232 1800 1339 1839 non
1389 1785 1670 1839 haberent.
1717 1784 1831 1840 Hoc
1876 1800 2005 1855 pru-
2034 1803 2079 1862 Β
2106 1775 2321 1845 quidem
2349 1776 2627 1831 curialium
2657 1793 2767 1832 non
2796 1778 2949 1834 facile
2996 1789 3018 1816 ε
3040 1779 3264 1834 distrahi
3295 1782 3526 1850 prudens
3561 1782 3694 1835 deti-

410 1877 599 1932 dentes
641 1877 737 1931 viri
786 1886 1073 1947 sequentes
1120 1877 1448 1947 exemplum,
1499 1877 1710 1945 longius
1756 1876 2002 1946 pudicam

412 1969 812 2023 observantiam
883 1970 1113 2039 posteris
1165 1970 1609 2037 transmiserunt,
1664 1978 2005 2025 reservantes

414 2060 638 2131 principi
662 2062 869 2116 tantum
900 2061 1241 2125 beneficium,
1276 2063 1613 2118 consobrinis
1639 2063 1863 2134 nuptiali
1906 2079 2004 2117 eo-

412 2150 691 2220 pulatione
715 2151 1001 2220 jungendis
1026 2173 1039 2206 -.
1074 2154 1434 2222 intelligentes
1472 2154 1649 2209 rarius
1676 2169 1835 2223 posse
1864 2168 2003 2222 prae-

414 2241 551 2294 sumi
580 2242 721 2311 quod
747 2258 776 2296 a
799 2243 1042 2313 principe
1062 2244 1338 2313 jusserunt
1361 2244 1642 2324 postulari.
1668 2244 2008 2299 Admiramur

413 2329 711 2406 inventum,
743 2339 797 2386 et
828 2332 1143 2402 temperiem
1167 2349 1346 2389 rerum
1386 2333 1647 2404 stupenda
1690 2333 2005 2390 considera-

413 2420 562 2494 tione
602 2421 900 2485 laudamus,
932 2422 1039 2477 hoc
1089 2422 1157 2477 ad
1203 2424 1460 2494 principis
1505 2424 1671 2479 fuisse
1722 2426 2005 2479 remissum

409 2490 703 2578 judicium;
735 2518 794 2564 ut
841 2511 933 2579 qui
961 2490 1282 2581 populorum
1332 2490 1511 2568 mores
1539 2513 1782 2584 regebat,
1815 2515 1927 2584 ipse
1953 2523 2008 2569 et

415 2599 692 2655 moderata
748 2600 1201 2670 concupiscentiae
1262 2600 1411 2655 frena
1469 2603 1692 2657 laxaret.
1737 2602 1802 2657 Et
1862 2604 2006 2670 idco,

414 2687 866 2758 supplicationum
898 2696 1111 2743 tuarum
1142 2698 1329 2745 tenore
1376 2692 1629 2760 permoti,
1671 2693 1717 2747 si
1769 2694 1865 2748 tibi
1910 2694 2004 2751 illa

415 2786 623 2834 tantum
662 2778 974 2833 consobrini
1019 2781 1297 2848 sanguinis
1319 2782 1596 2837 vicinitate
1642 2782 2005 2853 conjungitur,

414 2884 518 2925 nec
542 2869 648 2924 alio
672 2870 839 2938 gradu
866 2871 1163 2940 proximior
1188 2873 1524 2942 approbaris,
1548 2873 1893 2930 matrimonio
1915 2883 2008 2931 tuo

415 2960 756 3016 decernimus
782 2976 901 3017 esse
928 2962 1257 3029 sociandam,
1303 2964 1611 3033 nullamque
1635 2965 1788 3020 vobis
1813 2966 2010 3021 exinde

412 3046 811 3120 jubemusiieri
853 3052 1228 3121 quaestionem,
1280 3054 1499 3124 quando
1536 3063 1594 3110 et
1632 3056 1779 3125 leges
1823 3065 2008 3113 nostra

2108 1866 2240 1919 nivit
2279 1865 2599 1935 antiquitas;
2637 1875 2695 1921 ut
2725 1866 2792 1921 ad
2838 1869 3187 1923 necessitates
3224 1871 3464 1939 publicas
3501 1872 3694 1926 melius

2106 1959 2382 2016 efﬁcerent
2424 1960 2541 2032 [Gr.
2599 1971 2648 2015 et
2688 1961 2827 2032 Cuj.,
2879 1960 3230 2035 sufﬁcerent],
3280 1965 3324 2019 si
3380 1965 3697 2020 substantia:

2102 2050 2377 2120 juvamina
2416 2053 2536 2119 plus
2577 2050 2858 2105 haberent.
2908 2050 3016 2106 Sed
3060 2053 3112 2106 in
3155 2054 3258 2108 hac
3304 2054 3496 2108 iterum
3546 2064 3699 2123 parte

2106 2142 2403 2212 prospexit,
2437 2149 2496 2194 ιιι
2523 2141 2567 2196 si
2591 2142 2731 2211 apud
2761 2157 2859 2198 vos
2897 2143 3252 2198 ineluctabilis
3275 2147 3571 2199 nearessitas
3602 2161 3694 2213 ap-

2107 2239 2341 2303 pareret,
2374 2247 2564 2287 rerum
2598 2247 2815 2287 suarum
2857 2218 3138 2288 distractio
3186 2234 3512 2289 subveniret.
3565 2232 3697 2288 Nam

2108 2324 2235 2394 quid
2264 2323 2501 2393 prodest,
2542 2323 2587 2378 si
2616 2324 2881 2394 quispiam
2927 2325 3135 2380 videtur
3186 2326 3431 2390 idoneus,
3476 2334 3533 2380 et
3587 2327 3698 2381 ﬁeri

2108 2434 2215 2472 non
2242 2417 2411 2487 possit
2445 2432 2475 2471 a
2507 2417 2799 2472 contractis
2838 2418 3065 2474 nexibus
3094 2418 3406 2473 absolutus?
3459 2418 3477 2457 ί
3502 2417 3697 2489 Egenti

2109 2509 2297 2564 similis
2326 2514 2430 2577 est,
2454 2508 2545 2578 qui
2574 2508 2799 2563 reddere
2830 2509 3017 2578 nequit
3040 2508 3303 2574 alienum;
3336 2524 3436 2566 nec
3461 2509 3575 2564 diei
3600 2526 3697 2580 po-

2111 2608 2216 2654 test
2243 2599 2536 2670 pr0prium,
2586 2600 2730 2670 quod
2776 2599 3004 2655 liberare
3032 2600 3307 2655 dominum
3338 2617 3445 2657 non
3486 2604 3702 2658 videtur

2112 2702 2138 2741 8
2159 2709 2188 2747 a
2210 2694 2390 2748 debito
2413 2692 2557 2763 [Alii,
2590 2692 2859 2759 additum;
2892 2693 3003 2760 alii,
3034 2692 3345 2764 addictum].
3380 2693 3485 2748 Sed
3505 2710 3693 2764 quam-

2109 2786 2189 2839 vis
2216 2786 2318 2839 hoc
2344 2793 2534 2840 vestrae
2557 2784 2808 2853 potestati
2831 2782 2991 2838 fuerit
3024 2785 3197 2853 legum
3229 2786 3553 2841 auctoritate
3575 2803 3702 2842 con-

2110 2890 2340 2941 cessum,
2371 2883 2572 2939 tamen,
2604 2889 2671 2929 ne
2699 2889 2857 2943 quam
2904 2876 3162 2930 rarissimi
3204 2876 3327 2931 facti
3363 2878 3701 2933 sustineretis

2112 2967 2386 3032 invidiam,
2438 2967 2581 3021 illius
2616 2967 2900 3036 municipis
2942 2966 3267 3035 allegatione
3307 2969 3565 3037 permoti,
3606 2983 3701 3022 nos

2111 3071 2326 3126 quoque
2347 3056 2652 3111 eminentia:
2672 3064 2864 3111 vestra:
2889 3055 3139 3124 prmsenti
3161 3055 3402 3125 jussione
3431 3059 3701 3127 permitti-

415 3141 655 3210 permitti
682 3141 959 3197 voluntate
997 3144 1359 3210 consentiunt,
1404 3151 1460 3198 et
1482 3154 1608 3199 vota
1644 3154 1823 3202 vestra
1867 3162 2004 3219 prte-
2028 3155 2075 3216 ο
2104 3163 2244 3213 mus,
2274 3155 2333 3202 ut
2359 3147 2568 3217 aliquis,
2597 3146 2822 3202 veritate
2847 3146 3110 3210 discussa,
3147 3148 3190 3203 si
3239 3150 3394 3204 aliter
3432 3150 3575 3204 solvi
3605 3165 3700 3204 ne-

415 3231 946 3290 sentis‘auctoritatis
972 3232 1237 3290 beneﬁcio
1264 3233 1627 3292 ﬁrmaverunt.
1653 3235 1826 3293 Erunt
1851 3239 2006 3295 vobis

488 3401 517 3430 ι
547 3391 771 3464 Yasaria
810 3392 1022 3464 publica
1059 3393 1147 3464 hic
1182 3402 1306 3449 sunt
1341 3393 1680 3449 archivorum
1708 3408 1773 3450 ac
1801 3409 1997 3450 census

417 3463 645 3534 tabulae,
671 3473 731 3534 ut
773 3461 831 3518 iri
872 3464 909 3518 Ι.
956 3461 1052 3534 12,
1082 3462 1241 3532 Loca,
1269 3464 1336 3519 de
1364 3465 1720 3520 censitoribus
1748 3473 1803 3520 et
1828 3479 1998 3534 perte-

415 3543 600 3606 quat.,f
617 3533 678 3606 C.
702 3533 933 3606 Theod.,
946 3533 1142 3606 quibus
1158 3534 1487 3606 singulorum
1510 3534 1704 3606 civium
1721 3533 2000 3589 facdltates

416 3603 875 3673 describebantur,
907 3603 962 3658 id
992 3612 1094 3671 est,
1125 3613 1184 3658 ut
1207 3603 1489 3674 Theophili
1514 3604 1882 3674 deﬁnitionem
1911 3619 1998 3658 se-

415 3688 570 3749 quar,
600 3675 684 3749 ιιι.
714 3674 783 3729 de
806 3675 981 3749 libert.
1015 3680 1195 3749 :2ch
1222 3675 1331 3733 ἤτοι.
1360 3673 1580 3749 χάρτης,
1605 3673 1731 3749 {veg
1756 3673 2003 3749 Ῥωμαῖοι

414 3745 892 3831 ἀπῃεγρὰφοντοὶτὰς
932 3745 1484 3831 οἱιειίοιςἰιξξριογσίοιρέτ
1533 3747 1618 3799 ἐπὶ
1656 3746 1713 3830 ξὸ
1755 3745 1803 3797 ἐν
1842 3753 2002 3818 καιρῷ

415 3814 791 3890 tulimusque}
818 3818 1001 3890 μέτρον
1019 3824 1108 3890 τῆς
1131 3814 1261 3875 ἰδίὰς
1284 3815 1628 3890 ὑποστρισεοξς
1657 3815 1869 3890 ἕκαᾳῖον
1897 3814 2004 3890 sta"-

416 3883 596 3957 φέρεὶν.
628 3884 843 3957 Alioqui
870 3883 1137 3957 vasarium
1166 3892 1251 3957 est
1276 3883 1499 3957 pecunia
1528 3883 1647 3957 quae
1674 3884 1887 3953 publice
1907 3885 2003 3938 da-

417 3953 505 4006 tu'r
529 3955 929 4023 magistratibus
966 3954 1018 4006 in
1059 3953 1361 4074 provincias
1403 3955 1673 4019 euntibus,
1714 3961 1773 4007 ut
1812 3969 2000 4024 equos,

417 4021 613 4074 mulos.
642 4039 767 4074 vasa
796 4032 849 4074 et
876 4024 1065 4074 suone]
1088 4023 1318 4074 ectilem.
1357 4029 1659 4074 czeteraaue
1680 4038 1797 4074 quae
1832 4024 2000 4074 maui-

415 4021 613 4089 mulos,
631 4021 767 4076 vasa
796 4032 849 4077 et
876 4021 1318 4093 suppellectilem,
1357 4029 1659 4093 eaeteraque
1680 4038 1797 4092 quas
1832 4021 2002 4091 magi-

416 4099 617 4146 stratus
649 4091 1061 4163 instrumentum
1098 4091 1402 4163 implerent,
1432 4091 1587 4163 quod?
1606 4091 1822 4163 publico
1863 4109 2002 4148 sum-

414 4169 510 4229 ptu
531 4169 925 4230 compararent.
952 4160 1193 4215 Meminit
1213 4161 1325 4217 Cic.
1358 4163 1412 4216 in
1431 4160 1623 4217 Pisoni
1644 4180 1656 4215 :
1681 4162 1999 4217 Sestertium

416 4233 621 4302 centies
657 4240 712 4285 et
743 4232 1004 4300 octogies,
1045 4232 1208 4301 quod,
1245 4232 1399 4302 quasi
1439 4233 1634 4287 vasarii
1658 4234 1894 4297 nomine,
1944 4232 1998 4287 in

415 4301 722 4357 venditione
752 4302 857 4356 mei
898 4302 1089 4372 capitis
1125 4318 1206 4372 ex,
1240 4301 1431 4357 aerario
1472 4302 1565 4358 tibi
1615 4302 1870 4357 tributum
1898 4302 2002 4356 Ro-

414 4385 516 4425 mae
544 4374 596 4426 in
617 4383 822 4442 quazstu
852 4371 1135 4441 reliquisti.
1169 4371 1337 4442 Hujus
1367 4374 1533 4427 moris
1561 4373 1701 4428 idem
1732 4373 1995 4441 meminit,

414 4456 451 4495 ιι
485 4442 537 4495 in
578 4442 745 4505 Rull.,
789 4451 845 4497 et
884 4460 919 4498 v
962 4444 1017 4497 in
1066 4443 1318 4508 Verrem;
1359 4442 1583 4499 Sueten.
1630 4444 1683 4496 in
1726 4447 1994 4510 Augusto;

2111 3246 2297 3309 queat,
2325 3237 2582 3294 distracta
2611 3238 2863 3307 ligamina
2907 3238 3095 3308 praedii
3140 3239 3245 3307 sui,
3286 3240 3429 3311 quod
3480 3241 3699 3311 propria

2098 3394 2192 3448 lib.
2224 3411 2262 3457 ι,
2294 3394 2375 3447 tit.
2402 3392 2454 3459 4,
2482 3392 2686 3459 lnstit.;
2716 3392 3066 3462 Harmenop.,
3095 3389 3186 3447 lib.
3218 3409 3290 3462 vi.
3335 3391 3415 3445 tit.
3447 3391 3499 3449 4.
3553 3391 3702 3449 Unde

2099 3465 2296 3519 accidit
2324 3471 2383 3517 ut
2406 3465 2565 3535 apud
2595 3463 2906 3535 Τιιθοριιίι.ἱ
2935 3461 3079 3535 dicto
3130 3463 3171 3535 §7
3210 3461 3461 3531 Duorum,
3486 3467 3552 3517 οὐ
3603 3463 3692 3535 δὺς

2103 3559 2128 3589 ν
2135 3557 2279 3591 ανται

2102 3602 2394 3675 archetypo
2424 3603 2614 3675 Latino
2643 3603 2783 3657 absit
2806 3603 3041 3675 negatio.
3068 3602 3234 3675 Fons.

2179 3671 2205 3710 ά
2245 3671 2448 3729 veneni
2476 3673 2699 3727 verbum
2725 3672 2959 3727 medium
2984 3681 3065 3727 est
3097 3691 3109 3725 :
3148 3673 3377 3742 ideoque
3405 3672 3497 3742 qui
3534 3689 3697 3729 vene-

2106 3760 2232 3798 num
2263 3744 2413 3807 dicit,
2447 3742 2678 3810 adjicere
2726 3742 2903 3810 debet,
2953 3758 3021 3796 an
3074 3742 3293 3803 bonum,
3343 3758 3411 3795 an
3461 3745 3698 3808 malum;

2108 3829 2228 3867 nam
2259 3822 2316 3868 et-
2340 3814 2728 3867 medieamenta
2765 3812 2975 3866 venena
3022 3821 3167 3879 sunt,
3196 3812 3322 3879 quia
3363 3827 3431 3866 eo
3477 3814 3699 3867 nomine

2105 3899 2265 3938 omne
2288 3884 2594 3938 continetur
2618 3882 2761 3952 quod
2804 3882 3095 3936 adhibitum
3145 3890 3391 3937 naturam
3442 3884 3568 3950 ejus
3614 3885 3699 3938 cui

2105 3953 2399 4076 adhibil‘t‘um
2423 3960 2505 4008 est
2527 3960 2721 4021 mutat,
2750 3952 2788 4006 Ι.
2817 3952 2941 4019 256,
2974 3953 3073 4018 Qui
3115 3968 3382 4019 venenum,
3422 3952 3490 4007 de
3547 3955 3697 4008 verb.

2105 4037 2238 4076 sum.
2317 4039 2441 4076 orm.

2104 4037 2238 4091 sngn.
2274 4037 2441 4077 roum.

2179 4098 2202 4123 ε
2232 4094 2588 4148 Decurionum
2618 4107 2717 4147 seu
2738 4091 3016 4146 curialium
3046 4092 3238 4162 praedia
3260 4092 3375 4146 sine
3395 4092 3625 4147 decreto
3650 4102 3700 4147 et

2105 4178 2281 4216 causa:
2310 4163 2613 4231 cognitione
2652 4163 2887 4216 alienare
2935 4178 3040 4217 non
3087 4162 3254 4229 licuit,
3303 4163 3381 4215 tit.
3415 4162 3485 4231 55
3521 4163 3617 4217 lib.
3668 4179 3699 4216 x

2104 4231 2239 4287 Cod.
2285 4231 2479 4287 Noster
2503 4231 2874 4295 Cassiodorus,
2921 4232 3012 4286 lib.
3059 4248 3130 4294 ix,
3171 4234 3329 4296 epist.
3359 4231 3432 4284 2:
3464 4230 3697 4296 Prmdia,

2104 4302 2297 4370 inquit,
2319 4301 2641 4373 Curiatium,
2671 4302 2825 4373 unde
2843 4303 3077 4356 maxime
3106 4301 3463 4373 mediocribus
3503 4318 3702 4373 paran-

2107 4380 2194 4425 tur
2229 4372 2661 4435 insidiae,'nullus
2707 4370 2888 4426 illicita
2939 4372 3213 4441 emptione
3258 4370 3542 4442 pervadat,
3577 4372 3697 4441 quia

2103 4450 2412 4511 contractus
2438 4443 2542 4496 dici
2570 4456 2675 4494 non
2704 4448 2901 4511 potest,
2933 4443 3032 4495 nisi
3057 4442 3146 4511 qui
3188 4442 3253 4496 de
3283 4441 3490 4508 legibus
3529 4442 3694 4495 venit.

415 4510 776 4590 [:ampridius,
820 4513 874 4567 in
920 4513 1209 4581 Alexand.;
1258 4511 1483 4569 Budaeus
1511 4514 1578 4569 de
1615 4527 1756 4577 asse,
1790 4509 1880 4566 lib.
1919 4528 1995 4567 ιιι.
2032 4529 2077 4590 ι)
2102 4509 2635 4590 Jqstinian.,_novell.
2660 4511 2765 4590 _lOl
2797 4530 2809 4563 :
2852 4509 3025 4590 Causa
3053 4509 3699 4590 proliibitionis‘subjun-

414 4579 583 4635 Fului.

490 4650 517 4689 ι)
554 4649 687 4721 Vide
714 4659 958 4706 sanctum
991 4653 1368 4721 Augustinum,
1402 4650 1467 4707 de
1489 4652 1646 4706 Civit.
1692 4651 1785 4706 Dei
1808 4650 1899 4705 lib.
1933 4668 2004 4721 Iv,

414 4735 531 4843 gap.
571 4720 666 4787 l6;
711 4730 765 4776 et
801 4728 1045 4776 sanctum
1086 4720 1451 4788 Ambrosium,
1494 4722 1587 4776 lib.
1632 4739 1743 4785 vin,
1795 4736 1882 4790 ep.
1913 4720 1998 4773 b6.

448 4807 608 4843 unsr.

448 4807 608 4846 URET.

486 4861 657 4916 Hodie
715 4862 822 4916 tale
874 4860 1194 4930 rescriptum
1243 4859 1366 4929 jure
1413 4871 1601 4915 nostro
1646 4860 2001 4929 prohibetur,

415 4930 453 4985 l.
487 4931 539 4999 i,
568 4929 629 4986 C.
663 4931 723 4987 Si
752 4932 946 5001 nuptiaz
964 4949 1030 4985 ea:
1048 4929 1301 5000 rescripto
1324 4938 1582 5001 petuntur.
1614 4931 1783 4983 FonN.

490 4998 529 5039 c7
545 5001 703 5073 Ratio
726 4998 1224 5073 vitandaruminter
1241 4998 1594 5073 consobrinos
1613 5015 1709 5055 seu
1733 4998 2000 5073 patrueles

415 5072 751 5141 nuptiarum;
800 5074 867 5126 de
905 5087 1011 5141 quo
1040 5069 1194 5124 divus
1225 5069 1506 5141 Augustin.
1542 5068 1632 5141 lib.
1673 5085 1741 5141 xv
1766 5084 1888 5141 cap.
1910 5068 1999 5141 “l6

415 5137 663 5195 de’Civit.
696 5137 812 5209 Dei,
839 5137 973 5209 quas
999 5140 1137 5194 inter
1159 5140 1511 5194 consobrinos
1547 5139 1633 5208 jus
1675 5137 1850 5209 civile'
1872 5138 2001 5209 olim

415 5212 750 5279 permiserat,
784 5207 819 5264 li.
846 5207 939 5278 2'5,
970 5209 1114 5275 Uter,
1146 5209 1198 5263 in
1242 5209 1369 5280 ﬁn.;r
1392 5209 1428 5264 l.
1460 5207 1599 5280 s_eq.,
1630 5209 1694 5280 D.
1724 5207 1803 5261 De
1833 5207 1997 5280 eam}.

413 5276 578 5350 instit.
606 5298 621 5347 ;
670 5281 706 5333 Ι.
733 5297 881 5350 pen.,
914 5276 984 5335 de
1030 5282 1115 5334 rit.
1146 5295 1310 5350 Anup._;
1360 5279 1393 5333 l.
1443 5276 1906 5350 19,'Celebrandis,
1935 5276 1998 5331 C.

414 5348 494 5422 De
523 5360 689 5422 ttttpt.,
717 5348 749 5422 ς
778 5348 1182 5422 Duorum,_eod.
1216 5348 1251 5402 t.
1277 5348 1430 5414 lnst.,
1461 5349 1796 5422 Quintilium,
1824 5362 2003 5422 prem:

414 5420 523 5473 mio
555 5416 645 5474 lib.
693 5416 741 5475 vi
776 5421 842 5475 de
887 5420 980 5474 lilii
1022 5419 1180 5474 Obitu
1210 5434 1476 5487 querens:
1529 5419 1677 5473 Tene
1720 5416 1998 5472 Consulari

415 5504 584 5560 nuper
629 5490 934 5560 adeptione'
961 5489 1040 5560 ad
1066 5488 1318 5560 omnium
1353 5504 1476 5558 spes
1521 5489 1784 5544 honorum
1834 5487 2000 5560 patris

414 5558 709 5628 admotum,
734 5557 790 5614 te
817 5558 1080 5614 avunculo
1110 5557 1604 5628 prmtorigenerum
1628 5557 1998 5628 destinatum?

414 5626 867 5697 Consobrinorum
890 5626 1305 5697 nuptias'vetuit
1331 5626 1627 5693 Theodos.,
1652 5628 1795 5682 dicto
1824 5642 1874 5680 c.
1908 5626 1994 5697 lt},

416 5695 545 5778 ι.Δ
565 5696 625 5751 C.
652 5698 884 5778 Ilieodz,
914 5694 995 5778 De
1020 5698 1199 5778 incest.
1236 5712 1386 5778 uno;
1418 5697 1688 5762 Ambros.,
1716 5697 1874 5778 epist.
1897 5694 1995 5774 _66,

415 5775 471 5823 et
493 5767 583 5823 lib-
615 5767 786 5824 tCod.
815 5766 1041 5835 Theod.,
1074 5766 1135 5821 Si
1168 5764 1364 5835 nuptiae
1390 5783 1455 5821 ea:
1493 5784 1621 5821 rese.
1656 5764 1783 5835 peti;
1816 5764 1995 5831 Caius,

2107 4580 2267 4649 gitur,
2296 4590 2355 4635 ut
2373 4582 2440 4635 ad
2468 4581 2818 4650 necessitates
2846 4582 3087 4650 publicas
3116 4581 3303 4634 melius
3340 4580 3657 4636 sulﬁcerent
3681 4597 3696 4644 ;

2108 4652 2186 4705 sic
2206 4651 2348 4706 enim
2378 4649 2770 4705 emendandum
2815 4649 3031 4716 censeo,
3063 4667 3181 4706 cum
3229 4652 3375 4719 prius
3411 4666 3697 4720 perperam

2108 4721 2453 4791 scriberetur,
2484 4722 2781 4787 eiticerent,
2821 4722 2866 4776 si
2915 4721 3226 4775 substantia:
3249 4720 3530 4789 juvamina
3583 4722 3699 4791 plus

2105 4790 2389 4845 haberent.
2421 4791 2585 4844 FonN.

2185 4860 2201 4897 ί
2236 4859 2383 4913 Bona
2405 4862 2602 4915 etenim
2626 4862 2883 4931 cujusque
2909 4860 3294 4927 intelliguntur,
3318 4876 3439 4931 qua:
3463 4858 3699 4915 deducto

2106 4944 2214 4983 tere
2260 4930 2442 5000 alieno
2489 4940 2791 5000 supersunt.
2829 4930 2903 5000 7L.
2966 4930 3366 5000 Subsignatmn,
3423 4931 3494 4985 de
3547 4931 3695 4983 verb.

2104 5000 2268 5070 sign.;
2299 5000 2335 5052 l.
2367 4999 2452 5064 72,
2483 4999 2695 5065 Mulier,
2729 4999 2925 5067 de'jur.
2957 5002 3099 5070 dol.,
3126 4999 3158 5051 Ι.
3189 4999 3423 5070 ΗκΝοη
3452 5009 3691 5070 possunt,

2102 5069 2170 5123 de
2191 5069 2296 5137 jur.
2332 5070 2472 5136 iisc.;
2501 5071 2536 5122 Ι.
2563 5070 2648 5129 b9,
2685 5070 2977 5137 Usufruct.,
2997 5069 3057 5123 1).
3084 5070 3164 5121 Ad
3190 5070 3226 5122 Ι.
3261 5068 3497 5135 Falcid.;
3530 5069 3698 5136 Quin-

2103 5127 2298 5202 tiliam,
2329 5127 2554 5194 declam.
2596 5127 2733 5206 233;
2775 5127 3190 5208 Harpocration,
3223 5140 3275 5193 in
3307 5139 3435 5203 dict.
3485 5127 3690 5194 ἓνῖπές-

2103 5232 2297 5279 κημμα.
2330 5207 2498 5263 FOBN.

2175 5276 2287 5333 8'ln
2315 5281 2481 5334 veteri
2506 5279 2717 5348 quidem
2749 5295 2987 5334 manusc.
3019 5278 3236 5346 legitur,
3262 5295 3292 5332 a
3319 5278 3529 5347 debito,
3551 5277 3697 5348 quod

2103 5355 2390 5416 antequam
2418 5350 2822 5414 consuluissem,
2855 5349 3123 5404 addictum
3154 5350 3269 5419 ipse
3308 5351 3692 5412 emendatam;

2101 5434 2169 5473 an
2200 5419 2420 5486 rectius,
2445 5420 2533 5473 alii
2560 5421 2823 5486 viderint;
2853 5420 2981 5473 milii
3004 5427 3153 5473 certe
3181 5435 3287 5473 non
3309 5421 3531 5473 omnino
3560 5435 3693 5473 con-

2096 5488 2307 5558 jectura
2338 5488 2687 5558 displicebat;
2719 5499 2774 5543 et
2820 5490 3048 5544 liberare
3088 5489 3364 5542 dominum
3394 5489 3691 5550 addictum,

2103 5566 2357 5629 tanquam
2385 5560 2634 5628 opposito
2669 5559 2841 5614 relata
2869 5559 3217 5629 accipiebam,
3264 5558 3476 5627 quando
3524 5558 3587 5629 is_
3602 5560 3693 5626 qui

2100 5625 2282 5695 debet,
2316 5625 2568 5683 creditori
2597 5629 2863 5685 obnoxius
2892 5625 3325 5695 θειζὺπεύθυνοξ,
3365 5636 3504 5681 utet
3546 5625 3692 5681 Gor-

2100 5697 2290 5754 dianus
2319 5699 2413 5764 ait,
2444 5698 2597 5768 quasi
2623 5700 2812 5765 cliens,
2848 5698 2882 5754 l.
2918 5697 2969 5767 3,
3001 5697 3062 5754 C.
3095 5697 3175 5753 De
3196 5696 3388 5753 Novat.
3420 5695 3597 5751 Fons.

2324 3533 2643 3603 quibusdam
2699 3533 3095 3603 exemplaribus
3138 3533 3405 3600 legatur,
3456 3549 3585 3588 cum
3634 3533 3700 3588 ab
3783 3538 3786 3541 ’
