3988 6178
245 260 421 317 755’

1539 268 1900 328 νΑδιΑιιωι
1940 272 2139 330 LIBER
2178 276 2310 332 Vill.

3414 287 3525 345 754

238 379 527 437 voluntate
553 379 831 450 delegerit,
857 383 1052 441 babeat
1079 384 1350 442 licentiam
1372 386 1736 456 distrahendi;
1759 390 1834 445 ita
1865 402 1913 460 Α
1943 400 2230 463 utrumque
2268 395 2411 449 enim
2451 402 2632 465 potest
2659 411 2778 454 esse
2807 398 3095 469 culpabile,
3126 406 3218 454 aut
3246 400 3399 456 malis
3418 416 3534 457 mo-

236 478 307 526 ut
332 470 527 529 reddat
567 471 806 528 debitum
846 475 990 545 quod
1037 477 1299 547 probatur
1326 493 1446 535 esse
1474 489 1835 549 contractum,

235 577 334 628 ne,
364 562 499 619 vitio
526 565 839 622 voracitatis
866 566 1122 638 imbutus,
1170 570 1452 628 facultates
1489 588 1613 628 suas
1652 576 1839 630 absor-

235 653 374 709 bere
397 654 646 709 videatur
670 671 791 712 esse
812 659 1123 728 permissus.
1156 663 1381 718 Constet
1425 664 1567 735 apud
1589 681 1685 721 vos
1714 682 1840 736 pro-

238 745 436 802 babilis
457 761 619 802 causa
644 747 984 818 damnorum,
1014 754 1271 821 quoniam
1299 755 1403 810 illis
1432 757 1680 812 Volumus
1708 758 1837 814 sub-

238 838 413 892 veniri
448 838 542 909 qui
585 838 735 895 duris
777 843 1189 901 necessitatibus
1236 847 1536 916 probantur
1585 850 1837 920 astringi;

1942 485 2091 540 ribus
2117 486 2267 541 frena
2292 488 2496 551 laxare,
2528 496 2620 542 aut
2640 489 2813 558 justas
2851 491 3042 545 iterum
3071 492 3318 560 querelas
3346 494 3533 549 exclu-

1941 576 2092 632 dere.
2131 576 2471 649 Quapropter
2506 580 2731 649 provide
2758 582 2910 637 vnbis
2946 582 3188 653 permisit
3235 583 3532 652 antiquitas

1941 668 2009 724 de
2038 669 2125 724 illa
2154 684 2316 726 causa
2338 672 2650 736 decernere,
2685 675 2768 728 cui
2806 681 2885 729 est
2927 676 3058 731 utile
3109 676 3313 731 curiam
3353 666 3532 732 custO—

1943 761 2077 816 dire.
2131 762 2177 815 Λ
2214 764 2408 832 quibus
2457 765 2599 819 enim
2644 769 2825 821 munia
2863 776 3120 837 poterunt
3161 770 3433 836 sustineri,
3486 769 3532 824 si

1944 852 2220 908 civitatum
2252 864 2276 892 ³
2300 855 2450 911 nervi
2475 857 2672 926 passim
2701 858 2986 916 videantur
3011 861 3248 917 abscidi?

313 1030 339 1058 ι
367 1019 629 1107 curiales,
687 1024 858 1107 nervi“
867 1024 1163 1107 civitatum,
1224 1026 1383 1096 epist.
1413 1026 1466 1094 2,
1520 1027 1676 1092 infra,
1708 1027 1802 1083 lib.
1835 1045 1909 1101 ix,
1943 1039 2001 1088 et
2041 1031 2097 1087 in
2139 1010 2419 1101 Maioriani
2447 1032 2676 1099 Novell.,
2711 1034 2804 1090 ubi
2830 1050 2937 1091 non
2967 1051 3170 1107 servos,
3200 1038 3294 1094 sed
3336 1053 3530 1095 nervos

234 1092 551 1163 legendum.
583 1093 793 1149 Novell.
827 1092 877 1150 5.
907 1094 1075 1151 Fouu.

1378 1355 1723 1465 LIBER
1804 1381 2399 1467 OCTAVUS.

1824 1563 1847 1593 ο

644 1616 799 1690 124
826 1614 1155 1672 EPISTULA
1192 1614 1426 1669 PRIMA.

432 1725 733 1767 JUSTINIANO
762 1721 1087 1767 IHPBRATORI
1112 1720 1475 1761 ATHALARICUS
1503 1721 1629 1759 REX.

240 1805 389 1859 Petit
434 1805 547 1874 ejus
585 1804 824 1874 gratiam
856 1809 906 1854 et
961 1800 1245 1874 amicitiam
1286 1798 1467 1874 iisdem
1501 1796 1829 1874 interpositis

308 1868 693 1929 conditionibus
715 1870 896 1942 quibus
920 1887 1035 1923 cum
1067 1868 1383 1923 Theodorico
1430 1869 1628 1940 priores
1669 1868 1832 1937 impe-

306 1957 510 2000 ratores
538 1944 833 1998 societatem
863 1942 1108 1995 inierant.

307 2054 462 2109 Juste
483 2067 695 2123 possem
715 2050 1058 2123 reprehendi,
1076 2050 1493 2107 clementissime
1507 2050 1826 2121 principum,

232 2151 279 2204 si
308 2164 501 2218 pacem
532 2155 767 2201 vestram
797 2160 1093 2215 quaererem
1123 2144 1325 2214 tepide,
1368 2160 1531 2215 quam
1580 2149 1830 2213 parentes

233 2255 393 2295 meos
417 2245 629 2295 constat
656 2236 931 2293 ardentius
968 2237 1285 2305 expetiisse;
1327 2238 1499 2290 autin
1526 2251 1630 2305 qua
1676 2243 1830 2306 parte

232 2335 430 2403 dignus
456 2333 629 2389 lunrcs
657 2332 968 2396 existerem,
993 2331 1039 2384 si
1067 2329 1379 2384 auctoribus
1407 2329 1540 2383 meis
1572 2329 1744 2398 impar
1774 2328 1827 2382 in

233 2433 387 2479 tanta
415 2423 585 2494 gloria
612 2421 912 2492 reperirer?
940 2420 1056 2475 Non
1083 2435 1182 2474 vos
1211 2418 1470 2486 majorum
1503 2426 1829 2488 purpuratus

234 2523 448 2569 tantum
478 2513 611 2569 ordo
640 2512 919 2575 clariﬁcat,
953 2527 1060 2567 non
1089 2510 1166 2567 sic
1201 2511 1347 2578 regia
1395 2508 1526 2563 sella
1576 2509 1829 2564 sublimat

231 2618 499 2677 quantum
526 2606 688 2675 longe
713 2605 926 2674 lateque
948 2612 1139 2675 potens
1159 2603 1329 2670 gratia
1353 2609 1531 2656 vestra
1560 2599 1824 2655 nobilitat.

230 2698 428 2752 C-mnia
466 2696 608 2751 enim
644 2708 811 2765 regno
858 2702 1044 2750 nostro
1083 2691 1320 2763 perfecte
1366 2698 1618 2745 constare
1643 2688 1829 2743 'credi-

229 2805 379 2857 mus,
408 2789 453 2846 si
484 2789 625 2844 hanc
657 2788 812 2842 nobis
840 2786 1060 2841 minime
1089 2785 1275 2840 deesse
1308 2783 1584 2840 sentimus.
1619 2780 1725 2837 Sed
1773 2789 1828 2835 et

229 2879 424 2951 pietati
452 2887 647 2935 vestrae
675 2877 997 2950 praeconiale
1024 2886 1107 2931 est
1132 2876 1352 2945 diligere
1380 2890 1607 2944 quorum
1648 2864 1828 2945 patres

227 2971 458 3039 contigit
485 2986 583 3025 vos
608 2983 838 3024 amasse.
876 2966 1045 3022 Nemo
1074 2967 1213 3021 enim
1240 2965 1476 3022 creditur
1502 2964 1827 3048 impendisse

1937 1612 2137 1667 buisse.
2171 1612 2385 1683 Aliquid
2417 1615 2639 1672 forsitan
2665 1624 2719 1673 et
2747 1619 2972 1690 amplius
3001 1637 3213 1678 mereor
3250 1624 3529 1684 sincerita-

1867 1693 1909 1749 Β
1942 1690 2026 1768 tis,
2058 1703 2209 1774 cujus
2239 1720 2338 1760 nec
2369 1713 2501 1760 setas
2527 1707 2738 1763 videtur
2766 1726 2882 1765 esse
2911 1722 3180 1782 suspecta,
3224 1731 3325 1771 nec
3364 1731 3529 1786 gene-
3627 1755 3639 1769 .

1932 1798 2072 1852 ratio
2123 1797 2233 1865 jam
2288 1799 2547 1867 probatur
2599 1809 2875 1857 extranea.
2936 1803 3187 1870 Quaedam
3242 1823 3370 1863 vero
3433 1826 3528 1879 per

1931 1890 2324 1960 suprascriptos
2371 1891 2577 1959 legatos
2619 1902 2836 1948 nostros
2881 1898 3236 1953 serenissimis
3282 1902 3527 1957 sensibus

1932 1984 2097 2039 verbo
2120 1983 2414 2038 iutimanda
2443 1986 2827 2052 commisimus,
2856 2003 2974 2055 quae
3011 1990 3307 2046 clementia:
3338 2002 3527 2049 vestrae

1931 2092 2083 2132 more
2113 2077 2180 2132 ad
2208 2064 2456 2133 eﬂ‘ectuin
2482 2079 2639 2133 facite
2661 2081 2963 2148 pervenire.

2519 2247 2847 2303 EPISTOLA
2888 2249 2949 2306 ll.

2166 2374 2390 2414 SENATUI
2421 2377 2567 2416 URBIS
2597 2377 2755 2416 RONE
2787 2378 3155 2418 ATHALARICUS
3184 2381 3305 2422 REX.

1933 2467 2069 2544 Eunt
2108 2471 2282 2525 reddit
2326 2473 2593 2526 certiorem
2641 2490 2696 2527 se
2748 2490 2919 2544 regem
2966 2479 3199 2530 unanimi
3240 2476 3521 2535 Gothorum

2003 2540 2452 2617 Romanorumque
2498 2560 2746 2598 consensu
2774 2540 3003 2598 creatum
3042 2549 3230 2617 fuisse,
3274 2558 3324 2602 et
3370 2554 3523 2605 mittit

2002 2612 2070 2663 ad
2106 2628 2221 2693 eum
2262 2611 2596 2681 Sigismerem
2641 2617 2876 2667 comitem
2908 2611 3191 2671 rum-aliis
3232 2621 3319 2689 qui
3362 2622 3522 2690 ipsius

2002 2698 2208 2735 nomme
2234 2694 2561 2736 sacramenta
2589 2694 2809 2755 praestet:
2819 2694 2855 2739 τ.

2001 2792 2374 2848 Plenissimum
2391 2794 2642 2862 gaudium
2667 2805 2879 2850 constat
2901 2812 3041 2865 esse,
3080 2809 3260 2870 patres
3283 2808 3522 2862 conscri-

1929 2884 2026 2954 pti,
2050 2897 2384 2952 cognoscere
2407 2884 2734 2940 dominantis
2767 2896 3037 2956 exortum,
3074 2899 3131 2944 ut
3167 2894 3259 2960 qui
3288 2895 3520 2951 creditur

1929 2975 2210 3029 universos
2239 2989 2399 3044 posse
2420 2983 2723 3044 protegere,
2753 2976 3001 3031 audiatur
3029 2978 3095 3033 ad
3115 2982 3266 3050 regni
3289 2983 3520 3039 culmina

226 3065 510 3122 veteribus
538 3063 831 3134 purilalem
876 3062 1185 3123 innocuam,
1230 3058 1333 3114 nisi
1358 3058 1448 3129 qui
1476 3072 1665 3113 eorum
1699 3056 1825 3111 διὶτ·
1849 3063 1892 3124 C
1925 3066 2254 3135 pervenisse.
2280 3064 2527 3119 Mensura
2552 3064 2750 3119 lzctitiae
2772 3066 2839 3121 de
2860 3068 3225 3135 magnitudine
3246 3062 3520 3127 nuntiive-

224 3174 355 3229 pem
372 3143 589 3211 ‘habere
609 3154 867 3226 probatur
886 3161 1184 3222 acceptam.
1209 3149 1536 3207 Claudantur
1555 3148 1679 3205 odia
1700 3161 1823 3204 cum

225 3240 491 3320 sepultis;
521 3247 599 3301 ira
623 3247 799 3317 perire
823 3244 1035 3300 noverit
1051 3259 1174 3297 cum
1202 3241 1500 3312 protervis;
1523 3240 1692 3309 gratia
1716 3254 1824 3294 non

225 3340 395 3396 debet
424 3338 745 3394 occumbere
774 3352 895 3392 cum
932 3335 1140 3391 dilectis
1166 3352 1177 3387 :
1203 3333 1300 3389 sed
1349 3333 1518 3400 magis
1561 3330 1823 3386 affectuo-

226 3431 341 3487 sius
369 3429 684 3488 tractandus
714 3436 818 3497 est,
847 3427 938 3497 qui
971 3425 1035 3481 ad
1057 3425 1208 3494 regni
1242 3438 1432 3480 causas
1463 3425 1720 3478 innocens
1751 3424 1825 3476 in-

223 3525 467 3582 venitur.
500 3522 818 3594 Perpcndite
844 3518 972 3590 quid
1000 3534 1031 3573 a
1058 3517 1210 3575 vobis
1238 3522 1506 3571 mereatur
1546 3529 1826 3570 successor

223 3616 521 3672 bonorum.
550 3610 659 3668 Vos
687 3627 843 3667 avum
866 3617 1110 3672 nostrum
1140 3609 1193 3663 in
1223 3616 1401 3664 vestra
1425 3607 1641 3663 civitate
1668 3606 1825 3662 celsis

225 3707 509 3764 curulibus
554 3703 839 3766 extulistis,
886 3717 982 3757 vos
1010 3702 1309 3773 genitorem
1347 3714 1527 3755 meum
1574 3700 1627 3754 in
1672 3698 1824 3754 Italia

223 3801 481 3871 palmatce
505 3797 753 3854 claritate
781 3795 1098 3851 decorastis.
1134 3793 1411 3849 Desiderio
1455 3807 1669 3863 quoque
1693 3808 1824 3848 con-

222 3887 426 3944 cordiae
456 3886 627 3941 factus
654 3895 737 3941 est
759 3900 857 3956 per
885 3899 1033 3938 arma
1056 3882 1212 3949 filius,
1238 3883 1485 3952 quamvis
1512 3883 1665 3937 vobis
1686 3896 1825 3950 pene

223 3978 516 4037 videbatur
562 3990 849 4045 :equmvus.
902 3972 1016 4029 l’loc
1061 3987 1261 4028 nomen
1310 3971 1637 4027 adolescenti
1700 3987 1843 4045 con-5

226 4069 516 4139 gruentius
542 4066 757 4131 dabitis,
802 4065 981 4133 qualia
1020 4063 1220 4118 nostris
1266 4061 1567 4117 senioribus
1610 4060 1823 4131 prmsti-

222 4164 390 4219 tistis.
422 4161 480 4216 ln
510 4160 802 4231 parentelrc
824 4158 1001 4213 locum
1030 4166 1217 4213 noster
1243 4155 1385 4229 [Ac.,
1418 4152 1682 4225 nostrum]
1711 4154 1824 4223 jam

220 4253 464 4309 transire
488 4252 648 4308 debet
675 4250 931 4316 aﬂ‘ectus;
966 4265 1091 4304 nam
1118 4264 1186 4303 ex
1222 4247 1331 4303 lilio
1361 4256 1542 4326 vestro
1588 4248 1818 4316 genitus,

219 4352 433 4399 natura:
463 4342 667 4412 legibus
696 4341 847 4397 vobis
876 4357 983 4395 non
1028 4339 1261 4395 habetur
1294 4347 1601 4395 extraneus.
1647 4338 1824 4408 Atque

1931 3159 2028 3225 nit;
2053 3165 2266 3234 ettanta
2280 3156 2597 3213 fitalacritas
2613 3159 2794 3225 animi,
2814 3170 3013 3228 quanta
3035 3160 3257 3217 fueritet
3275 3164 3521 3221 conside-

1928 3252 2067 3305 ratio
2083 3252 2179 3305 rei.
2193 3251 2347 3327 125
2361 3250 2491 3305 Nam
2504 3251 2545 3306 si
2561 3251 2850 3321 prudentes
2860 3253 3006 3309 viros
3021 3255 3231 3323 erigunt
3246 3255 3517 3330 [Ed.,At-.,

1927 3340 2168 3412 exigunt]
2200 3342 2481 3397 commoda
2514 3343 2767 3411 praedicta
2796 3344 3092 3411 sodalium,
3135 3347 3180 3403 si
3223 3348 3518 3403 amicorum

1928 3432 2133 3486 relevat
2155 3432 2383 3500 sospitas
2412 3433 2673 3497 nuntiata,
2705 3444 2904 3503 quanta
2936 3436 3295 3492 exsultatione
3318 3440 3518 3508 suscipi

1928 3520 2109 3589 debet,
2139 3522 2377 3576 omnium
2400 3529 2667 3576 rectorem
2698 3521 2922 3578 feliciter
2978 3526 3296 3594 provenisse
3343 3534 3518 3583 terra-

1927 3616 2070 3679 riim,
2100 3625 2261 3679 quem
2290 3627 2398 3666 non
2440 3612 2664 3681 protulit
2686 3622 2958 3669 commota
2984 3615 3201 3683 seditio,
3228 3633 3334 3672 non
3375 3618 3517 3673 bella

1927 3703 2187 3760 ferventia
2219 3712 2564 3777 pepererunt,
2610 3720 2716 3759 non
2737 3706 3047 3776 reipublicae
3076 3707 3269 3763 damna
3313 3709 3514 3765 lucrata

1928 3800 2074 3861 sunt,
2102 3794 2197 3848 sed
2226 3795 2303 3848 sic
2334 3793 2503 3848 factus
2533 3803 2615 3849 est
2645 3809 2739 3865 per
2767 3795 3026 3864 quietem,
3059 3798 3511 3866 quemadmodum

1926 3886 2113 3941 venire
2140 3887 2321 3941 decuit
2348 3887 2620 3943 civilitatis
2645 3897 2924 3943 auctorem
2948 3891 2961 3942 ι
2996 3888 3244 3959 Magnum
3272 3889 3514 3962 profecto

1925 3976 2195 4032 felicitatis
2218 3978 2347 4051 [ed.,
2375 3976 2669 4050 fidelitatis]
2698 3972 2884 4048 genus,
2942 3980 3189 4036 obtinere
3236 3982 3351 4038 sine
3379 3999 3509 4038 con-

1926 4070 2258 4126 tentionibus
2285 4071 2680 4141 principatum;
2710 4079 2764 4126 et
2794 4072 2845 4126 in
2876 4073 2965 4127 illa
3007 4073 3281 4143 republica
3329 4074 3513 4128 adole-

1925 4169 2165 4217 seentem
2212 4160 2484 4217 dominum
2540 4161 2673 4226 fieri,
2709 4163 2799 4218 ubi
2828 4164 3026 4219 multos
3053 4174 3266 4220 constat
3290 4169 3513 4221 maturis

1924 4252 2165 4309 moribus
2188 4252 2433 4307 inveniri.
2460 4252 2577 4308 Non
2627 4254 2771 4308 enim
2802 4262 2980 4324 potest
3007 4255 3226 4311 cuilibet
3251 4258 3396 4310 tutati
3425 4257 3512 4311 de-

1925 4361 2043 4402 esse
2068 4345 2370 4411 consilium,
2400 4346 2492 4400 ubi
2524 4354 2602 4399 tot
2636 4354 2888 4416 parentes
2914 4347 3158 4416 publicos
3186 4356 3402 4403 constat
3427 4349 3510 4401 in—

217 4436 277 4491 id
290 4452 349 4491 κο
379 4450 569 4506 pacem
602 4450 709 4489 non
736 4434 1081 4504 longinquus,
1107 4432 1203 4487 sed
1228 4430 1505 4502 proximus
1524 4438 1672 4499 peto,
1694 4430 1819 4501 quia
1851 4460 1896 4518 υ
1921 4444 2133 4492 ventos.
2158 4434 2385 4489 Praelata
2414 4445 2499 4491 est
2525 4450 2654 4505 ergo
2675 4450 2799 4505 spes
2837 4445 3021 4491 nostra
3044 4444 3360 4493 cunctorum
3390 4453 3506 4492 me-

213 4534 355 4580 tunc
384 4523 515 4578 mihi
536 4523 757 4579 dedistis
785 4523 1013 4591 gratiam
1042 4522 1277 4592 nepotis,
1307 4518 1522 4589 quando
1550 4534 1671 4574 meo
1717 4535 1816 4591 pa-

212 4614 363 4669 renti
390 4613 699 4683 adoptionis
727 4612 919 4681 gaudia
948 4611 1290 4682 praestitistis.
1330 4609 1736 4666 lntroducamur
1764 4618 1820 4667 et

212 4707 275 4761 in
300 4714 539 4761 vestram
565 4708 823 4774 mentem,
852 4705 945 4773 qui
975 4692 1155 4773 adepti
1183 4719 1369 4758 sumus
1396 4703 1599 4773 regiam
1642 4702 1819 4759 haere-

209 4795 469 4850 ditatem.
500 4794 633 4848 Illud
660 4800 743 4850 est
771 4793 901 4847 mihi
929 4808 1089 4864 supra
1118 4792 1474 4860 dominatum,
1518 4799 1724 4847 tantum
1753 4806 1817 4847 ac

188 4882 384 4942 ’talem
412 4892 680 4941 rectorem
714 4885 915 4940 habere
940 4883 1253 4955 propitium.
1286 4882 1585 4939 Primordia
1636 4883 1816 4952 itaque

206 4989 405 5036 nostra
437 4979 631 5033 solatia
660 4986 972 5033 mereantur
1006 4977 1263 5047 principis
1303 4975 1529 5044 longaevi
1578 4976 1776 5031 habere
1803 4993 1817 5043 ;

204 5073 454 5145 pueritia
501 5070 785 5125 tuitionem
833 5070 1017 5137 gratim
1061 5075 1458 5136 consequatur;
1508 5074 1563 5120 et
1608 5082 1714 5121 nou
1762 5067 1815 5121 in

204 5173 395 5217 totum
426 5176 459 5217 a
481 5161 792 5231 parentibus
826 5160 1184 5225 dcstituimur,
1216 5158 1309 5227 qui
1339 5158 1431 5214 tali
1478 5158 1817 5228 protectione

202 5251 489 5307 fulcimur.
523 5250 606 5305 Sit
632 5250 785 5305 vobis
830 5265 1056 5318 regnum
1092 5258 1334 5305 nostrum
1361 5249 1546 5317 gratiae
1587 5249 1818 5304 vinculis

1920 4529 2038 4582 ritis
2058 4546 2072 4595 ;
2090 4535 2146 4583 et
2166 4527 2365 4582 certius
2393 4528 2490 4581 fuit
2506 4526 2574 4582 de
2599 4526 2755 4582 nobis
2774 4527 2921 4582 credi
2940 4542 3103 4597 quam
3129 4529 3276 4598 quod
3300 4529 3367 4585 de
3389 4531 3508 4585 aliis

1918 4620 2096 4692 potuit
2124 4616 2432 4692 approbari.
2462 4635 2568 4675 non
2592 4619 2784 4690 injuria
2813 4639 2824 4674 :
2857 4621 3114 4690 quoniam
3152 4623 3354 4692 quasvis
3402 4624 3507 4678 cla-

1919 4712 2050 4767 ritas
2077 4711 2290 4780 generis
2320 4708 2526 4766 Amalis
2555 4709 2698 4767 cedit
2722 4729 2737 4775 ;
2769 4722 2824 4767 et
2850 4712 2989 4768 sicut
3016 4712 3106 4784 qui
3137 4729 3207 4767 ex
3230 4713 3382 4769 vobis
3406 4730 3504 4766 na-

1918 4802 2107 4868 scitur,
2136 4802 2289 4871 origo
2314 4801 2589 4857 senatoria
2619 4804 3071 4873 nuncupatur,ita
3091 4803 3183 4874 qui
3205 4818 3272 4858 ex
3299 4803 3401 4858 bac
3430 4802 3506 4856 fa-

1918 4894 2067 4949 milia
2119 4892 2480 4965 progreditur,
2533 4907 2704 4963 regno
2753 4893 3095 4964 dignissimus
3151 4892 3500 4965 approbatur.

1921 4982 2151 5038 Probata
2180 4991 2305 5038 sunt
2324 4984 2575 5054 praesenti
2600 4983 2744 5039 facto
2770 5000 2890 5054 qua:
2914 4984 3203 5054 loquimur.
3222 4982 3354 5037 Nam
3380 4999 3504 5038 cum

1919 5074 2104 5129 domni
2132 5074 2219 5129 avi
2241 5074 2408 5130 nostri
2430 5090 2530 5145 pro
2551 5074 2937 5130 beneﬁciorum
2973 5076 3274 5144 quantitate
3302 5074 3504 5130 dulcis-

1918 5166 2053 5221 sima
2107 5167 2263 5221 nobis
2290 5166 2595 5223 recordatio
2625 5175 2909 5237 urgeretur
2935 5167 3209 5233 extremis,
3241 5167 3505 5237 magnitu-

1919 5256 2099 5312 dinem
2128 5257 2511 5313 dominationis
2537 5272 2648 5314 suae
2668 5265 2817 5311 tanta
2834 5258 2887 5311 in
2917 5272 3015 5312 nos
3035 5256 3311 5313 celeritate
3338 5267 3508 5313 trans-

197 5340 536 5409 obligatum.
578 5339 706 5395 Plus
750 5340 804 5394 in
854 5340 942 5395 illa
976 5348 1127 5410 parte
1171 5340 1486 5407 regnabitis,
1516 5340 1606 5395 ubi
1636 5340 1816 5395 omnia

194 5433 479 5486 charitate
500 5430 720 5500 iubetis.
752 5430 1091 5502 Quapropter
1112 5431 1179 5487 ad
1203 5433 1549 5489 serenitatem
1578 5440 1812 5489 vestram

196 5523 367 5579 illum
399 5531 458 5578 et
485 5523 635 5578 illum
664 5522 874 5593 legatos
915 5532 1133 5580 nostros
1156 5525 1539 5582 azstimavimus
1584 5541 1704 5581 esse
1731 5526 1813 5579 di-

192 5612 492 5681 rigendae,
524 5621 585 5668 ut
612 5613 901 5669 amicitiam
929 5615 1086 5670 nobis
1124 5615 1227 5671 illis
1254 5618 1447 5687 pactis,
1486 5616 1591 5673 illis
1619 5615 1810 5673 condi-

192 5703 457 5759 tionibus
485 5702 814 5767 concedatis,
847 5718 986 5773 quas
1010 5719 1131 5760 cum
1158 5706 1290 5762 diva:
1315 5708 1589 5766 memoria:
1612 5706 1813 5762 domno

190 5809 321 5865 avo
357 5800 549 5851 nostro
577 5793 807 5870 inclytos
846 5795 1161 5863 decessores
1204 5810 1413 5865 vestros
1458 5808 1671 5859 constat
1716 5800 1812 5855 ha-

1919 5342 2071 5410 fu’dit,
2104 5353 2163 5400 ut
2189 5361 2297 5401 non
2320 5355 2428 5400 tam
2451 5360 2671 5415 regnum
2702 5361 2862 5417 quam
2884 5355 3090 5403 vestem
3113 5348 3365 5405 crederes
3386 5365 3505 5405 esse

1920 5442 2200 5489 mutatam.
2234 5433 2339 5490 Tot
2386 5450 2640 5505 proceres
2683 5451 2846 5491 manu
2895 5438 3229 5508 consilioque
3282 5439 3502 5507 gloriosi

1919 5524 2123 5579 nullum
2151 5539 2410 5589 murmur,
2437 5532 2495 5578 ut
2515 5525 2733 5589 assolet,
2758 5525 3092 5583 miscuerunt
3121 5546 3134 5582 :
3158 5528 3251 5584 sed
3281 5529 3355 5584 ita
3383 5545 3503 5586 cum

1919 5629 2115 5684 magno
2140 5614 2336 5683 gaudio
2365 5616 2537 5671 secuti
2577 5625 2703 5672 sunt
2729 5617 2987 5689 principis
3033 5621 3117 5675 sui
3169 5619 3396 5689 judicia,
3442 5631 3500 5675 ut

1917 5706 2250 5763 voluntatem
2265 5705 2530 5776 ibipotius
2551 5721 2870 5777 agnosceres
2889 5709 3216 5765 conﬂuxisse
3243 5708 3502 5765 divinam.

1919 5796 2259 5870 Quapropter
2278 5799 2641 5856 necessarium
2666 5798 2933 5869 duximus,
2992 5800 3228 5874 propitio
3274 5800 3407 5868 Deo,
3437 5796 3511 5851 de
