3988 6178
289 216 400 273 75⁸1

865 326 1196 384 EPISTULA
1228 327 1317 382 IV.

284 433 562 476 υιηνειιειε
587 431 814 474 nonius
842 434 940 472 PER
969 434 1188 472 ITALIAI
1217 434 1286 473 ετ
1329 432 1627 473 οΑιιιΑτιΔε
1665 431 1884 474 αοκετι-

719 505 877 544 τυτιε
918 505 1288 543 ΔΤΗΔιΔΒΙΕυΞ
1327 504 1453 544 REX.

283 601 488 658 Scribit
513 618 568 657 se
607 598 892 672 Gothorum
919 599 1369 672 Romanorumque
1413 608 1742 654 sacramenta
1791 615 1884 672 pro

357 673 642 727 munimine
675 671 846 742 adepti
879 673 1023 742 regni
1056 671 1358 742 suscepisse,
1391 681 1439 724 et
1463 674 1589 741 petit
1618 678 1674 723 ut
1706 671 1886 723 eadem

361 752 626 814 prwstent.

362 851 694 907 Honorabile
722 850 992 907 credimus
1023 850 1260 907 indicare
1290 850 1434 920 quod
1467 849 1607 906 fama
1637 849 1888 922 potuistis

284 954 431 1000 teste
456 959 808 1016 cognoscere.
839 942 970 999 Jure
1010 943 1276 1013 siquidem
1311 943 1379 999 de
1406 958 1466 998 se
1493 945 1631 998 bene
1661 943 1889 998 arbitra-

285 1039 437 1092 bitur
483 1037 832 1105 aestimatum,
861 1036 953 1107 qui
985 1036 1191 1105 regium
1241 1045 1480 1090 meretur
1538 1035 1834 1104 alloquium
1870 1052 1883 1088 :

275 1130 416 1198 quia
447 1129 681 1196 dignitas
706 1136 790 1184 est
817 1128 1045 1197 subjecti
1093 1126 1286 1183 all‘atus
1315 1128 1578 1184 meruisse
1605 1128 1890 1183 dominan-

283 1220 383 1287 tis,
410 1219 465 1272 in
492 1233 558 1274 ea
587 1214 886 1288 praesertim
915 1233 1079 1275 causa
1105 1219 1160 1274 in
1192 1234 1298 1289 qua
1324 1220 1565 1274 omnium
1595 1219 1761 1274 corda
1809 1218 1890 1274 sic

283 1311 544 1365 videmur
567 1325 689 1366 esse
709 1311 963 1379 sollicita,
995 1320 1054 1365 ut
1081 1311 1127 1366 si
1168 1326 1277 1366 non
1306 1319 1636 1380 cognoscant
1661 1324 1886 1381 prospe-

287 1417 435 1466 rum,
467 1401 692 1458 credant
716 1417 934 1472 semper
961 1401 1266 1457 adversum.
1316 1401 1448 1456 Nam
1478 1403 1568 1472 qui
1598 1403 1746 1456 audit
1772 1417 1890 1456 mn-

290 1502 487 1558 tatum,
515 1509 711 1548 novum
737 1493 1088 1548 nihilominus
1111 1492 1364 1547 formidat
1385 1492 1692 1562 imperium.
1716 1491 1783 1545 Et
1803 1506 1891 1546 re-

287 1601 424 1640 vera
446 1587 627 1642 nescio
650 1585 777 1656 quid
829 1587 984 1642 triste
1025 1585 1264 1642 creditur
1307 1587 1568 1655 cogitare,
1598 1585 1690 1656 qui
1715 1585 1891 1639 tardat

1549 211 1906 270 VARIARUM
1947 211 2148 268 LIBER
2192 211 2322 266 Vlll.

1914 328 1964 389 Α
1989 327 2074 382 nis
2101 327 2430 396 impendere,
2463 335 2520 382 ut
2546 336 2602 384 et
2631 328 2785 384 nobis
2824 331 3170 398 regnantibus
3199 332 3458 391 bonarum
3488 355 3578 394 re-

3471 218 3576 276 758

1989 431 2107 471 rum
2137 417 2340 472 fructus
2368 417 2706 474 dulcissimos
2726 417 2983 485 al'feratis,
3015 421 3107 490 qui
3135 423 3233 477 sub
3255 425 3455 482 nostris
3484 443 3580 496 pa-

1988 511 2230 568 rentibus
2257 513 2476 583 copiosa
2508 515 2762 570 virtutum
2791 511 2953 572 laude
2983 516 3257 576 ﬁoruistis.

2541 645 2876 701 EPISTOLA
2914 647 3004 704 Vl.

2079 751 2288 790 LIBERIO
2318 752 2606 792 PREFECTO
2634 753 2937 794 GALLIABUII
2966 757 3330 797 ΑτΒΑιΑιιιευε
3359 759 3483 799 REX.

1990 827 2274 907 Renuntiat
2313 846 2368 883 se
2404 846 2438 907 ρ
2457 829 2960 907 _leeo_doriro,_dum
2992 835 3158 886 adhuc
3187 835 3388 907 viveret,
3419 854 3578 907 regno

2058 901 2343 979 donatum;
2371 899 2567 979 sibique
2588 899 3174 979 Gothosﬁomanosque
3201 905 3358 979 ﬁdem
3377 899 3582 979 Vsub'ju-

2057 970 2343 1048 risjurandi
2357 971 2954 1048 Iret‘igione‘promisisse.
2985 970 3115 1026 Tum
3133 970 3258 1045 petit
3282 978 3444 1048 utqui
3465 970 3578 1034 υὲν-

2059 1036 2242 1092 santur
2272 1041 2324 1092 in
2350 1036 2536 1093 Galliis
2567 1036 2682 1094 illos
2711 1042 2993 1096 imitentur.

2058 1129 2271 1184 Scimus
2299 1129 2537 1184 animum
2558 1137 2796 1184 vestrum
2826 1129 2898 1186 de
2925 1131 3079 1187 obitu
3103 1134 3350 1202 gloriosae
3374 1151 3582 1193 memo-

1988 1219 2081 1273 riae
2107 1218 2290 1273 domui
2337 1220 2422 1273 avi
2479 1220 2651 1275 nostri
2690 1221 2891 1276 acerbo
2937 1221 3125 1280 dolore
3178 1223 3411 1294 fatigari,
3452 1227 3580 1284 dum

1989 1310 2171 1365 omnia
2222 1311 2362 1365 bona
2416 1310 2654 1379 graviter
2682 1309 2977 1367 debeantur
3013 1315 3229 1371 amissa.
3265 1315 3393 1372 Plus
3437 1319 3582 1374 enim

1988 1399 2232 1468 queritur
2261 1397 2453 1471 [Edit.,
2477 1397 2775 1471 quaeritur],
2800 1401 2927 1456 dum
2968 1402 3218 1459 dominus
3247 1405 3581 1464 desiderabi-

1989 1489 2057 1546 lis
2080 1490 2389 1558 abrogatur.
2419 1488 2652 1560 Expedit
2678 1500 2858 1546 autem
2883 1493 3065 1548 studio
3093 1495 3306 1564 pietatis
3329 1495 3582 1554 afﬂictam

1991 1589 2230 1636 mentem
2275 1581 2680 1650 compensativo
2728 1582 2970 1639 remedio
3008 1584 3300 1654 consolari,
3343 1589 3469 1656 quia
3492 1590 3582 1645 vix

291 1678 440 1733 inter
461 1677 608 1732 initia
632 1677 861 1746 benigna
889 1679 1226 1749 promittere.
1253 1676 1596 1748 Quapropter
1621 1677 1799 1733 locum
1823 1678 1891 1735 si-
1919 1693 1967 1754 Β
1993 1676 2225 1732 sentitur
2263 1676 2517 1741 amissus,
2564 1675 2651 1731 cui
2690 1691 2799 1732 non
2847 1678 3089 1733 succedit
3129 1687 3438 1737 extraneus.
3493 1682 3584 1740 Sic

293 1769 481 1823 nistris
504 1768 918 1838 cogitationibus
938 1777 1301 1839 amputantes,
1326 1767 1481 1824 aliter
1513 1769 1581 1824 de
1602 1769 1757 1824 nobis
1785 1785 1893 1825 non

294 1862 538 1932 patimur
557 1861 704 1916 credi
733 1876 894 1930 quam
915 1861 1059 1932 quod
1079 1859 1146 1916 de
1161 1860 1360 1915 nostris
1388 1859 1566 1930 potuit
1584 1860 1896 1930 parentibus

294 1949 573 2004 aestimari.
593 1948 657 2003 Et
681 1949 826 2016 ideo,
848 1948 990 2020 quod
1012 1947 1302 2004 Divinitate
1322 1948 1552 2019 propitia
1575 1948 1776 2004 dictum
1797 1950 1892 2021 sit,

295 2039 536 2107 glorioso
565 2038 765 2094 domno
796 2054 898 2094 avo
922 2047 1108 2094 nostro
1159 2037 1389 2094 feliciter
1431 2039 1738 2105 ordinante,
1779 2047 1892 2094 tam

294 2127 599 2185 Gothorum
611 2144 774 2199 quam
788 2128 1156 2186 Romanorum
1173 2129 1513 2200 praesentium
1530 2145 1630 2200 pro
1654 2129 1896 2186 munimi-

294 2237 364 2277 ne
386 2222 593 2292 indepti
623 2219 749 2293 [ιιι.
775 2222 866 2288 Α.,
899 2221 1142 2293 i'ncoepti]
1171 2221 1322 2291 regni
1343 2231 1677 2279 sacramenta
1707 2237 1892 2278 susce-

301 2317 504 2386 pimus,
547 2313 693 2384 quod
720 2329 816 2368 vos
845 2328 1061 2384 quoque
1100 2313 1338 2368 facturos
1381 2327 1502 2369 esse
1543 2313 1895 2370 libentissie

290 2408 626 2478 iudicamus;
652 2406 817 2478 utqui
848 2403 1032 2461 ﬁdeles
1055 2405 1366 2476 parentibus
1380 2405 1576 2461 nostris
1591 2405 1890 2472 exstitistis,

295 2503 458 2557 nobis
484 2515 703 2570 quoque
731 2499 894 2554 simili
909 2498 1199 2554 devotione
1219 2497 1475 2568 parcatis.
1494 2495 1723 2552 Suavius
1749 2497 1893 2552 enim

297 2595 475 2664 diligit
506 2593 794 2657 haeredem,
826 2593 918 2663 qui
949 2592 1336 2647 beneliciorum
1362 2587 1681 2646 recordatur
1707 2598 1895 2646 aucto-

296 2702 434 2743 rem.
467 2685 575 2742 Sed
600 2694 660 2739 ut
686 2685 841 2740 vobis
865 2683 1255 2740 benevolentia:
1277 2690 1475 2738 nostra:
1497 2681 1609 2752 jam
1639 2698 1784 2741 nunc
1811 2683 1895 2737 in-

296 2778 526 2847 tegritas
555 2777 879 2839 innotescat,
914 2773 1268 2847 jurisjurandi
1298 2774 1450 2830 vobis
1494 2773 1719 2830 fecimus
1767 2773 1896 2830 reli-

297 2871 462 2940 gione
492 2870 731 2940 promitti
753 2869 896 2938 quod
919 2879 976 2924 et
996 2875 1237 2923 nostrum
1267 2867 1437 2938 possit
1459 2866 1736 2923 declarare
1761 2881 1892 2939 pro-

298 2962 562 3034 positum,
593 2969 648 3017 et
674 2975 824 3031 spem
854 2960 1049 3016 debeat
1075 2959 1286 3015 munire
1313 2966 1654 3014 cunctorum.

871 3087 1201 3146 EPISTULA
1233 3090 1275 3146 γ
1287 3133 1300 3146 .

300 3202 575 3244 ’ωηιξη
593 3201 783 3243 GOTIIIS
805 3202 906 3241 Ρειι
926 3200 1144 3240 ιτΛιιΑι
1171 3196 1515 3238 εοιιετιτυτιε
1536 3195 1901 3237 Ατιλιιιιιευε

1037 3270 1166 3310 REX.

303 3365 592 3438 Signiﬁcat
609 3363 1223 3438 n.7Theodoricioqadhuc
1243 3363 1532 3438 superstite.
1559 3363 1786 3438 omnium
1810 3380 1900 3417 so-

376 3433 648 3489 cra‘menta
683 3437 739 3489 in
785 3436 931 3506 regia
957 3436 1160 3488 civitate
1201 3437 1473 3503 recepisse,
1514 3441 1563 3486 et
1583 3433 1820 3506 hortatur
1845 3443 1903 3506 ut

376 3522 557 3561 eorum
579 3504 868 3574 θεωριαηί
888 3513 1190 3576 sequantur,
1219 3520 1311 3556 nec
1339 3520 1441 3576 non
1469 3519 1562 3572 per
1587 3504 1821 3556 comitem
1838 3504 1902 3557 iis

377 3577 692 3647 interposito
720 3573 1046 3630 sacramento
1074 3573 1229 3646 ﬁdem
1250 3573 1487 3645 spondet.

376 3685 753 3742 Voluissemus
774 3684 990 3756 quidem
1018 3683 1202 3738 domni
1225 3683 1309 3738 avi
1341 3683 1508 3738 nostri
1540 3681 1798 3752 longaevae
1825 3682 1907 3738 vi-

309 3791 379 3834 ta:
425 3777 618 3849 gaudia
647 3779 897 3832 nuntiare
929 3794 942 3830 :
973 3777 1066 3831 sed
1095 3776 1351 3846 quoniam
1403 3776 1746 3844 diligentibus
1773 3775 1905 3832 dura

308 3871 622 3928 conditione
643 3869 952 3925 subtractus
975 3879 1078 3937 est,
1101 3884 1199 3923 nos
1227 3867 1465 3923 hteredes
1489 3867 1637 3936 regni
1668 3868 1769 3934 sui,
1795 3867 1907 3923 Deo

309 3963 410 4018 sibi
443 3963 768 4032 imperante,
799 3959 1093 4024 substituit,
1126 3967 1188 4012 ut
1239 3958 1587 4013 successione
1631 3959 1908 4028 sanguinis

309 4055 393 4110 sui
412 4051 678 4108 beneﬁcia
698 4051 898 4107 vobisa
927 4065 986 4106 se
1007 4049 1227 4117 collata,
1246 4047 1449 4104 faceret
1478 4063 1597 4104 esse
1625 4059 1908 4120 perpetua,

311 4147 439 4200 dum
473 4161 574 4200 nos
597 4144 686 4200 illa
728 4151 784 4199 et
829 4155 1027 4212 augere
1055 4151 1111 4198 et
1133 4142 1273 4197 tueri
1300 4142 1545 4212 cupimus
1569 4157 1688 4211 qua:
1719 4143 1785 4197 ab
1816 4143 1911 4197 illo

312 4239 453 4293 facta
485 4252 607 4293 esse
631 4236 1029 4306 cognoscimus.
1075 4232 1243 4304 Cujus
1281 4232 1608 4288 ordinationi
1638 4233 1817 4289 adhuc
1843 4249 1912 4289 eo

312 4331 611 4401 superstite
639 4330 693 4384 in
723 4328 872 4398 regia
911 4328 1130 4383 civitate
1170 4327 1244 4381 ita
1272 4326 1596 4382 sacramenti
1625 4326 1914 4396 interposi-

1927 3076 1974 3140 C

1993 1767 2158 1831 enim,
2202 1765 2314 1821 Deo
2341 1765 2443 1822 sibi
2491 1765 2812 1835 imperante,
2844 1767 3144 1838 prospexit,
3199 1768 3326 1824 dum
3363 1779 3506 1827 esset
3530 1781 3588 1828 et

1993 1867 2117 1930 post
2142 1858 2253 1913 fata
2291 1858 2571 1929 providus,
2617 1866 2678 1912 ut
2725 1858 3036 1928 regionibus
3063 1862 3175 1918 suis
3200 1877 3388 1933 pacem
3417 1866 3585 1922 relin-

1993 1957 2204 2021 queret,
2254 1964 2324 2005 ne
2347 1949 2527 2021 aliqua
2567 1949 2780 2005 novitas
2809 1951 2991 2020 quieta
3020 1952 3282 2009 turbaret.
3311 1954 3369 2009 In
3398 1957 3587 2014 sellam

1993 2044 2146 2114 regni
2166 2044 2251 2098 sui
2279 2057 2378 2099 nos
2404 2042 2654 2098 dominos
2681 2041 2998 2109 collocavit;
3018 2053 3284 2112 quatenus
3303 2045 3470 2103 decus
3493 2063 3590 2118 ge-

1995 2134 2159 2201 neris,
2189 2133 2336 2204 quod
2384 2133 2439 2188 in
2486 2132 2578 2187 illo
2628 2129 2829 2198 ﬂoruit,
2858 2132 2912 2187 in
2959 2148 3301 2191 successores
3341 2139 3589 2206 protinus

1994 2224 2189 2296 aequali
2231 2223 2350 2280 luce
2379 2224 2632 2281 radiaret.
2666 2225 2765 2282 Cui
2790 2227 3116 2283 ordinationi
3144 2228 3447 2286 Gothorum
3476 2232 3592 2288 Ro-

1994 2328 2386 2386 manorumque
2413 2315 2680 2371 desideria
2709 2326 3098 2386 convenerunt,
3123 2319 3197 2373 ita
3223 2327 3281 2374 ut
3299 2320 3398 2376 sub
3423 2322 3588 2392 juris-

1991 2403 2206 2474 jurandi
2245 2406 2507 2476 religione
2535 2408 2914 2478 promitterent
2938 2407 3095 2465 ﬁdem
3117 2425 3178 2467 se
3202 2424 3370 2479 regno
3400 2419 3588 2469 nostro

1995 2496 2196 2562 devoto
2217 2499 2400 2555 animo
2421 2508 2752 2556 servaturos.
2777 2499 2937 2568 Quod
2978 2501 3045 2557 ad
3075 2502 3297 2560 illustris
3322 2507 3590 2574 magnitu-

1996 2587 2136 2644 dinis
2165 2597 2358 2644 vestra:
2385 2589 2632 2645 notitiam
2688 2591 2958 2648 credimus
2986 2591 3383 2664 perferendum,
3424 2593 3486 2649 ut
3520 2595 3589 2650 ab

1997 2680 2084 2736 his
2111 2681 2204 2751 qui
2230 2682 2287 2736 in
2327 2679 2517 2738 Galliis
2559 2696 2729 2752 regno
2758 2683 2975 2754 pietatis
3004 2693 3204 2740 nostrae
3241 2685 3424 2740 devoti
3463 2695 3592 2742 sunt

1997 2773 2175 2831 simile
2202 2773 2510 2844 proferatur
2529 2775 2874 2846 exemplum;
2897 2783 2952 2831 et
2980 2776 3118 2832 sicut
3138 2776 3349 2832 animos
3374 2784 3591 2832 nostros

1997 2866 2141 2923 circa
2166 2881 2227 2922 se
2256 2866 2494 2922 minores
2512 2881 2621 2921 non
2645 2867 2953 2923 desiderant
2973 2864 3134 2934 elﬁci,
3161 2866 3236 2923 ita
3258 2867 3373 2937 pari
3398 2867 3590 2924 condi-

1999 2959 2150 3016 tione
2175 2967 2463 3015 teneantur
2483 2957 2709 3014 astricti.

2473 3093 2626 3164 127
2655 3090 2985 3146 EPISTOLA
3012 3090 3122 3149 vn.

2329 3199 2756 3239 PBOVINCIALIBUS
2808 3200 2910 3238 PER
2968 3199 3200 3240 ωιιωι

2538 3270 2905 3310 ΑτιιΑιλιιιουε
2931 3270 3058 3309 κει.

2003 3349 2262 3406 Hortatur
2290 3358 2346 3402 ut
2371 3347 2525 3403 Gothi
2554 3347 2826 3416 Romanis,
2849 3357 2899 3402 et
2922 3347 3146 3403 Romani
3168 3347 3349 3405 Gothis
3373 3347 3598 3404 uicissim

2320 3419 2501 3490 jurent
2529 3435 2584 3472 se
2610 3419 2770 3488 fidem
2799 3420 2905 3490 regi
2932 3420 3272 3488 prwstituros.

2077 3508 2232 3565 Licet
2259 3509 2507 3578 gloriosae
2546 3510 2820 3564 memoriae
2848 3509 3030 3563 domni
3059 3510 3144 3563 avi
3176 3509 3343 3564 nostri
3373 3525 3472 3579 pro
3499 3523 3598 3563 ex-

2007 3597 2323 3655 cellentibus
2369 3597 2577 3652 meritis
2622 3597 2791 3652 tristis
2840 3596 2993 3652 vobis
3045 3597 3292 3653 videatu-
3339 3613 3599 3666 occasus,

2007 3701 2211 3754 tamen,
2261 3688 2388 3758 quia
2437 3688 2528 3744 ille
2573 3689 2808 3743 humana
2859 3687 3169 3744 tonditione
3209 3688 3486 3756 decubuit,
3531 3687 3601 3742 ad

2009 3781 2431 3840 continuandam
2461 3781 2908 3851 gubernationem
2937 3796 3097 3850 quam
3129 3781 3470 3850 singulariter
3488 3795 3604 3850 ges-

2009 3883 2156 3932 serat
2181 3890 2280 3931 nos
2308 3874 2557 3946 reliquit;
2589 3889 2658 3930 ne
2684 3873 2938 3929 damnum
2978 3874 3106 3930 boni
3143 3874 3400 3944 principis
3435 3874 3606 3928 senti-

2010 3967 2162 4032 retis,
2191 3967 2348 4036 cujus
2375 3967 2529 4022 vobis
2559 3965 2802 4022 noscitur
2828 3979 3055 4034 regnare
3079 3967 3384 4036 progenies.
3417 3964 3604 4021 Nullus

2013 4057 2157 4112 enim
2179 4055 2322 4126 apud
2350 4071 2449 4112 nos
2475 4055 2671 4126 perdit,
2699 4054 2844 4126 quod
2870 4055 3018 4128 {Atia}
3043 4053 3156 4125 qui]
3179 4055 3254 4110 illi
3277 4055 3485 4126 paruit;
3509 4054 3606 4112 sed

2013 4145 2216 4215 duplici
2239 4145 2486 4214 largitate
2507 4146 2744 4201 muniﬁci
2773 4153 2828 4201 et
2857 4146 3000 4202 illius
3028 4145 3207 4202 debita
3235 4145 3529 4211 reddimus,
3552 4152 3610 4201 et

2016 4233 2214 4290 futuris
2250 4235 2524 4305 obsequiis
2569 4233 2832 4292 beneﬁcia
2880 4233 3116 4304 ingenita
3153 4237 3352 4306 pietate
3392 4247 3608 4292 mutua-

2004 3199 2275 3240 υιηνειιειε
2329 3199 2756 3239 Ριιονικοιλιιιιυε
2808 3200 2910 3238 PER
2968 3199 3200 3240 ωιιωι
3252 3197 3596 3240 ωκετιτυτιε

2016 4339 2157 4379 mus.
2201 4322 2379 4395 Atque
2416 4325 2538 4380 ideo
2588 4326 2746 4380 ﬁdem
2794 4326 3075 4395 pristinam
3117 4326 3306 4395 majori
3345 4343 3486 4382 nunc
3512 4343 3610 4382 vos

314 4424 465 4476 tione
486 4429 806 4475 cunctorum
835 4426 958 4473 vota
984 4417 1190 4473 sociata
1215 4424 1360 4481 sunt,
1389 4423 1448 4470 ut
1477 4431 1638 4470 unum
1660 4415 1915 4472 crederes
1944 4459 1996 4519 Β
2019 4415 2274 4471 convenit
2311 4414 2602 4471 devotione
2645 4424 2968 4479 monstrare,
3009 4417 3134 4485 quia
3170 4416 3312 4471 bene
3351 4418 3613 4488 prospicit

317 4514 659 4587 promittere,
691 4511 836 4582 quod
865 4509 1192 4582 generalitas
1229 4508 1513 4564 videbatur
1552 4516 1763 4578 optare.
1796 4507 1915 4564 Hoc

318 4621 414 4662 vos
434 4612 727 4675 sequentes
751 4602 1078 4673 exemplum,
1101 4600 1220 4672 pari
1247 4599 1536 4656 devotione
1555 4599 1818 4669 peragite,
1847 4613 1916 4654 ne

318 4698 448 4768 quid
479 4713 510 4752 a
539 4695 892 4767 prmsentibus
936 4693 1113 4749 minus
1155 4691 1352 4748 fecisse
1381 4690 1693 4756 videamini,
1738 4705 1769 4744 a
1796 4690 1916 4761 qui-

320 4792 421 4847 bus
475 4789 716 4846 creditnr
766 4796 941 4844 totum
981 4786 1230 4842 similiter
1269 4799 1428 4855 posse
1456 4783 1736 4856 compleri.
1763 4782 1917 4838 Illum

322 4899 460 4940 vero
490 4881 749 4937 comitem
783 4879 936 4935 vobis
958 4878 1179 4934 fecimus
1196 4876 1374 4947 iurata
1403 4889 1536 4930 voce
1567 4874 1916 4944 promittere;

331 4984 385 5031 ut
409 4974 554 5030 sicut
579 4971 736 5028 nobis
761 4979 1000 5026 vestrum
1029 4969 1266 5024 animum
1296 4965 1644 5022 devotissime
1672 4965 1919 5036 proditis,

325 5068 406 5122 sic
427 5074 617 5138 optata
643 5065 711 5121 de
737 5065 938 5121 nostris
963 5064 1210 5120 sensibus
1249 5059 1498 5116 audiatis.
1542 5057 1786 5128 Recipite
1814 5056 1920 5111 ita-

326 5173 435 5228 que
464 5172 787 5229 prosperum
828 5155 982 5211 vobis
1009 5171 1224 5228 semper
1250 5168 1466 5219 nomen,
1495 5151 1805 5206 Amalorum
1834 5163 1924 5204 re-

328 5251 507 5320 galem
537 5251 868 5322 prosapiem,
895 5249 1159 5305 blatteum
1189 5259 1433 5317 germen,
1485 5240 1764 5298 infantiam
1798 5256 1924 5310 pur-

333 5351 604 5412 puratam,
634 5357 733 5411 per
759 5355 917 5411 quos,
943 5340 1058 5396 Deo
1081 5338 1326 5409 juvante,
1358 5340 1614 5406 parentes
1632 5331 1803 5386 nostri
1831 5329 1924 5385 de-

332 5443 522 5490 center
568 5433 744 5490 evecti
772 5440 921 5501 sunt,
950 5441 1007 5488 et
1052 5431 1193 5486 inter
1221 5437 1328 5483 tam
1369 5426 1637 5498 prolixum
1686 5422 1928 5480 ordinem

334 5539 526 5594 regum
577 5533 932 5594 susceperunt
979 5537 1195 5592 semper
1247 5527 1616 5591 augmentum.
1647 5515 1930 5572 Credimus

337 5614 484 5668 enim
507 5612 581 5668 de
605 5612 896 5669 Divinitate
921 5611 1176 5684 propitia,
1201 5625 1320 5682 qua:
1351 5609 1584 5681 majores
1609 5615 1826 5663 nostros
1850 5603 1932 5660 di-

2018 4507 2180 4562 rebus
2225 4505 2438 4573 futuris,
2482 4507 2573 4577 qui
2621 4495 2962 4575 regnantium
3010 4507 3178 4562 servit
3224 4508 3387 4564 initiis
3431 4527 3445 4562 :
3485 4510 3611 4565 dum

2020 4597 2136 4670 ipse
2161 4603 2216 4652 et
2241 4597 2295 4652 in
2323 4597 2592 4666 reliquum
2617 4612 2968 4668 perseverare
2992 4598 3246 4665 creditur,
3275 4600 3366 4671 qui
3388 4601 3618 4670 primor-

2020 4688 2108 4744 dia
2136 4688 2320 4746 fovere
2349 4688 2599 4745 sentitur.
2639 4687 2943 4745 indicamus
2981 4699 3182 4755 autem,
3221 4690 3408 4747 favore
3432 4691 3614 4746 divino

2022 4795 2147 4835 cum
2185 4779 2253 4834 ad
2297 4779 2448 4848 regni
2486 4778 2724 4835 culmina
2772 4780 3197 4850 perveniremus,
3243 4781 3420 4835 omnia
3463 4779 3619 4832 nobis

2024 4871 2107 4927 sic
2128 4869 2332 4936 felicia,
2357 4870 2437 4926 sic
2465 4869 2752 4940 tranquilla
2776 4870 3027 4936 cessisse,
3060 4878 3118 4925 ut
3144 4885 3308 4924 unum
3331 4868 3476 4936 loqui
3499 4881 3618 4923 cre-

2029 4965 2186 5021 deres
2213 4963 2358 5033 quod
2385 4963 2716 5033 generalitas
2741 4962 3046 5029 insonabat,
3075 4977 3175 5018 nec
3207 4969 3486 5032 putaretur
3514 4961 3617 5014 hu-

2031 5071 2250 5110 manum
2289 5053 2435 5124 quod
2487 5062 2569 5108 tot
2613 5066 2739 5109 vota
2787 5053 3079 5122 ingentium
3127 5051 3447 5122 populorum
3489 5052 3618 5106 nihil

2031 5145 2258 5217 probata
2295 5153 2422 5199 sunt
2461 5144 2660 5199 habere
2695 5143 3043 5199 contrarium.
3084 5140 3237 5196 Unde
3276 5156 3370 5196 vos
3404 5156 3621 5212 quoque

2031 5236 2285 5309 praedicta
2324 5236 2580 5291 convenit
2622 5235 2843 5298 imitari,
2885 5244 2943 5288 ut
2982 5231 3141 5288 Gothi
3189 5233 3446 5290 Romanis
3482 5249 3620 5303 proe-

2031 5327 2197 5382 beant
2237 5325 2634 5396 jusjurandum,
2672 5333 2730 5379 et
2773 5324 3001 5379 Romani
3043 5322 3238 5379 Gothis
3283 5332 3623 5379 sacramento

2033 5415 2355 5476 conﬁrment
2375 5433 2434 5474 se
2462 5418 2787 5474 unanimiter
2814 5429 2982 5484 regno
3012 5425 3198 5472 nostro
3225 5431 3344 5472 esse
3374 5416 3620 5481 devotos,

2033 5519 2300 5581 quatenus
2323 5519 2379 5565 et
2403 5510 2560 5566 nobis
2585 5518 2763 5565 vestra
2792 5507 3078 5564 sinceritas
3107 5508 3442 5564 laudabiliter
3471 5508 3627 5562 inno-

2037 5611 2229 5672 tescat,
2260 5611 2316 5659 et
2343 5601 2412 5657 ad
2436 5601 2676 5671 quietem
2707 5610 2941 5659 vestram
2971 5601 3216 5672 proﬁciat
3239 5601 3468 5656 invicem
3499 5613 3628 5670 pro-

338 5712 573 5775 gnanter
598 5702 821 5777 adjuvit,
861 5719 1002 5763 nunc
1025 5717 1244 5776 quoque
1269 5702 1496 5776 gratiam
1525 5714 1637 5762 suae
1665 5697 1936 5772 dignatio-
2037 5700 2202 5762 missa
2243 5699 2554 5763 concordia.
2589 5693 2694 5752 Eat
2741 5697 2884 5756 inter
2920 5711 3020 5756 vos
3067 5695 3255 5769 legalis
3291 5694 3456 5754 missa
3481 5699 3635 5749 tran-
