3988 6178
393 221 497 274 739

1602 213 1672 268 Μ.
1714 208 1990 268 AURELII
2029 205 2427 264 CASSIODORI

3563 193 3661 256 720

389 335 657 405 quillitas;
700 335 882 407 potior
919 318 1111 390 minori
1167 348 1272 388 non
1321 332 1391 388 sit
1430 328 1673 385 infestus.
1713 327 1981 382 Habetote
2009 332 2050 387 Α
2084 339 2184 393 pro
2226 322 2465 378 omnium
2509 321 2738 375 utilitate
2787 325 3066 374 tractatur.
3109 312 3373 371 Solatium
3418 328 3663 407 curarum

391 427 628 481 animum
658 406 929 498 pacatum,
958 426 1049 496 qui
1072 424 1271 480 bellum
1303 439 1411 480 non
1437 423 1647 479 habetis
1671 430 1989 484 externum,
2080 415 2394 484 frequenter
2419 413 2519 467 sibi
2549 412 2806 467 adhibent
2846 410 3040 465 maturi
3081 418 3266 478 reges;
3310 414 3365 461 et
3398 406 3525 461 hinc
3553 422 3658 462 mc-

389 521 516 589 quia
552 520 784 590 primum
825 518 949 573 inde
992 517 1149 572 nobis
1195 517 1413 585 placere
1451 515 1717 587 poteritis,
1753 513 1981 569 sivobis

389 609 492 665 hac
537 610 749 664 ratione
785 608 1094 677 prospicitis
1135 606 1284 680 [Ed.,
1331 606 1481 673 Niv.,
1525 606 1701 669 (iam,
1743 604 1890 659 Grut.
1931 612 1981 658 et

391 701 461 755 Cu
460 702 531 772 j.,
565 699 901 771 proliciatis].

930 834 1259 891 EPISTOLA
1301 834 1430 889 VIII.

389 946 672 987 VICTORINO
685 946 809 985 VIRO
831 944 1164 990 VENERABILI,
1182 942 1447 989 EPISCOPO,
1471 935 1837 979 ATHALARICUS
1852 935 1979 974 REX.

394 1023 676 1077 Remmtial
738 1040 791 1075 se
847 1021 1163 1092 Theoderico
1219 1029 1419 1092 mortuo
1479 1013 1802 1092 successisse.
1855 1009 1983 1092 Tum

460 1095 622 1163 ipsius
650 1091 971 1163 orationibus
1011 1108 1065 1163 se
1086 1088 1486 1163 commendans,
1518 1088 1641 1155 petit
1673 1094 1736 1163 ,ιιι
1777 1088 1985 1163 propin-

462 1151 621 1218 ciates
661 1174 868 1217 cunctos
905 1162 973 1215 ad
1018 1161 1174 1231 ﬁdem
1208 1159 1427 1229 principi
1463 1151 1770 1210 servandam
1800 1151 1987 1206 cohor-

464 1243 617 1288 tetur.

466 1324 544 1379 De
573 1324 677 1380 ﬁde
702 1333 865 1394 atque
904 1322 1207 1379 constantia
1244 1320 1382 1376 tales
1424 1326 1550 1375 sunt
1581 1312 1986 1372 commonendaa

395 1432 658 1488 personae,
691 1431 809 1486 qua:
845 1415 1129 1471 desideriis
1166 1413 1414 1469 humanis
1443 1412 1655 1465 diversa
1685 1416 1831 1463 sorte
1855 1420 1986 1476 qua-

398 1509 621 1562 tiuntur.
656 1507 763 1562 Vos
800 1515 999 1573 autem,
1033 1521 1170 1575 quos
1207 1500 1467 1573 sapientia
1508 1500 1689 1555 ﬁrmos
1717 1496 1900 1558 efﬁcit,
1932 1504 1988 1549 et

397 1618 551 1657 mens
578 1602 828 1669 religiosa
856 1600 1178 1665 consolidat,
1211 1610 1236 1638 α
1267 1599 1335 1654 ad
1365 1596 1769 1670 provincialium
1809 1591 1988 1663 potius

397 1693 652 1749 convenit
697 1692 1053 1747 adunationes
1082 1690 1330 1754 animari,
1362 1688 1485 1757 quia
1513 1686 1658 1756 juste
1688 1683 1898 1738 debitor
1928 1679 1988 1732 ﬁt

397 1784 557 1839 alieni
596 1782 823 1847 arbitrii,
852 1783 945 1850 qui
991 1796 1022 1834 a
1061 1781 1302 1850 pluribus
1344 1784 1582 1833 meretur
1614 1773 1805 1829 audiri.
1837 1769 1985 1837 Qua-

399 1880 619 1941 propter
646 1871 943 1926 salutantes
971 1869 1320 1924 veneratione
1343 1882 1448 1937 qua
1474 1866 1693 1933 dignum
1720 1872 1823 1928 est,
1846 1856 1989 1930 quod

401 1963 550 2017 vobis
595 1961 810 2033 quidem
853 1975 1143 2017 mcrrorem
1188 1958 1356 2029 possit
1402 1957 1663 2023 indicere,
1704 1952 1987 2009 transitum

399 2054 646 2124 gloriosae
676 2053 950 2109 memoriae
974 2053 1159 2107 domni
1187 2051 1274 2105 avi
1303 2050 1476 2105 nostri
1503 2064 1625 2104 cum
1652 2047 1842 2103 dolore
1869 2060 1990 2100 ma-

401 2147 547 2201 ximo
594 2145 924 2201 nuntiamus‘.
971 2142 1076 2200 Sed
1135 2142 1259 2197 inde
1306 2147 1490 2211 potest
1544 2146 1723 2195 vestra
1772 2134 1991 2191 tristitia

403 2239 711 2307 temperari,
736 2236 862 2304 quia
884 2249 984 2290 nos
1005 2234 1060 2289 in
1085 2232 1215 2288 sede
1243 2232 1395 2301 regni
1420 2230 1526 2297 sui,
1549 2228 1840 2283 Divinitate
1864 2240 1992 2296 pro-

401 2327 553 2400 pitia,
584 2326 905 2393 collocavit;
956 2334 1015 2380 ut
1059 2324 1112 2379 in
1160 2331 1334 2383 totum
1376 2320 1646 2377 desiderio
1672 2326 1856 2373 vestro
1882 2330 1993 2370 non

402 2418 646 2474 videatur
679 2424 920 2487 ereptus,
952 2414 1044 2485 qui
1079 2414 1234 2470 vobis
1261 2410 1540 2480 consurgit
1568 2411 1622 2465 in
1651 2406 1994 2465 successione

401 2516 702 2579 reparatus.
751 2507 951 2563 Favete
999 2521 1142 2561 nunc
1195 2504 1530 2560 orationibus
1573 2501 1761 2565 sacris,
1793 2497 1995 2554 nostris

402 2598 633 2653 libenter
680 2596 954 2666 auspiciis,
1006 2603 1065 2649 ut
1113 2594 1231 2650 Rex
1278 2593 1514 2649 caelestis
1557 2592 1792 2646 humana
1838 2588 1995 2644 nobis

403 2699 567 2754 regna
606 2683 912 2751 conﬁrmet,
962 2694 1149 2752 gentes
1202 2692 1456 2740 externas
1502 2689 1721 2745 atterat,
1772 2686 1994 2750 peccata

404 2774 668 2838 absolvat,
701 2774 1004 2831 consolidet
1032 2782 1087 2830 et
1113 2785 1399 2830 conservet
1436 2772 1698 2844 propitius
1724 2769 1871 2841 quod
1900 2784 1996 2841 pa-

405 2867 645 2923 rentibus
669 2867 868 2923 nostris
888 2866 1138 2937 dignatus
1161 2874 1245 2922 est
1268 2875 1523 2937 praastare
1544 2865 1829 2935 gloriosus.
1852 2861 1997 2929 Qua-

404 2944 628 3028 propter
653 2957 910 3013 sanctitas
937 2952 1119 3013 vestra
1161 2955 1521 3027 provinciales
1549 2961 1773 3011 cunctos
1801 2955 1994 3009 admo-

2083 505 2246 560 liores
2287 504 2642 568 aestimantur,
2695 504 2739 558 si
2788 503 2889 557 soli
2935 499 3117 555 omnia
3162 514 3269 554 non
3321 508 3666 568 praesumunt.

2083 596 2238 665 Quod
2269 597 2314 651 si
2344 595 2568 665 longaevi
2600 595 2803 650 domini
2841 594 3207 663 subjectorum
3256 592 3485 665 ingeniis
3524 592 3667 659 adju-

2081 695 2297 757 vantur,
2331 687 2576 741 consulte
2604 686 2910 741 relaxamus
2939 684 3114 738 anatis
3148 690 3346 737 nostrae
3381 683 3572 738 breves
3602 684 3671 737 fe-

2083 781 2221 843 rias;
2246 788 2305 833 ut
2329 780 2439 834 suis
2468 778 2816 834 incrementis
2836 778 3031 832 devota
3051 776 3380 847 prosperius,
3406 777 3671 832 robustior

2085 872 2152 923 ad
2184 869 2391 939 imperii
2420 869 2658 939 pondera
2685 867 2998 924 sustinenda
3022 874 3330 935 consurgat.
3356 868 3530 938 Atque
3555 869 3675 923 ideo

2085 969 2162 1029 te,
2193 977 2314 1017 cum
2367 962 2549 1016 favore
2589 961 2795 1025 divino,
2829 967 3083 1029 suggestu
3130 960 3465 1030 prmsentalis
3509 962 3677 1029 patri-

2088 1055 2259 1109 ciatus
2287 1055 2593 1119 evehimus;
2623 1060 2680 1107 ut
2708 1068 2805 1122 pro
2842 1051 3117 1121 republica
3147 1059 3330 1106 nostra
3358 1059 3678 1107 tractantem

2088 1145 2243 1201 sedes
2266 1145 2406 1201 celsa
2431 1144 2705 1208 sublimet,
2733 1158 2801 1197 ne
2822 1142 3088 1197 sententia
3114 1141 3383 1207 salutaris,
3412 1143 3498 1197 cui
3522 1142 3682 1198 decet

2085 1236 2358 1291 humiliter
2401 1250 2616 1306 parere,
2649 1250 2679 1289 a
2709 1235 2830 1290 loco
2869 1232 3116 1288 videatur
3143 1231 3356 1287 venisse
3382 1233 3677 1287 communi.

2086 1327 2185 1383 llic
2213 1336 2295 1382 est
2323 1329 2498 1382 honor
2524 1327 2615 1396 qui
2641 1335 2695 1381 et
2726 1325 2889 1380 armis
2924 1325 3200 1392 convenit,
3242 1331 3299 1378 et
3328 1323 3381 1377 in
3415 1338 3550 1393 pace
3587 1337 3682 1378 re-

2088 1422 2355 1491 splendet.
2390 1420 2543 1476 Hunc
2572 1421 2659 1475 illa
2693 1420 2839 1474 dives
2869 1418 3096 1483 Graecia,
3128 1432 3245 1487 quae
3276 1416 3443 1470 multa
3481 1417 3690 1485 glorio-

2089 1512 2304 1567 sissimo
2332 1511 2531 1567 domno
2557 1527 2659 1566 avo
2689 1518 2874 1566 nostro
2903 1509 3109 1578 debuit,
3139 1507 3438 1576 gratiﬁcata
3470 1509 3682 1579 persol-

2090 1604 2204 1666 vit;
2235 1602 2435 1658 velavit
2462 1602 2629 1658 fortes
2656 1602 2925 1658 humeros
2937 1600 3277 1671 chlamydum
3306 1601 3490 1662 vestis,
3509 1602 3686 1671 pinxit

2020 1710 2061 1767 Β
2091 1710 2245 1749 suras
2273 1695 2458 1750 sericis
2477 1694 2693 1750 calceus
2714 1695 2815 1749 iste
2841 1695 3134 1761 Romanus,
3158 1701 3215 1748 et
3233 1692 3515 1763 dignanter
3539 1696 3687 1748 visus

2095 1784 2215 1859 [Gn
2238 1794 2288 1839 ct
2319 1784 2458 1857 Cuj.,
2487 1784 2690 1857 jussus]
2714 1794 2796 1840 est
2825 1786 3090 1854 accipere,
3122 1783 3264 1855 quod
3304 1800 3362 1839 se
3390 1797 3689 1853 cognosce-

2091 1877 2185 1933 bat
2211 1894 2488 1935 assumere
2534 1895 2632 1951 per
2674 1882 2957 1936 honorem.
3001 1880 3292 1937 Crescebat
3318 1880 3525 1935 visendi
3567 1888 3691 1937 stu-

2091 1968 2235 2023 dium
2263 1967 2391 2025 Eois
2418 1972 2631 2041 populis
2660 1972 2881 2028 heroem
2911 1980 3176 2037 nostrum,
3198 1972 3347 2041 dum,
3370 1972 3553 2028 nescio
3572 1988 3690 2043 quo

2092 2070 2270 2131 pacto,
2318 2062 2372 2116 in
2415 2077 2536 2118 eum
2582 2062 2673 2132 qui
2708 2062 2997 2118 bellicosus
3035 2062 3292 2129 creditur,
3345 2062 3518 2117 civilia
3564 2064 3691 2133 plus

2094 2154 2360 2209 amantur.
2394 2153 2505 2210 Hac
2532 2155 2692 2224 igitur
2726 2156 2947 2211 honoris
2983 2132 3419 2210 remuneratione
3457 2165 3689 2211 conten—

2097 2252 2201 2312 tus,
2232 2262 2333 2317 pro
2361 2247 2563 2302 exteris
2590 2247 2834 2318 partibus
2861 2245 3126 2302 indefessa
3153 2245 3444 2302 devotione
3468 2246 3693 2303 labora-

2094 2335 2201 2401 vit;
2233 2345 2288 2390 et
2316 2345 2573 2406 praestare
2610 2351 2733 2391 cum
2762 2336 2875 2391 suis
2900 2336 3213 2407 parentibus
3237 2336 3464 2406 principi
3491 2335 3690 2405 digna—

2094 2427 2252 2484 batur
2277 2428 2615 2499 obsequium,
2644 2428 2735 2499 qui
2764 2437 3039 2485 tantorum
3081 2442 3268 2497 regum
3308 2426 3481 2484 fuerat
3518 2430 3695 2501 stirpe

2094 2527 2427 2590 procreatus.
2452 2519 2544 2575 Sic
2570 2536 2630 2576 se
2656 2534 2974 2589 magnorum
2993 2519 3255 2576 beneﬁcia
3277 2536 3493 2593 semper
3511 2523 3695 2577 extol-

2096 2614 2238 2682 lunt,
2268 2621 2328 2669 ut
2355 2621 2410 2669 et
2437 2614 2633 2684 quibus
2671 2616 2936 2686 imperare
2969 2625 3262 2684 nequeunt,
3298 2615 3422 2683 jura
3460 2629 3699 2671 venera-

2097 2706 2259 2761 tionis
2293 2708 2451 2779 128
2479 2707 2776 2778 imponant.
2803 2705 3038 2777 Diligunt
3068 2722 3258 2762 omnes
3291 2709 3371 2763 sui
3400 2716 3701 2779 provectus

2097 2813 2313 2868 semper
2351 2808 2659 2865 auctorem;
2689 2807 2745 2854 et
2767 2798 3112 2854 mortalitatis
3149 2799 3269 2869 jura
3297 2800 3568 2868 nesciunt,
3597 2800 3702 2870 qui

2097 2890 2371 2946 beneﬁciis
2416 2906 2524 2945 non
2575 2898 2826 2946 tenentur
2874 2884 3017 2962 [Cr.,
3049 2887 3167 2961 Cuj.
3208 2890 3437 2960 :Diligit
3482 2905 3705 2946 memor

2098 2996 2250 3036 mens
2287 2982 2392 3037 sui.
2443 2980 2789 3038 Mortalitatis
2820 2982 2941 3051 jura
2989 2981 3252 3048 nesciunt,
3283 2981 3375 3052 qui
3414 2982 3703 3038 beneﬁciis

405 3059 553 3118 ma"
574 3051 824 3147 “‘ain‘F‘ﬁ
840 3065 900 3105 se
922 3049 1270 3147 concordia"?
1298 3049 1783 3147 h_ab_enies’.reg"°
1808 3055 1993 3147 ".03"?
2025 3084 2070 3147 Ο
2100 3090 2211 3130 non
2239 3073 2534 3146 tenentur].
2581 3074 2687 3130 Sed
2726 3049 2946 3143 longum
2973 3082 3058 3129 est
3085 3071 3156 3128 de
3184 3049 3317 3143 ejus‘
3331 3074 3504 3143 gloria
3547 3073 3705 3129 sufﬁ-

407 3156 504 3212 per
531 3141 713 3196 omnia
742 3139 977 3194 debeant
998 3153 1120 3193 esse
1148 3138 1438 3208 purissimi.
1470 3135 1727 3207 Cupimus
1769 3136 1913 3191 enim
1941 3136 1997 3190 in

406 3231 666 3302 subjectis
693 3229 853 3286 ﬁdem
877 3228 1123 3300 reperiri,
1148 3244 1310 3298 quam
1332 3228 1480 3297 larga
1504 3227 1770 3298 possimus
1797 3226 2001 3298 pietate

410 3337 707 3378 munerari.

977 3496 1312 3553 EPISTOLA
1349 3496 1441 3552 IX.

412 3603 592 3645 TULUII
612 3587 758 3661 μηδ,
783 3588 1039 3661 τιιοιυιτ]
1066 3605 1188 3645 vmo
1219 3604 1464 3643 PATBICIO
1486 3602 1852 3643 ATHALARICUS
1871 3601 1999 3640 REX.

415 3679 502 3736 Illi
524 3684 788 3754 confertur
817 3683 1120 3754 patriciatus
1152 3681 1401 3754 dignitas,
1430 3679 1794 3748 prwclarisque
1833 3677 2005 3730 laudi-

669 3752 761 3805 bus
788 3750 892 3806 una
923 3768 1037 3806 cum
1066 3750 1426 3804 Gensemundo
1447 3757 1747 3807 exornatur.

483 3885 637 3959 Licet
676 3886 741 3942 ad
774 3886 1038 3955 regendos
1067 3885 1295 3957 populos
1323 3883 1546 3940 idoneos
1587 3882 1843 3949 efﬁciant,
1868 3896 2005 3951 quos

414 3975 481 4031 ad
510 3985 793 4046 augustum
822 3977 1036 4031 culmen
1057 3977 1246 4031 Divina
1275 3975 1622 4046 provexerint
1645 3970 1881 4043 (quando
1906 3989 2005 4028 nec

412 4076 545 4126 actas
590 4067 834 4136 impedit,
873 4067 962 4122 ubi
1011 4062 1130 4121 sese
1177 4068 1420 4137 potentia
1458 4066 1696 4122 ctelestis
1727 4063 2002 4136 infundit),

414 4171 594 4214 tamen
644 4158 713 4213 ad
759 4156 1103 4213 relevandam
1155 4157 1549 4213 ﬂorentissima:
1590 4165 1789 4214 nostrae
1827 4161 2005 4216 aetatis

414 4250 848 4315 sollicitudinem,
880 4250 1054 4305 visum
1094 4257 1180 4306 est
1217 4258 1273 4305 te
1312 4250 1486 4305 virum
1524 4250 2003 4322 prudentissimum

414 4341 801 4397 convenienter
846 4339 1128 4408 adbibere,
1158 4354 1319 4409 quem
1357 4348 1575 4395 constat
1619 4340 1785 4394 ctiam
1822 4340 2004 4395 domni

2103 3164 2309 3243 cienter
2340 3165 2510 3234 loqui,
2544 3180 2705 3235 quem
2741 3164 3065 3232 singularem
3095 3163 3345 3233 gentibus
3380 3165 3582 3221 saecula
3616 3164 3706 3219 fe-

2044 3322 2049 3329 _
2103 3256 2278 3312 ctmda
2321 3265 2641 3325 genuerunt.
2689 3255 2862 3327 Ipsius
2904 3264 2958 3311 te
2997 3255 3152 3311 labor
3199 3255 3449 3322 instituit,
3488 3265 3554 3310 ut
3603 3272 3709 3311 nos

2103 3346 2279 3402 minus
2307 3347 2558 3402 laborare
2579 3346 2893 3402 debeamus.
2916 3345 3115 3401 Tecum
3143 3346 3293 3416 pacis
3318 3354 3486 3409 certa,
3517 3353 3709 3401 tecum

2104 3438 2229 3493 belli
2260 3437 2421 3492 dubia
2446 3437 2788 3504 conferebat;
2813 3444 2886 3504 et,
2912 3436 3055 3506 quod
3081 3436 3222 3507 apud
3251 3438 3525 3506 sapientes
3546 3452 3714 3505 rcges

2104 3528 2375 3597 singulare
2413 3542 2609 3582 munus
2637 3535 2737 3593 cst,
2773 3526 2865 3581 ille
2892 3526 3153 3582 sollicitus
3180 3526 3248 3582 ad
3285 3528 3461 3581 omnia
3508 3543 3716 3584 secure

2105 3620 2202 3675 tibi
2233 3620 2469 3690 pectoris
2512 3619 2782 3689 pandebat
2827 3633 3045 3674 arcana.
3087 3618 3167 3674 Tu
3195 3628 3374 3675 tamen
3403 3620 3590 3675 nullos
3617 3636 3714 3677 re-

2104 3712 2317 3783 sponsis
2361 3711 2583 3767 ludebas
2626 3710 2914 3778 ambiguis.
2959 3709 3164 3765 Amasti
3202 3711 3256 3764 in
3299 3710 3576 3766 audiendo
3608 3725 3714 3781 pa-

2104 3804 2377 3865 tientiam,
2432 3802 2486 3855 in
2532 3801 2877 3870 suggestione
2913 3790 3232 3867 veritatem;
3280 3816 3423 3871 stupe
3464 3816 3595 3871 qua:
3645 3800 3716 3855 ad

2104 3911 2226 3950 eum
2258 3894 2391 3950 falso
2419 3903 2794 3965 pervenerant,
2823 3892 2850 3932 ιι
2881 3894 3013 3949 recti
3042 3892 3222 3948 studio
3246 3892 3599 3962 corrigebas;
3635 3902 3718 3962 et,

2104 3991 2249 4061 quod
2276 4006 2454 4045 rarum
2484 3988 2823 4045 conﬁdentia:
2851 4002 3019 4058 genus
3048 3995 3149 4054 est,
3182 3986 3449 4042 interdum
3481 3987 3723 4043 resiste-

2104 4083 2200 4138 bas
2224 4090 2413 4138 contra
2440 4090 2566 4136 vota
2597 4080 2875 4151 principis,
2900 4080 2993 4136 sed
3021 4096 3119 4150 pro
3149 4079 3406 4149 opinione
3446 4079 3721 4135 rectoris.

2107 4170 2420 4229 Patiebatur
2464 4172 2607 4228 enim
2653 4172 2888 4228 invictus
2917 4172 3007 4227 ille
3047 4172 3246 4242 prmliis
3286 4187 3387 4242 pro
3423 4187 3526 4226 sua
3566 4173 3727 4225 fama

2105 4262 2366 4333 superari,
2406 4269 2462 4317 et
2507 4260 2679 4317 dulcis
2729 4268 2847 4317 erat
2888 4260 3037 4331 justo
3086 4261 3314 4331 principi
3362 4263 3728 4317 rationabilis

2107 4354 2462 4408 contrarietas
2488 4353 2854 4421 obsequentis.
2892 4352 3027 4406 Ama
3056 4366 3199 4407 nunc
3234 4351 3519 4407 sublimior
3542 4353 3728 4423 justi-

415 4433 501 4488 avi
546 4434 718 4488 nostri
760 4433 1077 4489 tractatibus
1115 4433 1317 4503 jugiter
1358 4442 1413 4490 et
1450 4433 1796 4491 laudabiliter
1822 4434 2001 4489 adhze-
2028 4461 2082 4521 Β
2110 4444 2259 4511 riam,
2281 4459 2443 4513 quam
2467 4443 2710 4499 serviens
2736 4443 3017 4510 diligebas.
3048 4442 3283 4498 Ostende
3326 4452 3378 4498 te
3407 4442 3561 4500 illius
3593 4459 3732 4500 esse

414 4524 567 4578 sisse.
598 4523 753 4590 Quod
780 4526 826 4579 si
855 4525 1072 4594 dignum
1110 4525 1210 4581 fuit
1247 4526 1353 4581 hoc
1389 4526 1537 4581 illum
1568 4528 1730 4582 talem
1762 4536 2001 4582 lautum-

366 4690 375 4705 .
414 4633 518 4687 que
554 4616 751 4685 facere,
780 4627 984 4688 quanto
1033 4622 1203 4689 magis
1250 4620 1405 4676 nobis
1451 4622 1705 4676 convenit
1749 4621 1999 4675 solatium

414 4726 654 4780 quaerere
681 4725 789 4781 quo
819 4710 968 4783 [Ed.,
996 4713 1114 4777 Λα,
1141 4712 1305 4783 quod]
1335 4729 1434 4784 pro
1463 4712 1838 4768 adolescentiae
1866 4712 2000 4769 flore

414 4805 668 4861 decenter
692 4802 869 4857 adhuc
898 4818 1179 4872 possumus
1209 4804 1448 4872 indigere
1479 4803 1626 4876 [Ed.,
1653 4807 1771 4872 Ac.,
1801 4805 2000 4858 intelli-

412 4894 596 4967 gere]!
625 4893 816 4964 Magna
859 4901 943 4949 est
983 4894 1127 4949 enim
1158 4894 1475 4964 inﬁnitaque
1503 4895 1804 4965 prudentia,
1836 4911 1997 4964 quam

413 5002 573 5042 nemo
609 4986 687 5042 sic
729 4985 1029 5055 assequitur
1068 4993 1130 5039 ut
1171 5000 1293 5039 eam
1332 5001 1441 5040 non
1488 4986 1795 5040 necessarie
1820 4993 1876 5040 et
1903 5000 2005 5057 per

413 5078 548 5134 alios
573 5091 816 5146 quaerere
859 5076 1120 5130 videatur.
1174 5076 1343 5131 Senes
1372 5077 1473 5146 ipsi
1502 5077 1743 5132 consiliis
1781 5078 2005 5146 sapien-

414 5174 542 5228 tiam
568 5172 801 5239 discunt,
825 5180 880 5227 et
900 5188 931 5226 a
952 5172 1179 5228 maturis
1201 5172 1255 5226 in
1278 5188 1562 5228 commune
1581 5174 1838 5243 qumritur
1857 5174 2003 5244 quod

487 5365 513 5393 ι
548 5355 670 5412 Αυὶ.
697 5354 917 5420 Gellius,
947 5356 1041 5410 lib.
1075 5373 1129 5420 ιι,
1157 5371 1206 5411 c.
1251 5354 1322 5409 29
1347 5374 1360 5409 :
1386 5354 1639 5417 Veniant,
1668 5366 1998 5423 operamque

414 5435 657 5480 mutuam
684 5426 832 5491 dent,
855 5436 909 5482 et
929 5442 1156 5482 messem
1186 5427 1325 5482 hanc
1349 5426 1504 5480 nobis
1533 5421 1791 5478 adune'nt.
1816 5421 1997 5489 Quan-

416 5511 576 5564 quam
627 5497 893 5567 nonnullis
939 5497 991 5549 in
1040 5498 1208 5562 libris,
1257 5497 1530 5567 adjuvent,
1572 5496 1849 5564 scriptum,
1901 5493 1995 5548 sed

412 5580 717 5634 perperam,
751 5566 973 5635 legatur.
1006 5567 1172 5622 Fons.

492 5642 511 5669 υ
544 5635 650 5685 Sic.
686 5635 742 5686 Ι).
777 5634 1089 5690 Ambrosius
1119 5639 1185 5689 «le
1213 5636 1518 5689 Theodosio
1552 5654 1564 5687 :
1603 5634 1768 5687 Dilcxi
1797 5635 1989 5695 virum,

416 5715 504 5770 qm
534 5706 700 5773 magis
732 5716 1041 5773 arguentem
1073 5723 1229 5774 quam
1258 5708 1564 5761 adulantem
1594 5708 1868 5775 probaret.
1903 5706 1991 5759 Sic

2104 4534 2443 4606 discipulum,
2477 4535 2569 4604 qui
2612 4549 2881 4604 nunquam
2927 4532 3193 4590 laboravit
3222 4534 3497 4590 incassum
3535 4553 3551 4589 :
3581 4534 3733 4604 jun-

2104 4634 2224 4681 ctus
2265 4625 2455 4681 Amalo
2491 4624 2698 4694 generi,
2741 4623 3075 4681 nobilissima
3106 4616 3218 4679 tibi
3262 4622 3402 4678 facta
3443 4626 3732 4680 consocia

2104 4716 2249 4788 [A117,
2293 4715 2609 4789 consortia].
2650 4715 2823 4770 Omne
2861 4715 3126 4785 siquidem
3165 4714 3365 4770 bonum
3405 4716 3564 4783 regia
3599 4732 3736 4771 sua-

2101 4808 2230 4864 dere
2257 4807 2421 4863 debet
2444 4806 2694 4864 afﬁnitas.
2742 4807 2971 4864 Acturus
2999 4822 3059 4863 es
3087 4816 3343 4863 consueta
3388 4809 3730 4878 prudentia,

2110 4907 2169 4955 ut
2207 4898 2367 4955 laude
2405 4915 2615 4955 morum
2644 4898 2912 4967 fastigium
2939 4899 3228 4967 contigisse
3254 4898 3489 4955 videaris
3515 4899 3737 4956 excel-

2109 5008 2250 5049 sum.
2288 4990 2478 5047 Exstat
2515 4992 2692 5061 gentis
2731 4990 2974 5046 Gothicae
3014 4991 3171 5060 hujus
3200 4991 3486 5061 probitatis
3516 5008 3738 5047 exem-

2108 5083 2288 5153 plum;
2318 5081 2727 5138 Gensemundus
2754 5082 2843 5137 ille
2870 5090 2985 5137 toto
3022 5082 3154 5137 orbe
3188 5082 3490 5148 cantabilis,
3522 5084 3735 5140 solum

2110 5176 2275 5229 armis
2317 5173 2459 5228 ﬁlius
2495 5172 2688 5241 factus,
2715 5182 2863 5229 tanta
2906 5189 2965 5229 se
3010 5174 3213 5229 Amalis
3251 5174 3546 5231 devotione
3580 5192 3738 5235 con-

2103 5352 2370 5407 Ammian.
2403 5351 2665 5415 Marcell.,
2696 5364 2817 5420 pag.
2850 5348 2937 5420 55,
2970 5348 3075 5403 259
3101 5358 3155 5405 et
3192 5349 3325 5420 5H;
3359 5349 3607 5420 Sueton.
3664 5353 3727 5408 in

2100 5422 2287 5479 Octav.
2337 5439 2456 5492 cap.
2512 5421 2609 5487 56;
2662 5418 2717 5492 et
2758 5424 2811 5474 in
2857 5419 3035 5492 Tiber.
3070 5436 3190 5491 cap.
3224 5419 3310 5473 5|.
3338 5418 3729 5492 Epiphanius

2101 5496 2242 5564 apud
2289 5489 2590 5547 Eniiodium
2623 5510 2637 5564 _:
2670 5491 2837 5564 Nemo
2877 5498 2936 5544 ut
2976 5489 3249 5564 EccleSiae‘
3265 5489 3581 5564 principem
3616 5494 3731 5549 ad-

2098 5560 2321 5618 monere
2352 5564 2558 5624 timeat,
2592 5562 2634 5615 si
2676 5561 2867 5632 probet
2896 5571 3190 5632 errantem.
3219 5560 3307 5614 Sic
3338 5560 3489 5626 infra,
3530 5564 3727 5632 epist.

2105 5633 2185 5689 15.
2219 5636 2347 5687 Vide
2378 5648 2559 5702 supra,
2591 5629 2689 5686 lib.
2724 5647 2794 5693 vt,
2827 5630 2985 5685 form.
3018 5629 3068 5683 5.
3102 5629 3293 5685 ιιγιιετ.
