3988 6178
266 119 365 174 761

1516 113 1872 168 VARIARUM
1917 112 2118 165 LIBER
2158 111 2288 166 VIII.

3442 113 3547 173 752

261 198 476 303 iunxit,
526 237 586 285 ut
629 226 929 285 haeredibus
984 241 1172 283 eorum
1227 225 1499 281 Curiosum
1552 216 1854 280 exhibue’rit
1886 227 1925 283 Α
1959 219 2150 274 Martio
2184 220 2299 274 viro
2345 220 2607 274 didicerat
2645 219 2842 287 verbis,
2876 220 2927 273 in
2960 235 3270 291 camporum
3300 222 3549 280 libertate

260 325 604 389 famulatum,
637 322 883 393 quamvis
912 321 1023 382 inse
1057 326 1337 391 peteretur
1377 317 1443 373 ad
1471 328 1715 384 regnum.
1747 313 1856 368 lm-

259 415 538 487 pendebat
583 412 703 467 aliis
752 410 1005 467 meritum
1051 425 1235 477 suum,
1294 416 1350 464 et
1398 405 1858 462 moderatissimus

259 506 527 567 omnium,
556 500 704 572 quod
734 501 835 570 ipsi
865 499 1097 557 conferri
1139 507 1371 570 poterat,
1405 499 1494 553 ille
1520 498 1700 568 potius
1726 511 1855 566 par-

257 594 405 651 vulis
444 591 753 648 exhibebat.
800 589 975 660 Atque
1022 590 1147 645 ideo
1195 606 1315 646 eum
1364 598 1672 644 nostrorum
1717 589 1853 641 fama

259 683 613 739 concelebrat
643 700 656 735 :
686 680 820 737 vivit
856 696 1071 751 semper
1098 681 1472 746 relationibus,
1502 682 1593 751 qui
1624 681 1860 750 quando-

258 790 374 845 que
410 774 671 829 moritura
711 773 1057 843 contempsit.
1108 771 1198 826 Sic
1242 772 1476 843 quandiu
1526 789 1721 828 nomen
1762 790 1857 828 su-

256 873 449 935 perest
469 862 790 929 Gothorum,
824 862 996 918 fertur
1019 862 1134 933 ejus
1162 873 1479 918 cunctorum
1510 866 1856 920 attestatione

166 1010 179 1021 ,
254 955 618 1025 praeconium.
675 954 825 1010 Unde
873 952 953 1008 ias
1004 961 1086 1009 est
1130 954 1198 1009 de
1243 963 1297 1008 te
1344 955 1566 1010 meliora
1613 957 1856 1023 credere,

256 1061 427 1116 quem
448 1045 621 1101 nostri
647 1053 862 1101 constat
889 1045 1100 1115 generis
1129 1044 1391 1101 afﬁnitate
1418 1047 1674 1115 gaudere.

837 1197 1176 1255 EPISTOLA
1213 1198 1281 1253 X.

474 1331 701 1371 SENATUI
733 1330 880 1375 URBIS
919 1330 1078 1369 ΒΟΜΕ
1117 1330 1481 1369 ΑτιῐΑιΑῐιιιιυε
1517 1331 1642 1369 REX.

259 1424 480 1481 Eximia
513 1427 753 1498 facinora
781 1425 970 1498 Tulum
999 1427 1234 1498 expauit,
1273 1434 1323 1478 et
1349 1424 1538 1498 scribit
1565 1442 1620 1480 se
1648 1441 1761 1479 eum
1790 1426 1859 1479 ad

653 1497 959 1566 patriciatus
989 1497 1189 1549 culmen
1214 1497 1462 1550 erexisse.

1924 318 1929 321 “
1960 319 2305 367 monstraret.
2345 310 2465 381 Egit
2507 311 2573 366 de
2614 311 2822 365 Hunnis
2860 312 2999 366 inter
3027 314 3161 368 alios
3194 314 3544 385 triumphum,

1959 413 2014 459 et
2038 406 2320 460 emeritam
2348 406 2563 460 laudem
2591 405 2778 475 primis
2812 407 3190 476 congressibus
3218 408 3546 477 auspicatus,

1959 498 2079 552 neci
2117 497 2266 551 dedit
2308 496 2564 565 Bulgares
2597 505 2712 549 toto
2742 495 2874 550 orbe
2915 497 3203 551 terribiles.
3236 496 3393 553 Tales
3423 500 3549 553 mit-

1960 597 2080 646 tunt
2125 599 2309 645 nostra
2360 588 2624 644 cunabula
2676 589 2994 653 bellatores;
3049 590 3127 643 sic
3176 598 3377 659 parata:
3423 600 3552 645 sunt

1958 699 2169 749 manus,
2200 683 2290 737 ubi
2319 690 2602 737 exercetur
2623 682 2851 735 animus.
2880 680 3121 734 Nutritus
3153 682 3204 734 in
3235 682 3410 736 Otioso
3437 699 3551 736 ser—

1957 772 2089 828 vitio
2137 773 2436 828 laboriosos
2474 773 2714 840 subegit;
2748 781 2804 824 et
2839 771 2982 839 quod
3021 772 3411 826 exercitatione
3443 787 3548 825 non

1959 863 2161 927 didicit,
2194 866 2362 919 virtus
2399 880 2591 917 manus
2625 864 2843 933 prepria
2876 862 3003 936 [313.
3036 864 3124 927 A.,
3156 873 3202 916 et
3232 863 3347 929 Ac.,
3379 863 3551 917 virtus

1958 951 2151 1024 prona]
2180 953 2487 1023 complevit.
2538 954 2715 1008 Rediit
2757 955 2935 1009 subito
2964 954 3031 1008 ad
3061 956 3356 1025 principem
3402 964 3553 1009 vete-

1958 1062 2142 1113 ranus,
2175 1062 2422 1115 egressus
2457 1049 2771 1116 primaevus;
2803 1056 2862 1101 ut
2890 1064 2996 1101 non
3025 1049 3228 1117 pacatis
3256 1048 3547 1117 obsequiis,

1958 1140 2053 1195 sed
2083 1141 2246 1194 armis
2276 1155 2491 1209 semper
2516 1139 2783 1195 studuisse
2808 1139 3138 1195 crederetur.
3172 1139 3287 1194 Hoc
3324 1140 3552 1193 rimator

1957 1231 2053 1286 ille
2119 1241 2336 1287 actuum
2393 1239 2451 1286 et
2494 1232 2760 1286 honorum
2810 1240 3182 1286 remuneratur
3233 1231 3547 1301 inspiciens,

1957 1323 2195 1391 vigorem
2248 1323 2323 1377 illi
2377 1323 2537 1391 regia:
2593 1324 2783 1377 domus
2836 1305 3060 1378 virtutis.
3095 1324 3553 1393 contemplatione

1961 1413 2257 1479 commisit;
2302 1422 2358 1467 ut
2397 1428 2554 1481 quem
2606 1413 2941 1481 ingeniosum
2984 1413 3123 1468 bella
3168 1413 3551 1484 probaverant,

1963 1502 2238 1557 IOI’IIaSIIIII
2270 1504 2409 1570 regis
2438 1504 2676 1558 consiliis
2720 1506 3026 1559 misceretur
3072 1522 3084 1556 :
3128 1505 3194 1557 ad
3234 1504 3321 1557 inv
3356 1505 3551 1559 nienda

336 1608 579 1674 Habetis,
627 1618 810 1678 patres
854 1608 1167 1678 conscripti,
1197 1607 1340 1662 unde
1366 1608 1599 1677 ειοι-ῖοεο
1628 1609 1857 1679 principi
1889 1592 1935 1650 Β
1961 1594 2189 1658 subtilis,
2216 1593 2281 1647 ad
2310 1594 2579 1664 implenda
2627 1596 2900 1661 robustus,
2934 1595 3001 1649 ad
3045 1594 3265 1650 celanda
3307 1596 3554 1649 cautissi-

257 1701 495 1771 gratiam
524 1699 733 1755 referre
762 1698 1025 1767 debeatis,
1058 1699 1272 1767 quando
1302 1699 1560 1769 praecelsa
1588 1699 1705 1753 viro
1745 1698 1855 1753 Tu-

259 1793 397 1855 lum,
425 1799 481 1845 et
507 1798 692 1845 nostra
721 1788 985 1845 afﬁnitate
1019 1788 1262 1859 fulgenti,
1294 1791 1460 1846 vestri
1490 1790 1695 1846 ordinis
1722 1807 1857 1846 eon-

260 1881 485 1935 tulimus
511 1879 849 1947 dignitatem.
883 1880 1083 1935 Auctus
1110 1888 1192 1935 est
1227 1881 1369 1935 enim
1400 1882 1547 1950 pacis
1575 1882 1762 1950 genius
1791 1883 1857 1938 de

260 1970 392 2027 ferri
428 1971 685 2026 radiantis
722 1980 948 2039 ornatu;
980 1988 1080 2028 nec
1107 1970 1364 2027 discincta
1388 1972 1536 2041 jacet
1568 1986 1709 2042 toga,
1743 1973 1857 2043 jam

261 2063 655 2135 procinctualis
676 2062 885 2119 effecta.
910 2062 1051 2120 Ante
1074 2063 1229 2119 vobis
1251 2064 1576 2121 contulimus
1599 2065 1855 2135 honores,

258 2157 358 2213 sed
390 2173 531 2213 nunc
575 2157 743 2228 ipsam
773 2156 1044 2212 ereximus
1072 2156 1407 2225 dignitatem.
1434 2156 1538 2212 Per
1559 2171 1748 2213 omnes
1775 2165 1860 2213 est

258 2249 516 2304 nimirum
556 2247 814 2318 splendor
838 2245 1071 2314 refusus,
1100 2263 1262 2318 quem
1292 2263 1530 2319 praesens
1556 2257 1737 2319 potest
1761 2249 1859 2304 ba-

260 2341 394 2396 bere
442 2339 701 2409 patricius
744 2357 757 2392 :
806 2337 1025 2410 quando
1072 2339 1162 2395 illa
1214 2348 1299 2395 est
1343 2349 1535 2395 natura
1581 2340 1857 2410 purissimi

256 2429 500 2495 luminis,
548 2444 669 2501 qua:
718 2429 926 2485 relucet
970 2437 1027 2484 et
1067 2430 1344 2499 proximis.
1374 2428 1482 2484 Sed
1515 2430 1759 2499 quamvis
1785 2430 1859 2484 sit

257 2521 418 2576 vobis
464 2519 776 2575 notissimus
822 2519 1161 2583 candidatus,
1206 2521 1296 2590 qui
1331 2520 1516 2575 domui
1559 2520 1644 2574 avi
1686 2520 1857 2575 nostri

256 2620 373 2668 tam
399 2613 556 2668 claris
582 2627 649 2667 ac
676 2612 943 2667 diuturnis
981 2611 1204 2667 adhaesit
1243 2613 1535 2682 obsequiis,
1567 2621 1749 2667 tamen
1771 2612 1859 2681 ju-

257 2712 352 2758 vat
394 2702 485 2757 illa
530 2711 801 2774 repetere,
843 2718 963 2772 qua:
1010 2711 1223 2759 constat
1270 2703 1337 2757 ad
1381 2700 1705 2759 institutoris
1742 2703 1858 2772 ejus

256 2792 490 2862 gloriam
520 2793 813 2864 pertinere.
844 2792 1103 2857 Primum,
1128 2793 1271 2861 quod
1302 2794 1442 2848 inter
1471 2796 1717 2850 nationes
1743 2795 1857 2850 exi-

256 2884 427 2938 mium
449 2890 551 2949 est,
575 2882 874 2938 Gothorum
901 2883 1234 2939 nobilissima
1265 2886 1433 2954 stirpe
1459 2886 1742 2953 gloriatur,
1766 2887 1858 2956 qui

1962 1700 2098 1740 mus.
2146 1683 2267 1755 Egit
2313 1686 2489 1740 locum
2535 1686 2729 1741 merito
2774 1686 2970 1756 publici
3013 1686 3226 1741 secreti.
3265 1685 3397 1741 Cum
3436 1686 3554 1757 ipso

1959 1777 2163 1848 praalia,
2195 1793 2316 1832 cum
2363 1778 2480 1848 ipso
2521 1778 2855 1846 negotiorum
2894 1777 3174 1846 mquabilia
3201 1776 3552 1846 disponebat;

1959 1876 2013 1922 et
2036 1867 2087 1921 in
2115 1874 2316 1921 tantam
2346 1883 2405 1922 se
2431 1866 2830 1923 similitudinem
2864 1867 2977 1935 ejus
3005 1868 3343 1936 cogitationis
3364 1867 3555 1936 adjun-

1960 1967 2132 2023 xerat,
2166 1970 2226 2013 ut
2254 1958 2430 2013 causis
2480 1957 2788 2026 recognitis,
2820 1956 2964 2025 quod
3004 1957 3093 2011 ille
3134 1957 3274 2012 velle
3320 1965 3555 2026 poterat,

1958 2048 2061 2103 iste
2086 2064 2180 2103 sua
2210 2056 2403 2117 sponte
2445 2048 2754 2117 peragebat.
2784 2046 3130 2103 Defensorem
3161 2049 3401 2102 omnium
3444 2049 3555 2102 suis

1960 2141 2277 2197 tractatibus
2306 2140 2621 2210 adjuvabat;
2661 2147 2716 2194 et
2745 2139 3099 2193 ministrando
3128 2139 3430 2204 consilium,
3466 2154 3552 2193 re-

1957 2232 2117 2302 gebat
2145 2232 2260 2302 ipse
2287 2240 2572 2287 rectorem.
2606 2229 2877 2285 Admonet
2917 2230 3081 2285 etiam
3122 2231 3395 2301 expeditio
3424 2229 3553 2285 Gal-

1958 2324 2152 2387 licana,
2185 2324 2272 2379 ubi
2311 2323 2423 2393 jam
2463 2322 2603 2377 inter
2630 2323 2795 2379 duces
2821 2322 3079 2387 directus,
3121 2331 3178 2378 et
3212 2322 3552 2393 prudentiam

1957 2433 2107 2472 suam
2157 2416 2329 2482 bellis,
2380 2424 2435 2471 et
2488 2416 2725 2487 pericula
2774 2416 3205 2486 promptissimus
3253 2416 3547 2484 ingerebat.

1963 2519 1985 2548 ο
2020 2508 2236 2562 Arelate
2262 2515 2344 2562 est
2371 2507 2558 2562 civitas
2586 2523 2745 2577 supra
2775 2506 2945 2561 undas
2968 2506 3215 2561 Rhodani
3242 2507 3551 2574 constituta,

1957 2614 2077 2668 qua:
2120 2599 2174 2652 in
2220 2595 2455 2653 Orientis
2496 2606 2839 2667 prospectum
2876 2597 3172 2652 tabulatum
3202 2607 3420 2667 pontem
3456 2613 3555 2667 per

1958 2691 2253 2761 nuncupati
2283 2690 2515 2745 ﬂuminis
2541 2691 2702 2745 dorsa
2735 2690 3069 2745 transmittit.
3100 2688 3255 2745 llunc
3296 2699 3352 2745 et
3388 2689 3557 2745 hosti-

1957 2782 2058 2837 bus
2097 2796 2314 2851 capere,
2351 2789 2407 2836 et
2445 2782 2643 2837 nostris
2686 2781 2976 2837 defendere
3021 2782 3385 2836 necessarium
3432 2780 3551 2836 fuit.

1965 2874 2310 2943 Quapropter
2339 2874 2571 2929 excitata
2620 2880 2745 2927 sunt
2780 2871 3080 2928 Gothorum
3119 2870 3557 2941 Francorumque

256 2989 391 3028 mox
419 2981 478 3028 ut
507 2973 646 3028 inter
671 2982 922 3044 parentes
952 2973 1230 3028 infantiam
1264 2975 1502 3042 reliquit,
1535 2976 1715 3030 statim
1754 2992 1849 3029 ru-
1879 2962 1925 3025 C
1959 2966 2283 3022 validissima
2315 2972 2636 3035 tempestate
2675 2964 2992 3019 certamina.
3026 2964 3209 3018 Adfuit
3245 2964 3353 3019 illic
3380 2963 3557 3020 dubiis

261 3066 359 3122 des
389 3081 564 3121 annos
599 3065 666 3119 ad
694 3066 834 3120 sacri
869 3064 1102 3121 cubiculi
1147 3073 1355 3121 secreta
1386 3069 1618 3135 portavit
1648 3084 1661 3119 :
1691 3080 1854 3135 agens

259 3170 373 3210 non
398 3164 459 3209 ut
485 3163 635 3218 aetas,
665 3155 759 3210 sed
788 3162 846 3209 ut
872 3155 1024 3210 locus
1045 3155 1225 3223 potius
1244 3155 1550 3225 expetebat.
1575 3155 1706 3210 Nam
1731 3156 1857 3211 licet

259 3248 447 3304 omnia
483 3262 669 3315 regum
700 3248 958 3319 obsequia
995 3249 1096 3303 sub
1135 3248 1348 3304 cautela
1392 3250 1695 3319 peragenda
1724 3250 1851 3315 sint,

258 3339 375 3395 illic
408 3347 561 3393 tanto
592 3339 799 3394 timoris
827 3340 1057 3410 amplius
1088 3340 1401 3410 acquiritur,
1433 3349 1637 3409 quanto
1662 3342 1856 3409 proxi-

258 3446 383 3486 mus
408 3431 534 3501 plus
559 3430 805 3485 habetur.
832 3440 859 3466 η
884 3430 1122 3485 Arduum
1143 3432 1302 3486 nimis
1321 3439 1402 3486 est
1434 3432 1691 3487 meruisse
1712 3431 1861 3501 prin-

257 3521 401 3591 cipis
431 3529 724 3586 secretum,
756 3520 848 3576 ubi
879 3521 926 3575 si
954 3521 1082 3590 quid
1112 3522 1457 3591 cognoscitur
1484 3521 1659 3591 prodi,
1682 3522 1768 3576 vel
1792 3522 1858 3576 ab

259 3612 370 3667 alio
409 3609 750 3667 formidatur.
794 3610 905 3666 Has
951 3612 1221 3681 procellas
1258 3611 1572 3668 moderator
1618 3614 1699 3667 sui
1744 3613 1860 3667 sine

260 3702 563 3757 offensione
607 3703 903 3757 transmisit
936 3720 949 3755 :
981 3704 1176 3758 cbarus
1217 3704 1595 3771 summatibus,
1638 3704 1861 3773 collegis

259 3809 483 3864 semper
509 3803 790 3865 acceptus;
825 3802 886 3849 ut
916 3795 1028 3863 jam
1090 3803 1219 3850 tunc
1246 3810 1450 3865 magnae
1478 3796 1748 3853 felicitatis
1779 3798 1859 3851 vi-

259 3884 485 3939 deretur
519 3896 639 3939 esse
680 3886 1022 3954 praesagium,
1061 3886 1290 3953 gratiam
1334 3887 1595 3943 meruisse
1636 3898 1860 3944 cuncto-

259 3991 403 4030 rum.
429 3974 598 4044 Cujus
622 3984 684 4031 ut
718 3976 883 4047 cmpit
909 3983 1042 4032 tetas
1068 3977 1398 4042 adolescere,
1431 3980 1712 4048 tenerique
1732 3980 1860 4035 anni

259 4068 318 4122 in
346 4067 628 4122 robustam
665 4068 842 4137 gentis
878 4067 1158 4124 audaciam
1198 4068 1502 4136 condurari,
1536 4069 1603 4124 ad
1637 4071 1861 4140 expedi-

260 4157 473 4213 tionem
520 4155 761 4213 directus
797 4166 880 4214 est
925 4156 954 4198 ι’
989 4158 1373 4228 Sirmiensem;
1409 4168 1469 4216 ut
1500 4161 1647 4230 quod
1674 4162 1742 4216 ab
1770 4161 1863 4217 illo

1961 3053 2123 3108 rebus
2167 3054 2388 3109 audacia
2436 3054 2705 3109 candidati
2738 3072 2751 3107 :
2788 3054 2874 3107 ubi
2918 3062 3066 3108 tanta
3095 3068 3217 3107 cum
3257 3053 3429 3121 globis
3457 3054 3558 3110 ho-

1962 3147 2123 3201 stium
2171 3149 2573 3204 concertatione
2610 3149 2886 3218 pugnavit,
2920 3156 2980 3203 ut
3024 3157 3080 3204 et
3115 3148 3361 3206 inimicos
3386 3165 3417 3204 a
3444 3134 3591 3206 suis-

1963 3236 2243 3293 desideriis
2277 3248 2573 3304 amoveret,
2604 3247 2659 3294 et
2687 3239 2909 3294 vulnera
2944 3238 3209 3294 factorum
3237 3255 3455 3295 suorum
3485 3241 3560 3295 si-

1961 3345 2063 3400 gna
2093 3332 2393 3402 susciperet
2421 3351 2432 3385 :
2460 3333 2702 3396 vulnera,
2738 3332 2973 3402 inquam,
3008 3333 3191 3402 opinio
3228 3316 3560 3404 inseparabi-

1961 3423 2047 3489 lis,
2076 3420 2099 3460 ἀ
2122 3424 2239 3479 sine
2280 3434 2548 3479 assertore
2596 3425 2949 3495 praeconium,
2982 3423 3198 3494 propria
3239 3424 3418 3493 lingua
3446 3425 3559 3480 vir-

1963 3521 2126 3583 tutis;
2176 3536 2295 3590 qua:
2345 3521 2471 3575 licet
2518 3521 2585 3575 ad
2634 3536 2871 3591 praesens
2925 3519 3221 3590 periculum
3279 3519 3557 3589 ingerant,

1962 3610 2231 3680 reliquum
2274 3620 2454 3666 tamen
2496 3613 2616 3666 vitae
2657 3621 2865 3681 tempus
2912 3618 3197 3664 exornant.
3250 3607 3383 3678 Eget
3412 3610 3557 3664 enim

1963 3704 2405 3773 astipulatoribus
2426 3720 2623 3774 corpus
2651 3704 2873 3759 illmsum
2900 3722 2912 3755 :
2937 3702 3128 3772 qumrit
3148 3700 3283 3755 alios
3328 3701 3421 3770 qui
3447 3701 3559 3756 visa

1964 3786 2240 3864 divulgent
2264 3815 2279 3851 :
2303 3797 2370 3852 de
2398 3795 2713 3852 fortitudine
2736 3795 2958 3866 probata
2983 3810 3091 3849 non
3113 3794 3416 3863 ambigitur,
3440 3808 3562 3862 quae

1966 3886 2061 3941 tali
2090 3888 2397 3942 testimonio
2426 3887 2829 3957 comprobatur.
2862 3882 3157 3941 Conﬁictus
3188 3885 3422 3939 virorum
3451 3884 3562 3940 for-

1967 3978 2103 4033 tium
2130 3986 2313 4033 mutua
2355 3977 2460 4033 tela
2501 3978 2719 4048 repulit,
2756 3992 2857 4032 nec
2902 3990 3118 4046 semper
3146 3982 3290 4030 tutus
3317 3972 3439 4044 fuit,
3470 3974 3565 4043 qui

1968 4090 2089 4130 cum
2119 4090 2409 4130 numeroso
2438 4075 2594 4129 hoste
2632 4071 2927 4128 contendit.
2975 4069 3142 4126 Unius
3171 4069 3393 4125 forsitan
3424 4069 3563 4124 ictus

1970 4165 2198 4221 solerter
2235 4165 2472 4220 eluditur
2517 4163 2667 4238 [Ed.,
2710 4160 2975 4234 eliditur];
3007 4161 3099 4230 qui
3128 4160 3309 4215 multis
3337 4160 3560 4225 restitit,

228 4370 239 4403 ι
298 4427 310 4430 Α
338 4365 366 4393 ι
388 4353 933 4430 Silentium‘omnino
970 4355 1292 4430 servandum
1324 4357 1379 4430 in
1427 4357 1672 4423 consilio,
1716 4359 1862 4429 quod
1895 4365 1943 4425 D
1968 4362 2105 4417 rium
2131 4380 2144 4415 :
2176 4362 2372 4430 quibus
2401 4361 2873 4416 commoditatibus
2901 4359 3154 4430 invitatus
3172 4358 3564 4430 Constantinus

256 4427 373 4483 vim
403 4426 608 4481 habere
650 4424 732 4480 vis
768 4433 862 4480 aut
906 4441 1079 4481 usum.
1129 4427 1436 4482 Alexander
1475 4444 1596 4483 cum
1626 4424 1854 4486 arcanas

256 4495 533 4568 quasdam
554 4495 760 4568 litteras
780 4494 1147 4568 Hephaestioni
1174 4498 1408 4565 legisset,
1441 4498 1741 4568 detractum
1759 4515 1858 4554 an-

263 4565 455 4622 nulum
486 4566 567 4639 o_ri
608 4565 725 4639 ejus
751 4566 1020 4639 admovit;
1048 4569 1276 4639 quisque
1305 4568 1408 4623 sibi
1445 4568 1497 4622 id
1526 4566 1723 4639 factum
1751 4585 1854 4639 pu-

260 4645 366 4703 tet,
396 4643 456 4691 et
481 4636 641 4690 simul
666 4637 721 4691 in
749 4637 1034 4691 consilium
1064 4636 1237 4693 lectus
1256 4646 1359 4703 est,
1392 4653 1454 4692 os
1482 4638 1583 4693 sibi
1613 4636 1854 4693 clausum

260 4723 293 4761 a
324 4705 576 4776 principe
619 4708 1017 4776 signatumque.
1067 4707 1117 4762 Is
1166 4707 1446 4762 Persarum
1492 4724 1610 4765 mos
1647 4709 1765 4772 fuit,
1796 4716 1857 4763 ut

258 4793 428 4833 nemo
457 4776 808 4848 consiliorum
851 4778 1098 4848 conscius
1138 4786 1300 4842 esset,
1335 4786 1530 4847 pncter
1566 4779 1855 4848 optimates

260 4848 569 4920 taciturnos
598 4854 654 4900 et
690 4844 845 4913 ﬁdos,
875 4847 1012 4901 sicut
1042 4857 1094 4920 et
1124 4848 1268 4920 apud
1287 4844 1579 4903 Romanos.
1605 4844 1861 4904 Notabile

260 4917 399 4970 illud
423 4913 759 4986 de‘Eumene
789 4929 933 4984 rege,
967 4919 1057 4986 qui
1088 4913 1208 4972 cuiu
1252 4918 1478 4973 Romam
1504 4920 1760 4982 venisset,
1806 4928 1863 4973 et

260 5001 453 5056 regem
493 4982 692 5040 Persen
717 4988 769 5040 in
798 4982 1000 5041 senatu
1023 4997 1351 5055 accusasset,
1384 5005 1448 5044 ac
1474 4991 1540 5044 de
1568 4997 1682 5042 toto
1716 4989 1862 5043 bello

256 5074 391 5111 cum
423 5056 663 5129 patribus
700 5057 1073 5129 deliberasset,
1119 5060 1173 5113 in
1203 5060 1488 5129 prtesentia
1537 5059 1688 5123 nihil,
1720 5074 1861 5129 prae-

260 5137 520 5199 terquem
542 5124 703 5199 fuisse
731 5127 785 5180 in
806 5128 953 5199 curia
978 5144 1159 5199 regem
1179 5124 1320 5184 scire
1339 5129 1619 5199 quisquam
1649 5124 1824 5197 potuit
1846 5147 1860 5182 :

260 5193 415 5252 bello
442 5193 672 5265 denique
699 5195 960 5267 perfecto,
992 5193 1219 5267 quaeque
1243 5193 1386 5255 dicta
1415 5214 1445 5253 a
1467 5193 1610 5266 rege,
1636 5193 1864 5268 qumque

262 5280 534 5391 ὥςφηῖ
562 5275 742 5322 essent
767 5282 1107 5325 emanavere.
1141 5268 1273 5325 Mira
1297 5278 1354 5326 et
1377 5269 1629 5325 diuturna
1659 5268 1859 5324 silentii

344 5352 427 5391 es.
507 5352 651 5391 aoss.

344 5352 427 5391 85.
460 5352 651 5392 58058.

342 5408 369 5444 δ
393 5406 703 5462 Sirmiensis
731 5406 1008 5465 Pannonia
1038 5409 1308 5468 quondam
1347 5410 1502 5468 sedes
1534 5409 1857 5467 Gothorum.

258 5479 470 5547 Supra.
504 5475 599 5547 lib.
632 5493 717 5547 In,
741 5479 900 5547 epist.
931 5479 1021 5534 ‘25.
1055 5475 1174 5535 Jun.

345 5545 367 5589 ἑ
403 5545 673 5623 Arelatem
692 5545 956 5623 Gallulam
984 5549 1209 5606 Romam
1230 5560 1391 5608 vocat
1409 5552 1696 5622 Ausonius,
1720 5552 1863 5623 quod

256 5632 418 5680 esset
464 5623 522 5673 et
574 5616 983 5676 celeberrimum
1031 5629 1086 5675 et
1133 5625 1640 5693 opportunissimum
1676 5616 1865 5696 empo-

1968 4429 2249 4502 tyrannus,
2281 4434 2370 4500 qui
2399 4440 2643 4502 tempore
2667 4431 2893 4502 llonorii
2922 4429 3161 4502 Iunioris
3186 4429 3480 4500 imperator
3508 4432 3560 4485 in

1959 4498 2249 4557 Britanniis
2277 4498 2580 4557 declaratus
2604 4500 2720 4563 fuit,
2750 4501 2966 4555 Arelate
2994 4498 3111 4553 ﬁxit
3137 4498 3321 4554 sedem
3350 4502 3560 4571 imperii

1959 4573 2061 4637 sui,
2108 4573 2403 4637 statuitque
2431 4571 2844 4627 Constantinam
2882 4572 3072 4624 urbem
3102 4572 3311 4626 vadari.
3368 4570 3561 4625 Exstat

1960 4589 2061 4637 sui,
2108 4588 2291 4628 Statuit
2337 4588 2403 4627 ue
2431 4588 2844 4627 uousranunam
2882 4588 3072 4624 urbem
3102 4588 3311 4626 vacari.
3368 4588 3557 4625 exstat

1960 4651 2138 4697 autem
2171 4588 2415 4710 ejusgem
2455 4642 2800 4712 imperatoris
2844 4641 2910 4695 de
2932 4640 3162 4712 Arelate
3210 4643 3557 4705 constitutio,

1959 4728 2122 4782 quam
2152 4721 2301 4784 tinuit
2327 4710 2546 4784 Joseph.
2579 4710 2840 4784 Scaliger,
2891 4711 2973 4765 vir
3020 4712 3186 4784 totius
3229 4712 3562 4784 antiquitatis

1997 4783 2337 4849 eritissimus,
2367 4784 2419 4837 in
2461 4781 2573 4839 suis
2602 4782 3033 4836 Ausonianarum
3062 4781 3351 4837 lectionum
3383 4781 3554 4836 libris.

2009 4870 2153 4908 IOSS.

2038 4922 2064 4960 ά
2090 4924 2259 4979 Vocat
2295 4934 2485 4980 auctor
2507 4924 2740 5002 vulnera
2772 4921 3018 5002 corporis
3066 4920 3394 5002 prteconinm
3420 4920 3561 5002 “sine

1966 5005 2256 5056 assertore,
2289 4994 2743 5065 quemadmodum
2766 4990 2896 5049 solis
2926 4990 3117 5045 litteris
3147 5005 3335 5065 vocem
3364 4990 3560 5065 tribui-

1965 5080 2107 5130 mus,
2132 5073 2186 5118 et
2212 5059 2443 5119 dicimus
2486 5065 2660 5118 sidera
2692 5064 2945 5126 clamare,
2978 5069 3033 5113 et
3073 5074 3201 5130 aves
3230 5059 3375 5130 loqui
3404 5059 3511 5114 fata
3546 5079 3558 5113 :

1969 5129 2163 5203 quibus
2187 5134 2420 5201 adjicere
2450 5134 2583 5188 libet
2620 5134 2920 5203 elegantem
2950 5129 3559 5203 AmnﬁaniMarcelliur

1968 5198 2148 5260 locum
2178 5198 2478 5259 de'Juliano
2508 5198 2834 5273 imperatore
2859 5199 3128 5273 loquentis
3152 5216 3165 5252 :
3190 5198 3252 5273 Si
3294 5209 3561 5258 nocturna

1970 5275 2193 5341 lumina,
2227 5275 2420 5344 inquit,
2442 5270 2719 5341 internum
2747 5270 3079 5344 lucubrabat,
3104 5270 3407 5344 potuissent
3428 5286 3564 5326 voce

1971 5347 2078 5400 ulla
2110 5339 2315 5407 testari,
2348 5344 2592 5415 profecto
2619 5339 2967 5415 ostenderent
2995 5339 3137 5393 inter
3157 5339 3299 5395 hunc
3324 5348 3378 5393 et
3401 5356 3565 5415 quos-

1972 5415 2095 5470 dam
2122 5410 2394 5485 principes
2421 5414 2647 5485 multum
2679 5413 2959 5485 interesse,
2992 5417 3380 5485 que_m_no_rant
3406 5410 3561 5464 volu—

1972 5478 2209 5612 ptatiﬁns
2230 5478 2316 5541 ne"
2330 5485 2398 5541 ad
2427 5483 2806 5541 necessitatem
2829 5478 3048 5551 quidem
3089 5478 3380 5537 induhiisse
3401 5490 3563 5537 uatu-

1974 5572 2068 5612 rze.
2146 5570 2291 5612 aoss.

1974 5572 2068 5613 1'10.
2103 5570 2291 5614 UBOSS.
