3988 6178
427 260 531 318 743
1632 253 1681 307 Μ
1695 293 1708 306 .
1749 249 2023 306 AUREIJI

2060 245 2453 307 CASSIODORI
3538 263 3543 267 -
3597 236 3699 292 744

424 391 456 430 a
481 381 634 445 parte
663 387 768 445 qua
799 387 906 429 non
933 368 1162 428 credidit
1188 367 1377 424 vulnus
1403 363 1632 434 excipit;
1663 378 1782 434 qua:
1810 362 1864 416 in
1893 351 2093 422 tan-'A
2119 359 2297 414 tendis
2344 371 2559 428 quoque
2605 355 2898 412 honoribus
2944 352 3088 424 apud
3137 351 3386 445 gloriosa:
3428 343 3703 413 memoria:

427 471 544 519 tum
569 463 619 519 ei
648 472 774 518 sunt
798 462 1052 533 gloriosa,
1081 465 1339 530 quantum
1361 465 1488 511 tunc
1513 454 1749 510 habuere
1769 452 2012 524 periculi.

429 553 594 611 Juvat
623 555 784 624 igitur
810 550 1085 607 fortissimi
1113 549 1213 604 viri
1242 562 1463 603 narrare
1489 546 1729 617 quietum
1753 542 2020 599 felicitatis

430 647 758 716 exemplum,
790 645 914 714 quia
943 659 1048 698 non
1078 642 1239 698 estin
1267 641 1406 696 duce
1447 635 1685 710 perfecta
1715 636 1831 692 laus
1869 650 2019 692 asse-

434 752 556 791 rere
583 749 799 805 semper
820 734 1008 788 anxios
1033 733 1265 787 labores.
1291 729 1519 784 Mittitur
1539 729 1717 797 igitur,
1738 726 1945 781 Franco
1966 733 2023 780 et

437 827 743 897 Burgundio
801 828 956 898 129
997 824 1428 887 decertantibus,
1475 836 1661 876 rursus
1715 819 1783 875 ad
1824 816 2024 875 Gallias

435 918 699 974 tuendas:
730 933 797 973 ne
825 917 952 986 quid
990 914 1212 970 adversa
1254 928 1446 969 manus
1477 911 1601 985 [Με.
1642 913 1731 975 Α,,
1766 909 2021 966 adversa-

436 1007 568 1080 rius]
620 1015 986 1078 prazsumeret,
1034 1007 1180 1076 quod
1226 1014 1410 1063 noster
1455 1004 1726 1060 exercitus
1770 1000 2024 1071 impensis

436 1100 713 1154 laboribus
741 1099 1084 1153 vindicasset.
1117 1096 1413 1166 Acquisivit
1440 1093 1748 1164 reipublica:
1768 1092 2025 1147 Romana:

438 1195 555 1251 aliis
584 1194 1032 1250 contendentibus
1069 1192 1272 1262 absque
1305 1191 1412 1246 ulla
1453 1187 1765 1258 fatigatione
1806 1185 2026 1258 provin-

436 1287 596 1353 ciam,
638 1296 694 1342 et
730 1285 928 1342 factum
975 1295 1058 1342 est
1094 1285 1333 1355 quietum
1371 1281 1713 1338 commodum
1760 1287 2025 1346 nostrum,

440 1378 529 1432 ubi
580 1393 687 1432 non
745 1377 1030 1432 habuimus
1075 1376 1268 1431 bellica
1318 1373 1662 1430 contentione
1707 1370 2025 1442 periculum.

441 1465 766 1538 Triumphus
793 1468 910 1522 sine
932 1480 1132 1537 pugna,
1161 1466 1278 1520 sine
1305 1464 1491 1519 labore
1519 1463 1717 1534 palma,
1738 1460 1856 1516 sine
1882 1459 2030 1515 caede

440 1559 684 1613 victoria.
712 1557 940 1612 Tantum
972 1571 1100 1625 ergo
1129 1557 1244 1625 ejus
1269 1554 1452 1625 gloria:
1470 1553 1746 1618 debemus,
1770 1558 2030 1621 quantum

443 1648 689 1703 utilitatis
717 1647 1052 1716 accepimus;
1081 1660 1240 1716 quem
1271 1651 1326 1698 et
1356 1644 1448 1699 ille
1477 1643 1680 1698 arbiter
1710 1656 1890 1697 rerum
1919 1640 2029 1694 lar-

449 1739 652 1810 gitione
695 1737 1000 1793 reddituum
1039 1736 1300 1806 judicavit
1335 1749 1456 1790 esse
1494 1733 1944 1803 prosequendum,
1972 1737 2032 1784 ut

447 1831 518 1885 ibi
551 1830 702 1884 fieret
729 1829 980 1884 dominus
1008 1827 1430 1898 possessionum,
1457 1825 1549 1879 ubi
1571 1823 1784 1878 utilitati
1807 1822 2032 1893 publica:

443 1921 750 1993 procuravit
791 1927 1157 1987 augmentum.
1209 1916 1546 1987 Aquilienses
1577 1928 1792 1984 quoque
1835 1920 2036 1982 tempe-

442 2021 612 2067 states
639 2012 780 2066 inter
809 2010 925 2080 ejus
951 2022 1209 2079 prospera
1233 2007 1354 2076 jure
1380 2011 1764 2068 memorantur,
1785 2002 1911 2072 quia
1925 1999 2037 2058 dis-

444 2102 668 2157 crimina
715 2100 842 2156 dum
871 2098 1098 2155 feliciter
1135 2098 1362 2166 cedunt,
1393 2095 1720 2151 suavissimae
1759 2091 2036 2148 memoriae

444 2208 660 2248 sensum
688 2191 1018 2260 relinquunt.
1045 2188 1179 2246 Cum
1205 2188 1380 2243 ventis
1407 2185 1750 2242 saevientibus
1769 2182 2036 2237 furentem

446 2283 695 2354 pelagum
739 2296 929 2354 spuma
978 2287 1269 2336 testaretur
1311 2278 1602 2342 undarum,
1645 2277 1738 2332 diu
1775 2275 2038 2346 jactatum

446 2374 718 2444 navigium
767 2381 976 2427 tumens
1030 2369 1221 2426 ﬂuctus
1272 2369 1571 2434 absorbuit,
1622 2367 1826 2422 nullum
1880 2365 2040 2421 relin-

446 2481 618 2534 quens
646 2465 769 2520 forti
810 2465 927 2520 viro
968 2464 1239 2528 solatium,
1271 2463 1373 2517 nisi
1411 2468 1620 2515 tantum
1648 2459 1869 2529 remigia
1913 2458 2040 2513 bra-

446 2555 709 2610 chiorum.
752 2554 905 2610 Tunc
955 2554 1057 2608 iste
1099 2554 1275 2608 nautis
1321 2551 1670 2622 pereuntibus
1707 2566 1828 2606 cum
1869 2549 2038 2604 charo

448 2645 672 2715 pignore
698 2643 846 2698 solus
873 2643 1062 2698 evasit.
1095 2641 1172 2696 lbi
1201 2657 1354 2696 amor
1382 2641 1609 2711 piissimi
1639 2641 1803 2708 regis,
1834 2639 1905 2694 ibi
1931 2653 2040 2694 me-

449 2737 612 2791 ritum
653 2737 937 2806 probatum
988 2743 1072 2790 est
1112 2733 1489 2804 periclitantis,
1529 2731 1749 2801 quando
1785 2739 2040 2800 regnator

448 2829 538 2884 ille
574 2829 668 2883 vix
707 2827 874 2882 littori
904 2827 1246 2891 constitutus,
1279 2835 1340 2880 ut
1366 2839 1490 2880 eum
1527 2823 1693 2878 exitio
1723 2821 2040 2893 praevaleret

448 2918 676 2987 eripere,
702 2917 871 2974 undas
899 2917 1094 2972 iterum
1125 2915 1466 2971 desiderabat
1491 2913 1712 2968 intrare.
1744 2911 1896 2967 Tunc
1921 2911 2040 2981 ejus

450 3008 686 3079 pericula
717 3006 1047 3075 formidavit,
1080 3006 1178 3077 qui
1203 3005 1363 3060 saluti
1392 3005 1624 3076 propria:
1651 3003 1842 3058 timere
1870 3001 2040 3057 nesci-

451 3101 550 3155 vit.
591 3099 782 3155 Nonne
821 3099 995 3165 vobis,
1035 3107 1218 3168 patres
1253 3095 1568 3166 conscripti,
1595 3095 1801 3164 asperis
1827 3093 2039 3150 casibus

450 3192 710 3248 divinitus
753 3190 966 3245 videtur
1007 3197 1309 3260 exemptus,
1347 3188 1431 3243 cui
1474 3200 1710 3256 praesens
1749 3187 2040 3256 parabatur

452 3282 718 3338 eventus?
743 3279 899 3336 Hunc
933 3280 1115 3351 itaque
1139 3280 1311 3335 virum
1342 3279 1498 3334 bellis
1523 3279 1896 3344 exercitatum,
1922 3275 2040 3332 feli-

451 3372 616 3428 citate
659 3372 886 3435 clarum,
934 3370 1220 3442 prudentia
1268 3371 1696 3441 comprobatum,
1742 3369 1887 3441 quod
1927 3367 2041 3425 Deo

453 3465 674 3536 auspice
718 3463 920 3520 dictum
961 3464 1050 3530 sit,
1092 3463 1162 3519 ad
1204 3465 1516 3535 patriciatus
1542 3462 1871 3534 praesentalis
1899 3463 2038 3535 [Ac.,

453 3554 795 3629 praesentale]
825 3556 1039 3611 culmen
1078 3556 1372 3611 eveximus.
1400 3555 1601 3611 Favete
1629 3569 1769 3609 nunc
1795 3551 2045 3623 auspiciis

455 3646 747 3713 candidati,
797 3651 854 3701 et
890 3646 1019 3701 viris
1056 3645 1254 3701 nostris
1294 3645 1555 3700 libertatis
1600 3644 1738 3699 atria
1782 3650 2040 3699 reserate.

452 3735 721 3795 Convenit
761 3747 976 3808 gentem
1027 3737 1345 3793 Romuleam
1393 3735 1615 3792 Martios
1662 3735 1806 3791 viros
1841 3733 2044 3790 habere

462 3830 716 3899 collegas.

1018 3976 1350 4034 EPISTOLA
1386 3977 1477 4032 XI.

459 4106 685 4148 SENATUI
713 4106 859 4146 URBIS
901 4105 1061 4145 ROIB
1089 4105 1269 4145 TULUI
1309 4105 1399 4143 νιιι
1435 4103 1708 4145 ILLUSTRIS
1748 4102 2042 4168 Ρᾼτιιιςιυε.

461 4201 718 4258 Hortatur
751 4210 1018 4285 senatores
1035 4210 1106 4285 Aut
1147 4204 1254 4285 regi
1299 4204 1496 4273 gratias
1530 4204 1780 4285 rejeraat,
1813 4202 1950 4285 quod
1983 4202 2047 4256 ab

618 4289 678 4328 eo
699 4273 767 4326 ad
803 4273 1110 4344 patriciatus
1139 4272 1383 4326 honorem
1405 4272 1671 4343 promotus
1701 4272 1878 4346 fuerit.

534 4381 782 4450 Conﬁdo,
820 4389 1003 4454 patres
1044 4381 1352 4453 conscripti,
1383 4382 1529 4452 quod
1567 4385 1802 4452 agendas
1844 4384 2048 4455 optimo

463 4476 578 4546 regi
608 4477 806 4545 gratias
834 4476 1076 4532 omnium
1110 4484 1353 4531 vestrum
1388 4475 1563 4531 studia
1591 4475 1826 4532 debeant
1867 4476 2051 4532 conci-

467 4567 591 4634 tari,
626 4567 841 4635 quando
870 4575 1182 4637 provectum
1227 4581 1407 4622 meum
1435 4567 1800 4636 excogitatum
1829 4567 2049 4624 noscitis

468 4670 568 4726 pro
596 4655 827 4711 utilitate
862 4665 1198 4712 cunctorum.
1240 4657 1416 4728 Atque
1460 4657 1582 4712 ideo
1612 4658 1861 4713 alacriter
1904 4658 2051 4714 exci-

467 4743 723 4817 piendum
749 4753 830 4799 est
857 4746 1001 4815 quod
1041 4747 1340 4802 necessarie
1372 4746 1560 4802 fuisset
1583 4747 1902 4818 optandum.
1924 4746 2052 4803 0m-

460 4836 630 4896 nibus
663 4836 862 4905 quippe
901 4835 1029 4890 utile
1058 4845 1140 4890 est
1163 4835 1363 4903 judicia
1392 4838 1692 4908 principum
1730 4840 1913 4908 sequi;
1957 4842 2054 4898 sed

473 4930 590 5000 ipse
618 4925 748 4983 facit
775 4927 1012 4997 propria,
1040 4927 1134 4996 qui
1164 4936 1443 4996 gratanter
1469 4931 1692 4999 suscipit
1719 4931 1914 4988 aliena.
1947 4932 2055 4990 Re-

475 5019 656 5074 tinetis
681 5032 767 5070 me
793 5023 1012 5071 senatus
1037 5031 1251 5086 semper
1287 5015 1486 5072 fovisse
1514 5026 1746 5085 coetum;
1787 5021 1883 5076 sed
1911 5037 2055 5079 nunc

473 5107 726 5173 maxime,
755 5122 877 5162 cum
906 5115 1143 5162 vestrum
1170 5107 1360 5163 videor
1388 5109 1590 5164 intrare
1619 5111 1925 5180 collegium.
1956 5114 2058 5170 As-

474 5197 707 5266 sumptio
747 5196 1023 5264 dignitatis
1069 5195 1272 5252 ordinis
1313 5199 1476 5254 vestri
1518 5199 1658 5273 [Ac.,
1697 5200 1858 5274 bene]
1902 5203 2059 5260 nobis

476 5289 700 5357 gratiam
721 5289 1034 5360 duplicavit,
1066 5291 1282 5360 quando
1310 5307 1397 5348 me
1427 5294 1567 5349 inter
1589 5309 1685 5350 eos
1714 5311 1834 5352 esse
1859 5299 2055 5363 sentio,

477 5394 508 5432 a
530 5380 722 5449 quibus
749 5396 834 5437 me
881 5384 1046 5436 amari
1074 5399 1232 5452 posse
1277 5381 1510 5441 conﬁdo.
1542 5386 1772 5443 Accedit
1797 5390 1963 5445 etiam
1991 5391 2058 5446 il-

478 5467 567 5521 lud
597 5471 761 5525 animi
790 5474 952 5527 vestri
989 5475 1349 5544 gratissimum
1377 5477 1586 5546 pignus,
1630 5480 1774 5548 quod
1808 5483 2063 5550 patricio-

479 5576 598 5616 rum
641 5563 831 5630 genius
860 5579 958 5633 per
983 5581 1083 5622 nos
1112 5575 1324 5623 constat
1363 5578 1578 5626 erectus
1604 5570 1741 5644 με..
1779 5585 2062 5640 genus.....

481 5651 763 5724 erectum],
793 5654 1012 5723 quando
1057 5672 1217 5714 nemo
1253 5660 1530 5728 gentilium
1573 5662 1628 5718 in
1665 5665 1820 5719 vobis
1858 5665 2070 5738 putavit

482 5741 773 5817 abjcctum,
810 5745 1039 5816 quodin
1075 5763 1164 5806 me
1189 5751 1410 5823 respicit
1433 5751 1776 5809 honoratum.
1807 5754 1865 5808 In
1895 5770 2064 5812 exne-

2122 448 2519 505 Theodoricum
2545 446 2841 517 principem
2868 458 3054 514 regum
3079 457 3201 498 mea
3230 440 3382 497 vobis
3409 454 3554 510 saepe
3581 446 3706 492 vota

2119 538 2407 608 conjunxi;
2432 545 2492 592 ut
2511 535 2741 607 quadam
2770 535 3106 606 prtescientia
3136 533 3263 588 talia
3291 531 3480 586 videar
3503 531 3708 600 praemi-

2121 630 2278 695 sisse,
2308 629 2374 683 ad
2403 643 2541 697 quos
2569 642 2656 681 me
2687 642 2809 682 cum
2829 625 2998 694 gloria
3035 625 3263 679 decebat
3283 623 3508 677 intrare.
3533 620 3710 675 Conli-

2121 722 2335 778 dentius
2355 720 2485 775 illud
2514 718 2803 790 expetitur,
2836 717 2925 771 ubi
2959 724 3081 786 post
3103 715 3302 771 collata
3344 713 3604 768 beneficia
3636 713 3711 763 Ir-

2074 863 2078 866 .
2123 815 2374 870 stinatur.
2404 811 2557 882 Saepe
2585 809 2851 874 consules,
2881 822 3023 876 saepe
3052 805 3325 877 patricios,
3351 819 3492 872 saepe
3516 800 3707 873 praefe-

2124 917 2246 964 ctos
2288 906 2472 960 habita
2521 903 2908 958 intercessione
2933 899 3178 970 promovi
3205 916 3218 951 :
3243 898 3397 953 vobis
3423 898 3711 966 impetrare

2127 997 2460 1053 contendens
2485 994 2630 1064 quod
2659 993 2791 1048 mihi
2815 991 2982 1047 ardue
3008 989 3304 1061 potuissem
3329 996 3539 1058 optare.
3563 987 3711 1042 Con-

2127 1089 2356 1159 gaudete
2386 1103 2550 1153 nunc,
2581 1094 2767 1157 patres
2791 1083 3105 1153 conscripti,
3153 1081 3290 1136 meis
3317 1079 3586 1149 auspiciis,
3621 1078 3714 1147 qui

2127 1181 2318 1238 vestris
2342 1179 2449 1235 favi
2493 1192 2711 1247 semper
2737 1174 3053 1231 honoribus.
3085 1172 3259 1228 Vultis
3303 1171 3441 1226 scire
3481 1184 3586 1237 qua
3619 1183 3715 1222 vos

2129 1269 2412 1326 aﬁ‘ectione
2444 1266 2808 1338 complectar?
2835 1264 3074 1319 lnsertus
3100 1262 3270 1331 stirpe
3296 1261 3444 1328 regia
3472 1259 3713 1314 vocabu-

2130 1363 2243 1420 lum
2287 1361 2562 1417 vobiscum
2590 1358 2738 1415 volui
2779 1357 2984 1412 habere
3024 1367 3334 1412 commune.
3369 1351 3568 1416 Vivite,
3601 1351 3715 1404 Deo

2129 1453 2388 1526 propitio,
2408 1450 2616 1516 securi;
2648 1458 2724 1517 et,
2754 1447 2901 1518 quod
2931 1454 3014 1502 est
3042 1444 3406 1501 felicissimum
3434 1442 3719 1497 suavitatis

2133 1547 2251 1622 [Gn
2281 1555 2331 1602 et
2351 1545 2493 1618 Cuj.,
2523 1541 2815 1614 felicitatis]
2842 1554 3033 1610 genus,
3076 1537 3346 1594 exsultate
3371 1551 3493 1590 cum
3533 1534 3720 1589 liberis

2131 1639 2348 1696 vestris.
2395 1636 2638 1702 Studete,
2685 1634 2824 1689 sicut
2860 1645 3092 1702 semper,
3137 1627 3419 1700 praedicari
3474 1625 3722 1681 moribus

2061 1737 2107 1802 Β
2135 1729 2414 1796 Romanis,
2433 1737 2490 1784 et
2507 1727 2773 1782 bonorum
2795 1732 3010 1779 actuum
3032 1721 3260 1776 formam
3281 1717 3380 1774 sub
3407 1718 3513 1772 alta
3534 1717 3726 1787 quiete

2132 1822 2450 1894 perquirite.
2477 1820 2705 1875 Interest
2733 1827 2929 1874 nostrae
2955 1815 3136 1884 gloriae
3171 1821 3231 1868 ut
3265 1826 3493 1882 quorum
3523 1824 3724 1866 nume-

2133 1928 2253 1969 rum
2281 1913 2546 1977 auximus,
2569 1925 2687 1977 eos,
2717 1908 2950 1980 pr0pitia
2971 1905 3281 1970 Divinitate,
3306 1911 3571 1958 tueamur.

2692 2039 3026 2097 EPISTOLA
3061 2037 3176 2093 XII.

2205 2151 2438 2192 annon!
2484 2134 2612 2210 [Με.
2645 2137 2735 2199 Α.,
2768 2134 3023 2205 cauom]
3051 2148 3176 2188 VIBO
3204 2146 3450 2187 ιιιυετιιι
3477 2145 3652 2185 nna—

2740 2239 2960 2278 LARICUS
2989 2239 3117 2278 REX.

2138 2315 2433 2372 Plurimum
2475 2332 2590 2370 eum
2626 2325 2925 2386 patremque
2963 2312 3147 2368 laudat
3191 2313 3254 2369 ob
3282 2315 3644 2386 eloquentiam,
3679 2322 3736 2367 et

2268 2387 2416 2442 illum
2445 2387 2696 2441 comitium
2717 2385 3113 2440 domesticorum
3137 2388 3332 2440 honore
3359 2385 3586 2439 decorat.

2213 2477 2606 2534 Perlectionem
2629 2477 3053 2532 necessariarum
3066 2490 3245 2531 rerum
3262 2476 3585 2546 completam
3601 2490 3736 2532 esse

2134 2569 2459 2640 judicamus,
2489 2568 2537 2622 si
2563 2567 3012 2636 quemadmodum
3041 2567 3288 2637 eligendo
3312 2567 3485 2622 virum
3514 2567 3736 2635 magni-

2141 2659 2301 2714 ficum
2349 2658 2636 2729 patricium
2683 2667 2902 2713 armatae
2948 2659 3257 2728 reipublicae
3302 2659 3441 2728 parti
3487 2657 3738 2728 providi-

2141 2763 2282 2812 mus,
2322 2747 2397 2802 ita
2444 2753 2500 2802 et
2545 2746 2614 2802 de
2659 2747 2916 2804 sociando
2953 2748 3006 2804 ei
3055 2749 3352 2804 litterarum
3398 2750 3736 2820 peritissimo

2141 2837 2503 2896 consulamus.
2532 2838 2699 2895 Decet
2727 2839 2870 2895 enim
2907 2848 3230 2897 tractatores
3255 2841 3455 2897 habere
3482 2842 3739 2898 doctissi-

2141 2944 2278 2994 mos,
2309 2929 2502 3000 quibus
2523 2936 2767 3000 potestas
2802 2946 3012 2986 summa
3039 2933 3430 2999 committitur;
3471 2942 3550 2999 ut,
3578 2933 3736 2989 nullo

2143 3017 2362 3074 defectu
2407 3019 2738 3089 impediente
2784 3020 3121 3086 meritorum,
3169 3021 3382 3091 provisa
3418 3022 3754 3091 reipublicae

2063 3121 2112 3184 (ζ
2144 3112 2346 3167 utilitas
2374 3112 2690 3182 explicetur.
2724 3113 2830 3167 Alii
2849 3121 2976 3168 sunt
2996 3114 3231 3170 honores
3257 3114 3353 3184 qui
3374 3129 3433 3170 se
3453 3114 3736 3171 ordinaria

2142 3205 2453 3278 provisione
2479 3214 2814 3278 componunt
2842 3226 2855 3264 :
2885 3207 2960 3262 de
2970 3207 3210 3276 generali
3231 3216 3410 3264 autem
3439 3209 3745 3265 securitate

2142 3299 2376 3354 sollicito
2423 3298 2546 3354 talis
2587 3297 2937 3355 associandus
2977 3299 3095 3362 fuit,
3153 3299 3247 3369 qui
3292 3315 3475 3370 parem
3516 3299 3572 3354 in
3625 3302 3745 3358 suis

2143 3389 2333 3447 studiis
2360 3404 2470 3445 non
2512 3389 2755 3446 haberet.
2795 3388 2984 3459 Neque
3012 3391 3154 3446 enim
3200 3390 3375 3446 adhuc
3411 3391 3587 3445 minus
3614 3408 3748 3463 pro-

2145 3481 2304 3538 batus
2340 3481 2495 3553 130
2523 3481 2852 3550 agnosceris,
2898 3482 3028 3538 licet
3072 3483 3355 3553 primasvus
3399 3484 3615 3538 veneris
3669 3485 3742 3538 ad

2146 3572 2401 3629 honores.
2436 3571 2820 3628 Advocationis
2849 3581 2902 3627 te
2928 3587 3150 3643 campus
3177 3572 3442 3640 exercuit,
3467 3581 3518 3627 te
3542 3573 3745 3640 judicii

2147 3664 2320 3720 nostri
2343 3664 2556 3721 culmen
2592 3663 2773 3734 elegit.
2805 3663 2940 3718 Nam
2982 3665 3057 3719 ita
3095 3663 3236 3718 intra
3265 3672 3319 3718 te
3345 3663 3464 3729 fuit,
3486 3665 3748 3734 quamvis

2147 3757 2322 3829 ampla
2350 3755 2612 3828 professio
2639 3757 2962 3822 litterarum,
2986 3766 3046 3812 ut
3073 3765 3225 3811 tuum
3246 3756 3317 3811 ibi
3337 3770 3748 3813 consenescere

2148 3865 2257 3905 non
2310 3855 2622 3919 pateremur
2673 3847 2966 3916 ingenium.
3031 3847 3351 3916 Auspicatus
3401 3861 3462 3902 es
3506 3847 3750 3904 militem

2149 3938 2289 4013 [Jun
2321 3955 2339 3994 :
2371 3937 2437 3992 Id
2457 3946 2552 4004 est,
2580 3936 2937 4009 advocatum],
2968 3953 3092 3992 cum
3118 3938 3341 4008 implere
3367 3939 3614 4007 potueris
3645 3955 3747 3994 co—

2149 4031 2415 4100 gnitorem
2464 4027 2603 4102 [Jur.
2633 4043 2650 4079 :
2683 4027 2749 4082 Id
2785 4039 2884 4097 est,
2921 4026 3216 4097 judicent];
3259 4035 3315 4082 et
3341 4027 3588 4097 quamvis
3637 4036 3753 4082 tra-

2149 4124 2306 4180 heret
2337 4122 2405 4179 de
2433 4122 2741 4191 eloquentia
2769 4136 2869 4190 pro
2898 4118 3215 4176 defensione
3247 4119 3446 4184 dicere,
3475 4119 3754 4175 suadebat

2151 4223 2331 4268 tamen
2377 4211 2601 4281 aequitas
2647 4209 2938 4280 judicanda
2984 4205 3248 4280 proferre.
3306 4207 3604 4262 Probatum
3665 4217 3756 4265 est

2151 4305 2278 4375 quid
2304 4301 2552 4358 utilitatis
2581 4301 2780 4356 habeat
2799 4300 3038 4355 moribus
3067 4306 3276 4354 armata
3305 4297 3574 4354 facundia.
3610 4298 3755 4354 Nam

2151 4397 2292 4453 sicut
2318 4394 2682 4465 perniciosum
2711 4401 2796 4448 est
2823 4391 3013 4447 doctos
3041 4406 3206 4462 prava
3233 4391 3475 4455 suadere,
3499 4391 3582 4446 sic
3609 4393 3761 4448 salu-

2075 4498 2127 4559 ι)
2155 4494 2270 4542 tare
2307 4500 2523 4550 munus,
2567 4499 2690 4538 cum
2717 4483 2962 4538 veritatis
2988 4484 3247 4538 terminos
3285 4481 3609 4541 disertitudo
3653 4499 3758 4539 ne-

2154 4577 2256 4633 scit
2274 4573 2559 4632 excedere.
2585 4573 2693 4630 Sed
2715 4582 2774 4628 ut
2795 4573 2987 4628 merita
3012 4583 3102 4628 tua
3131 4573 3391 4643 exemplis
3419 4575 3606 4644 potius
3629 4575 3761 4631 lau-

2155 4664 2423 4722 dabilibus
2451 4677 2775 4727 asseramus,
2802 4661 2956 4732 juvat
2983 4670 3234 4733 repetere
3253 4677 3570 4734 pomposam
3606 4665 3765 4735 lega-

2157 4755 2380 4821 tionem,
2410 4770 2570 4824 quam
2595 4769 2705 4810 non
2743 4754 3119 4810 communibus
3139 4755 3342 4821 verbis,
3383 4755 3481 4810 sed
3517 4759 3762 4813 torrenti

2159 4845 2483 4916 eloquentia:
2504 4845 2724 4900 flumine
2750 4845 3026 4916 peregisti.
3057 4845 3301 4902 Directus
3339 4848 3484 4902 enim
3514 4847 3584 4904 de
3629 4866 3766 4920 par-

2163 4939 2308 4994 tibus
2345 4937 2731 4993 Dalmatiarnm
2773 4937 2840 4991 ad
2880 4937 3140 4992 domuum
3185 4953 3342 4994 avum
3372 4946 3649 5005 nostrum,
3684 4941 3767 4996 sic

2162 5030 2516 5086 necessitates
2544 5029 2980 5099 provincialium,
3009 5029 3086 5084 sic
3114 5029 3370 5085 utilitates
3397 5029 3651 5100 publicas
3679 5032 3767 5085 al-

2163 5122 2408 5192 legabas,
2431 5128 2491 5176 ut
2533 5120 2676 5190 apud
2703 5121 2851 5175 illum
2880 5135 3073 5189 magna
3101 5121 3311 5175 cautela
3353 5121 3676 5186 sollicitum,
3711 5131 3772 5178 et

2164 5213 2417 5282 copiosus
2440 5225 2610 5276 esses,
2639 5219 2697 5266 et
2720 5211 2931 5266 fastidia
2960 5228 3068 5266 non
3108 5227 3375 5267 moveres.
3409 5211 3771 5269 Abundantia

2165 5302 2430 5372 siquidem
2459 5302 2624 5357 verba
2670 5318 2792 5357 cum
2837 5303 3156 5358 suavissimo
3187 5303 3372 5372 lepore
3411 5303 3769 5372 deﬂuebant;

2167 5402 2222 5448 et
2249 5409 2371 5448 cum
2402 5392 2561 5447 linem
2582 5390 2810 5458 faceres,
2837 5393 3011 5449 adhuc
3035 5394 3214 5448 dicere
3234 5394 3567 5462 quaerebat-is
3591 5411 3608 5446 :
3643 5409 3778 5449 mo-

2167 5485 2364 5552 vendo,
2393 5484 2714 5541 delectando
2761 5486 3022 5556 implebas
3065 5487 3233 5555 magis
3264 5487 3375 5540 veri
3411 5487 3654 5540 oratoris
3688 5488 3778 5542 nio

2168 5589 2307 5640 sum,
2347 5590 2470 5630 cum
2497 5574 2610 5644 jam
2639 5576 2894 5632 causidici
2922 5576 3250 5632 deseruisses
3287 5574 3547 5631 ofﬁcium.
3589 5574 3778 5631 Geni-

2170 5666 2303 5720 toris
2331 5666 2628 5735 quinetiam
2663 5667 2742 5722 tui
2785 5666 3034 5723 facundia
3079 5677 3137 5723 et
3180 5667 3423 5723 moribus
3461 5666 3776 5736 adjuvaris,

2170 5757 2324 5827 cujus
2373 5767 2426 5816 te
2465 5759 2741 5829 eloquium
2791 5760 3058 5819 instruere
3111 5762 3307 5834 potuit,
3347 5760 3564 5819 etiamsi
3609 5759 3780 5818 lier
