3998 6166
366 342 474 397 785

1626 334 1985 391 VARIARUM
2027 332 2227 407 LIBER
2267 331 2398 386 V'lll.

3515 319 3620 375 ’1)ιῦ

362 463 608 510 veterum
635 469 744 509 non
770 467 1037 509 vacasses.
1066 451 1193 506 Erat
1211 450 1377 515 enim,
1409 457 1468 504 ut
1489 449 1708 514 scimus,
1731 447 1943 516 egregie
1975 451 2024 510 Α
2048 446 2190 500 inter
2216 443 2489 515 gymnasia
2520 441 2816 496 litterarum
2841 443 3074 498 adscitus
3104 442 3170 498 ab
3203 441 3294 499 illo
3322 439 3629 513 inspectore

365 544 559 599 litteris
584 544 841 598 eruditus.
890 541 958 596 Et
995 551 1056 597 ut
1101 541 1300 610 aliquid
1345 539 1585 595 studiose
1621 537 1947 608 exquisitum

364 635 548 691 dicere
592 620 889 696 videamur,
923 635 1019 688 has
1045 634 1298 703 primum,
1343 639 1403 686 ut
1429 629 1762 700 frequentior
1791 627 1951 682 tradit

369 726 570 796 Opinio,
601 724 898 781 Mercurius
935 732 1186 793 repertor
1229 722 1380 796 [Ed.,
1427 718 1727 792 reparator]
1758 718 1952 774 artium

370 819 660 872 multarum
715 817 900 872 volatu
952 815 1384 888 Strymoniarum
1443 816 1621 868 axium
1675 810 1954 879 collegisse

369 916 716 962 memoratur.
749 904 884 960 Nam
927 913 984 961 et
1008 905 1168 960 hodie
1195 918 1372 972 grues,
1414 918 1537 958 cum
1565 902 1734 956 classe
1761 913 1956 956 conso—

369 996 537 1062 ciant,
554 995 821 1064 alphabeti
844 992 1063 1058 formas,
1085 1000 1275 1048 natura
1297 991 1588 1055 imbuente,
1613 986 1951 1060 describunt}

370 1102 530 1157 quem
572 1087 624 1141 in
655 1085 898 1141 ordinem
937 1085 1192 1141 decorum
1229 1083 1492 1153 redigens,
1523 1081 1798 1137 vocalibus
1823 1095 1956 1136 con-

371 1177 799 1245 sonantibusque
841 1181 1201 1243 congruenter
1243 1173 1510 1238 admixtis,
1552 1172 1692 1226 viam
1741 1184 1960 1226 sensua-

373 1267 478 1322 lem
498 1267 727 1336 reperit,
752 1279 851 1336 per
868 1280 1030 1334 quam
1053 1265 1158 1319 alta
1186 1273 1396 1335 petens,
1426 1263 1491 1317 ad
1513 1259 1808 1332 penetralia
1835 1274 1959 1329 pru-

372 1356 569 1410 dentia:
596 1371 748 1410 mens
775 1355 946 1426 possit
971 1355 1310 1410 velocissima
1334 1353 1638 1424 pervenire.
1669 1349 1806 1404 Hinc
1832 1349 1960 1405 Hel-

374 1446 548 1514 lenus,
593 1453 786 1501 auctor
821 1446 1152 1510 Graecorum,
1204 1443 1359 1514 plura
1397 1442 1532 1497 dixit
1573 1440 1768 1496 eximie
1804 1438 1957 1512 [Ed.,

375 1533 586 1589 Hellen.
634 1533 891 1588 Hellenus
919 1534 1080 1604 plura
1120 1533 1256 1587 dixit
1283 1528 1523 1601 eximie],
1563 1530 1817 1584 virtutem
1844 1527 1961 1595 ejus

375 1623 935 1693 compositionemque
998 1621 1344 1677 subtilissima
1401 1618 1708 1673 narratione
1755 1615 1960 1672 descri-

374 1717 530 1783 bens,
560 1717 694 1772 utin
740 1717 856 1787 ipso
884 1717 1038 1772 initio
1067 1717 1239 1787 possit
1265 1715 1482 1786 agnosci
1508 1727 1824 1782 magnarum
1862 1726 1960 1768 co-

375 1810 467 1880 pia
497 1810 817 1864 litterarum.
849 1807 957 1865 Sed
987 1816 1046 1864 ut
1072 1809 1138 1864 ad
1167 1808 1504 1878 propositum
1531 1805 1834 1870 redeamus,
1864 1818 1961 1874 pa-

379 1908 536 1954 terno
558 1899 722 1968 igitur
751 1898 1002 1969 exemplo
1025 1898 1298 1968 ingenium
1326 1895 1635 1953 extendisse
1664 1893 1966 1950 credendus

380 2005 461 2056 es,
489 1990 584 2059 qui
611 1990 664 2044 in
695 1989 942 2044 Romano
981 1989 1100 2045 foro
1129 1989 1493 2059 eloquentiam
1538 2002 1650 2043 non
1691 1985 1962 2041 enutristi.

380 2078 426 2133 0
460 2080 676 2134 beatum
718 2081 1057 2148 magistrum,
1103 2078 1574 2148 felicissimumque
1625 2077 1963 2147 discipulum,

381 2172 475 2242 qui
514 2169 802 2227 all'ectuose
831 2170 1022 2227 didicit
1049 2173 1194 2241 quod
1217 2173 1335 2228 aliis
1359 2173 1640 2228 doctorum
1669 2176 1846 2226 terror
1873 2185 1968 2224 ex-

387 2261 572 2318 torsit!
601 2261 904 2316 Romauum
931 2260 1164 2331 denique
1206 2262 1476 2331 eloquium
1507 2276 1615 2316 non
1640 2261 1752 2317 suis
1790 2260 1969 2329 regio-

383 2353 544 2408 nibus
572 2353 858 2420 invenisti;
899 2360 955 2408 et
1003 2351 1075 2408 ibi
1131 2360 1184 2407 te
1232 2351 1477 2406 Tulliana
1505 2350 1672 2406 lectio
1711 2351 1968 2406 disertum

382 2443 635 2510 reddidit,
656 2443 747 2498 ubi
767 2442 1039 2512 quondam
1063 2452 1087 2480 ³
1114 2441 1320 2498 Gallica
1343 2443 1524 2512 lingua
1547 2441 1844 2496 resonavit.
1868 2437 1971 2493 Ubi

386 2540 517 2588 sunt
541 2533 634 2601 qui
659 2533 866 2588 litteras
896 2531 1118 2588 Latinas
1157 2533 1361 2600 Romae,
1392 2548 1500 2588 non
1542 2532 1704 2587 etiam
1732 2529 1858 2586 alibi
1885 2542 1972 2583 as-

384 2631 577 2679 serunt
624 2637 742 2678 esse
789 2621 1103 2678 discendas?
1167 2621 1428 2678 Evaserat
1474 2621 1704 2678 Cecilius
1762 2620 1971 2693 pondus

387 2713 751 2778 verecundiae,
801 2713 847 2768 si
885 2713 1027 2768 hunc
1066 2720 1380 2784 provectum
1423 2711 1619 2766 smcula
1657 2711 1836 2780 priora
1875 2721 1972 2777 ge-

391 2805 655 2860 nuissent.
700 2804 887 2860 Soluta
913 2815 995 2861 est
1022 2806 1221 2875 quippe
1243 2804 1325 2860 vis
1354 2804 1443 2858 illa
1480 2803 1777 2867 sententia),
1809 2801 1975 2855 mittit

391 2902 449 2949 et
495 2893 709 2963 Liguria
756 2893 961 2952 Tullios
1000 2910 1146 2952 suos.
1178 2893 1457 2964 Cognosce
1483 2892 1611 2962 quid
1658 2907 1725 2948 ex
1768 2891 1974 2946 meritis

391 2985 499 3040 tuis
524 2985 922 3052 estimavimus,
947 2985 1163 3054 quando
1193 2985 1332 3038 illius
1352 2983 1580 3038 consilio
1604 2992 1657 3036 te
1684 2981 1832 3036 vides
1854 2994 1974 3036 esse

391 3074 676 3139 sociatum,
708 3075 800 3144 qui
849 3075 1019 3129 nostri
1050 3074 1260 3143 imperii
1292 3080 1490 3128 tractat
1533 3085 1808 3126 arcanum.
1838 3068 1975 3124 llinc

2051 535 2390 594 meritorum,
2415 533 2506 601 qui
2525 532 2740 600 judiciis
2767 532 2877 587 suis
2902 535 3062 586 etiam
3086 533 3257 586 futura
3282 533 3628 602 praedicebat,

2053 625 2378 696 privatarum
2399 623 2740 690 largitionum
2761 622 2992 698 fascibus
3011 621 3266 692 praefuisti
3295 641 3306 675 :
3332 625 3632 693 suscipiens

2055 713 2413 785 patrocinium
2433 712 2764 778 meritorum,
2793 715 2867 766 ita
2887 715 3112 781 gratiam
3135 712 3459 770 dominantis
3479 714 3634 769 auxi-

2056 806 2147 872 sti,
2178 814 2236 858 ut
2291 804 2385 858 tibi
2422 817 2564 871 saepe
2612 803 3041 858 committeretur
3069 803 3212 872 quod
3250 803 3482 873 dignitas
3524 820 3632 860 non

2057 895 2300 949 haberet.
2328 893 2480 960 Quod
2504 893 2548 946 si
2579 893 2844 948 laudabile
2873 904 2974 958 est,
3007 895 3092 950 vel
3124 895 3480 951 mediocribus
3514 913 3635 953 esse

2056 985 2352 1040 honoribus
2380 999 2584 1054 parem,
2617 993 2819 1053 quanto
2855 987 3194 1055 praestantius
3237 987 3429 1042 vicisse
3465 989 3631 1043 mori-

2056 1077 2158 1132 bus
2198 1075 2426 1130 aulicam
2457 1075 2806 1143 dignitatem!
2855 1075 2978 1130 Haec
3005 1092 3126 1132 cum
3159 1085 3215 1131 tu
3244 1078 3343 1132 sub
3374 1086 3524 1133 tanto
3548 1081 3637 1146 ju-

2057 1168 2176 1224 dice
2203 1167 2415 1222 laudata
2443 1179 2753 1236 perageres,
2781 1167 3010 1237 gratiam
3036 1183 3252 1238 quoque
3281 1170 3382 1225 loci
3415 1172 3636 1227 alterius

2058 1257 2330 1314 invenisti.
2357 1256 2743 1312 Dictationibus
2763 1257 2906 1311 enim
2935 1258 3180 1326 probaris
3203 1259 3492 1328 adhibitus,
3514 1277 3634 1315 cum

2057 1351 2129 1407 sit
2174 1349 2557 1405 offensionibus
2603 1347 2738 1403 alter
2778 1349 3063 1418 expulsus;
3112 1356 3170 1403 et
3205 1350 3278 1404 ita
3320 1365 3637 1420 suspensum

2059 1440 2322 1494 honorem
2361 1447 2510 1492 tuum
2557 1437 2856 1492 sustinebat
2884 1438 3176 1507 ingenium,
3207 1447 3265 1493 ut
3293 1441 3492 1509 palatio
3515 1457 3638 1495 non

2059 1529 2267 1584 sineres
2293 1528 2482 1583 deesse
2503 1526 2762 1596 judicem,
2793 1527 2946 1596 cujus
2975 1528 3041 1582 ad
3071 1537 3282 1599 tempus
3326 1532 3637 1601 abrogatam

2061 1617 2409 1687 cognovimus
2442 1614 2775 1684 dignitatem.
2816 1614 2934 1670 Non
2975 1626 3100 1671 sunt
3139 1617 3362 1687 imparia
3395 1627 3638 1688 tempora

2063 1716 2249 1763 nostra
2305 1706 2608 1760 transactis.
2668 1704 2940 1762 Habemus
3002 1721 3263 1775 sequaces
3313 1709 3642 1779 aemulosque

1990 1813 2035 1872 Β
2063 1799 2382 1870 priscorum.
2419 1795 2555 1852 Ecce
2604 1797 2796 1852 iterum
2843 1795 2913 1851 ad
2963 1806 3288 1866 quzesturam
3334 1817 3643 1858 commeans

2055 1895 2248 1951 evenit
2282 1891 2398 1966 [Gn
2430 1902 2480 1946 et
2516 1892 2657 1962 Cuj.,
2703 1906 2824 1946 cum
2863 1892 3124 1947 immenso
3167 1893 3368 1964 evenit]
3404 1896 3638 1963 ingenio.

2069 1985 2254 2041 Redde
2280 1999 2422 2040 nunc
2449 1982 2698 2048 Plinium,
2726 1991 2780 2038 et
2807 1997 2958 2037 sume
2986 1982 3293 2052 Trajanum.
3326 1984 3500 2042 llabes
3528 2002 3644 2040 ma—

2067 2093 2170 2148 gna
2198 2093 2315 2149 quze
2343 2078 2509 2143 dicas,
2539 2078 2584 2131 si
2612 2085 2668 2131 et
2696 2085 2750 2132 tu
2794 2078 2951 2133 simili
2992 2079 3238 2148 oratione
3276 2079 3640 2148 resplendeas.

2070 2170 2232 2226 Fama
2275 2179 2574 2240 temporum
2622 2169 2691 2224 de
2741 2171 2976 2240 legitima
3026 2179 3186 2239 atque
3229 2171 3500 2240 eloquenti
3523 2173 3642 2240 jus-

2070 2261 2222 2316 sione
2251 2267 2560 2328 generatur.
2591 2257 2780 2313 Omnia
2810 2260 3074 2328 siquidem
3119 2261 3258 2315 bona
3291 2261 3526 2316 cumulat
3552 2263 3648 2315 lin-

2070 2364 2174 2419 gua
2195 2349 2425 2412 diserta;
2457 2355 2511 2402 et
2539 2348 2682 2418 quod
2723 2364 2752 2402 a
2805 2350 2958 2404 nobis
2988 2350 3314 2420 praecipitur,
3363 2353 3533 2419 gratia
3562 2353 3646 2406 di-

2070 2440 2266 2496 ctantis
2319 2449 2560 2494 ornatur.
2620 2438 2748 2494 E.‘to
2803 2440 2956 2496 nobis
3017 2443 3086 2496 ad
3127 2441 3270 2497 bona
3317 2444 3646 2512 suggerenda

2071 2532 2520 2602 promptissimus,
2553 2540 2607 2585 et
2634 2532 2889 2587 adversus
2917 2533 3313 2603 improbitatem
3344 2537 3482 2592 male
3509 2553 3647 2607 prte-

2071 2622 2398 2680 sumentium
2447 2630 2758 2678 constanter
2807 2631 3036 2679 erectus.
3089 2625 3244 2680 Dicet
3274 2625 3385 2695 jam
3431 2627 3649 2682 auribus

2072 2714 2272 2770 nostris
2300 2712 2446 2782 quod
2473 2721 2556 2767 est
2594 2713 2812 2768 omnino
2841 2729 2939 2783 pro
2969 2715 3142 2770 nobis.
3192 2715 3371 2770 Bonus
3398 2717 3649 2786 princeps

2074 2802 2165 2858 ille
2192 2811 2296 2870 est,
2317 2802 2403 2858 cui
2433 2802 2558 2856 licet
2581 2817 2680 2872 pro
2698 2801 2904 2872 justitia
2931 2802 3107 2872 loqui;
3140 2812 3196 2858 et
3223 2813 3432 2872 contra,
3475 2813 3652 2875 tyran-

2075 2896 2206 2950 nicae
2226 2894 2454 2950 feritatis
2482 2895 2759 2960 indicium,
2799 2895 2982 2951 audire
3011 2896 3156 2952 nolle
3180 2897 3467 2952 constituta
3498 2909 3652 2954 vete-

2073 2999 2193 3039 rum
2222 2985 2578 3039 sanctionum.
2612 2984 2954 3040 Renovamus
2982 2994 3130 3040 certe
3156 2985 3354 3041 dictum
3384 2987 3517 3042 illud
3555 3004 3647 3044 ce-

2075 3073 2416 3140 leberrimum
2467 3072 2685 3142 Trajani
2721 3092 2733 3126 :
2766 3073 2930 3129 Sume
2960 3071 2984 3112 δ
3018 3073 3340 3130 dicationem
3380 3077 3525 3150 [Alii,
3567 3078 3650 3133 di-

392 3173 478 3219 est
506 3163 648 3232 quod
683 3173 737 3219 te
775 3164 1042 3219 comitiva:
1070 3163 1494 3218 domesticorum
1532 3159 1853 3214 illustratum
1874 3157 1974 3213 ho—
2002 3173 2047 3236 ρ
2077 3161 2409 3234 ctationem],
2440 3163 2484 3216 si
2513 3163 2688 3218 bonus
2718 3163 2887 3230 fuero,
2920 3179 3018 3234 pro
3058 3165 3330 3235 republica
3370 3175 3425 3220 et
3454 3183 3576 3233 me;
3607 3169 3654 3222 si

394 3271 530 3311 nore
558 3255 894 3323 decoramus,
925 3265 984 3310 ut
1005 3256 1196 3310 merito
1227 3257 1432 3324 majora
1462 3254 1528 3309 de
1556 3254 1755 3308 nostris
1777 3251 1979 3307 debeas

394 3359 614 3415 sperare
639 3342 871 3412 judiciis,
904 3345 993 3414 qui
1035 3345 1087 3397 in
1137 3352 1190 3398 te
1236 3344 1412 3398 adhuc
1460 3341 1682 3396 meliora
1711 3341 1979 3397 credimus

395 3436 645 3491 inveniri.
695 3433 909 3490 Grande
939 3436 1032 3489 tibi
1080 3435 1356 3502 negotium
1404 3433 1552 3488 vides
1579 3448 1695 3487 esse
1723 3432 1979 3501 commis—

396 3541 538 3590 sum,
589 3524 844 3595 quidquid
895 3525 1068 3593 egeris
1114 3524 1438 3593 generalitas
1473 3523 1656 3578 sentit.
1698 3522 1830 3576 Nam
1887 3523 1980 3591 qui

399 3624 580 3687 potest
628 3617 681 3670 in
711 3616 1060 3670 universitate
1101 3630 1348 3685 peccare,
1398 3615 1663 3683 gloriosus
1688 3612 1847 3669 nimis
1875 3621 1976 3680 est,

399 3708 450 3764 si
478 3707 649 3763 nescit
676 3707 958 3763 excedere.

939 3863 1270 3920 EPISTOLA
1310 3864 1442 3919 Xlll.

559 3994 818 4035 AMBROSIO
847 3993 971 4034 νιιιο
997 3993 1270 4042 ρυιεετοῐιι
1298 3994 1658 4034 ATHALARICUS
1685 3996 1810 4034 REX.

405 4088 588 4162 Multis
615 4088 852 4162 lqudibns
881 4105 997 4162 eum
1024 4089 1191 4158 effert,
1233 4107 1291 4144 eo
1317 4090 1452 4162 quod
1487 4092 1674 4144 multas
1703 4092 1980 4162 dignitgtes

478 4159 572 4213 sub
641 4159 986 4213 Theoderico”
1019 4163 1278 4225 sapienter
1331 4159 1790 4215 administraverit.
1854 4161 1981 4215 Tum

479 4237 787 4301 quaesturam
815 4229 893 4283 illi
918 4232 1134 4300 confert.

480 4340 710 4396 Securus
742 4341 885 4396 celsa
915 4342 1246 4407 conscendit,
1279 4343 1369 4411 qui
1399 4359 1456 4399 se
1487 4344 1539 4396 in
1572 4345 1734 4413 paulo
1756 4343 1982 4398 minori-

407 4433 510 4489 bus
539 4433 884 4502 approbavit;
923 4441 979 4488 et
1015 4440 1165 4486 certo
1194 4433 1438 4502 procedit
1466 4433 1711 4502 vestigio,
1740 4434 1831 4503 qui
1861 4447 1985 4502 gra-

2078 3253 2272 3317 malus,
2297 3268 2395 3322 pro
2424 3253 2697 3321 republica
2726 3253 2778 3307 in
2805 3268 2910 3309 me.
2939 3253 3047 3310 Sed
3067 3255 3187 3311 vide
3207 3256 3335 3324 quid
3363 3271 3394 3310 a
3425 3266 3478 3312 te
3507 3273 3655 3326 qum-

2081 3358 2281 3407 ramus,
2330 3342 2546 3410 quando
2599 3358 2702 3398 nec
2747 3344 2903 3399 nobis
2950 3345 3152 3415 aliquid
3201 3343 3457 3412 injustum
3494 3347 3658 3402 licere

2078 3434 2454 3505 permittimus.
2501 3433 2729 3488 Decreta
2769 3448 2896 3502 ergo
2943 3444 3124 3490 nostra
3156 3437 3454 3505 priscorum
3501 3451 3656 3491 reso-

2078 3532 2209 3582 neut
2235 3525 2546 3593 constituta,
2574 3539 2694 3593 quae
2723 3533 2926 3580 tantam
2960 3527 3282 3583 suavitatem
3311 3527 3482 3582 laudis
3512 3528 3659 3583 inve-

2080 3618 2253 3682 niunt,
2282 3625 2541 3686 quantum
2570 3631 2818 3686 saporem
2846 3619 3126 3684 vetustatis
3173 3627 3468 3673 assumunt.
3510 3618 3658 3674 Pue-

2076 3705 2298 3777 j-udicia,
2336 3721 2455 3776 qum
2503 3722 2602 3762 nos
2630 3707 2936 3774 horremus,
2986 3709 3041 3763 in
3089 3709 3207 3765 aliis
3250 3725 3356 3765 non
3395 3724 3656 3764 amamus.

2081 3797 2390 3868 Obligamus
2419 3807 2471 3854 te
2499 3807 2644 3854 certe
2673 3799 3029 3867 generalitati,
3060 3799 3187 3854 dum
3209 3799 3452 3855 absolute
3479 3801 3664 3870 prmci-

2081 3891 2257 3962 pimus
2277 3891 2398 3960 jura
2438 3894 2662 3948 servari.
2688 3893 2840 3959 Quod
2865 3894 2986 3950 ideo
3015 3909 3156 3949 nunc
3183 3894 3432 3961 dicimus,
3465 3904 3522 3951 ut
3559 3911 3662 3966 op-

2082 3989 2314 4052 portune
2341 3984 2589 4038 omnibus
2619 3985 2673 4038 in
2715 3993 2767 4040 te
2807 3985 3142 4041 consuluisse
3170 3987 3462 4042 videamur.
3497 3989 3664 4045 Decet

2083 4072 2226 4127 enim
2254 4088 2606 4143 praemonere,
2639 4090 2707 4130 ne
2737 4083 2787 4130 te
2809 4078 2920 4145 jam
2952 4077 3154 4132 tardius
3181 4087 3303 4148 post
3322 4079 3495 4134 aliena
3521 4080 3667 4150 peri-

2085 4162 2204 4217 cula
2238 4163 2516 4218 videamur
2569 4165 2708 4220 velle
2749 4167 3038 4238 corrigere.
3097 4168 3368 4224 Bonorum
3417 4171 3664 4242 exempla

2087 4267 2332 4322 sequere,
2366 4262 2421 4308 et
2453 4254 2747 4310 nobilitatis
2792 4264 2896 4310 ture
2925 4273 3132 4312 memor
3158 4259 3364 4314 incede.
3402 4261 3481 4314 llli
3508 4262 3665 4330 digne

2087 4343 2154 4396 ad
2182 4343 2310 4397 vitia
2339 4345 2551 4411 generis
2574 4346 2655 4400 sui
2685 4346 2927 4412 redeunt,
2961 4348 3049 4415 qui
3075 4351 3462 4419 contemptibili
3499 4354 3667 4421 stirpe

2088 4443 2400 4490 nascuntur.
2443 4435 2536 4490 His
2564 4437 2724 4506 igitur
2752 4438 2805 4491 in
2849 4437 3047 4492 bonum
3078 4439 3344 4508 publicum
3377 4442 3664 4510 prmdictis,

405 4520 575 4576 (latim
604 4520 870 4576 desiderio
915 4521 1118 4590 potitur
1151 4530 1393 4592 accepto.
1426 4523 1554 4578 Sine
1591 4525 1782 4580 merito
1811 4523 1980 4594 siqui-
2017 4555 2063 4612 Β
2089 4540 2186 4596 per
2213 4525 2454 4596 quintam
2483 4525 2710 4582 feliciter
2738 4527 3082 4584 indictionem
3115 4529 3286 4598 (Anno
3321 4530 3659 4599 Clu-isti5‘27)

406 4611 532 4666 dcm
557 4620 956 4665 remuneratum
985 4619 1206 4681 putatur
1236 4627 1401 4668 omne
1418 4614 1564 4683 quod
1591 4614 1824 4668 subitum
1865 4621 1980 4679 est;

407 4715 512 4755 nec
558 4701 880 4770 inexplorati
917 4703 1278 4772 suspicionem
1321 4703 1517 4773 refugit
1570 4703 1714 4774 quod
1761 4711 1986 4773 repente

404 4791 738 4860 provenerit.
770 4789 987 4858 Contra,
1033 4793 1212 4847 omnia
1260 4793 1551 4848 deliberata
1599 4799 1724 4848 sunt
1762 4794 1986 4848 robusta

405 4881 538 4956 [113.
564 4884 651 4944 A.,
676 4883 1092 4952 inexploratum.
1128 4883 1318 4938 Omnia
1349 4883 1644 4939 deliberata
1672 4892 1798 4939 sunt
1818 4884 1984 4938 robu-

403 4971 546 5042 sta];
575 4980 629 5026 et
656 4979 827 5026 totum
857 4973 1012 5027 bonis
1041 4974 1246 5028 actibus
1274 4973 1568 5029 obtinuisse
1598 4973 1852 5039 creditur,
1895 4973 1987 5043 qui

404 5070 533 5134 post
559 5062 882 5119 documenta
904 5063 1135 5120 laudata:
1163 5065 1366 5119 militiae
1385 5072 1756 5136 promovetur.
1777 5063 1988 5120 Dudum

488 5332 512 5360 ι
537 5323 611 5378 De
639 5325 940 5394 eloquentia
988 5325 1262 5383 Gallorum
1297 5337 1538 5384 veterum
1567 5327 1738 5384 Juret.
1768 5329 1904 5386 dixit
1931 5346 1991 5387 se

407 5392 731 5449 observasse
746 5392 822 5450 ad
847 5395 1154 5468 Symmach.
1189 5399 1281 5453 lib.
1307 5416 1382 5466 IX,
1412 5400 1568 5469 epist.
1603 5399 1692 5454 86.

487 5503 1218 5578 PLegendumidicationem,
1266 5525 1385 5578 qum
1431 5528 1536 5566 vox
1582 5512 1736 5574 infra,
1781 5513 1872 5566 lib.
1916 5531 1987 5578 xl,

408 5575 637 5662 epist-.7777
660 5584 720 5662 et
747 5577 1170 5662 9._-lli.nc.lueent
1201 5575 1343 5662 capit
1365 5583 1490 5637 illud
1520 5582 1725 5638 Sidonii
1755 5575 1986 5652 Apolliu.

413 5643 474 5702 ill
503 5643 768 5718 Panegyr.
799 5648 1102 5718 Majorian.,
1133 5650 1188 5703 in
1214 5643 1317 5705 line
1343 5671 1355 5703 :

1148 5757 1230 5808 Cui
1259 5767 1386 5809 teste
1411 5769 1583 5809 senatu

544 5818 597 5868 lu
619 5831 675 5870 se
698 5823 845 5870 etiam
872 5825 1075 5870 tractum
1095 5821 1398 5874 commiserat
1427 5820 1592 5884 Ulpius
1614 5835 1798 5873 ensem.

665 5904 936 6002 Parnm.
985 5903 1218 5966 LXIX.

2088 4623 2366 4685 quaestura:
2388 4617 2480 4671 tibi
2505 4617 2750 4686 insignia,
2781 4618 2891 4674 Deo
2911 4629 3216 4690 prmstante,
3253 4625 3402 4695 131
3420 4625 3667 4682 concedi.

2089 4721 2208 4762 mus
2233 4724 2246 4761 :
2274 4707 2535 4762 honorem
2565 4709 2925 4779 prudentium,
2963 4721 2984 4749 ε
3009 4709 3212 4767 fontem
3236 4717 3476 4770 omnium
3501 4716 3666 4784 digni-

2091 4807 2284 4868 tatum,
2325 4800 2538 4868 quando
2582 4801 2777 4857 exinde
2829 4803 3094 4872 procedit,
3137 4805 3281 4873 quod
3328 4807 3668 4875 indulgentia:

2092 4899 2288 4945 nostra:
2316 4891 2562 4960 largitate
2589 4894 2904 4948 manaverit.
2941 4893 3052 4964 Age
3078 4903 3136 4949 ut
3162 4896 3252 4966 qui
3282 4897 3346 4949 ad
3386 4899 3668 4954 consilium

2091 4989 2331 5037 nostrum
2371 4982 2704 5051 adscisceris,
2752 4985 3034 5054 prudentia
3064 4987 3272 5042 cunctis
3316 4995 3371 5041 et
3407 4989 3669 5056 gravitate

2094 5075 2409 5144 prmminere
2435 5076 2695 5134 noscaris.
2727 5076 2861 5132 Nam
2889 5077 3018 5148 quid
3049 5078 3143 5133 tibi
3167 5079 3470 5147 conveniat,
3495 5079 3666 5136 vides.

2099 5329 2561 5403 Videﬁigephoru
2594 5331 2685 5387 lib.
2717 5349 2791 5399 tu,
2825 5347 2944 5403 cap.
2989 5333 3095 5400 25;
3134 5332 3381 5400 Plinium,
3413 5335 3467 5390 in
3498 5334 3676 5392 Pane-

2092 5413 2204 5470 gyr.
2238 5399 2362 5452 358.
2390 5399 2582 5458 luam.

2177 5479 2198 5506 ε
2223 5471 2525 5544 Quaestoris
2558 5479 2738 5541 partes
2780 5472 2858 5525 Ine
2887 5481 3039 5526 erant
3086 5474 3184 5527 sub
3219 5473 3668 5544 imperatoribus:

2101 5538 2193 5593 [lle
2223 5540 2365 5606 leges
2393 5538 2674 5602 conde—bat,
2708 5549 2762 5594 et
2792 5545 3068 5611 veritatem
3101 5538 3314 5611 precum
3357 5545 3669 5609 rimabatur,

2103 5617 2161 5662 ut
2201 5611 2558 5664 subscriberet
2591 5611 2712 5675 illis,
2761 5611 2803 5664 si
2841 5609 2983 5677 justa
3026 5609 3234 5666 ratione
3273 5615 3588 5677 niterentur,
3617 5625 3676 5670 ut

2102 5680 2282 5751 videre
2307 5687 2386 5751 est
2409 5679 2459 5732 iu
2488 5679 2522 5733 l.
2553 5680 2601 5743 9.,
2636 5682 2697 5736 (3.
2730 5679 2965 5751 Depelit.
2993 5682 3110 5736 bon.
3134 5685 3302 5749 διά)ιά
3333 5683 3458 5739 etin
3490 5686 3526 5738 l.
3551 5687 3675 5751 ult.,

2102 5748 2161 5802 (Ζ.
2214 5747 2292 5801 De
2337 5750 2747 5823 dirers._resrr.;
2782 5747 2982 5806 Nevell.
3010 5747 3308 5823 Valcntin.,
3354 5753 3421 5810 de
3474 5747 3673 5811 homic.

2103 5833 2228 5875 casu
2258 5830 2347 5873 aut
2369 5821 2473 5874 vol.
2508 5819 2629 5877 fact.
2664 5820 2847 5877 Bnoss.

3165 5915 3241 5977 24-
3291 5883 3297 5888 ι
