3990 6170
287 5873 356 5892 ,⁸.

459 334 508 390 Ἳ
516 334 577 390 Π

1713 334 1784 389 M.
1824 333 2099 394 AURELll
2135 339 2533 397 CASSIODORI

3645 347 3743 401 718

470 457 498 486 ι
523 447 636 504 Vox
665 448 841 519 legum
863 447 1072 511 diceris,
1097 445 1220 502 dum
1247 461 1348 501 nos
1370 445 1524 518 [Ed.,
1551 446 1757 517 nostra]
1778 446 1900 516 jura
1929 463 2061 503 con-
2090 456 2137 515 Α
2164 467 2223 507 se
2252 453 2317 507 ad
2341 464 2654 524 provectum
2680 466 2965 525 cognoscat
2998 472 3172 512 rerum
3192 457 3442 513 dominos
3471 456 3746 514 invitasse.

466 542 663 596 dimus.
697 540 946 595 lncumbe
976 554 1115 594 nunc
1146 539 1401 608 probitati
1454 537 1537 594 vel
1566 536 1724 604 ﬁdei;
1758 547 1816 593 ut
1844 540 1984 594 sicut
2007 549 2061 596 te

463 634 616 703 prior
643 632 819 686 honor
846 631 1064 700 dignum
1107 630 1231 685 fecit
1272 629 1447 696 alteri,
1481 631 1557 686 ita
1587 629 1857 686 secundus
1890 633 2064 686 tertia:

412 799 415 803 π
453 725 631 780 ‘faciat
659 723 927 796 dignitati.

997 855 1330 912 EPISTULA
1368 855 1506 912 XIV.

703 964 928 1004 εεωιτυι
957 965 1105 1004 URBIS
1134 965 1294 1004 1105.8
1321 962 1690 1004 ATHALABICUS
1717 964 1842 1004 REX.

468 1059 688 1116 Eximio
707 1060 862 1116 laude
881 1061 1208 1115 Ambrosium
1234 1070 1475 1126 exornat,
1509 1069 1558 1116 et
1585 1065 1794 1118 nuntiat
1819 1078 1875 1118 se
1918 1063 2066 1119 illum

791 1141 1063 1204 questura:
1090 1132 1345 1203 dignitate
1372 1133 1720 1204 insignivisse.

539 1244 802 1314 Accipite,
831 1253 1016 1314 patres
1043 1245 1360 1315 conscripti,
1395 1246 1654 1316 judicium
1693 1249 1840 1318 quod
1865 1249 2067 1320 iudicia

467 1347 652 1391 nostra
678 1336 1038 1406 protulerunt,
1085 1337 1301 1408 quando
1330 1337 1450 1408 plus
1497 1340 1802 1409 cogitantur
1846 1334 2068 1399 oninlno

467 1443 591 1500 qua:
615 1434 776 1484 cauta
799 1436 959 1496 sunt;
987 1427 1113 1498 quia
1143 1427 1267 1483 talis
1291 1427 1600 1484 subsecutio
1626 1430 1882 1494 creditur,
1906 1433 2068 1504 quale

463 1517 822 1587 primordium
875 1519 1090 1575 venisse
1139 1518 1386 1574 sentitur.
1431 1519 1598 1576 Nemc
1640 1521 1782 1576 enim
1827 1523 2064 1579 futurum

470 1619 629 1680 putat
655 1623 776 1666 esse
796 1609 1132 1678 diligentem,
1156 1621 1316 1679 quem
1348 1610 1399 1664 in
1442 1611 1555 1681 ipsa
1587 1614 1828 1670 novitate
1856 1615 2069 1686 opinio-

465 1701 557 1755 nis
593 1715 706 1754 suae
729 1715 836 1754 non
860 1700 1006 1755 videt
1033 1714 1156 1755 esse
1189 1701 1491 1756 custodem.
1546 1700 1806 1762 Providus
1853 1707 2068 1762 institu-

2164 540 2522 612 Quapropter,
2552 552 2736 613 patres
2764 546 3078 615 conscripti,
3113 547 3373 600 illustrem
3413 546 3746 601 Ambrosium

2165 642 2450 704 quaesturae
2482 636 2718 690 culmine
2747 636 3061 691 decoratum
3097 637 3248 692 favor
3274 646 3468 692 vestrm
3509 637 3746 706 benignl~

2163 725 2292 779 tatis
2319 726 2570 797 excipiat.
2602 725 2679 782 De
2707 726 2799 781 illo
2826 727 2968 781 cnim
2997 741 3103 780 non
3131 726 3294 782 debet
3329 726 3581 793 dubitari,
3602 727 3694 795 qui
3719 741 3750 782 a

2165 822 2346 869 vestro
2393 815 2581 872 ordine
2628 815 2738 886 iam
2782 816 2834 870 in
2891 816 3064 887 prima
3107 813 3370 884 dignitate
3416 817 3612 928 meruit
3658 829 3750 887 apo

2165 905 2381 928 __-L__x

2161 905 2401 974 probari.

2719 1027 3049 1094 EPISTOLA
3089 1037 3201 1094 XV.

2389 1144 2613 1184 Sbt’vATUl
2643 1145 2790 1185 URBIS
2818 1145 2976 1185 ItOIE
3006 1146 3370 1186 ATHALARICUS
3399 1148 3522 1186 8f!-

2168 1239 2363 1298 Scribit
2391 1241 2490 1296 sibi
2519 1245 2873 1315 gratissimum
2911 1245 3087 1314 fuisse,
3138 1245 3275 1315 quod
3312 1245 3606 1314 pontiﬁcem
3649 1246 3756 1299 ele-

2326 1315 2495 1384 gerint
2521 1331 2635 1368 eum
2662 1331 2809 1386 quem
2834 1313 3182 1369 Theodoricu's
3211 1313 3587 1386 designaverat.

2237 1422 2613 1480 Gratissimum
2642 1435 2832 1482 nostro
2862 1425 3182 1497 prolitemur
3218 1425 3430 1489 animo,
3459 1425 3602 1494 quod
3629 1426 3756 1496 glo-

2169 1516 2301 1572 riosi
2347 1515 2532 1572 domui
2569 1517 2655 1571 avi
2696 1518 2866 1572 nostri
2912 1516 3266 1588 respondistis
3309 1517 3362 1570 in
3410 1517 3758 1588 episcopatus

2171 1607 2437 1664 electione
2459 1607 2684 1676 iudicio.
2715 1605 3013 1678 Oportebat
3038 1609 3180 1664 enim
3207 1607 3430 1664 arbitrio
3454 1609 3580 1664 boni
3607 1610 3759 1679 prin—

2169 1700 2308 1769 cipis
2335 1699 2566 1768 obediri,
2591 1701 2686 1769 qui
2711 1701 2940 1770 sapienti
2980 1700 3368 1757 deliberatione
3394 1709 3758 1772 pertractans,

446 1799 558 1845 -tor
575 1791 620 1845 si
642 1793 858 1846 hortum
889 1803 1044 1845 suum
1075 1789 1316 1846 fecundis
1342 1791 1530 1846 nititur
1551 1807 1748 1850 ornare
1765 1796 2063 1865 plantariis,
2097 1826 2144 1890 B
2170 1789 2416 1859 quamvis
2444 1791 2496 1845 in
2531 1791 2708 1846 aliena
2749 1791 3029 1860 religione.
3061 1792 3224 1848 talem
3256 1793 3400 1848 visus
3445 1801 3530 1848 est
3573 1795 3760 1862 Ponti-

469 1888 532 1936 ut
582 1881 808 1936 reddant
853 1880 1058 1937 fructus
1103 1891 1342 1952 optatos,
1395 1897 1514 1952 quae
1568 1885 1812 1942 sollicitis
1852 1887 2066 1944 fuerant
2103 1880 2141 1890 “’
2171 1882 2324 1938 licem
2346 1882 2636 1951 delegisse,
2664 1891 2724 1938 υι
2755 1884 2881 1938 nulli
2913 1884 3108 1939 merito
3135 1883 3332 1939 debeat
3355 1884 3669 1954 displicere;
3699 1892 3760 1938 nl

465 1971 615 2026 culta
663 1971 969 2040 laboribus;
1013 1983 1214 2042 quanto
1255 1976 1424 2044 magis
1449 1990 1674 2048 regnum
1723 1979 1879 2036 decet
1925 1981 2067 2037 inter

462 2062 620 2117 initia
651 2063 798 2135 pacis
826 2065 1140 2121 ammnitate
1167 2068 1440 2138 componi,
1473 2083 1542 2124 ne
1579 2071 1781 2128 habere
1829 2075 2065 2145 speciem

468 2153 584 2222 agri
608 2153 852 2210 videatur
880 2155 1100 2214 inculti!
1130 2155 1198 2212 Et
1222 2157 1350 2214 ideo
1375 2159 1653 2218 beneﬁciis
1687 2165 1890 2220 nostris
1911 2166 2066 2236 quasi

467 2247 761 2315 quamdam
782 2247 1004 2318 ianuam
1033 2249 1389 2319 cogitavimus
1416 2252 1548 2308 dare
1602 2263 1939 2324 questorem,
1971 2269 2069 2328 per

463 2353 632 2408 quem
673 2341 1000 2396 venientium
1031 2341 1622 2412 dignitatumcuhnina
1651 2344 1905 2404 decenter
1948 2349 2066 2405 exl-

462 2439 612 2486 re‘nt.
643 2430 782 2487 Sunt
805 2432 960 2490 vobis
985 2443 1133 2489 cer-te
1159 2435 1227 2490 de
1253 2436 1540 2493 candidato
1576 2448 1724 2506 nota,
1767 2443 1983 2511 quando
2013 2451 2069 2500 et

457 2521 728 2576 moderna
747 2537 869 2592 quae
891 2522 1181 2593 loquimur.
1211 2524 1341 2582 Nam
1364 2543 1486 2582 cum
1514 2531 1796 2586 transitum
1819 2533 2068 2602 gloriosae

457 2613 744 2667 memoria
778 2612 963 2668 domui
989 2616 1075 2668 avi
1103 2617 1272 2671 nostri
1301 2618 1666 2688 subiectorum
1697 2623 1857 2679 anxia
1903 2625 2068 2681 corda

457 2701 716 2772 ingerent
744 2703 969 2776 (bonum
987 2705 1185 2776 quippe
1213 2709 1468 2764 amissum
1491 2711 1622 2766 dum
1653 2714 1920 2784 queritur,
1946 2716 2068 2787 plus

467 2792 727 2864 amatur),
756 2800 856 2858 per
878 2807 1003 2849 eum
1031 2794 1187 2851 vobis
1213 2805 1270 2850 et
1293 2798 1464 2853 nostri
1511 2801 1756 2870 auspicii,
1784 2812 1839 2859 et
1877 2814 2066 2863 vestrae

468 2884 772 2940 securitatis
814 2893 999 2955 optata
1058 2895 1374 2957 patuerunt.
1425 2889 1710 2961 lntelligite
1759 2895 1907 2964 quali
1965 2912 2068 2954 nos

465 2973 725 3045 aequitate
771 2977 1193 3047 constringimns
1248 2979 1299 3033 in
1352 2979 1576 3049 futuris,
1635 2991 1692 3038 ut
1745 2985 1862 3054 ipse
1912 2988 2068 3045 nobis

471 3069 648 3137 legum
679 3067 832 3124 fieret
865 3083 1071 3141 custos,
1099 3073 1190 3141 qui
1217 3075 1598 3132 conservanda
1621 3075 1844 3148 iustitia:
1892 3079 2066 3139 fuerat

467 3159 768 3259 promissor
815 3158 1061 3259 eil‘ectus.
1100 3161 1283 3218 Adfuit
1327 3165 1593 3222 mandatis
1629 3169 1897 3238 regalibus
1933 3171 2061 3245 (Hs.
2094 3197 2138 3259 ρ

469 3253 559 3318 Α.,
591 3251 871 3324 legalibus]
894 3254 1155 3325 eloquens
1183 3265 1238 3312 et
1273 3256 1502 3314 decorus
1541 3269 1800 3316 ornator:
1830 3265 2067 3334 permul-

465 3355 603 3397 cens
628 3342 792 3396 etiam
814 3343 1109 3414 inspectus,
1139 3353 1278 3416 quos
1297 3350 1634 3418 gratissimos
1667 3352 1929 3408 reddebat
1969 3369 2067 3410 au-

469 3434 635 3489 ditus.
657 3433 816 3491 Tales
837 3436 980 3492 enim
1002 3438 1160 3495 decet
1186 3454 1304 3496 esse
1331 3441 1534 3499 aulicos
1560 3443 1728 3514 viros,
1763 3453 1822 3500 ut
1859 3454 2065 3502 natura:

467 3525 614 3582 bona
640 3527 840 3584 indicio
863 3527 1056 3586 frontis
1086 3532 1350 3602 aperiant,
1400 3541 1456 3590 et
1499 3535 1710 3605 possint
1749 3537 1966 3606 agnosci
1989 3537 2066 3594 de

470 3617 735 3685 moribus,
782 3633 904 3674 cum
963 3620 1230 3678 videntur.
1288 3622 1496 3680 Taceas
1551 3626 1694 3680 enim
1745 3628 2064 3698 plerunque

466 3708 816 3782 despicabilis
859 3721 964 3782 est,
1015 3714 1060 3770 si
1115 3730 1237 3771 eum
1282 3719 1493 3772 tantum
1548 3718 1728 3789 lingua
1775 3721 2058 3777 nobilitat:

467 3818 686 3875 semper
711 3814 892 3861 autem
935 3807 989 3862 in
1029 3807 1240 3863 honore
1272 3817 1473 3876 manet,
1522 3811 1567 3866 si
1607 3811 1760 3880 cuius
1797 3821 1882 3869 est
1911 3822 2061 3868 tran-

467 3895 669 3964 quillus
709 3896 939 3962 animus,
969 3912 1093 3953 eum
1121 3913 1339 3968 quoque
1380 3900 1756 3955 serenissimus
1785 3917 2063 3958 commen-

468 3987 561 4041 det
587 3995 856 4056 aspectus.
883 3987 1002 4044 Hoc
1020 3989 1253 4059 denique
1275 3989 1418 4046 facto
1442 3996 1702 4048 testamur
1727 3993 1936 4064 copiam
1961 4011 2062 4054 nos

467 4077 672 4132 habere
715 4077 1079 4148 prudentium,
1129 4083 1345 4152 quando
1404 4082 1524 4139 talis
1573 4084 1807 4153 eligitur,
1849 4087 1942 4156 qui
1991 4099 2059 4144 ex

472 4175 700 4238 utraque
735 4178 890 4240 parte
929 4170 1195 4226 laudetur.
1238 4171 1572 4244 Eloquentia:
1599 4190 1730 4231 vero
1768 4177 1909 4232 bona
1940 4178 2059 4234 in’e-

470 4266 621 4329 ptum
649 4268 736 4315 est
762 4259 815 4314 in
837 4269 1104 4332 quazstore
1134 4261 1443 4332 praedicare,
1467 4279 1589 4319 cum
1618 4264 1686 4319 ad
1714 4265 1820 4320 hoc
1849 4268 2058 4336 specia-

469 4353 593 4408 liter
612 4353 871 4424 probetur
897 4353 1153 4421 adscitus,
1175 4363 1236 4408 ut
1251 4355 1560 4425 opinionem
1581 4364 1887 4427 temporum
1916 4371 2061 4415 com-

469 4444 685 4499 mendet
735 4445 997 4514 qualitate
1049 4445 1336 4501 dictorum.
1397 4445 1531 4502 Aliis
1590 4447 1732 4502 enim
1784 4447 2058 4518 iudicibus

2166 1971 2472 2041 agnoscatis
2493 1972 2641 2028 illum
2665 1973 2770 2028 hoc
2796 1982 3014 2043 aptasse
3035 1974 3325 2045 pmcipue,
3356 1983 3622 2044 quatenus
3650 1975 3758 2030 bo-

2165 2062 2248 2118 nis
2271 2063 2638 2119 sacerdotibus
2669 2062 3030 2120 Ecelesiarutn
3074 2066 3313 2121 omnium
3342 2065 3530 2134 religio
3574 2065 3763 2135 pulluc

2167 2156 2327 2212 taret.
2362 2155 2660 2228 accepistis
2689 2158 2871 2228 itaque
2899 2159 3100 2223 virum,
3131 2165 3190 2214 et
3219 2159 3400 2214 divina
3427 2159 3597 2229 gratia
3626 2173 3763 2228 pro-

2167 2245 2414 2305 babiliter
2435 2248 2761 2313 institutum,
2779 2257 2836 2303 et
2853 2249 3018 2319 regali
3039 2249 3434 2304 examinatione
3451 2250 3496 2303 la
3505 2249 3760 2303 udaturn.

2165 2335 2353 2394 Nullus
2399 2337 2575 2394 adhuc
2613 2339 2840 2409 pristina
2883 2341 3234 2396 contentione
3275 2346 3539 2396 teneatur.
3573 2339 3764 2395 Pudo-

2167 2443 2283 2484 nem
2309 2445 2416 2485 non
2440 2430 2605 2486 habet
2628 2431 2774 2501 victi,
2794 2431 2948 2502 cujus
2968 2440 3154 2488 votum
3173 2432 3435 2501 contingit
3461 2447 3493 2486 a
3512 2431 3766 2502 principe

2167 2519 2430 2587 superari.
2481 2517 2574 2574 Ille
2619 2520 2858 2588 quinirno
2903 2536 3057 2576 suum
3115 2520 3300 2588 efﬁcit,
3345 2522 3436 2590 qui
3483 2535 3605 2576 eum
3655 2521 3765 2576 sub

2167 2608 2402 2680 puritate
2430 2610 2695 2666 dilexerit.
2719 2611 2851 2667 Nam
2872 2627 2991 2682 quae
3007 2613 3081 2668 sit
3103 2628 3265 2669 causa
3291 2612 3514 2681 doioris,
3531 2614 3766 2683 quando

2168 2701 2275 2758 hoc
2297 2712 2354 2758 et
2381 2703 2435 2758 in
2459 2704 2564 2760 isto
2591 2703 2814 2774 reperit,
2845 2704 2988 2775 quod
3017 2703 3174 2760 alteri
3219 2705 3273 2758 in
3311 2713 3518 2775 partem
3560 2702 3767 2758 doctus

2167 2797 2469 2868 optaverit?
2497 2796 2679 2853 Civica
2711 2797 2858 2871 [Ed.,
2883 2797 3092 2871 'crinea]
3117 2807 3252 2854 "sunt
3291 2800 3392 2854 ista
3431 2799 3763 2864 certamina,

2166 2902 2346 2960 pugna
2382 2891 2498 2946 sine
2539 2889 2704 2959 ferro,
2735 2891 2848 2947 rixa
2889 2892 3006 2948 sine
3053 2894 3222 2959 odio;
3268 2893 3611 2958 clamoribus,
3651 2907 3766 2950 non

2165 2980 2444 3038 doloribus
2472 2997 2556 3038 res
2585 2983 2687 3038 ista
2715 2986 3007 3054 peragitur.
3039 2985 3172 3041 Nam
3203 2986 3304 3040 etsi
3351 2998 3582 3055 persona
3625 2988 3768 3041 sub-

2165 3079 2316 3126 mota
2345 3073 2431 3138 sit,
2468 3073 2596 3128 nihil
2621 3081 2800 3130 tamen
2825 3091 2855 3130 a
2884 3075 3124 3132 fidelibus
3148 3077 3428 3145 amittitur,
3459 3091 3579 3133 cum
3598 3086 3769 3146 apta-

2169 3169 2282 3216 tum
2328 3163 2686 3220 sacerdotium
2733 3167 3058 3237 possidetur.
3089 3167 3446 3238 Quapropter,
3491 3168 3770 3226 redeunte

2167 3251 2346 3321 legato
2394 3264 2606 3332 vestro,
2664 3257 2858 3312 illustri
2907 3259 3020 3314 viro
3071 3257 3365 3327 Publiano,
3430 3260 3770 3314 rationabile

2167 3345 2419 3402 duximus
2441 3347 2506 3402 ad
2530 3357 2730 3404 emtum
2754 3359 2992 3406 vestrum
3019 3351 3358 3406 salutationis
3382 3351 3561 3420 apices
3585 3351 3770 3407 desti-

2168 3453 2319 3494 nare.
2351 3438 2539 3509 Magna
2585 3442 2727 3498 enim
2766 3441 3100 3512 iucunditate
3145 3445 3485 3514 per-fruimur,
3537 3445 3772 3513 quoties

2166 3539 2292 3586 cum
2339 3534 2535 3588 nostris
2584 3534 2897 3603 proceribus
2946 3534 3105 3590 verba
3168 3535 3474 3590 miscemus.
3525 3533 3593 3587 Et
3659 3537 3770 3590 hoc

2165 3627 2382 3692 quoque
2428 3623 2805 3679 suavissimum
2848 3625 3002 3680 vobis
3050 3625 3270 3679 minime
3315 3624 3673 3692 dubitamus,
3722 3627 3770 3681 si

2164 3712 2309 3782 quod
2338 3712 2480 3769 illius
2508 3712 2713 3771 fecistis
2755 3716 3002 3788 imperio,
3035 3716 3190 3772 nobis
3231 3717 3392 3772 etiam
3424 3719 3770 3787 cognoscitis

2163 3817 2285 3859 esse
2305 3805 2616 3874 gratiosum.

2615 3941 2769 4015 ιω
2807 3941 3137 4000 EPlSTOLA
3173 3944 3312 4001 xvr.

2305 4065 2533 4107 OPILIONI
2557 4068 2742 4108 COIITI
2770 4069 3044 4110 SACRARUI
3075 4071 3437 4111 ATHALARICUS
3473 4071 3607 4112 RB”.

2165 4162 2393 4220 Summis
2414 4163 2652 4238 laudibus
2677 4181 2791 4219 eum
2813 4183 2927 4220 cum
2959 4169 3121 4238 fratre
3141 4168 3364 4234 extollit,
3395 4177 3446 4222 et
3473 4168 3550 4221 illi
3584 4173 3766 4226 conti-

2410 4236 2560 4288 tivam
2594 4252 2863 4290 sacrarum
2883 4236 3216 4308 largitionum
3245 4239 3492 4292 concedit.

2231 4347 2419 4404 Solent
2447 4347 2660 4418 quidem
2685 4349 2962 4404 venientes
2991 4348 3057 4403 ad
3087 4349 3289 4405 aulicas
3317 4349 3614 4418 dignitates
3641 4352 3767 4407 diu-

2161 4441 2274 4497 tina
2319 4441 2694 4512 exploratione
2742 4442 3007 4508 trutinari,
3060 4457 3128 4497 ne
3167 4441 3441 4512 imperiale
3484 4441 3768 4510 judicium

466 4527 866 4604 provinciarum
895 4537 1249 4591 committitur
1270 4537 1501 4602 exactio,
1525 4537 1642 4593 aliis
1664 4539 1856 4608 privati
1879 4539 2056 4594 mrarii
2088 4573 2136 4635 ο
2161 4534 2361 4606 aliquid
2393 4533 2626 4605 probare
2652 4533 2901 4589 videatur
2927 4534 3258 4605 ambiguum,
3285 4534 3539 4635 quoniam
3579 4536 3768 4604 gloria

465 4626 711 4682 custodia
732 4625 1038 4696 delegatur;
1067 4628 1192 4683 huic
1219 4637 1398 4684 autem
1426 4629 1616 4684 aulicae
1643 4628 1797 4684 fama:
1827 4629 2054 4699 insignia

463 4725 822 4788 reponuntur,
851 4718 995 4774 unde
1024 4734 1122 4788 per
1147 4728 1319 4775 totum
1343 4722 1602 4777 mundum
1629 4723 1812 4792 opinio
1840 4723 2054 4792 vulgata

463 4807 730 4863 laudetur.
778 4805 932 4875 Quod
961 4808 1118 4863 nobis
1145 4809 1301 4877 adeo,
1333 4821 1515 4882 patres
1559 4811 1871 4883 conscripti,
1908 4815 2054 4869 testi-

463 4899 728 4954 mavimus
780 4913 903 4954 esse
944 4899 1326 4970 repetendum,
1372 4909 1434 4955 ut
1474 4900 1612 4957 tales
1668 4918 1766 4958 nos
1813 4918 2058 4972 quaerere

463 4989 718 5057 credatis,
749 4989 939 5059 quaies
960 4998 1016 5045 et
1042 4998 1242 5046 nostrze
1279 4990 1445 5059 laudi,
1479 4999 1536 5045 et
1561 4999 1752 5047 vestrae
1779 4993 2056 5050 securitati

463 5080 715 5153 expediat
763 5081 1014 5138 inveniri.
1061 5080 1351 5152 Agnoscite
1379 5082 1522 5139 docti
1559 5080 1760 5139 bonum
1797 5085 2056 5157 principis

465 5179 684 5240 votum;
713 5171 972 5228 conﬁdite
996 5172 1064 5228 de
1091 5172 1390 5240 beneﬁciis,
1415 5174 1509 5244 qui
1540 5174 1840 5232 litterarum
1865 5177 2058 5247 proba-

460 5262 591 5318 niini
628 5261 831 5320 habere
871 5263 1138 5320 notitiam.
1169 5263 1485 5334 Segnissimi
1523 5274 1606 5321 est
1648 5272 1885 5338 torpere,
1928 5284 2051 5325 cum

462 5481 836 5611 angulorum
863 5483 1210 5556 Apollinaris,
1242 5485 1296 5542 in
1325 5500 1584 5560 panegyr.
1610 5483 1916 5557 Majorian.,
1947 5488 2050 5539 sub

923 5645 1072 5706 Cujus
1092 5646 1322 5706 dignatur
1348 5647 1408 5697 ab
1433 5660 1521 5696 ore

584 5705 808 5815 tin
827 5708 948 5756 orbe
969 5705 1123 5770 loqui,
1145 5705 1261 5758 hcet
1285 5717 1337 5758 et
1351 5717 1596 5772 quaestore
1616 5708 1804 5758 diserto

466 5847 532 5902 Et
577 5856 759 5902 noster
787 5848 1154 5916 Cassiodorus,
1205 5848 1295 5906 lib.
1330 5866 1400 5918 vt,
1448 5851 1499 5905 in
1531 5850 1686 5905 form.
1727 5858 2006 5918 quaestura:
2028 5867 2045 5902 ις

2161 4627 2314 4697 regni
2340 4633 2425 4683 est
2451 4626 2719 4696 reperisse
2742 4624 2955 4695 iudices
2983 4625 3298 4693 exquisitos.
3349 4623 3455 4680 Sed
3496 4633 3620 4680 tam
3665 4625 3772 4682 fre-

2162 4733 2333 4787 quens
2362 4727 2446 4774 est
2464 4717 2676 4774 familia;
2701 4727 2894 4774 vestra:
2926 4718 3260 4774 felicissimus
3300 4727 3622 4788 provectus,
3651 4727 3768 4773 tam

2163 4810 2217 4864 in
2248 4809 2427 4864 multis
2447 4810 2690 4881 personis
2713 4809 2983 4865 declarata
3006 4809 3309 4879 prudentia,
3333 4807 3534 4863 utlicet
3555 4810 3772 4879 aliquis

2163 4915 2260 4955 vos
2289 4899 2451 4969 eligat
2477 4899 2544 4953 ad
2583 4900 2837 4965 subitum,
2871 4899 2999 4954 nihil
3047 4899 3238 4979 fecisse
3282 4899 3532 4953 videatur
3576 4900 3770 4956 incer-

2165 5001 2298 5048 tum.
2355 4990 2769 5046 Similitudinem
2824 4992 3046 5047 suorum
3104 4988 3229 5044 felix
3282 5003 3417 5044 vena
3467 4991 3766 5055 custodit,

2159 5083 2375 5154 quando
2421 5082 2586 5153 pudet
2622 5082 2953 5152 delinquere,
2995 5081 3088 5151 qui
3120 5079 3316 5136 similia
3360 5089 3657 5150 nequeunt
3709 5080 3764 5134 in

2156 5191 2256 5232 suo
2275 5187 2474 5243 genere
2497 5174 2750 5244 reperire.
2777 5172 2914 5228 Hinc
2941 5171 3188 5242 estquod
3214 5170 3405 5226 melius
3433 5170 3769 5238 agnoscitur

2157 5268 2384 5338 elegisse
2432 5267 2690 5335 nobilem,
2739 5281 2898 5337 quam
2942 5264 3133 5322 fecisse
3179 5263 3420 5328 felicem;
3473 5261 3605 5330 quia
3659 5263 3769 5316 iste

2153 5485 2366 5564 Quanto
2395 5487 2679 5564 facundior
2704 5486 2865 5564 debet
2885 5499 3025 5564 esse,
3056 5484 3147 5553 qui
3170 5482 3554 5564 orepriucipis
3581 5498 3772 5554 popu-

2154 5558 2236 5612 los
2263 5560 2504 5614 noscitur
2527 5559 2818 5633 admonere
2843 5554 2856 5606 l
2883 5556 3078 5610 Notum
3107 5561 3190 5609 est
3216 5554 3379 5633 etiam
3412 5564 3769 5633 quiestorutn

2161 5643 2338 5704 opera
2364 5645 2490 5684 usos
2532 5631 2905 5704 imperatores,
2949 5640 3074 5680 cum
3121 5627 3430 5704 orationes,
3455 5633 3566 5704 _aut
3616 5627 3772 5704 quid

2160 5692 2304 5754 a7iud
2327 5701 2378 5754 in
2403 5692 2930 5763 senatu-recitarem,
2970 5705 3032 5750 ut
3059 5709 3126 5750 ex
3150 5693 3413 5763 Suetonio
3455 5692 3665 5762 liquet;
3709 5697 3770 5751 in

2153 5769 2412 5896 éugnsto,
2437 5767 2666 5842 cap.65;
2698 5769 2752 5824 in
2765 5762 3054 5838 Tito,cap.
3078 5764 3143 5832 6;
3176 5765 3230 5821 in
3253 5762 3486 5833 Nerone,
3514 5778 3647 5835 cap.
3669 5763 3765 5823 15.

2197 5857 2392 5896 ORNER.

2197 5857 2392 5899 ORNER.
