3990 6170
363 310 467 365 749

1615 310 1972 366 VARIARUM
2013 311 2210 366 LIBER
2249 311 2384 366 Vlll.

3521 314 3622 371 750

359 431 744 501 commonitus,
795 448 893 504 per
934 442 1177 490 veterum
1224 448 1282 488 se
1348 430 1484 488 facta
1535 429 1799 495 custodit;
1858 428 1946 482 ille
1977 431 2025 490 Α
2121 441 2168 483 et
2195 432 2322 498 petit
2349 439 2404 504 ut
2434 431 2640 504 jubeant
2669 428 2976 496 promotioni
3006 427 3115 496 ejus
3138 430 3205 481 ad
3231 430 3517 484 comitivam
3541 448 3623 485 sa-

359 523 667 592 exemplum
690 540 796 579 non
829 524 1012 592 habet,
1053 525 1154 581 nisi
1193 525 1334 594 quod
1366 523 1574 579 fecerit.
1610 521 1949 593 Quapropter

362 630 560 671 secure
593 616 684 671 tibi
715 617 985 673 credimus
1013 618 1158 686 quod
1179 618 1339 676 toties
1364 626 1456 671 tuo
1485 616 1665 685 generi
1695 613 1947 669 commis—

361 721 478 762 sum
502 705 666 761 fuisse
693 707 1006 776 gaudemus.
1037 707 1200 762 Pater
1225 707 1308 764 his
1335 706 1564 762 fascibus
1592 703 1820 775 praefuit,
1854 702 1949 758 sed

362 809 417 856 et
443 799 612 855 frater
634 800 823 854 eadem
847 799 1176 870 respleuduit
1213 799 1478 854 claritate.
1520 797 1638 866 Ipsa
1685 795 1945 866 quodam-

358 891 522 946 modo
559 889 794 959 dignitas
824 891 878 944 in
907 890 1190 961 penatibus
1218 889 1413 944 vestris
1458 888 1626 942 larem
1668 882 1862 955 posuit,
1895 892 1949 938 et

359 981 718 1036 domesticum
747 980 946 1037 factum
970 990 1053 1038 est
1081 981 1350 1055 publicum
1379 981 1562 1036 decus.
1593 978 1726 1032 Nam
1750 975 1949 1030 militiae

361 1071 608 1126 ordinem
665 1071 765 1126 sub
819 1070 1056 1127 fraterna
1107 1072 1266 1127 laude
1321 1069 1579 1136 didicisti;
1633 1069 1719 1123 cui
1763 1076 1948 1124 mutuo

360 1180 640 1222 connexus
692 1166 924 1236 affectu,
969 1167 1231 1238 implebas
1279 1166 1550 1220 laboribus
1606 1165 1844 1228 socium,
1896 1170 1950 1216 et

358 1256 711 1312 consiliorum
743 1257 1155 1328 participatione
1191 1270 1526 1326 germanum,
1567 1255 1634 1310 ad
1683 1263 1734 1308 te
1770 1252 1949 1324 potius

359 1349 636 1419 pertinere
686 1349 986 1418 dijudicans
1051 1350 1196 1420 quod
1246 1349 1412 1404 frater
1467 1355 1771 1418 acceperat.
1834 1346 1950 1402 Hoc

359 1439 556 1496 baculo
583 1440 948 1495 reclinabatur
978 1441 1067 1496 ille
1093 1441 1330 1508 felicior,
1362 1449 1479 1495 astu
1511 1439 1750 1509 quaedam
1781 1438 1948 1506 negli-

357 1544 492 1599 gens
521 1532 938 1602 praesumptione
975 1533 1069 1597 tui,
1103 1533 1227 1603 quia
1257 1549 1355 1603 per
1383 1540 1435 1588 te
1481 1531 1660 1588 omnia
1693 1531 1948 1586 cernebat

361 1620 593 1689 impleri.
625 1619 703 1674 En
733 1620 888 1677 dulce
911 1621 1134 1687 fratrum
1163 1624 1497 1693 obsequium,
1527 1631 1580 1678 et
1604 1622 1946 1694 praesentium

362 1720 669 1781 temporum
701 1714 920 1785 antiqua
951 1717 1259 1770 concordia.
1293 1715 1438 1770 Bene
1466 1715 1660 1771 talibus
1699 1714 1946 1770 sensibus

2123 515 2327 552 crurum
2361 499 2711 570 largitionum.

2120 629 2289 684 Tanta
2318 637 2418 696 est,
2468 638 2648 699 patres
2698 629 3009 700 conscripti,
3053 631 3105 684 in
3136 632 3422 688 candidato
3473 635 3629 706 copia

2049 721 2387 786 meritorum,
2418 728 2476 774 ut
2500 734 2784 774 vereamur
2812 735 2880 776 ne
2921 721 3120 777 tardius
3160 731 3376 793 putetur
3402 725 3626 793 electus,

2049 827 2210 882 quam
2251 827 2358 867 non
2399 811 2469 866 sit
2510 810 2710 880 judicio
2746 812 3142 881 comprobatus.
3186 812 3317 866 Nam
3345 831 3464 869 cum
3494 815 3630 872 divae

2049 903 2326 959 memoriae
2355 917 2485 958 avus
2515 909 2700 958 noster
2727 902 2960 972 optimos
2985 905 3129 959 viros
3159 905 3497 975 exquireret,
3526 924 3629 965 no-

2047 992 2130 1048 bis
2158 1007 2279 1047 eum
2311 992 2757 1047 irremuneratum
2786 993 3096 1062 prosperior
3122 992 3335 1050 fortuna
3373 999 3628 1054 servavit.

2048 1081 2128 1137 Illi
2157 1083 2353 1152 paruit,
2384 1083 2462 1136 illi
2497 1082 2664 1137 multa
2695 1081 3034 1138 officiositate
3064 1085 3304 1154 servivit,
3353 1096 3409 1141 et
3455 1103 3485 1142 a
3527 1089 3630 1143 do-

2048 1172 2194 1228 mino
2241 1172 2540 1241 largissimo
2579 1172 2966 1228 beneficiorum
3011 1173 3128 1229 sine
3174 1176 3350 1246 aliqua
3397 1178 3632 1234 retribu-

2053 1265 2197 1320 tione
2223 1270 2434 1318 constat
2465 1278 2583 1319 esse
2614 1263 2947 1319 derelictum.
2971 1264 3145 1320 Credo
3176 1267 3339 1321 dilata
3369 1276 3450 1323 est
3479 1286 3630 1324 com-

2050 1356 2296 1427 pensatio
2324 1354 2522 1420 meriti,
2549 1362 2609 1409 ut
2634 1355 2786 1410 nobis
2815 1356 2992 1425 aptior
3013 1355 3200 1429 [Edd.,
3224 1359 3342 1425 Aa,
3375 1361 3632 1434 apertior]

2050 1447 2203 1503 fieret
2247 1461 2408 1503 causa
2454 1445 2758 1515 praestandi.
2811 1443 3108 1501 Conveniat
3163 1449 3302 1503 enim
3351 1465 3410 1504 se
3463 1451 3634 1520 pietas

2049 1545 2234 1593 nostra
2264 1537 2381 1605 lege
2410 1543 2636 1591 naturae.
2663 1534 2996 1605 Condignum
3021 1544 3104 1591 est
3133 1537 3200 1592 ab
3229 1538 3441 1594 haerede
3472 1540 3628 1608 solvi,

2048 1629 2190 1699 quod
2214 1629 2469 1684 collatum
2493 1636 2706 1683 constat
2724 1628 2950 1682 auctori.
2977 1628 3085 1684 Cur
3107 1631 3251 1684 enim
3276 1630 3636 1688 munificentia

2050 1728 2235 1776 nostra
2265 1735 2388 1774 eum
2413 1719 2678 1787 differret,
2706 1735 2826 1774 cum
2857 1734 2977 1774 eum
3007 1719 3271 1790 proficere
3301 1723 3636 1780 consuetudo

355 1801 617 1871 judicium
642 1805 899 1874 creditur,
929 1806 1021 1875 qui
1050 1821 1266 1862 servare
1289 1822 1469 1861 mores
1492 1806 1805 1860 naturaliter
1825 1820 1948 1860 sen-
1978 1804 2025 1863 B
2051 1823 2158 1864 suae
2183 1809 2478 1864 nobilitatis
2507 1811 2758 1878 urgeret?
2799 1807 2960 1863 Pater
2989 1809 3114 1864 huic
3154 1825 3315 1865 manu
3347 1812 3540 1877 clarus,
3571 1828 3636 1867 ac

361 1893 585 1948 tiuntur.
611 1893 764 1960 Quod
789 1895 831 1950 si
855 1895 1052 1952 amteni
1074 1911 1318 1952 secessus
1360 1906 1415 1952 et
1435 1897 1760 1968 provinciale
1782 1897 1948 1951 otium

360 1982 501 2037 forte
529 1983 828 2051 libuissent,
861 1987 927 2040 ad
957 1995 1010 2043 te
1051 1997 1279 2043 caterva
1309 1989 1643 2042 causantium
1691 1995 1746 2042 et
1786 1988 1948 2043 anxia

360 2075 657 2130 currebant
685 2086 808 2132 vota
837 2078 1105 2134 laesorum.
1137 2079 1270 2134 Boni
1294 2079 1491 2149 judicis
1512 2080 1652 2135 inter
1680 2095 1774 2136 eos
1797 2096 1946 2135 assu-

359 2165 548 2221 mebas
578 2165 850 2236 oﬂicium;
881 2177 936 2224 et
976 2169 1275 2225 futurorum
1300 2169 1529 2240 quodam
1560 2179 1781 2239 urgente
1809 2185 1949 2240 prae-

359 2256 532 2324 sagio,
593 2256 736 2326 quod
788 2272 819 2312 a
873 2259 1028 2314 nobis
1075 2260 1319 2329 accipere
1358 2269 1591 2330 poteras,
1638 2261 1950 2317 meritorum

359 2348 732 2417 assumptione
756 2350 1071 2420 peragebas.
1109 2349 1448 2407 Meminimus
1477 2353 1636 2406 etiam
1663 2368 1768 2422 qua
1798 2351 1951 2407 nobis

361 2438 414 2493 in
439 2439 746 2510 primordiis
768 2444 919 2512 regni
945 2446 1114 2501 nostri
1137 2442 1425 2502 devotione
1445 2448 1711 2514 scrvieris,
1735 2446 1950 2518 quando

361 2532 601 2587 maxime
649 2534 1016 2590 necessarium
1073 2533 1307 2590 fidelium
1354 2536 1583 2591 habetur
1612 2536 1947 2606 obsequium.

360 2620 492 2676 Nam
533 2639 654 2678 cum
703 2635 826 2694 post
872 2627 1156 2682 transitum
1212 2626 1436 2700 [Juret.:
1468 2627 1536 2682 Id
1567 2638 1661 2694 est,
1691 2627 1946 2699 mortem]

362 2711 504 2767 divae
531 2714 803 2769 memoriae
852 2715 1036 2771 domui
1084 2717 1169 2773 avi
1216 2718 1384 2772 nostri
1433 2719 1948 2789 anxia'populorum

359 2810 485 2857 vota
537 2805 890 2874 trepidarent,
939 2814 994 2862 et
1032 2806 1100 2863 de
1148 2808 1281 2863 tanti
1329 2807 1477 2877 regni
1523 2808 1696 2864 adhuc
1743 2809 1950 2865 incerto

361 2895 579 2951 haerede
606 2896 974 2965 subjectorum
1002 2914 1061 2955 se
1089 2899 1251 2955 corda
1277 2899 1678 2971 perfunderent,
1710 2903 1948 2974 auspicia

362 2995 546 3042 nostra
572 2985 851 3056 Liguribus
879 2988 1007 3044 felix
1032 2991 1261 3060 portitor
1282 2991 1570 3058 nuntiasti;
1595 3000 1649 3046 et
1676 2992 1950 3063 sapientiae

362 3088 468 3133 tuae
497 3077 826 3134 allocutione
876 3077 1072 3134 firmati
1119 3095 1427 3149 maerorem,
1467 3096 1625 3150 quem
1655 3081 1722 3137 de
1750 3097 1947 3138 occasu

2054 1917 2262 1956 summa
2297 1901 2396 1956 fuit
2424 1917 2635 1956 morum
2665 1901 2944 1956 nobilitate
2973 1903 3310 1972 conspicuus,
3342 1919 3502 1973 quem
3539 1921 3637 1962 uec

2053 1989 2314 2048 ferventia
2341 1991 2482 2047 bella
2511 1998 2831 2061 respuerunt
2849 2033 2864 2058 ,
2894 2007 3015 2046 cum
3047 1995 3332 2062 tranquilla
3359 1998 3466 2050 otia
3497 2013 3636 2066 prae-

2053 2083 2341 2138 dicarent:
2396 2099 2626 2153 corpore
2669 2083 2892 2149 validus,
2937 2085 3171 2139 amicitia
3221 2088 3489 2156 robustus,
3537 2093 3637 2145 aevi

2054 2174 2430 2242 antiquitatem
2479 2173 2752 2242 gestabat,
2806 2172 3031 2242 abjectis
3081 2177 3262 2230 saeculi
3307 2179 3450 2234 vitiis
3497 2180 3632 2252 [Με.

2052 2265 2212 2328 Aud.,
2246 2264 2470 2332 abjectis
2490 2263 2698 2319 saeculis
2727 2261 3032 2336 Odoacris],
3063 2265 3261 2322 ditatus
3285 2267 3443 2324 claris
3463 2271 3637 2326 bono-

2053 2355 2219 2409 ribtts.
2253 2353 2347 2409 llis
2365 2353 2697 2425 temporibus
2725 2353 2938 2408 habitus
2960 2339 3045 2409 est
3071 2355 3316 2422 eximius,
3348 2374 3467 2414 cum
3489 2361 3638 2431 prin-

2053 2461 2182 2516 ceps
2209 2460 2316 2500 non
2345 2451 2489 2501 esset
2509 2453 2743 2500 erectus.
2775 2443 2882 2498 Sed
2903 2443 3029 2514 quid
3058 2445 3329 2515 antiquam
3350 2458 3635 2517 parentum

2053 2535 2169 2604 ejus
2207 2534 2502 2604 repetimus
2548 2532 2906 2600 nobilitatem,
2938 2547 3062 2587 cum
3091 2533 3263 2588 vicina
3293 2536 3638 2606 resplendeat

2052 2625 2174 2680 luce
2201 2623 2470 2694 germani;
2501 2622 2654 2692 cujus
2696 2638 2803 2677 non
2833 2621 3010 2677 dicam
3049 2624 3404 2695 proximitati,
3427 2628 3520 2682 sed
3551 2631 3633 2684 vel

2052 2716 2298 2771 amicitiae
2343 2714 2691 2783 conjunctum
2736 2713 2898 2768 fuisse
2950 2720 3128 2783 potest
3175 2729 3294 2770 esse
3335 2716 3636 2775 laudabile?

2053 2805 2222 2874 Hujus
2248 2803 2532 2859 virtutibus
2571 2803 2644 2856 ita
2692 2817 2750 2857 se
2795 2801 3019 2858 sociavit
3046 2810 3206 2872 atque
3233 2807 3544 2871 connexuit,
3575 2818 3636 2863 ut

2053 2898 2155 2952 hoc
2184 2897 2361 2966 potius
2389 2894 2458 2949 sit
2484 2894 2769 2960 incertum,
2802 2892 2892 2961 qui
2937 2892 3106 2961 magis
3143 2908 3208 2947 ex
3237 2893 3408 2950 altero
3437 2896 3634 2965 praedi-

2050 2997 2220 3045 cetur.
2248 2987 2509 3042 Amicitiis
2531 2986 2620 3041 ille
2647 2993 2863 3055 praestat
2891 2984 3078 3052 fidem;
3107 2985 3201 3040 sed
3231 3001 3478 3056 magnam
3501 3007 3630 3060 pro-

2054 3079 2230 3135 missis
2258 3077 2420 3133 debet
2461 3077 2562 3132 iste
2607 3075 2982 3131 constantiam.
3016 3074 3109 3130 llle
3150 3090 3364 3146 quoque
3406 3081 3629 3137 avaritia

362 3159 743 3240 conceperant,
776 3178 898 3225 ortu
946 3171 1115 3225 nostri
1144 3171 1354 3242 imperii
1393 3171 1444 3226 in
1484 3170 1673 3241 gaudia
1703 3185 1942 3226 commu-
1973 3161 2018 3225 C
2047 3185 2270 3238 vacuus,
2301 3178 2356 3225 et
2383 3170 2483 3223 iste
2511 3182 2540 3222 a
2570 3166 2946 3236 cupiditatibus
2968 3169 3226 3238 probatur
3244 3169 3470 3225 alienus.
3493 3170 3628 3227 flinc

363 3259 571 3314 tabant.
602 3259 884 3316 lnnovatio
907 3261 1048 3330 regis
1081 3262 1196 3316 sine
1225 3261 1402 3330 aliqua
1434 3259 1746 3316 confusione
1777 3271 1950 3316 trans-

363 3349 476 3417 ivit,
499 3359 556 3406 et
572 3350 874 3407 sollicitudo
900 3360 990 3407 tua
1016 3352 1260 3422 praestitit
1281 3351 1424 3421 quod
1454 3367 1551 3406 nos
1579 3352 1753 3406 nullus
1779 3345 1948 3407 offen-

363 3439 461 3495 dit.
494 3440 670 3512 Atque
690 3441 810 3497 ideo
831 3441 1057 3512 probato
1080 3441 1274 3495 talibus
1302 3439 1555 3494 institutis
1578 3438 1948 3494 abindictione

362 3530 597 3586 feliciter
616 3538 767 3586 sexta
799 3533 972 3603 (Anno
1003 3528 1194 3586 Christi
1226 3528 1349 3600 528)
1388 3545 1662 3585 sacrarum
1709 3529 1949 3598 largitio-

363 3637 493 3677 num
522 3623 850 3690 comittvam,
878 3623 1107 3692 propitia
1132 3621 1226 3676 tibi
1257 3620 1562 3685 Divinitate,
1583 3619 1943 3675 concedimus.

369 3715 574 3772 Usurus
619 3732 678 3772 es
727 3716 974 3772 omnibus
1021 3715 1314 3786 privilegiis
1357 3721 1519 3784 atque
1575 3711 1949 3768 emolumentis

363 3823 482 3879 quae
507 3807 574 3863 ad
605 3817 724 3864 tuos
746 3807 1060 3863 decessores
1091 3805 1413 3876 pertinuisse
1443 3812 1757 3859 noscuntur.
1796 3801 1948 3858 Absit

365 3902 510 3956 enim
538 3909 600 3956 ut
638 3901 808 3970 aliqua
850 3899 1130 3956 calumniae
1171 3895 1568 3952 machinatione
1614 3894 1944 3964 quatiantur,

364 3991 456 4062 qui
483 3992 714 4047 actionis
742 4005 851 4045 suae
881 3989 1130 4044 firmitate
1151 3987 1468 4042 consistunt.
1499 3984 1622 4039 Fuit
1650 3985 1790 4040 enim
1816 3991 1951 4038 tem-

363 4101 487 4156 pus,
518 4100 638 4140 cum
667 4100 764 4155 per
789 4084 1058 4139 delatores
1086 4091 1412 4138 vexarentur
1439 4090 1493 4136 et
1516 4079 1744 4150 judices.
1777 4077 1951 4148 Depo-

370 4175 481 4229 nite
531 4173 643 4242 jam
695 4172 1054 4237 formidinem,
1097 4173 1190 4241 qui
1238 4188 1343 4227 non
1416 4171 1624 4226 habetis
1668 4186 1947 4226 errorem:

367 4264 629 4319 fructibus
674 4272 974 4319 vestrarum
1005 4263 1216 4318 utimini
1262 4262 1612 4331 dignitatum;
1658 4277 1779 4317 nam
1809 4261 1952 4330 quod

368 4354 520 4410 vobis
542 4368 638 4425 per
663 4353 976 4409 decessores
1006 4352 1536 4424 praedecessoresque
1569 4359 1783 4406 nostros
1812 4359 1948 4404 tem-

366 4447 590 4516 poribus
625 4445 809 4500 domni
854 4444 937 4498 avi
989 4444 1158 4500 nostri
1205 4442 1539 4499 consuetudo
1579 4443 1737 4510 longa
1782 4440 1947 4504 dedit,

2048 3270 2130 3318 est
2151 3259 2295 3331 quod
2316 3267 2513 3314 norunt
2538 3259 2754 3326 regibus
2782 3271 2998 3312 servare
3027 3256 3206 3323 fidem,
3233 3259 3358 3329 quia
3384 3262 3632 3319 nesciunt

2049 3353 2133 3407 vel
2156 3352 2294 3406 inter
2320 3347 2557 3419 aequales
2581 3363 2836 3404 exercere
2865 3347 3162 3419 perfidiam.
3185 3349 3260 3405 lbi
3280 3352 3421 3406 enim
3451 3369 3628 3411 mores

2047 3439 2255 3495 facilius
2282 3439 2600 3510 probantur,
2633 3437 2724 3493 ubi
2753 3446 2944 3492 natura
2973 3437 3072 3492 sub
3102 3439 3348 3502 libertate
3370 3449 3625 3497 monstra

2048 3539 2156 3588 tur.
2187 3531 2467 3600 Quomodo
2493 3546 2622 3600 ergo
2645 3529 2743 3584 sub
2765 3529 2997 3600 puritate
3019 3545 3126 3583 non
3147 3529 3380 3584 serviant
3400 3531 3629 3587 dominis

2049 3622 2180 3692 suis,
2219 3622 2312 3692 qui
2367 3623 2615 3676 nesciunt
2660 3621 2891 3675 illusisse
2943 3619 3197 3690 collegis?
3244 3619 3338 3676 llis
3384 3620 3628 3678 laudibus

2049 3717 2253 3774 electus
2295 3730 2328 3769 a
2371 3713 2618 3783 conjuge,
2675 3712 2955 3767 Basilianae
2995 3712 3231 3768 sociatus
3285 3711 3454 3768 fertur
3509 3730 3628 3769 esse

2049 3809 2288 3873 familiae;
2317 3807 2461 3878 quod
2490 3807 2805 3876 plerumque
2839 3805 3017 3861 evenit
3058 3820 3088 3858 a
3130 3806 3333 3860 meritis
3376 3806 3628 3876 conjungi

2049 3916 2210 3972 posse
2263 3899 2545 3956 nobilibus.
2601 3897 2849 3966 Inspicite
2894 3897 2947 3950 in
2991 3911 3079 3961 eo,
3126 3897 3171 3951 si
3218 3897 3418 3966 placet,
3466 3898 3628 3951 etiam

2049 3992 2365 4048 familiarem
2410 3991 2601 4054 vitam,
2659 3988 2785 4057 quia
2828 3987 3022 4058 smpius
3081 3985 3374 4056 majoribus
3433 3989 3630 4043 nostris

2049 4086 2194 4139 viros
2234 4081 2524 4138 industrios
2563 4079 2678 4134 haec
2725 4078 2875 4148 signa
2921 4075 3292 4147 prodiderunt.
3344 4074 3452 4132 Res
3508 4078 3631 4132 huic

2051 4175 2259 4244 privata
2290 4181 2439 4226 tanto
2468 4170 2565 4224 fuit
2592 4168 2958 4224 moderamine
2994 4167 3273 4238 disposita,
3318 4176 3376 4221 ut
3411 4184 3508 4222 nec
3533 4169 3631 4222 ali-

2050 4280 2155 4333 qua
2185 4262 2474 4317 tenacitate
2499 4259 2764 4323 sorderet,
2805 4272 2906 4312 nec
2952 4256 3144 4310 iterum
3177 4256 3338 4310 nimia
3355 4257 3630 4314 effusione

2051 4357 2341 4411 laberetur.
2370 4351 2610 4407 Gentiles
2637 4351 2802 4416 victu,
2834 4349 3106 4404 Romanos
3134 4347 3232 4402 sibi
3257 4347 3472 4416 j‘udiciis
3495 4350 3632 4403 obli-

2053 4448 2246 4516 gabat;
2283 4452 2339 4499 et
2388 4441 2534 4497 unde
2581 4440 2906 4508 ingratitudo
2956 4439 3107 4510 133
3139 4437 3488 4505 dignitatibus
3517 4439 3634 4507 ple-

369 4535 696 4603 indulgentia
726 4547 942 4604 Quoque
988 4541 1171 4589 nostra
1201 4532 1452 4589 custodit.
1481 4529 1818 4585 Conferimus
1858 4530 1949 4585 tibi
1983 4533 2028 4591 D
2055 4550 2277 4605 rumque
2305 4533 2468 4598 venit,
2497 4532 2598 4586 iste
2625 4529 2972 4599 disceptando
3019 4528 3117 4583 sibi
3147 4529 3432 4583 amicitiam
3479 4529 3634 4584 colli-

368 4628 632 4683 honorem
663 4627 923 4694 germani,
949 4625 1043 4680 sed
1073 4623 1310 4680 ttrfidcm
1341 4622 1458 4693 ejus
1481 4623 1691 4678 imitare
1719 4621 1945 4676 servitii.

369 4718 504 4774 Nam
557 4718 603 4773 si
656 4717 804 4771 illum
863 4715 1134 4785 sequeris,
1191 4713 1388 4769 multos
1440 4713 1596 4768 laude
1650 4711 1948 4782 praecedis:

368 4813 544 4866 virum
572 4810 910 4866 auctoritatis
933 4807 1196 4871 maximae,
1215 4806 1454 4876 probatae
1474 4803 1789 4860 constantia:
1811 4803 1950 4874 [Ac.,

370 4901 758 4974 conscientiae],
791 4901 883 4970 qui
923 4899 1022 4954 sub
1061 4905 1212 4952 tanto
1253 4897 1491 4968 principe
1538 4904 1594 4950 et
1637 4895 1753 4948 sine
1797 4893 1950 4963 culpa

369 4993 568 5064 paruit,
597 5001 653 5048 et
677 4992 935 5061 justitiam
964 4990 1210 5044 laudatus
1239 4987 1501 5042 exercuit.
1535 4984 1846 5054 Promptum
1871 4989 1954 5037 est

371 5084 518 5139 enim
554 5084 822 5138 aestimare
869 5081 996 5151 quid
1047 5078 1294 5149 gesserit,
1339 5075 1554 5145 quando
1594 5075 1692 5129 sub
1742 5073 1952 5140 ingrato

373 5188 688 5231 successore
714 5173 1006 5244 palatinum
1037 5170 1272 5226 oflicium
1300 5166 1565 5238 praeconia
1609 5165 1725 5235 ejus
1772 5172 1955 5218 tacere

374 5281 482 5322 non
513 5265 706 5335 potuit.
749 5263 972 5319 Difficile
1022 5265 1202 5332 itaque
1249 5275 1355 5316 non
1395 5267 1479 5314 est
1525 5257 1764 5312 moribus
1801 5252 1954 5323 sequi

375 5374 534 5429 posse
571 5373 917 5428 germanum;
947 5359 1069 5426 quia
1109 5363 1164 5410 et
1211 5355 1263 5408 in
1303 5348 1730 5408 conversationis
1776 5344 1954 5401 fructu

376 5450 690 5521 plerumque
703 5448 1066 5509 consentiunt,
1081 5445 1172 5514 qui
1187 5445 1343 5500 unius
1361 5441 1564 5498 semine
1576 5445 1948 5512 procreantur.

899 5573 1229 5633 EPISTOLA
1266 5571 1424 5629 XVI].

596 5709 814 5749 SEEATUI
846 5706 990 5747 URBIS
1026 5704 1183 5744 BOME
1213 5700 1572 5746 ΔτιιΑιΑιιιευε
1609 5696 1734 5738 REX.

379 5783 604 5842 ﬂuitant
645 5783 824 5839 laudat
847 5780 1156 5854 Opifionem,
1177 5790 1374 5851 patrem
1423 5787 1468 5834 et
1510 5777 1723 5848 fratrem
1753 5770 1950 5840 ipsius;

2050 4629 2229 4698 gebat.
2261 4625 2451 4681 Videte
2471 4623 2595 4693 quid
2623 4623 2780 4678 faciat
2812 4621 3002 4677 nobilis
3023 4631 3232 4675 natura.
3265 4620 3343 4675 Ex
3364 4620 3632 4690 judicibus

2053 4728 2212 4774 natus
2246 4717 2502 4772 arbitrum
2545 4714 2767 4782 agebat;
2794 4712 2939 4783 quod
2983 4714 3081 4767 nisi
3112 4727 3178 4766 ex
3209 4727 3416 4765 morum
3448 4711 3632 4781 probi-

2053 4820 2165 4866 tute
2202 4809 2346 4864 nulla
2387 4815 2566 4878 potest
2605 4807 2916 4873 contingere
2963 4805 3191 4859 ratione.
3225 4803 3358 4857 Nam
3400 4802 3642 4858 fascibus

2055 4899 2293 4963 obedire,
2320 4898 2634 4968 plerumque
2662 4895 2940 4966 potestatis
2983 4895 3271 4948 necessitas
3317 4893 3496 4962 cogit:
3539 4910 3639 4964 pa-

2058 5007 2176 5046 rere
2198 4990 2362 5060 judici
2391 4990 2621 5059 privato,
2647 4987 2760 5043 sola
2783 4986 3173 5042 sententiarum
3203 4983 3444 5053 probitas
3484 4982 3534 5037 fa
3546 4986 3638 5039 cit.

2059 5082 2210 5138 Unde
2249 5081 2404 5136 nobis
2443 5080 2562 5150 plus
2609 5077 2779 5133 laudis
2802 5076 3026 5134 videtur
3068 5075 3264 5128 habere
3299 5073 3644 5129 voluntarius

2049 5172 2237 5242 judex,
2262 5169 2478 5239 quando
2525 5168 2591 5223 ad
2631 5167 2954 5222 audientiam
2999 5181 3106 5219 non
3135 5164 3367 5233 eligitur,
3401 5163 3503 5219 nisi
3552 5167 3641 5234 qui

2050 5265 2225 5334 justus
2260 5276 2379 5316 esse
2425 5260 2663 5315 moribus
2704 5258 3016 5312 aestimatur.
3048 5254 3410 5324 Quapropter,
3453 5262 3643 5324 patres

2057 5353 2366 5423 conscripti,
2398 5351 2572 5405 favete
2617 5349 2811 5405 vestris
2856 5346 3101 5412 alumnis,
3133 5354 3188 5400 et
3225 5346 3424 5400 nostris
3461 5344 3642 5398 favete

2050 5446 2284 5519 judiciis.
2325 5441 2575 5499 Secundo
2617 5441 2685 5495 ad
2733 5448 2966 5494 vestram
2995 5439 3199 5493 curiam
3244 5437 3412 5504 venit,
3441 5435 3535 5505 qui
3570 5449 3643 5488 ex

2055 5546 2305 5594 senatore
2349 5543 2507 5590 natus
2537 5541 2638 5601 est,
2685 5540 2740 5588 et
2770 5531 2957 5587 aulicis
2988 5529 3340 5600 dignitatibus
3376 5527 3641 5600 probatur

2053 5630 2370 5687 honoratus.
