3998 6166
312 307 417 363 ἷόί

835 411 1167 471 EPISTOLA
1205 406 1390 465 XVIII.

365 530 537 573 'EIJCI
564 530 689 570 νικο
708 526 968 573 ιιιυετῐιι,
992 522 1288 572 ρυΕΒΤΟΒΙ,
1314 515 1677 559 Ατιιλωκιοοε
1699 514 1828 555 REX.

324 608 461 664 Eum
486 617 535 662 et
560 602 896 674 amplissimis
940 598 1183 721 taurilibus!
1231 593 1483 660 celebrat,
1543 601 1594 647 et
1639 598 1903 664 quantum

1060 684 1158 721 ana
1190 705 1203 720 .

1060 684 1203 722 οηαι.

388 765 789 824 Prefessioncm
822 767 1037 817 constat
1060 772 1180 814 esse
1214 753 1434 826 iustitia:
1457 797 1470 820 ,
1499 753 1676 821 legum
1699 749 1905 821 peritos

322 858 532 929 judices
557 852 839 918 ordinare;
868 848 993 920 quia
1022 848 1111 902 vix
1149 851 1335 916 potest
1361 828 1652 911 negligere,
1682 839 1774 909 qui
1805 853 1906 894 no-

325 950 404 1004 vlt
450 944 797 1015 aequitatem;
851 953 954 996 nec
991 936 1150 992 facile
1194 938 1396 990 erroris
1444 932 1573 988 vitio
1612 929 1907 996 sordescit,

326 1053 489 1110 quem
517 1035 761 1093 doctrina
804 1029 1131 1103 purgaverit.
1162 1026 1372 1082 Dudum
1402 1035 1456 1080 te
1484 1022 1784 1080 forensibus
1809 1035 1910 1075 ne-

329 1129 490 1200 gotiis
517 1125 857 1183 insudantem
885 1121 1075 1179 oculus
1107 1116 1403 1189 imperialis
1431 1114 1679 1186 aspexit;
1709 1127 1814 1168 nec
1831 1111 1911 1166 la-

330 1232 447 1278 tere
472 1218 649 1292 potuit
669 1230 775 1288 qua
797 1213 902 1269 ﬁde
929 1219 1178 1282 suscepta
1200 1207 1474 1282 peregeris
1489 1246 1504 1273 ,
1531 1220 1638 1275 qua
1666 1203 1910 1273 luculen-

332 1313 408 1366 tia
439 1317 667 1366 tractata
695 1303 1054 1378 peroraveris.
1082 1301 1263 1371 Equo
1291 1297 1460 1368 gradu
1489 1294 1797 1365 eloquentia
1818 1300 1912 1347 tua

318 1409 495 1470 atque
537 1396 867 1454 conscientia
910 1394 1112 1464 pariter
1146 1389 1493 1456 incedebant;
1532 1387 1708 1442 nullus
1736 1394 1763 1423 ι
1792 1399 1913 1440 sus-

334 1485 697 1560 ceptusqudd
725 1483 955 1555 amplius
993 1480 1327 1537 desideraret
1362 1479 1582 1545 habuit;
1622 1476 1801 1533 nullus
1823 1474 1913 1545 ju-

334 1577 691 1649 dieumquod
716 1577 775 1633 in
797 1583 851 1632 te
878 1573 1149 1643 corrigere
1193 1578 1379 1642 posset
1426 1568 1651 1624 invenit.
1677 1564 1919 1622 Accessit

1531 292 1600 348 M.
1644 293 1732 351 ΑΙ]
1742 286 1920 356 REI.“
1955 282 2353 344 CASSIODORI

1934 403 1982 465 Λ
2009 407 2097 455 tur
2124 395 2418 455 innumeris
2445 433 2465 460 ,
2485 392 2735 451 laudatur
2778 390 2993 464 pinguis
3022 397 3138 445 arvt
3164 386 3383 443 densior
3409 399 3585 455 seges.

3484 270 3589 329 752

2004 491 2308 562 Antiquitas
2334 504 2429 543 vos
2457 487 2582 543 fecit
2605 485 2812 541 nobiles
2841 483 3062 552 haberi,
3088 496 3189 536 nos
3216 492 3463 535 senatum
3489 494 3592 534 vc-

2005 581 2182 637 lumus
2223 582 2384 635 etiam
2428 579 2496 633 de
2545 576 2934 632 numerositate
2988 572 3301 647 prmdicari.
3330 570 3468 627 Hinc
3510 578 3595 626 est

2006 671 2148 743 quod
2179 670 2330 726 vobis
2354 682 2643 739 aggregare
2670 668 2916 737 cupimus
2949 680 3110 735 quem
3147 664 3448 736 reperimus
3477 662 3596 717 ubi-

1980 778 2221 835 cunque
2261 763 2607 833 praecipuum.
2639 758 2771 814 Nam
2797 758 2925 814 licet
2953 756 3094 828 apud
3118 771 3214 811 vos
3250 753 3596 810 seminarium

2007 852 2078 909 sit
2103 860 2341 918 senatus,
2373 860 2550 906 tamen
2572 856 2625 905 et
2648 848 2715 905 de
2743 855 2929 904 nostra
2968 845 3294 915 indulgentia
3333 844 3598 913 nascitur,

2009 944 2101 1015 qui
2116 943 2308 1000 vestris
2336 941 2564 999 coetibus
2598 940 2918 1012 applicetur.
2952 938 3214 994 Alumnos
3250 946 3459 994 cunctae
3501 952 3599 991 no-

2010 1035 2096 1091 bis
2129 1034 2344 1106 pariunt
2383 1033 2569 1088 aulicac
2596 1031 2918 1101 dignitates;
2954 1038 3221 1103 quzestura
3258 1037 3437 1084 autem
3474 1043 3605 1083 vere

2011 1138 2185 1186 mater
2229 1128 2496 1205 senatoris
2541 1134 2646 1190 est,
2696 1125 2956 1196 quoniam
2995 1139 3062 1179 ex
3106 1122 3391 1194 prudentia
3430 1122 3601 1177 venit.

2013 1219 2150 1288 Quid
2188 1219 2332 1274 enim
2370 1217 2584 1286 dignius
2611 1231 2771 1286 quam
2802 1215 2964 1271 curiae
2989 1213 3304 1285 participem
3346 1212 3486 1275 ﬁeri,
3512 1209 3606 1282 qui

2014 1310 2239 1365 adhzesit
2281 1309 2508 1365 consilio
2550 1305 2870 1378 principali?
2908 1304 3015 1361 Sed
3041 1303 3169 1373 quia
3212 1303 3461 1374 prudenti
3487 1304 3606 1358 viro

2015 1417 2124 1458 non
2162 1401 2359 1457 sufﬁcit
2387 1399 2710 1471 generaliter
2749 1398 3004 1454 conclusa
3028 1394 3291 1459 laudatio,
3328 1394 3449 1465 ejus
3477 1404 3607 1450 nota

2010 1494 2343 1566 prepriaque
2383 1501 2680 1561 tangamus.
2732 1487 3067 1557 Quaestorem
3112 1495 3375 1564 nostrum,
3426 1494 3612 1558 patres

2017 1584 2351 1655 conscripti,
2389 1582 2700 1651 cognoscite
2745 1581 3055 1650 eloquentia
3113 1581 3264 1651 prius
3311 1581 3610 1636 exercitata

336 1674 479 1730 enim
506 1677 761 1728 venustas
815 1666 926 1723 oris
974 1672 1031 1720 et
1075 1661 1294 1721 castitas
1339 1660 1524 1716 animi.
1558 1656 1824 1714 'Juvenem
1863 1663 1917 1712 te

2024 1674 2308 1745 placuisse,
2333 1681 2388 1728 et
2408 1672 2488 1731 sic
2510 1670 2881 1729 advocationis
2900 1686 3010 1727 suae
3031 1670 3171 1744 [Ac.,
3198 1669 3347 1737 Νἱοη
3371 1670 3608 1744 assidue]

336 1763 679 1820 solus’decor
723 1756 959 1815 ostendit
981 1793 997 1820 ι
1030 1753 1097 1809 ab
1141 1767 1237 1809 οΐθ
1263 1753 1523 1823 Prima!vo
1570 1764 1708 1806 cana
1753 1746 1918 1804 verba
1954 1775 1999 1838 Β
2024 1763 2245 1820 crebras
2278 1764 2454 1834 egisse
2477 1762 2750 1828 victorias,
2792 1770 2853 1817 ut
2888 1763 3081 1818 merito
3118 1762 3221 1818 sibi
3258 1778 3381 1818 eum
3413 1763 3610 1819 electio

334 1858 711 1910 manaverunt.
734 1841 1155 1905 Contendit'ﬂos
1172 1843 1348 1898 astatis
1375 1848 1433 1898 et
1460 1838 1740 1895 maturitas
1767 1851 1922 1893 men-

2027 1854 2365 1928 triumpbalis
2419 1853 2706 1909 adsciverit
2732 1894 2747 1919 ,
2789 1860 3068 1925 quatenus
3118 1853 3311 1924 palmis
3366 1852 3610 1911 felicibus

334 1946 408 2000 tis
436 1963 450 1998 :
489 1943 585 1999 sed
630 1940 813 2015 pptius
832 1938 931 1994 illa
958 1934 1231 2006 superavit
1249 1974 1266 2002 ,
1290 1948 1411 2003 quae
1440 1947 1539 1988 nos
1567 1929 1921 1986 advirtutum

2026 1944 2375 2014 inauguratus
2425 1944 2576 2000 vobis
2615 1943 2771 2000 daret
2810 1945 2992 2000 omina
3030 1944 3356 2001 laureatum.
3405 1945 3485 2000 Ad
3530 1946 3611 2000 fo-

340 2035 538 2105 gradus
566 2033 923 2103 “gloriamque
966 2026 1234 2099 perducit.
1284 2024 1626 2095 Quapropter
1677 2028 1925 2092 aptamus

342 2140 566 2181 munera
628 2119 834 2179 nomini
891 2126 949 2176 et
999 2117 1206 2173 meritis
1236 2115 1399 2181 ’tuis;
1437 2122 1498 2171 ut
1533 2127 1740 2169 arcana
1777 2110 1924 2179 regia

342 2216 515 2273 ﬁdelis
542 2213 776 2285 accipias
798 2249 814 2277 ,
840 2218 898 2267 et
922 2209 1006 2265 vir
1034 2208 1295 2279 eloquens
1340 2206 1635 2262 litteratam
1683 2201 1926 2272 reperias

341 2307 678 2378 dignitatem.
696 2303 855 2359 Nunc
879 2315 1072 2358 causas
1098 2300 1334 2370 gloriose
1355 2296 1556 2368 judica,
1587 2310 1721 2365 quas
1749 2292 1931 2349 lauda-

342 2400 524 2456 biliter
549 2396 842 2471 perorahas
870 2412 885 2448 :
929 2392 1164 2448 assideat
1201 2392 1294 2446 tibi
1317 2390 1534 2461 propria
1555 2394 1610 2444 et
1633 2386 1927 2443 exercitata

345 2491 610 2548 doctrina.
671 2486 832 2543 Modo
861 2492 946 2542 est
973 2482 1101 2539 felix
1123 2490 1180 2538 et
1205 2491 1354 2538 certa
1404 2480 1643 2549 conditio
1690 2477 1930 2547 negotio-

343 2597 496 2647 rum,
528 2576 861 2649 quandoille
903 2573 1228 2630 sententiam
1257 2571 1419 2639 dicit,
1466 2568 1559 2639 qui
1601 2583 1707 2623 non
1748 2571 1929 2638 potest

346 2674 599 2742 ignorare
627 2665 772 2738 qubd
798 2667 968 2737 eligit.
1008 2662 1128 2719 Non
1166 2663 1309 2719 enim
1338 2661 1495 2717 decet
1510 2659 1744 2729 judicem
1768 2656 1929 2711 mini-

345 2773 516 2820 strum
546 2775 664 2816 esse
690 2744 996 2818 voluntatis
1028 2754 1283 2820 alterius;
1328 2760 1390 2806 ut
1416 2749 1586 2819 magis
1631 2746 1788 2803 alteri
1833 2759 1929 2816 pa-

346 2861 493 2919 rcat,
525 2852 609 2907 cui
641 2858 719 2906 tot
744 2848 941 2904 milites
966 2842 1359 2902 obsecundant.
1381 2840 1541 2896 Certe
1561 2838 1607 2894 si
1630 2838 1682 2899 in
1706 2835 1824 2890 aliis
1845 2845 1929 2889 to-

342 2943 625 3001 lerandum
664 2951 961 3011 utcunque,
1006 2935 1167 2992 nimis
1208 2934 1263 2990 in
1309 2939 1577 3004 quaestore
1620 2927 1928 3000 pudendum

334 3049 464 3104 est;
492 3046 549 3092 ut
577 3034 668 3107 qui
694 3032 910 3103 eligitur
933 3029 1002 3085 ad
1027 3026 1286 3100 principis
1323 3022 1603 3080 consilium
1629 3061 1644 3086 ,
1675 3018 1926 3075 solatium

2023 2049 2183 2090 rense
2199 2034 2531 2108 gymnasium
2554 2034 2731 2105 prima
2750 2043 2910 2092 aetate
2935 2035 3215 2103 deductus,
3240 2035 3443 2092 studuit
3464 2053 3610 2093 sem-

2024 2144 2123 2201 per
2146 2129 2439 2198 integritati
2459 2128 2684 2195 mentis;
2723 2137 2780 2185 et
2805 2130 3169 2187 nobilissimus
3190 2130 3417 2200 pudore,
3445 2131 3609 2186 casti-

2027 2227 2195 2275 tatem
2229 2219 2470 2293 corporis
2520 2220 2620 2277 sub
2660 2220 2830 2276 nimio
2868 2220 3056 2278 labore
3088 2221 3367 2294 transegit.
3414 2220 3615 2277 Orator

2014 2308 2319 2375 facundus,
2365 2310 2712 2380 gravissimus
2749 2319 3009 2382 patronus
3031 2350 3048 2379 ,
3093 2321 3373 2383 susceptas
3420 2326 3614 2369 causas

2029 2398 2140 2455 suis
2158 2399 2443 2469 praeconiis
2471 2399 2794 2469 adjuvabat;
2823 2401 3041 2471 quando
3074 2401 3224 2457 credi
3267 2417 3373 2473 non
3399 2412 3615 2473 poterat

2030 2488 2306 2558 negotium
2336 2488 2712 2558 improbabile,
2747 2489 2834 2546 cui
2867 2491 2991 2547 talis
3018 2490 3302 2547 videbatur
3337 2493 3613 2549 assistere.

2008 2588 2011 2595 ‘
2028 2575 2219 2632 Nonne
2237 2577 2806 2647 pnetermittere‘hunc
2826 2578 2998 2634 virum
3016 2589 3159 2636 esset
3179 2580 3448 2651 publicum
3470 2583 3596 2638 dam

2027 2673 2196 2726 num?
2225 2670 2363 2738 Quid
2395 2673 2544 2727 enim
2570 2681 2664 2728 aut
2690 2674 2847 2730 nobis
2884 2683 2979 2731 aut
2998 2675 3152 2731 vobis
3177 2675 3339 2733 debet
3372 2692 3492 2733 esse
3520 2693 3615 2734 ac-

2029 2764 2239 2834 ceptius
2266 2779 2427 2835 quam
2458 2772 2640 2822 vestro
2674 2766 2931 2837 conjungi
2960 2768 3139 2834 lateri,
3174 2770 3267 2840 qui
3293 2771 3433 2827 inter
3470 2754 3617 2841 leges

2027 2855 2225 2909 meruit
2273 2857 2595 2926 approbari?
2633 2858 2831 2914 Amare
2877 2875 3113 2931 namque
3150 2877 3243 2917 eas
3282 2872 3478 2934 potest,
3519 2880 3617 2935 per

2028 2960 2163 3016 quas
2192 2947 2385 3004 doctus
2411 2949 2605 3004 enituit
2633 2968 2646 3003 :
2676 2951 2802 3006 dum
2831 2951 3049 3008 affectat
3092 2955 3458 3026 unusquisque
3489 2957 3614 3026 glo-

2029 3036 2165 3090 riam
2194 3052 2368 3106 suam,
2398 3054 2499 3095 nec
2524 3040 2767 3096 oblivisci
2794 3050 2978 3111 potest
3005 3043 3237 3113 animus,
3266 3059 3333 3100 ex
3373 3061 3478 3116 qua
3518 3062 3615 3102 no-

347 3136 629 3201 exspectet
651 3125 906 3180 alienum.
925 3120 990 3175 Et
1011 3119 1154 3184 ideo,
1179 3116 1322 3189 quod
1351 3115 1461 3169 Deo
1484 3110 1702 3183 auspice
1728 3108 1924 3163 dictum

2032 3123 2114 3207 bis
2159 3132 2314 3195 parte
2358 3125 2520 3182 fuerit
2557 3108 2813 3184 sociatus:
2858 3130 3085 3187 Creditis
3134 3108 3294 3200 forte,
3342 3108 3614 3207 principes

347 3198 571 3290 Silv-Per
597 3224 807 3272 εθιιθηι
833 3204 1181 3268 ίηάίοῑίουθῒη
1215 3207 1384 3277 (Αηηο
1414 3203 1606 3299 δίζνίξίί
1637 3198 1767 3299 δῖθξ
1790 3212 1931 3268 qm"
1968 3198 2000 3202 —
2029 3198 2150 3281 viri,
2176 3229 2372 3271 novam
2402 3218 2454 3272 in
2478 3218 2625 3275 hunc
2664 3220 3109 3294 impetratamque
3137 3198 3452 3295 apparuisse
3483 3198 3615 3299 pru-

346 3318 512 3368 sturze
559 3306 655 3363 tibi
699 3302 1028 3361 conferimus
1079 3299 1415 3367 dignitatem.
1456 3293 1563 3350 Sed
1590 3302 1715 3347 tuus
1755 3291 1929 3345 honor

342 3400 611 3473 imperitis
631 3396 977 3468 opprobrium
1007 3401 1110 3449 est.
1136 3390 1269 3446 Nam
1295 3389 1431 3445 sicut
1458 3382 1791 3442 conscientia
1808 3381 1927 3435 laeta

349 3470 456 3562 est,
483 3506 602 3563 quae
628 3487 943 3561 provehitur
975 3483 1207 3549 meritis;
1232 3481 1306 3535 ita
1335 3478 1434 3535 sub
1464 3485 1617 3537 reatu
1641 3474 1807 3563 jacet,
1832 3470 1928 3563 qui

348 3599 410 3640 se
441 3559 713 3652 timparem
747 3576 1023 3650 cognoscit
1052 3570 1365 3629 muneribus
1388 3559 1930 3624 consecutis.»ﬂabes

347 3648 557 3746 priscos
585 3671 730 3727 viros
756 3711 770 3736 ,
800 3648 938 3739 quos
961 3675 1014 3722 te
1042 3665 1231 3720 deceat
1251 3658 1468 3715 imitari.
1498 3652 1747 3709 Pnecede
1776 3648 1928 3746 fama

342 3739 510 3835 quem
551 3760 792 3833 sequeris
815 3757 1094 3828 dignitate.
1123 3753 1257 3809 Nam
1287 3751 1331 3805 si
1358 3759 1411 3804 te
1450 3746 1659 3819 privata
1680 3743 1790 3797 vita
1817 3739 1928 3794 vir-

348 3834 552 3911 tutibus
576 3852 841 3919 exercuit,
870 3855 1072 3920 quanto
1101 3845 1293 3900 melius
1320 3848 1573 3912 provecta
1603 3834 1928 3892 declarabit?

348 3944 634 4016 Sumpsisti
665 3957 862 3997 nomen
893 3955 962 3994 ex
983 3937 1188 3992 meritis
1221 3954 1233 3989 :
1266 3931 1499 3998 custodi,
1524 3937 1583 3984 ut
1609 3940 1822 3997 semper
1850 3924 1930 3979 ἰω-

302 4058 307 4061 -
340 4015 496 4092 teris,
527 4033 755 4088 veritate
803 4027 1071 4085 vocabuli.
1103 4026 1237 4081 Nam
1266 4038 1387 4079 cum
1417 4019 1595 4077 omnis
1638 4015 1927 4087 appellatio

349 4127 418 4182 ad
445 4120 795 4180 declarandas
835 4134 923 4176 res
965 4117 1213 4173 videatur
1241 4113 1494 4185 imposita
1519 4149 1534 4175 ,
1562 4108 1719 4164 nimis
1739 4107 1930 4162 absur-

348 4222 477 4272 dum
507 4224 597 4313 est
608 4222 834 4295 portare
858 4225 1056 4268 nomen
1091 4199 1354 4273 alienum,
1386 4212 1443 4261 et
1464 4202 1608 4259 aliud
1635 4200 1736 4257 dici
1765 4214 1928 4271 quam

347 4307 520 4381 possit
548 4292 611 4360 iri
649 4304 887 4359 moribus
936 4300 1183 4357 inveniri.
1216 4298 1417 4354 Verum
1466 4295 1579 4351 haec
1615 4292 1771 4348 bonae
1799 4306 1929 4347 con-

347 4397 586 4453 scientiae
612 4393 754 4450 dicta
800 4390 1071 4449 sufficiant
1101 4408 1114 4444 :
1146 4390 1270 4461 quia
1297 4386 1533 4445 dubitari
1580 4384 1649 4440 de
1679 4383 1772 4438 illo
1809 4396 1930 4438 cre-

348 4488 510 4556 ditur,
541 4486 628 4557 qui
656 4485 898 4556 plurimis
924 4482 1262 4539 admonetur.

880 4614 1208 4672 EPISTOLA
1243 4614 1380 4670 XIX.

567 4723 794 4765 εεκλτυι
832 4723 983 4762 URBIS
1007 4723 1168 4763 ιιοιικε
1198 4721 1567 4762 ΑτιιΑιΑιιιουε
1590 4721 1716 4760 REX.

352 4800 576 4855 Felicem
598 4815 722 4854 cum
745 4798 947 4869 familia
974 4798 1211 4868 plurimis
1241 4807 1394 4852 ornat
1421 4797 1661 4869 laudibus
1685 4834 1701 4861 ,
1723 4804 1773 4850 et
1798 4795 1933 4850 scii-

696 4868 768 4924 hit
796 4885 851 4923 se
874 4886 988 4922 eum
1010 4879 1317 4939 quaestorem
1345 4868 1577 4937 elegisse.

421 4960 571 5015 Licet
594 4971 766 5015 cattus
790 4965 966 5012 Vester
994 4954 1364 5027 genuinojAc.
1391 4965 1441 5009 et
1470 4956 1665 5021 Fora.,
1691 4952 1931 5025 gemino]

350 5049 633 5120 splendore
659 5064 875 5119 semper
901 5046 1190 5102 irradietur
1211 5087 1226 5112 ,
1259 5046 1662 5101 clariortalnen
1696 5044 1935 5100 redditur

264 5178 273 5182 -
332 5139 562 5219 quoties
605 5146 831 5208 augetur
856 5138 1054 5193 lumine
1078 5135 1416 5206 dignitatum.
1450 5137 1582 5191 Nam
1614 5137 1808 5193 coelum
1855 5136 1934 5206 ip-

350 5247 470 5287 sum
514 5232 684 5286 stellis
711 5230 1103 5303 copiosissimis
1131 5230 1251 5301 plus
1293 5230 1543 5299 refulget,
1576 5231 1716 5285 etde
1747 5244 1936 5283 nume-

348 5339 472 5379 rosa
513 5323 906 5392 pulchritudine
938 5322 1235 5376 mirabilem
1266 5322 1593 5376 intuentibus
1637 5320 1809 5374 reddit
1837 5320 1933 5372 de-

352 5430 556 5471 corem.
595 5413 810 5469 Natum:
856 5414 1119 5482 siquidem
1174 5414 1391 5467 insitum
1422 5422 1503 5468 est
1560 5421 1616 5466 ut
1664 5411 1930 5465 bonorum

354 5506 506 5576 copia
530 5506 658 5576 plus
685 5505 936 5561 delectet.
985 5502 1145 5560 Prata
1184 5503 1415 5574 denique
1444 5503 1667 5561 ﬂoribus
1695 5505 1927 5576 pingun-

2026 3303 2277 3361 dentiam.
2313 3305 2477 3378 Origo
2505 3309 2623 3379 ejus
2658 3310 3032 3370 haereditarias
3066 3315 3166 3371 sibi
3206 3316 3411 3373 litteras
3439 3319 3613 3374 vindi-

2027 3398 2189 3464 cavit,
2217 3399 2371 3468 cujus
2395 3408 2549 3470 pater
2588 3401 2662 3456 ita
2700 3402 2755 3457 in
2794 3402 3184 3461 Mediolanensi
3221 3406 3338 3464 foro
3376 3410 3618 3480 resplen-

2028 3486 2164 3554 duit,
2193 3495 2254 3543 ut
2295 3487 2498 3546 aeternb
2523 3490 2698 3548 fructu
2720 3508 2752 3549 e
2793 3492 3041 3551 Tulliano
3072 3499 3282 3569 cespite
3307 3501 3614 3569 pullularet.

2028 3573 2262 3632 Proinde
2286 3579 2535 3648 quamvis
2560 3580 2631 3636 sit
2654 3578 2738 3639 vel
2766 3582 2904 3638 inter
2921 3585 3224 3643 mediocres
3249 3588 3618 3645 dillicillimum

2028 3669 2276 3738 placendi
2327 3683 2521 3740 genus,
2568 3680 2751 3729 tamen
2798 3674 3170 3733 advocationis
3219 3678 3431 3735 laudem
3480 3681 3621 3737 inter

2028 3760 2314 3829 primarios
2349 3762 2674 3831 eloquentiae
2706 3763 3022 3834 frequenter
3058 3770 3257 3824 meruit
3281 3760 3546 3827 invenire;
3571 3772 3623 3829 Is

2028 3855 2215 3904 contra
2252 3864 2505 3919 magnum
2534 3849 2811 3924 Olybrium
2833 3855 3005 3923 stetit,
3032 3856 3077 3912 is
3115 3857 3411 3927 palmarum
3449 3858 3622 3930 Euge-

2029 3939 2173 3995 netis
2212 3939 2411 4011 linguae
2448 3942 2696 3999 ubertate
2736 3943 2975 4013 suﬂecit;
3017 3952 3073 4001 et
3108 3946 3213 4002 illis
3252 3963 3353 4018 par
3392 3951 3619 4017 exstitit,

2033 4047 2172 4102 quos
2197 4032 2693 4103 singulares‘Roma
2728 4037 2999 4106 cognovit.
3032 4035 3170 4104 Quid
3210 4039 3353 4093 enim
3390 4053 3622 4109 genero-

2029 4125 2141 4182 sius
2169 4139 2331 4195 quam
2359 4134 2440 4182 tot
2463 4127 2764 4183 litterarum
2791 4144 3045 4200 proceres
3070 4130 3320 4187 habuisse
3347 4133 3625 4203 majores?

2030 4213 2165 4270 Nam
2188 4217 2236 4271 si
2255 4216 2568 4273 inveterata
2595 4225 2651 4274 et
2676 4233 2773 4289 per
2797 4233 2968 4289 genus
2986 4220 3163 4277 ductae
3193 4221 3391 4278 divitiae
3414 4225 3625 4280 nobiles

2031 4307 2259 4378 faciunt,
2301 4309 2474 4365 multo
2522 4311 2695 4381 magis
2736 4313 3078 4382 praestantior
3122 4321 3225 4379 est,
3262 4314 3426 4385 cujus
3468 4298 3625 4387 origo

2037 4401 2307 4460 thesauris
2339 4401 2636 4472 prudentia:
2672 4402 2914 4476 locuples
2939 4405 3228 4462 invenitur.
3255 4405 3624 4477 Quapropter,

1956 4508 2010 4568 νυ
2033 4500 2215 4560 patres
2238 4492 2549 4563 conscripti,
2578 4492 2756 4549 favete
2792 4503 2981 4551 nostro
3014 4496 3237 4567 judicio,
3268 4512 3332 4553 ac
3357 4497 3471 4552 suis
3504 4513 3622 4552 me-

2036 4583 2156 4638 ritis
2192 4582 2498 4649 candidato,
2539 4585 2754 4654 quando
2786 4588 2949 4659 134
2976 4589 3021 4644 si
3048 4587 3218 4662 [Μεη
3254 4587 3349 4644 Gr.
3395 4598 3444 4642 et
3477 4588 3621 4660 ϐιῷ,

2038 4672 2138 4745 sic]
2167 4674 2388 4744 collegae
2423 4688 2639 4730 manum
2661 4675 2961 4734 clementiae
2996 4679 3286 4750 porrigitis,
3320 4695 3416 4735 vos
3440 4680 3626 4752 potius

2040 4766 2350 4823 sublevatis.

2584 4899 2920 4956 EPISTULA
2957 4901 3073 4957 XX.

2035 5006 2261 5048 LLBIENO
2289 5004 2414 5051 νιιιο
2443 5006 2707 5060 ιιιυετιιι,
2732 5008 3021 5049 PREFBCTO
3050 5008 3350 5060 Ριιιετοιιιο,
3382 5010 3626 5049 ΔτιιΑιΑ·

2675 5078 2824 5118 RICUS
2852 5080 2981 5119 REX.

2037 5172 2233 5229 Scribit
2274 5189 2330 5227 se
2376 5176 2679 5245 prazfectum
2720 5178 2965 5245 pronrio
2999 5187 3218 5247 propter
3245 5175 3627 5247 improbitatem

2107 5247 2726 5318 prrefectura‘umovisse,
2760 5256 2808 5300 et
2833 5249 2885 5300 in
2911 5246 3022 5317 ejus
3054 5248 3221 5303 locum
3245 5246 3510 5318 suﬂ'erisse
3532 5249 3629 5302 ,υ-

2110 5315 2332 5377 bieuum,
2357 5315 2441 5385 qui
2463 5332 2783 5384 summopere
2806 5315 3141 5388 pra’dicatur.

2113 5404 2351 5459 Assertio
2375 5406 2691 5460 meritorum
2720 5416 2818 5474 est,
2848 5409 3096 5478 potuisse
3124 5410 3247 5479 eligi
3278 5418 3407 5480 post
3434 5409 3633 5480 impro-

2040 5497 2259 5553 bitatem
2280 5493 2474 5564 judicis
2503 5499 2737 5553 accusati
2766 5517 2778 5551 :
2802 5499 3018 5569 quando
3038 5516 3290 5557 excessus
3320 5500 3629 5570 prmeeden-

424 5656 727 5727 {Suscepti
750 5657 966 5716 nomine
986 5656 1232 5714 clientem
1258 5656 1514 5726 intellige.
1560 5656 1634 5713 De
1680 5671 1787 5727 quo
1810 5656 1975 5712 verbo
2023 5652 2149 5709 dicit
2177 5650 2348 5708 Jurct.
2383 5666 2441 5708 sc
2470 5651 2783 5709 observasse
2816 5652 2867 5707 in
2897 5654 3037 5710 notis
3064 5653 3129 5709 ad
3168 5653 3500 5723 Symmach.,
3533 5651 3606 5705 lib

357 5743 407 5795 ν,
439 5728 599 5797 epist.
630 5726 720 5781 39.
