3990 6170
317 326 424 386 735

1570 325 1930 384 mutarum
1972 324 2170 383 unum
2190 311 2344 383 'an

3482 323 3589 378 ’ῖῗίι

312 450 445 503 tium
479 462 587 503 non
623 446 924 517 corrigitur,
952 445 1053 503 nisi
1100 461 1221 503 cum
1250 456 1534 502 successor
1554 443 1788 514 optimus
1816 442 1901 498 in-
1929 449 1972 508 Α
2006 443 2174 514 pienti
2216 442 2507 509 offendere,
2556 441 2641 496 ubi
2691 441 2915 494 u‘ternm‘
2960 440 3159 510 reperit
3201 437 3465 495 incidisse.
3495 438 3591 494 .lus
3628 480 3651 515 κ

311 542 546 597 venitur.
580 541 876 597 Contrariis
897 541 1059 596 rebus
1080 540 1396 611 plerumque
1423 536 1685 592 medicina
1713 550 1902 591 succe-

309 634 409 689 dit.
453 633 587 688 Nam
632 633 760 688 dum
808 631 957 687 calor
983 631 1161 685 vitalis
1206 627 1475 684 adhibitus
1516 626 1695 693 fuerit,
1734 624 1901 697 frigus

309 725 629 799 pestiferum
652 733 780 781 tunc
808 724 1030 779 recedit.
1059 722 1248 777 Nubila
1276 721 1391 792 ipsa
1416 728 1699 775 ventorum
1730 719 1902 788 spira-

310 819 459 871 tione
502 823 816 884 terguntur;
867 822 922 869 et
950 813 1143 882 Aquilo
1165 812 1358 867 faciem
1396 811 1518 867 εωιὶ
1559 810 1898 879 tranquillam

305 909 507 978 reddit,
533 924 694 979 quam
733 908 998 963 Australis
1025 923 1154 962 aura
1191 905 1501 961 turbaverit.
1547 903 1638 959 Sic
1677 918 1775 957 nos
1815 901 1903 957 de-

303 1016 585 1060 cessorem
619 1008 771 1055 tuum
799 997 1169 1054 submovimus
1201 1010 1387 1051 amore
1426 993 1811 1064 generalitatis,
1844 999 1903 1047 ut

305 1102 368 1149 tu
397 1092 787 1150 saluberrimus
825 1090 1126 1145 advenires.
1167 1086 1450 1144 Contraria
1477 1085 1743 1156 prioribus
1777 1082 1901 1137 imi-

307 1192 451 1248 tare,
483 1189 540 1237 et
566 1179 834 1235 laudanda
856 1177 1129 1250 peregisti.
1159 1176 1255 1232 Ille
1281 1174 1562 1231 calumniis
1584 1172 1818 1238 odiosus,
1846 1178 1900 1225 tu

304 1275 468 1333 stude
512 1282 573 1330 ut
609 1273 817 1345 justitia
856 1272 1103 1329 reddaris
1144 1280 1417 1342 acceptus.
1462 1269 1651 1339 Rapax
1699 1269 1813 1335 ille,
1844 1276 1903 1323 tu

305 1356 613 1424 continens.
644 1367 918 1423 Bonorum
950 1364 1192 1420 omnium
1220 1364 1399 1419 brevis
1424 1371 1508 1417 est
1535 1361 1799 1423 definitio.
1821 1360 1900 1415 vi-

306 1468 429 1514 tare
461 1473 581 1527 qua:
612 1456 770 1524 fecit;
811 1456 1067 1527 quoniam
1096 1471 1225 1511 vere
1261 1452 1565 1509 illaudanda
1607 1461 1754 1521 sunt,
1784 1466 1903 1521 qua:

306 1565 409 1605 suo
452 1548 659 1619 judicio
702 1546 1097 1619 comprobavit.
1144 1545 1375 1616 Respice
1423 1543 1657 1612 denique
1706 1530 1759 1596 in
1808 1541 1902 1597 illo

304 1640 491 1696 odium
517 1640 810 1711 publicum,
842 1648 899 1695 et
926 1646 984 1694 tu
1010 1654 1253 1695 amorem
1275 1637 1532 1694 affectare
1558 1644 1897 1692 cunctorum.

306 1731 469 1787 Tanti
514 1732 620 1787 tuis
647 1732 889 1787 moribus
915 1740 1119 1801 gratias
1142 1738 1322 1802 agant,
1363 1729 1550 1801 quanti
1579 1729 1721 1784 illius
1748 1744 1902 1785 acer-

2003 532 2142 597 forte
2171 542 2476 606 praetereat,
2526 533 2615 602 qui
2641 530 2760 601 jura
2792 532 3046 597 nescivit;
3077 539 3247 585 totum
3277 546 3306 584 a
3337 540 3389 586 te
3418 531 3592 600 legiti-

2002 646 2148 686 mum
2176 630 2452 701 quzcritur,
2491 628 2643 698 cujus
2684 628 2836 695 origo
2880 622 3092 681 indocta
3126 627 3287 680 fuisse
3330 626 3586 680 nescitur.

2002 723 2263 793 :Equales
2302 724 2397 778 tibi
2444 730 2569 779 sunt
2608 721 2725 776 libri
2756 729 2997 775 veterum
3037 727 3092 773 et
3136 718 3379 773 actiones
3404 732 3589 787 paren-

2004 821 2139 868 tum.
2175 810 2373 867 Prmsta
2404 812 2643 881 opinioni
2689 820 2812 877 ture,
2847 818 3039 881 praxsta
3083 817 3270 864 nostro
3294 806 3496 878 judicio
3523 816 3583 863 ut

2003 905 2178 974 impar
2203 919 2311 958 non
2340 904 2413 959 sis
2433 903 2636 958 meritis
2657 916 2885 974 quorum
2914 898 3137 969 aequasti
3166 914 3264 970 per
3285 904 3468 953 nostra
3496 897 3592 952 be-

2002 996 2193 1054 neficia
2222 998 2526 1067 dignitates.

2544 1147 2872 1203 EPISTULA
2910 1146 3053 1202 XXI.

2172 1254 2427 1295 CYPRIANO
2465 1255 2587 1292 VIRO
2618 1255 2863 1293 PATRICIO
2893 1252 3257 1292 ATHALARICUS
3298 1251 3420 1289 REX.

2005 1327 2165 1383 Illum
2194 1331 2256 1385 ob
2284 1332 2486 1402 egregia
2525 1331 2720 1384 bellica:
2748 1331 2947 1383 virtutis
2966 1329 3233 1454 [πάπποι-π,
3277 1336 3324 1379 et
3359 1328 3421 1379 ob
3449 1325 3589 1395 ﬁlios

2076 1403 2202 1454 bene
2227 1404 2487 1454 institutos
2514 1402 2716 1454 reaiaue
2742 1400 2939 1454 oblatos
2988 1408 3162 1453 nudat.
3190 1396 3319 1450 Tum
3344 1397 3589 1454 patricia-

2076 1403 2202 1454 bene
2227 1396 2487 1455 instita—tos
2514 1402 2716 1471 regique
2742 1400 2939 1454 oblatos
2966 1396 3162 1454 laudat.
3190 1396 3319 1450 Tum
3344 1397 3591 1465 patricia-

2078 1481 2165 1525 tus
2180 1472 2482 1543 dignitatem
2502 1473 2547 1526 ei
2577 1473 2795 1541 confert.

2078 1563 2227 1620 Licet
2254 1564 2483 1634 propriis
2512 1562 2822 1632 frequenter
2849 1562 3144 1618 honoribus
3167 1568 3223 1615 et
3247 1558 3487 1629 germani
3506 1558 3589 1611 .tui

2002 1654 2168 1711 fueris
2186 1654 2445 1725 dignitate
2467 1653 2736 1720 laudatus,
2764 1661 2944 1708 tamen
2965 1653 3087 1721 quia
3114 1659 3304 1705 natura
3325 1651 3590 1705 bonorum

2003 1762 2114 1802 non
2149 1746 2467 1817 expenditur
2502 1760 2626 1801 cum
2664 1743 2912 1810 refertur,
2942 1742 3096 1815 quasi
3125 1740 3194 1795 ad
3223 1739 3480 1810 judicium
3506 1753 3592 1792 re-

304 1823 532 1879 bitatem
572 1821 799 1878 actionis
837 1829 1114 1878 accusant.
1145 1821 1401 1877 Animare
1440 1820 1601 1890 igitur
1628 1820 1893 1876 dedecore
1926 1826 1971 1887 Β
2000 1838 2273 1904 verum“,
2300 1836 2368 1892 de
2397 1852 2504 1908 quo
2525 1836 2635 1906 iam
2661 1835 2929 1906 pmconia
2952 1834 3120 1889 multa
3140 1840 3457 1888 εοηυθιιυηι,
3489 1829 3593 1884 Te-

303 1914 680 1985 praecedentis,
722 1914 940 1984 quando
961 1921 1085 1985 post
1114 1913 1264 1969 illum
1297 1913 1552 1984 professa:
1582 1912 1800 1967 malitim
1820 1911 1902 1967 vi-

301 2025 450 2078 rum,
502 2009 585 2065 vel
635 2025 666 2064 a
716 2009 877 2065 malis
919 2008 1243 2064 abstinuisse
1302 2007 1567 2062 laudabile
1620 2013 1722 2061 est.
1767 2003 1901 2060 Nam

299 2102 466 2173 quale
489 2102 615 2167 erit,
646 2102 691 2156 si
725 2100 989 2157 beneficia
1026 2100 1317 2172 provinciis
1338 2099 1543 2155 tribuas
1569 2114 1690 2170 quae
1717 2099 1903 2154 hacte-

301 2211 405 2251 nus
434 2210 543 2251 non
565 2193 874 2249 habebant?
898 2192 1106 2248 Bonum
1130 2192 1405 2249 insolitum
1433 2191 1555 2262 plus
1576 2197 1817 2255 amatur;
1848 2196 1905 2245 et

298 2284 553 2356 sequenti
586 2283 783 2353 gaudio
812 2282 1025 2340 confert
1060 2282 1398 2339 dulcedinem
1435 2288 1739 2352 temporum
1768 2294 1905 2351 pra:-

300 2374 468 2431 missa
488 2360 731 2431 irlstitia.
766 2374 942 2446 Atque
969 2374 1091 2431 ideo
1111 2373 1456 2445 praefecturae
1485 2372 1581 2427 tibi
1611 2371 1785 2427 fasces
1806 2384 1907 2440 per

301 2473 520 2521 sextam
543 2463 772 2520 feliciter
805 2464 1152 2521 indictionem
1182 2465 1357 2537 (Anno
1388 2462 1581 2518 Christi
1610 2461 1761 2533 528),
1793 2460 1905 2515 Deo

301 2555 640 2622 auxiliante,
683 2552 1013 2612 conferimus
1049 2570 1209 2626 :quze
1245 2562 1452 2625 quanto
1494 2552 1596 2610 fuit
1639 2553 1906 2608 hactenus

301 2647 529 2704 lesione
556 2647 831 2716 terribilis,
864 2654 1012 2702 tanta
1047 2662 1191 2703 nunc
1212 2646 1414 2702 habere
1442 2646 1608 2702 debet
1642 2642 1903 2701 beneficia

300 2740 566 2807 lenitatis,
599 2739 865 2811 siquidem
891 2739 1131 2796 sauciata
1166 2747 1257 2795 tua
1285 2754 1414 2796 cura
1437 2737 1728 2795 refovenda
1756 2743 1900 2792 sunt.

300 2828 424 2886 Non
466 2830 595 2897 tuis,
637 2844 744 2884 non
791 2829 983 2885 alienis
1028 2829 1276 2885 manibus
1319 2829 1603 2899 quisquam
1631 2833 1900 2899 gravetur.

301 2922 438 2977 Nam
469 2922 613 2991 ultra
641 2937 830 2979 omnes
852 2922 1156 2992 impietates
1196 2930 1279 2977 est
1314 2937 1508 2978 nocere
1531 2918 1647 2995 [Gn
1675 2928 1726 2973 et
1758 2917 1903 2989 Cuj.,

302 3011 526 3085 necare]
551 3014 727 3081 laesos,
752 3013 843 3083 qui
864 3026 1060 3069 sanare
1082 3011 1321 3068 creditur
1339 3012 1668 3066 vulneratos.
1697 3006 1904 3063 Redeat

302 3105 373 3160 ad
416 3120 618 3160 nomen
669 3105 949 3174 antiquum
992 3102 1312 3174 prazfectura
1349 3103 1441 3157 illa
1486 3102 1747 3173 praetorii,
1789 3109 1905 3156 toto

2002 1929 2290 1985 stilicatum
2309 1937 2394 1986 est
2413 1929 2480 1985 de
2503 1937 2557 1984 te
2576 1928 2836 1999 quidquid
2857 1926 2925 1983 de
2950 1926 3216 1993 fidelibus,
3243 1923 3498 1997 quidquid
3525 1922 3593 1976 de

2001 2020 2349 2077 benemeritis
2372 2020 2556 2076 debuit
2580 2018 2854 2076 aestimari.
2884 2017 2989 2075 Sed
3015 2018 3174 2087 digne
3202 2016 3437 2080 laudum,
3466 2029 3592 2069 eum

2001 2113 2253 2178 voluerit,
2284 2112 2550 2167 novitates
2577 2111 2793 2178 emittit,
2819 2111 2913 2181 qui
2952 2124 3012 2165 se
3060 2109 3288 2164 actionis
3324 2108 3593 2178 probitate

2002 2202 2309 2271 complevit.
2352 2200 2555 2256 Natura
2593 2202 2847 2271 perennis
2893 2198 3055 2256 fontis
3098 2206 3184 2255 est
3236 2198 3418 2266 gloria:
3452 2212 3591 2252 vena

2003 2293 2316 2360 laudabilis;
2343 2308 2468 2348 nam
2494 2293 2637 2347 sicut
2664 2292 2755 2348 ille
2784 2302 2811 2330 ⁸
2841 2291 3059 2347 ﬂuendo
3098 2306 3207 2346 non
3247 2287 3589 2359 expenditur,
3669 2324 3673 2329 υ

2003 2385 2081 2439 sic
2096 2399 2196 2439 nec
2220 2384 2321 2439 ista
2342 2382 2540 2439 celebri
2559 2397 2810 2439 sermone
2829 2382 3078 2438 siccatur.
3097 2381 3252 2447 Quod
3273 2388 3329 2435 et
3347 2379 3393 2435 si
3416 2387 3592 2433 trans-

2003 2482 2124 2530 acta
2157 2481 2455 2540 taceantur,
2487 2490 2627 2529 nova
2666 2473 2909 2544 probaris
2936 2486 3223 2541 suggerere
3257 2485 3377 2541 quae
3403 2469 3591 2524 dicun-

2006 2570 2110 2630 tur,
2142 2564 2231 2634 qui
2260 2578 2383 2619 cum
2408 2572 2567 2619 aetate
2596 2563 2794 2618 crescis
2822 2576 3035 2632 semper
3062 2568 3118 2615 et
3142 2560 3364 2616 meritis.
3388 2556 3594 2612 Cursus

2005 2670 2265 2710 annorum
2308 2654 2479 2712 laudis
2519 2655 2612 2711 tibi
2652 2662 2909 2725 procurat
2949 2661 3314 2721 augmentum.
3346 2649 3594 2705 Senescis

2005 2745 2225 2815 quidem
2270 2760 2520 2815 corpore,
2567 2744 2661 2801 sed
2708 2744 2864 2798 laude
2904 2741 3230 2812 juvenescis.
3275 2740 3468 2795 Merito
3499 2738 3595 2793 tibi

2006 2836 2271 2907 prolixior
2289 2844 2420 2891 aetas
2446 2843 2682 2907 optatur,
2708 2836 2760 2889 in
2789 2850 2896 2904 quo
2920 2833 3062 2888 fama
3085 2847 3299 2902 seraper
3324 2830 3596 2886 robustior

2009 2927 2296 2982 invenitur.
2341 2925 2585 2982 llabuisti
2632 2926 2732 2981 sub
2777 2926 2913 2981 diva:
2960 2924 3232 2979 memoria:
3263 2922 3464 2977 domno
3491 2936 3595 2976 avo

2008 3026 2195 3073 nostro
2226 3017 2278 3071 in
2309 3025 2535 3086 utraque
2579 3024 2736 3086 parte
2780 3015 3025 3069 laudatas
3064 3027 3276 3083 semper
3319 3011 3592 3067 excubias.

2014 3107 2154 3163 Vidit
2180 3116 2235 3163 te
2263 3107 2438 3161 adhuc
2464 3107 2677 3176 gentilis
2710 3105 2981 3159 Danubius
3015 3104 3330 3159 bellatorem
3357 3120 3369 3156 :
3403 3117 3512 3157 non
3543 3111 3595 3156 te

299 3198 440 3253 orbe
464 3195 766 3251 laudabilis.
798 3194 965 3263 Cujus
1011 3195 1055 3249 si
1096 3194 1417 3265 principium
1457 3208 1779 3263 qumramus,
1808 3206 1907 3262 per
1933 3190 1981 3254 C
2011 3198 2202 3255 terruit
2229 3197 2516 3267 Bulgarum
2546 3196 2756 3264 globus,
2782 3196 2874 3265 qui
2901 3196 3062 3250 etiam
3092 3194 3289 3250 nostris
3315 3202 3432 3248 erat
3456 3206 3585 3261 prm-

300 3286 513 3356 Joseph
559 3300 588 3339 a
617 3284 894 3341 beneficiis
923 3284 1218 3341 inchoavit.
1263 3284 1376 3340 Nec
1402 3284 1671 3339 immerito
1698 3299 1729 3337 a
1770 3282 1904 3352 legi-

301 3380 406 3435 bus
429 3378 633 3434 nostris
657 3385 814 3449 patcr
840 3377 1258 3449 provinciarum,
1290 3382 1445 3447 pater
1462 3376 1625 3431 etiam
1647 3374 1906 3445 pradica-

304 3483 397 3527 tur
425 3471 641 3542 imperii
666 3489 679 3523 :
703 3471 830 3541 quia
854 3470 932 3527 sic
947 3470 1113 3541 juste,
1141 3470 1219 3525 sic
1246 3467 1470 3540 provide
1490 3467 1576 3537 agi
1599 3468 1901 3534 voluerunt,

302 3572 366 3619 ut
390 3579 508 3619 non
538 3562 840 3619 districtum
864 3561 1061 3631 judicis
1089 3575 1311 3629 nomen,
1340 3560 1435 3616 sed
1478 3558 1798 3615 vocabulum
1827 3558 1903 3614 illi

301 3655 526 3726 pietatis
576 3655 959 3724 imponerent.
987 3652 1155 3709 Justis
1207 3667 1272 3707 ac
1313 3650 1509 3707 debitis
1567 3649 1904 3721 compendiis

299 3754 552 3802 nostrum
584 3760 681 3816 per
728 3754 783 3801 te
828 3751 1040 3800 crescat
1076 3743 1348 3798 aerarium.
1384 3739 1557 3798 Lucra
1600 3741 1900 3809 renuimus,

299 3852 423 3907 quae
453 3837 634 3907 legum
662 3845 818 3893 cauta
850 3837 1166 3908 profanant;
1207 3836 1463 3908 pecunias
1487 3836 1608 3893 illas
1632 3836 1899 3903 volumus,

301 3929 502 4000 quibus
516 3920 660 3983 libra
678 3928 901 3997 justitiaa
917 3927 1259 3999 suffragatur.
1282 3927 1453 3984 dides
1478 3936 1692 3984 nostras
1712 3927 1903 3997 nequi-

298 4021 431 4076 tiam
475 4036 586 4076 non
628 4021 864 4091 patimur
893 4020 1136 4088 introire,
1186 4021 1313 4090 quia
1354 4035 1457 4077 nec
1485 4021 1694 4091 privata
1732 4020 1904 4076 intro—

300 4115 523 4170 mittere
552 4110 680 4186 [ιιι.
703 4124 754 4168 et
774 4111 893 4181 Gn,
924 4113 1175 4184 privatim
1198 4112 1563 4185 introducere]
1614 4126 1903 4183 possumus

295 4222 462 4278 quam
486 4204 700 4277 publica
731 4221 866 4262 voce
886 4206 1249 4265 damnamus.
1267 4206 1484 4273 Audite,
1511 4204 1745 4277 judices,
1773 4204 1901 4276 quid

296 4312 568 4362 amemus,
598 4298 767 4353 nolite
809 4295 956 4351 aliud
986 4297 1041 4355 in
1079 4296 1278 4352 malum
1315 4296 1590 4367 publicum
1615 4295 1897 4367 suspicari.

294 4386 435 4444 Nam
463 4388 554 4444 cui
575 4403 671 4443 vos
697 4403 796 4460 per
816 4387 1029 4459 iniquas
1050 4388 1384 4459 provisiones
1405 4387 1624 4443 creditis
1644 4401 1765 4442 esse
1786 4386 1903 4457 pla-

291 4481 522 4546 citurus,
549 4494 675 4535 cum
704 4494 804 4535 nos
848 4478 1193 4549 cognoscatis
1240 4478 1356 4534 sola
1388 4478 1479 4533 illa
1507 4478 1751 4547 diligere.
1781 4491 1901 4547 qua:

291 4661 448 4717 ribus
474 4658 733 4731 peccatis,
765 4660 814 4717 si
839 4667 967 4731 post
1013 4660 1115 4716 ista
1149 4657 1480 4729 delinquitis.
1522 4657 1630 4714 Sed
1658 4657 1732 4713 illi
1756 4657 1896 4713 forte

291 4753 425 4808 talia
452 4751 745 4822 gesserint,
775 4752 870 4822 qui
899 4751 967 4808 ad
991 4751 1281 4821 dignitates
1327 4751 1439 4808 suis
1467 4751 1782 4822 parentibus
1808 4749 1895 4804 in-

291 4843 547 4912 cognitas
592 4849 1001 4914 pervenerunt:
1033 4850 1092 4898 tu
1138 4849 1264 4913 post
1299 4842 1470 4914 patris
1523 4842 1895 4912 prrefecturam

291 4934 624 4990 laudabilem
665 4933 870 5006 aliquid
889 4933 1036 5004 quod
1063 4933 1261 4990 melius
1289 4933 1611 5003 praedicetur
1636 4932 1892 5002 adjunge;

291 5026 420 5096 quia
450 5024 762 5094 diligentior
786 5039 1005 5097 semper
1030 5038 1153 5081 esse
1177 5024 1341 5089 debet
1363 5027 1455 5094 qui
1479 5024 1739 5094 sequitur,
1769 5023 1896 5079 dum

290 5116 436 5173 bona
481 5123 770 5187 parentum
808 5116 1167 5189 probabiliter
1206 5124 1263 5173 et
1309 5115 1506 5171 imitari
1536 5114 1798 5186 cupimus,
1843 5126 1901 5171 et

288 5207 518 5263 vincere
540 5205 876 5263 festinamus.
900 5206 1127 5264 Accedit
1150 5206 1317 5263 etiam
1347 5204 1453 5260 tuis
1484 5204 1731 5261 laudibus
1751 5205 1898 5275 quod

285 5297 452 5354 dictis
487 5296 820 5369 prudentum
864 5297 1116 5370 probaris
1160 5297 1422 5355 imbutus.
1465 5295 1646 5355 Grave
1690 5307 1773 5355 est
1811 5314 1899 5355 sa-
1930 5364 1939 5369 ,

366 5495 391 5524 ·
418 5485 619 5560 Basil.,
669 5484 741 5542 de
786 5483 1145 5560 Eleemosyna
1178 5503 1192 5541 :
1227 5485 1300 5560 _Ut
1350 5486 1499 5560 putei
1554 5499 1663 5560 quo
1712 5481 1906 5560 saepius

287 5556 639 5625 liam-innuit,
682 5572 875 5613 eorum
920 5556 1075 5627 aqua:
1120 5558 1311 5628 purius
1357 5556 1561 5628 fluunt;
1607 5557 1672 5612 τὰ
1708 5556 1903 5627 φρέατα

285 5629 949 5702 κῴῥκις-ᾆξαντλοὺμινα.
975 5626 997 5683 r
1037 5626 1266 5702 ροῶτερά
1288 5628 1420 5683 ἔστι.
1450 5626 1617 5684 Fons“.

363 5698 391 5769 ἓ
420 5697 485 5769 D,
510 5692 893 5769 llieronymus,
935 5712 985 5753 c.
1028 5692 1477 5769 Presbyterorum,
1510 5715 1569 5769 c.
1593 5710 1709 5763 seq.
1742 5713 1753 5746 :
1782 5692 1901 5769 _N_on

284 5768 438 5855 enin}
469 5767 523 5823 in
550 5763 775 5855 homine
816 5763 969 5855 aetas,
998 5768 1093 5826 sed
1119 5763 1609 5855 virtus-spectanda
1647 5774 1749 5853 est.
1785 5763 1902 5855 hic:

288 5837 546 5898 under:
573 5840 682 5912 οὐχ
713 5839 767 5895 αἱ
795 5842 978 5916 τρίχας
1004 5845 1241 5898 ποιοῦσιν
1263 5842 1315 5898 αἱ
1343 5836 1517 5900 λενκαί
1545 5844 1755 5917 φρονεῖν,
1788 5836 1880 5892 ἀλλ

2008 3289 2313 3360 sumptione
2348 3287 2657 3344 certaminis
2691 3286 3021 3342 obstaturus.
3065 3285 3340 3341 Peculiare
3375 3284 3470 3339 tibi
3500 3281 3592 3338 fuit

2007 3388 2064 3437 et
2092 3382 2385 3436 renitentes
2411 3379 2673 3435 barbaros
2712 3379 2947 3447 aggredi,
2986 3386 3043 3434 et
3072 3392 3363 3435 conversos
3390 3386 3598 3432 terrore

2007 3474 2224 3532 sectari.
2273 3473 2364 3530 Sic
2409 3472 2688 3529 victoriam
2734 3471 3035 3528 Gothorum
3074 3486 3181 3526 non
3219 3479 3328 3525 tam
3372 3484 3598 3525 numero

2006 3580 2168 3637 quam
2210 3564 2399 3621 labore
2443 3564 2651 3635 juvisti.
2692 3562 2887 3619 Postea
2914 3577 3068 3628 vero,
3095 3561 3240 3633 quod
3278 3576 3386 3616 non
3422 3561 3599 3616 minus
3628 3610 3631 3613 η

2005 3657 2137 3728 ipsis
2156 3656 2546 3713 certaminibus
2576 3654 2691 3723 fuit,
2720 3654 3071 3711 referendarii
3097 3652 3333 3709 officium
3363 3652 3597 3708 laborio-

2005 3752 2080 3809 sis
2119 3749 2556 3807 contentionibus
2602 3749 2923 3805 exhibebas.
2974 3746 3218 3803 Fuerimt
3260 3746 3405 3801 enim
3455 3743 3597 3815 apud

2005 3843 2156 3898 illum
2179 3842 2437 3897 virtutum
2466 3840 2706 3897 omnium
2724 3839 2898 3895 virum
2925 3837 3271 3894 exercitualia
3295 3836 3380 3891 vel
3407 3842 3596 3905 pacata

2003 3933 2241 3991 servitia.
2270 3930 2401 4000 Quis
2428 3931 2574 3988 enim
2609 3946 2717 3987 nou
2745 3939 2930 4008 ageret
2954 3929 3176 3995 bellum,
3199 3929 3293 3999 qui
3322 3928 3398 3983 illi
3424 3927 3596 3998 potuit

2004 4034 2323 4098 competens
2366 4023 2624 4080 exhibere
2668 4023 3024 4095 responsum?
3053 4022 3157 4089 Qui
3197 4029 3401 4076 tantam
3430 4020 3596 4075 tinni-

2005 4126 2172 4174 tatem
2200 4118 2367 4174 animi
2407 4132 2626 4191 semper
2654 4117 2852 4185 exegit,
2880 4123 3087 4172 tantam
3115 4116 3400 4172 verborum
3431 4114 3484 4169 in
3514 4128 3596 4170 as-

2003 4208 2233 4265 serenda
2280 4209 2508 4264 veritate
2547 4208 2930 4272 constantiam,
2970 4216 3031 4263 ut
3074 4207 3270 4263 merito
3308 4221 3368 4262 se
3408 4206 3598 4262 vicisse

2004 4302 2210 4357 diceret
2256 4301 2491 4365 hostem,
2540 4300 2774 4371 qui’illo
2823 4305 3091 4369 praesente
3134 4298 3306 4352 vitare
3343 4296 3601 4355 valuisset

2002 4407 2262 4448 errorem.
2301 4391 2439 4446 llinc
2468 4391 2571 4446 fuit
2600 4390 2746 4459 quod
2784 4389 2900 4458 ejus
2945 4388 3204 4458 obsequia
3251 4386 3597 4442 reddiderunt

2002 4481 2314 4552 prudentes,
2344 4481 2471 4550 quia
2506 4479 2714 4536 cautela
2752 4492 2970 4550 semper
3006 4477 3247 4534 adhibita
3286 4477 3444 4548 erigit
3468 4492 3597 4534 sen-

190 4621 202 4634 ,
293 4578 527 4642 possunt
547 4567 772 4639 justitize
798 4569 1020 4627 monitis
1044 4570 1375 4626 convenire?
1401 4567 1608 4624 Vestris
1639 4567 1750 4636 jam
1780 4584 1893 4624 mo-
1923 4568 1974 4628 ο
1999 4589 2151 4642 sum;
2180 4580 2237 4629 et
2258 4571 2384 4628 dum
2409 4572 2621 4643 culpam
2645 4571 2768 4644 quis
2788 4570 3042 4627 formidat
3060 4571 3356 4637 incurrere,
3377 4572 3597 4642 sapien-

2000 4664 2145 4741 tibus
2171 4678 2231 4720 se
2256 4663 2446 4718 nititur
2473 4675 2788 4733 aggregare.
2822 4658 3065 4717 Contulit
3091 4660 3254 4718 etiam
3284 4659 3597 4730 dignitatem

2002 4770 2275 4811 sacrarum
2303 4754 2667 4823 largitionum,
2689 4752 2795 4809 hoc
2817 4760 2902 4810 est
2921 4752 3166 4809 laborum
3193 4763 3409 4808 tuorum
3430 4751 3600 4821 aptis-

2001 4847 2196 4903 simum
2236 4846 2379 4920 [Ac.,
2412 4843 2834 4919 apertissimum]
2870 4859 3097 4910 munus,
3126 4857 3288 4913 quam
3316 4843 3394 4897 sic
3423 4850 3593 4906 casta,

2003 4936 2083 4993 sic
2106 4936 2384 4993 moderata
2426 4943 2608 4992 mente
2648 4935 2927 5006 peregisti,
2958 4941 3017 4991 ut
3050 4933 3257 5002 majora
3284 4930 3382 4986 tibi
3410 4929 3594 4986 deberi

2005 5026 2230 5095 faceres,
2259 5028 2507 5098 quamvis
2539 5042 2660 5082 eam
2686 5027 2742 5081 in
2769 5039 2962 5095 magna
3004 5024 3221 5095 pmmia
3248 5022 3595 5095 suscepisses.

2002 5120 2107 5177 Per
2138 5122 2294 5193 135
2325 5121 2444 5183 haec
2477 5128 2532 5175 te
2570 5117 2762 5175 florida
2804 5118 3058 5189 juventus
3085 5116 3343 5182 exercuit,
3372 5115 3596 5171 sedne-

2000 5210 2128 5266 stris
2156 5210 2490 5280 temporibus
2514 5216 2649 5264 tetas
2682 5216 2892 5262 matura
2928 5206 3178 5261 servavit.
3207 5203 3447 5262 Consilio
3475 5206 3596 5275 qui-

2002 5301 2126 5359 dem
2163 5299 2457 5373 plurimum
2495 5300 2662 5366 vales,
2695 5312 2797 5353 nec
2824 5296 2852 5336 δ
2883 5295 3082 5353 fractus
3114 5304 3296 5353 tamen
3322 5306 3481 5353 aetate
3505 5311 3599 5353 co.

2010 5482 2037 5539 ὁ
2059 5481 2249 5557 ςτρόπος
2277 5482 2415 5557 ἒνῖῳν
2442 5482 2553 5557 ἰρτὶ
2596 5489 2659 5553 τῇ
2684 5482 2834 5557 quia}:
2866 5484 3049 5557 γέεῳν.
3074 5480 3243 5557 Quam
3273 5480 3597 5557 sententiam

2008 5549 2336 5608 adumbratis
2366 5552 2419 5605 in
2448 5549 2658 5606 Catone
2685 5549 2891 5619 Majore
2924 5549 3119 5607 Cicero
3149 5570 3162 5606 :
3188 5552 3304 5606 Non
3331 5550 3478 5618 cani,
3517 5551 3581 5604 in‘

2008 5624 2142 5694 quit,
2176 5639 2284 5679 non
2331 5635 2476 5689 rugae
2522 5632 2745 5694 repente
2778 5622 3167 5694 auctoritatem
3190 5620 3461 5694 afferunt,
3499 5625 3600 5676 sed

2007 5690 2156 5765 rtecte
2184 5703 2303 5752 acta
2325 5699 2459 5749 mtas
2484 5690 2820 5750 auctoritatis
2842 5690 3046 5749 fructus
3077 5692 3276 5765 pra-bet
3305 5702 3599 5747 extremos.

2008 5764 2171 5821 FOM.
