3990 6170
367 301 473 358 ’155

1572 282 1643 337 Μ.
1688 275 1959 334 AUREI.“
1999 269 2397 332 CASSIODORI

3521 243 3622 305 756

367 416 659 486 gnosceris.
705 411 795 471 Sic
830 414 972 470 enim
1018 409 1243 479 adeptus
1280 417 1338 459 es
1375 398 1668 457 senectutis
1699 396 1862 459 bona,
1894 399 1951 446 ut
1977 395 2030 454 Α
2054 403 2160 459 quo
2184 388 2339 442 nobis
2367 398 2546 441 sermo
2573 389 2676 444 est,
2707 386 2946 437 nostrum
2970 376 3068 434 sibi
3091 368 3464 486 tantummodo
3493 382 3623 486 con;

1816 484 1822 486 ‘
2211 479 2223 486 ·
2292 477 2346 486 ”
2457 485 2460 486 ν
2522 473 2566 486 "
2643 472 2678 486 ι’·
2761 467 2772 476 ‘
2888 485 2892 486 ν
2957 467 3139 486 mnu!-
3216 461 3494 486 -_L:._:.....
3523 476 3535 486 .
3561 472 3588 486 ε.

369 484 484 576 ejus
531 523 637 564 non
683 506 892 562 subires
934 497 1292 557 incommoda.
1338 491 1463 548 llaec
1498 497 1623 546 sunt
1660 500 1777 556 qua:
1812 484 1864 538 in
1894 491 1948 536 te

367 600 692 653 aestimamus
725 592 965 664 augenda
999 589 1138 662 [Ac.,
1170 581 1430 655 agenda];
1473 589 1534 635 ut
1573 579 1711 633 sicut
1738 590 1797 631 es
1820 588 1949 629 con-

373 689 595 745 scientia
624 686 900 758 praeditus,
930 681 1168 738 reddaris
1198 692 1414 747 quoque
1459 675 1951 758 honore’reveren-

373 783 492 837 dus.
517 779 655 834 Sunt
681 778 822 832 enim
853 771 1122 830 beneﬁciis
1149 770 1346 825 nostris
1374 772 1734 822 consentanea
1756 768 1810 816 et
1829 759 1952 812 vim

375 883 604 940 superna
639 866 862 936 judicia,
903 862 1118 933 quando
1163 860 1351 914 talium
1390 854 1619 909 ﬁliorum
1651 846 1953 940 patergefi‘e-

378 938 513 1023 ctus,
539 967 727 1013 natura
753 957 866 1026 ipsa
895 953 1090 1008 videris
1115 964 1233 1006 esse
1261 946 1533 1018 patricius.
1557 940 1796 1008 Quorum
1813 938 1954 992 bona

380 1052 660 1109 vernantia
689 1065 795 1104 non
827 1056 908 1104 est
936 1044 1220 1101 absurdum
1245 1038 1452 1104 referri,
1481 1033 1694 1105 quando
1721 1031 1955 1085 educan-

384 1146 514 1198 tium
545 1141 752 1197 felicior
787 1139 906 1193 laus
949 1145 1031 1192 est
1066 1135 1132 1189 de
1175 1132 1402 1186 filiorum
1437 1127 1704 1198 probitate
1730 1119 1953 1176 laudari.

384 1232 646 1300 Primum,
685 1229 829 1301 quod
866 1243 975 1283 non
1016 1225 1247 1280 minimae
1281 1219 1456 1274 laudis
1482 1221 1700 1288 praestat
1727 1211 1956 1274 initium,

388 1325 610 1382 infantia
644 1337 831 1378 eorum
868 1327 995 1374 nota
1033 1324 1119 1372 est
1160 1313 1379 1385 palatio.
1409 1309 1499 1364 Sic
1530 1307 1667 1362 fetus
1694 1303 1792 1368 tui,
1816 1314 1963 1356 more

392 1416 583 1487 aquilae
627 1429 687 1470 se
731 1413 1042 1484 probantes,
1087 1406 1294 1476 regales
1331 1402 1518 1459 oculos
1554 1399 1621 1454 ab
1661 1396 1788 1466 ipsis
1824 1407 1964 1487 pene

393 1481 670 1562 cunabulis
699 1481 1050 1575 pertulerunt.
1087 1498 1347 1553 Relucent
1373 1493 1533 1548 etiam
1560 1488 1730 1559 gratia
1757 1481 1964 1575 gentili,

393 1612 496 1653 nec
522 1573 734 1652 cessant
762 1606 1030 1647 armorum
1056 1588 1223 1644 imbui
1250 1585 1475 1642 fortibus
1507 1579 1780 1636 institutis.
1809 1573 1968 1629 Pueri

395 1689 574 1760 stirpis
601 1689 858 1743 Romanae
887 1691 1069 1739 nostra
1105 1681 1286 1749 lingua
1327 1677 1638 1745 loquuntur,
1665 1668 1860 1726 eximie
1888 1666 1971 1720 in-

2049 457 2250 536 c'iliavit
2292 477 2482 550 [Juret.
2522 473 2588 528 v.
2639 472 2724 538 0.,
2761 463 3167 550 reconciliavit]
3215 461 3496 518 arbitrium
3523 457 3626 550 :ab

2049 585 2156 625 uno
2185 545 2384 639 quippe
2429 565 2670 635 principe
2714 545 2956 632 provehi,
3004 557 3218 612 videtur
3263 551 3402 608 forte
3430 549 3628 621 gratio-

2049 675 2166 715 sum
2191 677 2206 724 ;
2225 658 2338 728 jam
2367 665 2424 712 et
2461 657 2558 711 sub
2601 654 2774 708 altero
2820 652 3078 705 meruisse
3117 653 3454 716 provectum,
3488 641 3629 710 apud

2052 759 2309 819 utrosque
2336 749 2600 816 integrum
2637 751 2850 801 constat
2879 741 3042 796 fuisse
3079 737 3362 807 judicium.
3393 733 3630 788 (iunctos

2053 857 2182 912 ergo
2210 854 2471 909 sequaces
2509 837 2692 906 habet,
2723 835 2814 905 qui
2847 830 3049 902 aliquid
3077 845 3147 884 ex
3190 828 3418 882 veritate
3445 824 3631 880 decer-

2055 933 2153 988 nit.
2185 932 2338 987 Hunc
2362 937 2644 1001 provectus
2671 925 2755 981 sui
2785 931 3060 979 auctorem
3074 919 3288 987 meruit,
3313 926 3372 971 ut
3397 930 3494 970 nos
3515 929 3636 984 aug-

2054 1033 2385 1082 mentatores
2432 1021 2740 1091 dignissime
2770 1017 3050 1087 reperiret.
3084 1013 3179 1068 llle
3215 1013 3268 1067 in
3297 1026 3420 1066 eum
3447 1007 3636 1063 funda-

2058 1116 2465 1188 menta'posuit
2509 1114 2796 1174 bonorum,
2846 1124 2945 1164 nos
2991 1107 3201 1162 culmen
3245 1101 3638 1160 construximus

2061 1210 2394 1278 dignitatum.
2423 1204 2492 1260 Et
2513 1204 2656 1269 ideo,
2689 1210 2870 1273 patres
2893 1196 3204 1266 conscripti,
3237 1202 3319 1249 tot
3346 1190 3636 1256 laboribus,

2063 1312 2145 1358 tot
2171 1302 2415 1358 laudibus
2453 1296 2747 1355 clariﬁcato
2777 1293 2971 1348 illustri
3000 1291 3116 1346 viro
3148 1287 3424 1360 Cypriane
3451 1297 3641 1352 sugge-

2065 1403 2205 1449 stum
2231 1406 2446 1461 quoque
2492 1388 2804 1459 patriciatus
2831 1382 3149 1446 addidimus,
3185 1395 3254 1434 ne
3292 1377 3464 1445 major
3501 1383 3638 1430 esset

2066 1481 2271 1538 meritis
2308 1481 2418 1536 suis
2457 1493 2616 1548 quam
2658 1475 2955 1531 honoribus
3001 1470 3218 1526 nostris.
3258 1469 3458 1523 Favete
3503 1480 3642 1521 nunc

2068 1576 2285 1644 collegae
2311 1579 2472 1644 quem
2517 1586 2658 1640 saepe
2684 1566 2978 1624 decorastis
3018 1562 3277 1620 extranei.
3320 1559 3552 1615 Securus
3584 1557 3644 1613 ad

2071 1684 2168 1724 vos
2204 1666 2364 1730 redit,
2407 1666 2498 1736 qui
2525 1663 2634 1734 jam
2676 1661 2915 1716 honores
2952 1672 3078 1712 suos
3125 1656 3178 1710 in
3222 1653 3484 1708 libertatis
3528 1650 3646 1704 aula

398 1745 637 1836 dicuntes
665 1777 918 1832 exhibere
954 1788 1014 1829 se
1054 1745 1210 1826 nobis
1245 1768 1477 1824 fuluram
1521 1762 1700 1825 ﬁdem.
1742 1769 1970 1827 (Ιιιοτυιῐὶ
2001 1759 2335 1832 Breposuit.
2381 1757 2556 1811 liabet
2603 1754 2765 1809 etiam
2805 1751 2946 1806 unde
2997 1748 3153 1803 nobis
3199 1745 3452 1801 reddatur
3497 1757 3643 1797 acce-

396 1869 509 1938 jam
525 1866 773 1923 videntur
793 1861 1069 1918 affectasse
1081 1870 1402 1915 sermonem.
1418 1853 1684 1908 Habemus
1695 1846 1836 1903 unde
1853 1845 1967 1912 tibi,

401 1937 528 2014 felix
553 1965 728 2027 pater,
766 1953 1044 2025 praemium
1084 1950 1276 2005 debeat
1300 1943 1510 2007 referri,
1540 1941 1633 2011 qui
1659 1947 1715 1995 et
1743 1937 1972 1992 ﬁliorum

405 2061 617 2106 tuorum
659 2048 816 2103 nobis
861 2047 1068 2101 animos
1116 2039 1371 2097 obtulisti.
1419 2036 1754 2106 Quapropter
1792 2027 1974 2085 multis

406 2143 677 2198 laboribus
719 2140 990 2209 multaque
1037 2135 1141 2192 ﬁde
1187 2143 1242 2190 et
1279 2129 1581 2188 constantia
1624 2123 1974 2194 comprobato

404 2233 716 2304 patriciatus
743 2231 857 2295 tibi,
884 2228 994 2284 Deo
1023 2225 1259 2295 auspice,
1284 2219 1608 2278 conferimus
1627 2214 1971 2283 dignitatem:

407 2301 666 2380 honorem
693 2321 907 2390 quidem
935 2316 1154 2381 celsum,
1187 2313 1280 2369 sed
1303 2312 1392 2382 qui
1423 2310 1528 2364 tuis
1555 2306 1760 2363 meritis
1786 2301 1979 2374 probe-

409 2425 498 2472 tur
523 2432 640 2471 esse
666 2414 899 2483 aequalis.
931 2410 1131 2465 Fruere
1155 2407 1314 2475 igitur
1341 2399 1727 2474 probatissimis
1766 2395 1979 2451 institu-

411 2506 497 2571 tis,
529 2512 586 2560 ut
623 2518 744 2560 cum
783 2503 923 2557 bona
970 2508 1058 2554 tua
1100 2493 1474 2569 geminaveris,
1525 2490 1722 2548 nostris
1769 2485 1980 2543 interim

410 2595 685 2653 beneficiis
713 2592 976 2661 augearis.

920 2739 1251 2801 EPISTOLA
1285 2736 1443 2793 XXII.

613 2870 836 2911 SENATUI
862 2869 1010 2909 UBBIS
1037 2868 1196 2908 ROIE
1228 2863 1591 2906 ΑτιιΑιΔιιιευε
1619 2859 1742 2904 REX.

420 2967 544 3022 Post
580 2974 904 3021 enumerata:
957 2963 1202 3035 Cypriani
1255 2964 1578 3035 ﬁliorumque
1627 2961 1739 3031 ejus
1783 2959 1984 3035 (audes,

477 3038 652 3092 scribit
679 3052 734 3091 se
757 3037 903 3090 illum
932 3031 1014 3089 ad'
1031 3031 1336 3105 patriciatus
1370 3031 1615 3086 honorem
1653 3031 1911 3096 erexisse;
1937 3038 1989 3084 et

487 3118 542 3161 ut
573 3107 812 3162 electioni
833 3107 942 3177 ejus
972 3104 1198 3177 faveant,
1227 3104 1480 3157 hortatur.

489 3219 545 3272 Si
572 3219 752 3272 favore
781 3225 961 3272 vestro
1005 3216 1194 3285 dignus
1232 3225 1333 3281 est,
1375 3215 1466 3284 qui
1492 3215 1578 3271 vel
1605 3214 1772 3272 semel
1813 3214 1990 3285 regale

420 3309 595 3380 potuit
630 3308 917 3385 impetrare
951 3305 1227 3376 judicium,
1271 3306 1415 3376 quid,
1462 3313 1644 3376 patres
1678 3305 1987 3376 conscripti,

419 3402 502 3454 vir
529 3396 837 3468 magniﬁcus
863 3397 1153 3453 merebitur
1177 3397 1490 3469 Cyprianus,
1537 3397 1626 3466 qui
1657 3397 1807 3453 vobis
1830 3397 1994 3452 toties

421 3492 623 3563 gratior
648 3491 806 3545 debet
839 3489 997 3555 eliici,
1039 3489 1252 3558 quoties
1279 3505 1309 3542 a
1339 3489 1492 3543 nobis
1521 3488 1804 3557 dignitates
1832 3502 1991 3543 acce-

423 3584 594 3652 perit?
621 3581 903 3637 Certantes
929 3581 983 3634 in
1011 3579 1184 3634 stadio
1211 3579 1546 3645 numerosior
1569 3593 1766 3632 corona
1794 3576 1992 3645 gloriﬁ-

424 3682 531 3737 cat,
563 3672 869 3743 Olympicos
911 3685 1098 3726 currus
1127 3669 1266 3740 [Ac.,
1300 3666 1507 3738 cursus]
1539 3667 1789 3738 frequens
1816 3667 1992 3736 palma

425 3767 710 3822 nobilitat:
740 3765 818 3820 sic
844 3764 933 3818 vel
957 3763 1012 3816 in
1033 3762 1241 3816 levibus
1260 3760 1419 3814 rebus
1438 3759 1720 3829 gloriosior
1745 3757 1991 3823 efficitur,

425 3857 511 3911 cui
538 3858 845 3923 frequenter
880 3852 1096 3922 praemia
1137 3849 1462 3906 referuntur.
1512 3849 1589 3904 De
1631 3848 1806 3918 primo
1841 3847 1995 3902 deni-

425 3961 531 4015 que
572 3953 830 4016 proveetu
875 3949 1055 4012 potest
1099 3956 1219 3998 esse
1246 3941 1536 4007 cunctatio,
1567 3939 1693 3994 dum
1721 3939 1872 3993 multi
1900 3938 1997 3992 fal-

428 4039 543 4095 lunt
581 4034 834 4105 principis
854 4034 1112 4100 animum,
1143 4031 1357 4100 quando
1385 4030 1542 4086 facile
1567 4039 1650 4086 est
1669 4031 1889 4086 illudere
1910 4031 1999 4107 cui

427 4140 640 4195 semper
663 4132 848 4179 votum
875 4131 958 4180 est
984 4123 1317 4192 praestitisse.
1350 4120 1455 4176 Sed
1484 4122 1644 4176 talem
1685 4122 1878 4177 mentis
1904 4136 2000 4176 ex-

429 4216 601 4272 hibuit
636 4215 1013 4280 constantiam,
1055 4221 1258 4272 tantum
1289 4214 1551 4269 bonorum
1597 4215 1783 4270 habuit
1810 4230 2002 4285 propo-

429 4305 609 4370 situm,
644 4313 705 4358 ut
735 4318 951 4374 semper
991 4303 1045 4358 in
1071 4318 1132 4358 se
1159 4303 1531 4373 provocaverit
1551 4304 1756 4372 regium
1783 4319 1997 4358 munus.

429 4395 556 4452 Haec
595 4404 676 4452 est
701 4403 848 4452 certa
876 4394 1068 4464 gloria,
1099 4395 1212 4449 haec
1236 4393 1535 4450 indubitata
1572 4393 1861 4461 sententia,
1891 4392 2002 4448 fre-

2077 1851 2241 1921 ptior,
2270 1848 2486 1918 quando
2534 1845 2670 1900 tales
2707 1843 2869 1898 curiae
2914 1848 3106 1896 vestrae
3135 1838 3379 1892 alumnos
3405 1834 3649 1904 protulit,

2072 1941 2141 1996 de
2168 1939 2360 2009 quibus
2389 1937 2630 2005 quamvis
2660 1931 2850 1987 avidus
2878 1941 3048 2002 pater,
3081 1937 3260 1983 tamen
3288 1927 3500 1997 propria
3526 1934 3648 1978 vota

2073 2029 2368 2100 superavit,
2389 2043 2498 2082 non
2526 2025 2750 2081 infantia
2781 2023 3036 2094 trepidos,
3091 2035 3200 2076 non
3230 2018 3296 2073 ad
3323 2016 3652 2087 responden-

2076 2124 2222 2188 dum,
2264 2129 2326 2175 ut
2371 2118 2586 2184 licebat,
2631 2117 2866 2186 ignaros.
2916 2113 3092 2168 Variis
3131 2111 3325 2180 linguis
3365 2109 3652 2178 loquuntur

2078 2212 2310 2283 egregie,
2342 2207 2566 2264 maturis
2613 2207 2745 2261 viris
2790 2203 3170 2261 communione
3207 2201 3518 2254 miscentur.
3570 2195 3655 2251 Sic

2079 2319 2200 2360 cum
2230 2301 2386 2357 nobis
2419 2299 2531 2355 noti
2556 2304 2698 2364 sunt,
2722 2298 2775 2352 in
2805 2296 2924 2367 ipso
2951 2295 3124 2350 aetatis
3151 2290 3444 2362 primordio
3475 2287 3638 2342 adole

2079 2393 2340 2451 scentiam
2356 2391 2698 2445 transierunt.
2724 2386 2950 2444 Praestet
2970 2384 3148 2438 divina
3167 2381 3417 2450 majestas
3443 2389 3505 2433 ut
3525 2378 3658 2434 sicut

2081 2483 2149 2542 de
2176 2490 2328 2554 patre
2373 2494 2561 2538 eorum
2589 2476 2966 2535 muniﬁcentiae
3009 2487 3206 2530 nomen
3241 2469 3559 2538 extulimus,
3588 2468 3662 2525 sic

2083 2584 2140 2631 et
2168 2575 2221 2630 in
2247 2575 2326 2630 eis
2353 2572 2569 2644 pietatis
2592 2577 2788 2626 nostrae
2818 2567 3002 2623 titulos
3029 2578 3334 2636 augeamus.

2595 2680 2928 2741 EPISTOLA
2967 2678 3155 2734 XXIII.

2085 2797 2413 2841 BEBGANTINO
2437 2794 2561 2836 νιιιο
2599 2792 2858 2842 ιιιυετιυ,
2908 2789 3088 2830 001111⁵1
3125 2785 3452 2838 PATRIIONII,
3497 2784 3668 2826 ΑἸἮΔ-

2687 2861 2903 2904 ιλιιιοοε
2939 2860 3064 2900 REX.

2088 2965 2339 3036 Praecipit
2362 2975 2418 3019 ut
2445 2978 2644 3036 massas
2679 2959 2929 3033 quaedam
2956 2973 3070 3036 gare
3105 2973 3169 3036 ea:
3196 2952 3534 3036 facultatibus
3559 2968 3674 3036 ma-

2165 3023 2274 3090 tris.
2299 3033 2666 3103 Theodahado,
2692 3023 2851 3103 'quem_
2884 3023 3070 3082 eximie
3109 3023 3309 3103 laudat,
3351 3023 3674 3096 obtigerant,

2013 3129 2060 3191 ο
2161 3105 2419 3160 actoribus
2437 3105 2548 3175 ejus
2569 3096 2758 3173 absque
2778 3100 2884 3153 ulla
2905 3114 3050 3152 mora
3070 3096 3263 3150 tradat.

2161 3213 2310 3269 Licet
2353 3208 2771 3267 munificentiam
2817 3207 2959 3276 regis
3014 3205 3252 3275 quotidie
3301 3203 3504 3258 deceat
3554 3215 3681 3258 cum

2091 3307 2207 3364 sole
2242 3304 2503 3368 relucere,
2552 3309 2608 3357 et
2640 3300 2837 3369 jugiter
2875 3297 3074 3366 aliquid
3113 3295 3308 3361 facere,
3354 3309 3471 3364 quo
3510 3293 3683 3365 possit

2093 3395 2310 3464 largitas
2349 3389 2603 3464 principis
2631 3402 2912 3458 apparere,
2953 3387 3078 3441 huic
3108 3393 3287 3439 tamen
3326 3382 3686 3439 conscientiae

2093 3485 2334 3541 debitum
2379 3479 2623 3543 solvitur,
2672 3477 2884 3547 quoties
2922 3474 3236 3546 parentibus
3281 3472 3380 3528 sub
3420 3472 3690 3540 aequitate

2093 3579 2396 3649 praestatur.
2421 3571 2720 3625 Lucrantur
2738 3567 3007 3637 principes
3027 3565 3168 3621 dona
3193 3579 3286 3618 sua
3306 3581 3320 3631 ;
3344 3559 3400 3619 et
3422 3564 3535 3618 hoc
3556 3577 3689 3618 vere

2095 3662 2357 3719 thesauris
2385 3659 2714 3730 reponimus,
2744 3657 2887 3726 quod
2926 3655 3080 3710 famae
3108 3654 3407 3710 commodis
3436 3653 3689 3724 applica-

2095 3768 2234 3809 mus.
2263 3751 2414 3807 Absit
2441 3750 2584 3804 enim
2609 3755 2666 3802 ut
2692 3762 2949 3816 negemus
2970 3745 3135 3813 affini,
3161 3746 3303 3814 quod
3324 3745 3579 3800 solemus
3599 3758 3693 3798 cu-

2097 3845 2299 3902 stodire
2336 3837 2866 3911 subjectis:quando
2911 3837 3000 3908 qui
3051 3836 3204 3890 nobis
3250 3836 3528 3911 sanguin
3558 3850 3696 3890 con-

2096 3935 2356 4006 iungitur,
2384 3933 2506 4003 plus
2541 3937 2807 3996 meretur;
2851 3944 2951 3985 nec
2994 3927 3222 3982 fraudari
3248 3935 3431 3997 potest
3464 3927 3696 3998 proprio

2099 4026 2386 4094 desiderio,
2415 4023 2506 4094 qui
2535 4022 2729 4076 militat
2753 4020 2851 4078 sub
2868 4019 3047 4088 judice
3067 4018 3321 4087 gratioso.
3348 4017 3543 4087 Atque
3570 4018 3700 4073 ideo

2099 4117 2360 4172 illustrem
2404 4113 2824 4184 magnitudinem
2881 4118 3023 4164 tuam
3070 4108 3325 4179 praecelso
3361 4117 3544 4178 atque
3583 4123 3700 4162 am-

2101 4207 2340 4279 plissimo
2378 4205 2495 4259 viro
2533 4201 2894 4258 Theodahado
2939 4215 3145 4254 massas
3192 4199 3381 4254 subter
3423 4213 3702 4261 annexas,

2103 4307 2184 4353 tot
2205 4295 2410 4353 solidos
2438 4293 2789 4365 pensitantes,
2817 4307 2881 4345 ex
2910 4289 3231 4361 patrimonio
3256 4289 3551 4358 quondam
3594 4303 3708 4343 ma-

2103 4387 2309 4457 gnificae
2336 4385 2543 4440 feminae
2569 4383 2754 4437 matris
2792 4381 2979 4451 ipsius,
3011 4379 3350 4450 praecipi-mus
3381 4380 3710 4444 reformari,

431 4497 657 4559 quenter
692 4488 929 4556 potuisse
974 4487 1169 4543 mereri
1209 4501 1308 4558 per.
1339 4486 1483 4556 quod
1512 4486 1756 4542 homines
1792 4494 2004 4541 constat
2031 4499 2083 4556 Ῑ)
2105 4479 2222 4548 ejus
2243 4476 2474 4532 feliciter
2499 4473 2739 4529 dominio
2779 4471 3089 4542 plenissime
3125 4469 3522 4535 vindicandas;
3558 4469 3712 4537 cujus

433 4579 632 4635 ornari.
664 4576 962 4633 Hosetiam
989 4578 1192 4634 intrare
1229 4578 1285 4633 in
1313 4585 1552 4638 nostram
1591 4576 1794 4632 curiam
1823 4574 2000 4642 decet,

432 4669 524 4741 qui
570 4668 639 4723 ad
687 4666 890 4738 primos
951 4667 1188 4724 honores
1238 4682 1345 4723 non
1396 4665 1706 4736 expendunt
1756 4663 2006 4721 meritum

434 4775 612 4823 suum,
645 4757 743 4814 sed
782 4772 902 4812 cum
945 4770 1136 4824 magna
1183 4756 1539 4826 susceperint,
1570 4754 1765 4809 iterum
1801 4753 2008 4822 majora

434 4853 827 4918 promerentur.
855 4842 1063 4899 Ornant
1080 4858 1296 4914 quoque
1323 4843 1459 4898 tales
1486 4850 1541 4898 et
1566 4850 1749 4898 nostra
1771 4841 2004 4911 judicia;

435 4940 689 5011 quoniam
727 4938 866 4994 bene
891 4937 1039 5008 prius
1066 4935 1270 4995 electus
1294 4935 1547 4998 creditur,
1576 4935 1666 5004 qui
1695 4935 1889 5003 saepius
1915 4949 2012 5004 ap-

437 5031 718 5101 probatur.
761 5028 958 5084 Natura
1003 5028 1115 5097 ipsa
1163 5025 1290 5081 boni
1333 5025 1571 5080 adhibita
1611 5026 2009 5096 perseverantia

436 5122 716 5192 pretiatur,
755 5121 879 5191 quia
909 5118 1086 5174 minus
1124 5125 1208 5173 est
1240 5115 1506 5172 laudanda
1551 5117 1806 5186 incipere,
1847 5130 2010 5186 quam

439 5212 704 5267 bonorum
759 5212 1093 5281 propositum
1146 5207 1434 5263 custodire.
1486 5205 1698 5264 Similes
1751 5208 2011 5263 habuistis

441 5302 590 5368 olim,
646 5309 827 5371 patres
877 5299 1164 5368 conscripti
1188 5337 1205 5363 ,
1252 5297 1475 5366 Decios,
1521 5298 1723 5352 similes
1773 5305 2012 5352 vetustas

444 5394 698 5452 praedicat
725 5392 886 5448 fuisse
932 5390 1211 5446 Corvinos.
1257 5389 1442 5458 Neque
1487 5391 1630 5445 enim
1677 5389 1762 5443 hic
1791 5390 1894 5454 vir,
1943 5389 2011 5443 de

512 5554 536 5580 ἰ
565 5542 681 5621 Quo
711 5541 926 5621 nomine
959 5541 1108 5621 bona
1138 5542 1462 5621 qumliberis
1490 5557 1520 5598 a
1563 5550 1731 5596 matre
1760 5542 2012 5621 obvene-

443 5609 891 5676 rint,’interdum
930 5609 1214 5677 signiﬁcari
1255 5611 1340 5665 Fr.
1386 5611 1705 5674 Connanus,
1760 5611 1849 5664 lib.
1899 5627 2009 5673 vm,

443 5699 566 5761 cap.
592 5681 849 5761 3,.n.ota_t,
880 5679 1073 5761 aliique
1107 5694 1185 5761 lex
1213 5679 1439 5761 Seneca,
1479 5681 1656 5736 Valer.
1699 5679 1931 5761 Marini-0
1961 5691 2016 5736 et

445 5747 702 5806 Suetonio
731 5747 1074 5805 contendunt.
1107 5747 1417 5804 Plutarchus
1445 5761 1630 5805 contra
1662 5765 1768 5806 non
1799 5749 1901 5805 levi
1928 5767 2013 5804 ra-

2107 4571 2462 4628 successionis
2483 4571 2746 4639 integrum
2773 4568 2859 4637 jus
2885 4567 2938 4621 in
2964 4581 3030 4620 ea
3049 4579 3154 4634 qua
3174 4563 3537 4634 praecipimus
3559 4570 3716 4632 parte

2108 4663 2382 4732 largimur.
2415 4661 2491 4716 De
2513 4660 2666 4729 cujus
2709 4657 2811 4713 ﬁde
2858 4672 2922 4713 ac
2953 4655 3261 4712 sinceritate
3287 4654 3713 4726 praesumimus,

2110 4761 2169 4808 ut
2193 4752 2433 4821 sequenti
2462 4759 2704 4820 tempore
2729 4748 2935 4819 reliqua
2957 4756 3116 4818 supra
3140 4746 3434 4801 memorati
3467 4756 3497 4784 ι
3525 4744 3718 4799 matri-

2111 4845 2277 4900 monii
2315 4844 2459 4914 [Atii,
2504 4841 2832 4913 patrimonii]
2879 4856 3002 4896 cum
3043 4839 3189 4894 omni
3231 4837 3457 4906 adjecta
3489 4835 3718 4906 quanti-

2113 4942 2221 4990 tate
2246 4943 2531 4989 mereatur.
2566 4933 2702 5000 Quid
2730 4934 2872 4989 enim
2903 4932 2998 4987 tali
3024 4931 3141 4987 viro
3170 4943 3374 4997 negare
3407 4931 3716 5000 possimus,

2113 5027 2202 5094 qui
2245 5025 2406 5081 etiam
2449 5023 2671 5079 meliora
2714 5025 2825 5079 suis
2859 5025 3014 5095 136
3039 5023 3284 5078 obtinere
3313 5023 3510 5091 possit
3555 5023 3719 5078 obse-

2112 5118 2270 5186 quiis,
2298 5116 2383 5171 vel
2409 5116 2581 5171 sinon
2611 5117 2932 5186 probaretur
2956 5115 3164 5170 afﬁnis?
3187 5115 3280 5170 Vir
3299 5129 3480 5184 quem
3518 5114 3718 5171 nobili-

2113 5207 2240 5261 tatis
2269 5222 2377 5262 suae
2404 5207 2548 5261 nulla
2578 5205 2726 5261 inflat
2767 5207 2949 5272 elatio,
3000 5207 3261 5262 modestia
3299 5207 3563 5272 humilis,
3595 5222 3722 5276 pru-

2113 5294 2294 5350 dentia
2315 5311 2527 5366 semper
2553 5294 2796 5364 aequalis,
2825 5294 2951 5364 quid
2974 5311 3004 5348 a
3036 5294 3187 5349 nobis
3218 5304 3517 5351 mereatur
3543 5297 3721 5351 inten-

2117 5389 2249 5455 dite,
2265 5389 2515 5458 quoniam
2537 5387 2604 5442 ad
2625 5388 2848 5456 gloriam
2869 5395 3109 5443 nostram
3141 5386 3438 5453 trahimus,
3471 5390 3573 5458 qui
3597 5403 3721 5443 eum

2121 5544 2266 5628 tione
2302 5543 2556 5628 disputat
2595 5546 2644 5624 iv
2690 5543 3378 5628 πᾳραχγέλμαᾳιηγαμικοῖερ
3415 5544 3529 5628 _cui
3565 5541 3726 5611 hujus

2121 5613 2226 5667 loci
2251 5613 2430 5678 lectio,
2471 5613 2804 5682 patrimonii,
2832 5613 3057 5668 duorum
3089 5613 3611 5682 manuscriptorum
3632 5626 3727 5667 eo-

2119 5683 2296 5738 dicum
2323 5679 2644 5740 auctoritate
2676 5679 2990 5740 conﬁrmata
3015 5679 3356 5752 suffragatur.
3375 5679 3583 5738 Ferus.
