3990 6170
313 191 418 249 75-7

1561 211 1922 270 VARIARUM
1963 215 2166 274 LIBER
2207 219 2336 278 γιη.

3488 245 3592 302 75³

306 307 616 377 proximum
667 311 1008 378 confitemur.
1059 317 1403 392 Quapropter
1445 325 1765 394 :equissimae
1788 327 1903 396 jus-
1927 329 1976 389 Δ
2005 339 2088 386 est
2115 335 2256 390 enim
2282 337 2482 409 duplici
2507 358 2663 412 pmna
2694 350 2930 417 percelli,
2963 353 3051 421 qui
3095 364 3149 411 et
3177 356 3408 414 divinam
3440 379 3592 417 revn-

307 397 445 452 Iioni
476 413 643 469 opera
667 412 928 460 navanter
956 403 1012 478 [1
1017 415 1171 475 uret.,
1201 409 1449 483 ovanter]
1474 413 1790 485 impendite,
1818 415 1901 471 di-

305 479 574 556 lectisque
600 487 746 560 [Gr.,
790 491 1032 566 directis]
1060 497 1205 554 sedis
1233 479 1732 560 vestrae-cimiteriis
1753 479 1899 560 desi-

304 586 498 648 gnatas
534 595 740 638 massas
767 587 1077 643 auctoribus
1105 588 1252 662 [Gr.,
1293 593 1585 666 actoribus]
1623 595 1738 664 ejus
1781 596 1900 651 sine

302 669 483 738 aliqua
511 671 772 731 dilatione
809 679 1148 748 contradite;
1191 692 1250 737 ut
1293 698 1504 740 summa
1532 685 1690 743 nobis
1727 688 1897 757 chari-

304 768 416 815 tate
452 763 712 832 sociatus,
743 769 916 836 gratia
938 773 1220 840 praesentis
1247 777 1487 834 muneris
1516 779 1770 834 reddatur
1806 796 1899 837 ac-

308 853 541 923 ceptior.

729 1044 735 1049 ,
815 980 1148 1042 EPISTOLA
1189 988 1376 1047 xxxv.

447 1084 624 1124 CLBRO
653 1087 922 1130 κρειεςω
955 1093 1182 1134 ΒΟΜΑΝΒ
1206 1098 1576 1141 ΑτΗΑιΑιιιευε
1606 1104 1734 1142 REX.

295 1155 535 1242 Remittit
557 1161 626 1242 ad
659 1179 811 1242 papa
833 1164 1089 1242 judicium
1111 1187 1198 1224 eos
1229 1174 1315 1242 qui
1342 1174 1524 1229 clerico
1564 1175 1801 1234 Romano
1825 1181 1893 1235 Ii-

363 1237 469 1282 tem
497 1231 846 1305 intenderim;
871 1235 974 1298 Qui
994 1251 1191 1295 sancta
1225 1231 1362 1297 sedis
1387 1231 1894 1305 auctoritatemcoii-

367 1302 653 1379 lempserit,
678 1319 794 1379 eum
819 1307 923 1359 vult
944 1316 993 1360 et
1021 1326 1180 1379 causa
1215 1314 1416 1379 cadere,
1449 1325 1498 1368 et
1529 1318 1701 1374 decem
1723 1302 1889 1376 libru-

364 1384 480 1421 rum
501 1372 617 1430 auri
645 1372 836 1427 mulcta
857 1378 1169 1447 pauperibus
1195 1372 1461 1454 eroganda
1485 1372 1679 1457 puniri.

368 1479 547 1540 Tanto
579 1483 854 1543 Divinitati
883 1489 1112 1558 plurima
1138 1493 1418 1564 debemus,
1450 1508 1654 1568 quanto
1678 1518 1712 1558 a
1738 1514 1892 1560 ente-

287 1571 366 1625 ris
396 1573 715 1629 mortalibus
760 1578 965 1649 majora
989 1585 1344 1652 suscepimus.
1377 1587 1513 1644 Nam
1542 1591 1668 1660 quid
1713 1594 1887 1650 simile

2003 426 2252 493 tentiam,
2282 436 2336 483 et
2365 443 2550 486 nostra
2574 433 2721 502 jussa
2762 443 3053 497 temerarit.
3099 445 3202 500 Sed
3235 448 3443 504 interim
3473 470 3590 520 vos,

2000 524 2140 581 quos
2167 517 2366 584 judicia
2416 532 2600 577 nostra
2630 539 2976 598 venerantur,
3027 536 3403 596 ecclesiasticis
3431 544 3593 601 vivite

2002 601 2275 661 institutis.
2305 608 2553 678 Magnum
2582 616 2758 670 scelus
2779 629 2878 686 est,
2905 622 3108 677 crimen
3127 626 3430 698 admittere,
3454 648 3590 703 quos
3631 671 3650 680 η

2001 711 2102 751 nec
2131 701 2594 758 conversationem
2623 704 2778 762 decet
2823 710 3023 766 habere
3067 716 3414 786 saecularem;
3458 701 3587 792 pro-

2000 783 2162 843 fessio
2195 800 2376 845 vestra
2418 793 2526 847 vita
2555 797 2790 853 cmlestis
2833 809 2934 856 est.
2967 803 3142 860 Nolite
3187 807 3255 862 ad
3284 783 3590 870 mortalium

1999 888 2124 934 vota
2153 881 2374 937 humilia
2419 893 2475 940 et
2512 902 2724 945 errores
2762 892 3106 952 descendere.
3155 897 3405 957 Mundaui
3434 920 3591 961 coer-

1999 978 2225 1025 ceantur
2260 972 2495 1030 humano
2512 976 2653 1045 jure,
2685 995 2782 1035 vos
2823 986 3025 1041 sanctis
3071 990 3308 1047 moribus
3345 994 3584 1055 obedite.

2507 1089 2832 1149 EPISTOLA
2870 1095 3032 1156 XXV.

1996 1209 2176 1251 JOANNI
2197 1215 2319 1255 “R0
2347 1217 2605 1270 ILLUSTRI,
2620 1222 3044 1277 BEFEBENDARIO,
3069 1230 3433 1275 Ατωιλῐιιευε
3457 1239 3580 1280 REX.

1999 1285 2315 1373 Confirmat.
2333 1294 2737 1373 muniﬁcentiam
2781 1299 2980 1373 Tulum,
3010 1320 3112 1373 qua
3154 1307 3361 1362 domum
3384 1299 3454 1365 lin
3491 1331 3583 1368 cu-

2136 1370 2244 1414 atro
2287 1359 2568 1418 Lucullqu
2608 1370 2828 1436 positam
2863 1359 3058 1426 Joaizni
3097 1390 3440 1435 concesserat.

2066 1470 2232 1529 Valde
2277 1472 2493 1541 dignum
2542 1482 2644 1542 est,
2677 1477 2730 1530 in
2781 1477 2859 1534 eis
2905 1479 3080 1536 aliena
3119 1498 3358 1556 servare,
3387 1489 3582 1557 quibus

1995 1573 2094 1615 nos
2133 1569 2349 1629 oportet
2393 1563 2612 1632 propria
2659 1563 2799 1621 dona
2837 1568 3106 1624 conferre.
3137 1572 3275 1638 Quid
3322 1576 3468 1631 enim
3510 1579 3580 1636 de

289 1663 558 1732 rependat
609 1664 742 1735 Deo,
790 1668 880 1742 qui
927 1649 1441 1746 Patitur—imperio?
1480 1649 1578 1740 sed
1621 1683 1750 1740 licet
1789 1701 1889 1756 Pro
1920 1703 1966 1762 Β
2505 1657 2697 1762 possis
2721 1658 3012 1762 ambigere,
3037 1663 3250 1762 quando
3288 1680 3318 1718 a
3340 1667 3496 1722 nobis
3524 1677 3578 1762 te

289 1761 447 1809 tanto
494 1771 720 1813 munere
769 1761 900 1816 nihil
947 1768 1287 1836 compensati
1334 1772 1507 1841 possit
1540 1773 1751 1843 idonee,
1784 1779 1886 1848 ipsi

291 1853 473 1900 tamen
503 1849 674 1915 gratia
705 1850 966 1923 redditur,
997 1855 1123 1920 dum
1166 1859 1221 1923 in
1249 1863 1612 1920 servientibus
1648 1867 1886 1924 honora-

291 1943 396 1991 tur.
430 1937 619 2009 Itaque
644 1939 809 1997 ﬂebili
851 1940 1088 2004 editione
1115 1953 1410 2010 causamini
1439 1957 1542 2012 hoc
1569 1957 1733 2015 fuisse
1763 1960 1885 2017 lon-

180 2027 201 2041 '
287 2041 368 2095 gae
398 2033 809 2091 consuetudinis
838 2037 1161 2112 institutum,
1205 2055 1264 2099 ut
1291 2047 1335 2102 si
1380 2049 1500 2119 quis
1529 2066 1886 2109 sacrosanctae

287 2119 545 2176 Romanas
572 2121 821 2181 Ecciesize
848 2131 1173 2188 servientem
1200 2136 1377 2206 aliqua
1403 2141 1646 2198 crederet
1673 2145 1886 2202 actione

283 2212 627 2282 pulsandum,
674 2217 1094 2301 ad'supradictze
1133 2228 1364 2286 civitatis
1399 2233 1691 2290 antistitem
1722 2252 1886 2305 nego-

283 2305 414 2360 tium
445 2323 605 2362 suum
633 2297 872 2368 dicturus
918 2329 1246 2385 occurreret,
1282 2337 1350 2378 ne
1387 2323 1563 2381 clerus
1578 2336 1772 2394 tvester
1795 2328 1882 2384 fo-

282 2397 536 2454 rensibus
560 2399 740 2457 litibus
763 2405 1096 2475 profanatas,
1124 2414 1354 2480 negotiis
1385 2415 1510 2486 illa.
1545 2416 1664 2487 Gn,
1693 2416 1812 2492 Cuj.
1831 2431 1883 2477 et

280 2485 476 2550 Form,
511 2489 724 2563 ofﬁciis]
747 2495 927 2564 potius
963 2499 1305 2557 saecularibus
1327 2485 1622 2576 occupetur
1680 2485 1883 2566 adden-

284 2584 366 2631 tes
390 2577 682 2635 diaconum
721 2597 936 2656 quoque
966 2597 1202 2644 vestrum
1235 2593 1302 2648 ad
1331 2599 1712 2668 contumeliam
1751 2603 1879 2658 reli-

279 2667 460 2736 gionis
505 2678 653 2727 tanta
691 2678 1054 2736 exsecutionis
1093 2684 1389 2740 acerbitate
1427 2667 1779 2759 compulsum,
1821 2701 1881 2749 ut

277 2759 424 2828 sajus
455 2778 578 2815 eum
609 2766 840 2835 propritn
870 2770 1127 2826 custodias
1167 2774 1414 2832 crederet
1444 2781 1873 2851 mancipandam.

279 2850 664 2924 Presbyterum
695 2859 989 2926 quinetiam
1020 2862 1277 2920 Romamn
1321 2866 1574 2927 Ecclesia
1602 2850 1700 2943 pro
1743 2876 1875 2931 levi-

275 2939 377 2995 bus
426 2945 608 3007 causis
655 2948 895 3004 asseritis
940 2952 1290 3012 criminaliter
1343 2939 1664 3030 impetitum.
1719 2963 1875 3032 Quod

1991 1742 2246 1810 intelligis
2274 1744 2468 1799 mereri
2497 1746 2642 1814 quod
2679 1763 2708 1801 a
2739 1752 2936 1806 nostris
2959 1751 3331 1812 decessoribus
3370 1761 3582 1830 accepi-

1989 1831 2100 1896 sti?
2129 1830 2450 1892 Proﬁtemur
2479 1835 2660 1904 itaque
2707 1837 2928 1896 alterius
2971 1843 3188 1912 quidem
3229 1849 3453 1914 donum,
3483 1850 3580 1906 sed

1988 1933 2229 1986 nostrum
2254 1940 2373 1986 esse
2389 1925 2670 1996 judicium,
2699 1938 2755 1984 et
2790 1932 3104 1990 modernam
3134 1937 3390 2010 principis
3417 1957 3573 1996 meu-

1987 2022 2098 2075 tem
2159 2017 2481 2087 prmvenisse
2551 2027 2756 2075 tantum
2802 2021 3194 2083 velocissimam
3247 2031 3573 2101 largitatem.

1985 2105 2121 2163 Hinc
2149 2118 2231 2164 est
2267 2111 2412 2180 quod
2440 2111 2574 2166 diva:
2603 2111 2793 2183 (lutet.
2834 2114 2896 2172 V.
2929 2116 3013 2185 C.,
3053 2120 3270 2194 divinae]
3300 2129 3574 2183 memoria:

1983 2211 2144 2252 avum
2175 2208 2372 2256 nostrae
2397 2201 2696 2262 clementiae
2718 2207 2935 2264 domum
2981 2211 3034 2265 in
3063 2221 3245 2268 castro
3277 2212 3570 2274 Lucullana

1982 2288 2232 2358 positam,
2283 2292 2661 2362 obsequiorum
2709 2309 2920 2355 tuorum
2974 2303 3260 2361 sedulitate
3309 2306 3577 2377 pro’vnca-

1985 2388 2118 2448 tum,
2166 2392 2377 2440 constat
2425 2387 2654 2445 voluisse
2693 2391 2894 2459 largiri.
2946 2392 3115 2464 Cujus
3162 2395 3570 2468 dispositionem

1982 2481 2199 2535 secutus
2243 2477 2501 2544 patricius
2532 2479 2722 2536 Tulum
2767 2483 3059 2556 (Superius,
3103 2488 3253 2554 epist.
3298 2489 3331 2543 9
3375 2490 3568 2564 e110),

1981 2575 2332 2637 posteaquam
2360 2571 2434 2625 illi
2463 2581 2646 2627 nostra
2669 2584 2753 2629 est
2775 2577 3097 2634 liberalitate
3118 2597 3395 2646 concessa,
3428 2599 3570 2653 prm-

1979 2653 2144 2710 fatam
2174 2657 2394 2713 domum
2423 2671 2546 2716 actu
2575 2663 2812 2732 legitimo
2833 2667 2886 2721 in
2915 2676 3003 2722 tua
3026 2671 3226 2738 optime
3252 2671 3371 2736 jura
3397 2683 3574 2729 trans-

1980 2747 2144 2802 misit.
2178 2748 2519 2823 Quapropter
2545 2757 2810 2812 serenitas
2853 2769 3032 2814 nostra
3062 2761 3145 2815 vel
3187 2763 3450 2818 inchoatae
3473 2781 3571 2819 vo-

1980 2837 2202 2895 luntatis
2245 2843 2594 2913 desiderium,
2625 2848 2710 2902 vel
2741 2847 2931 2904 Tulum
2962 2851 3286 2921 plenissima:
3318 2855 3569 2913 donatio-

1977 2927 2064 2983 nis
2083 2928 2334 2986 eil‘ectum
2364 2935 2613 3002 praesenti
2659 2939 2982 2995 auctoritate
3033 2943 3468 3011 corroboranms,
3510 2959 3566 3008 ut

277 3035 460 3102 nobis,
486 3051 586 3104 pro
616 3037 852 3106 ingenita
881 3046 1182 3100 reverentia
1213 3062 1373 3119 quam
1398 3023 1582 3110 nostro
1612 3023 1870 3114 debemus
1895 3074 1941 3136 ρ
1977 3023 2785 3138 Ϋξξξὶξίξιδ-ξίξῐῗξί,Ψξήίῗω
2820 3028 2992 3138 law?
3044 3031 3167 3138 ἕλ’
3342 3047 3392 3092 θ’
3419 3036 3570 3111 cu!"

274 3121 525 3190 Auctori,
557 3124 888 3196 displicuisse
915 3113 1247 3204 proﬁtemur,
1278 3147 1335 3193 ut
1362 3140 1454 3210 qui
1477 3143 1682 3211 pridem
1702 3149 1872 3206 sacris
1896 3113 1941 3136 υ
1977 3113 2236 3211 Ρψῗτηίθ]
2277 3119 2668 3211 καθωμίθὼ
2697 3122 2927 3191 Λθ⁰θ¹¹¹’
2956 3125 3011 3179 in
3049 3125 3341 3185 Lucullana
3388 3140 3567 3188 “suo

272 3224 594 3270 meruerant
623 3218 884 3278 inservire
911 3225 1242 3294 ministeriis,
1265 3234 1640 3291 conventionis
1668 3238 1875 3297 irreve-

273 3317 466 3364 renter
495 3311 712 3369 nefariis
743 3315 950 3384 injuriis
978 3321 1337 3392 subjaccrent.
1371 3326 1476 3385 Sed
1505 3330 1732 3388 aliorum
1755 3335 1872 3405 ple-

273 3399 473 3454 ctenda
530 3403 807 3476 subreptio
870 3410 1028 3466 nobis
1082 3413 1277 3469 obtulit
1327 3417 1650 3487 plenissimae
1701 3399 1875 3482 laudis

273 3500 556 3558 eventum,
602 3504 663 3549 ut
704 3511 865 3553 causa
902 3502 1240 3573 contingeret
1270 3511 1579 3577 praestandi.
1617 3527 1736 3582 qua:
1774 3531 1874 3573 nos

274 3583 593 3642 coelestibus
625 3591 1034 3649 commendaret
1075 3598 1304 3654 auxiliis.
1337 3600 1513 3672 Atque
1541 3605 1662 3660 ideo
1691 3609 1872 3664 consi-

275 3670 536 3728 derantes
579 3679 894 3747 apostolicm
940 3683 1086 3740 sedis
1113 3686 1400 3758 honorem,
1425 3670 1503 3747 iet
1532 3697 1876 3756 consulentes

274 3760 562 3819 desideriis
589 3769 1031 3843 supplicantium,
1053 3781 1304 3846 prtesenti
1334 3785 1657 3842 auctoritate
1689 3789 1874 3845 mode-

274 3862 397 3910 rato
423 3857 614 3913 ordine
641 3860 942 3932 deﬁnimus,
993 3875 1052 3922 ut
1097 3871 1140 3924 si
1171 3872 1437 3942 quispiam
1466 3876 1535 3932 ad
1570 3876 1873 3937 Romanum

274 3944 483 4000 clerum
512 3948 746 4019 aliquem
789 3958 1150 4025 pertinentem
1195 3962 1249 4018 in
1280 3965 1522 4032 qualibet
1551 3983 1714 4024 causa
1739 3987 1871 4042 pro-

273 4032 442 4096 babili
482 4041 771 4098 crediderit
818 4048 1031 4105 actione
1077 4051 1416 4121 pulsandum,
1469 4057 1538 4112 ad
1577 4032 1870 4117 beatissimi

272 4141 429 4197 papae
459 4128 718 4198 judicium
767 4136 916 4206 prius
956 4143 1246 4199 con-veniat
1298 4146 1625 4216 audiendus;
1678 4161 1738 4208 ut
1778 4160 1872 4208 aut

274 4217 392 4287 ipse
425 4220 570 4277 inter
609 4233 864 4298 utrosque
901 4246 1054 4287 more
1101 4249 1212 4290 suae
1243 4240 1546 4296 sanctitatis
1587 4251 1864 4311 agnoscat,

271 4319 364 4364 aut
394 4326 616 4370 causam
639 4316 850 4389 deleget
869 4323 1138 4390 aequitatis
1161 4327 1338 4384 studio
1363 4332 1783 4402 terminandam;
1813 4345 1870 4392 et

1977 3205 2172 3274 posita,
2202 3221 2323 3261 cum
2367 3209 2617 3265 omnibus
2645 3212 2712 3266 ad
2760 3227 2820 3268 se
2846 3215 3239 3283 pertinentibus
3267 3219 3319 3274 in
3359 3227 3449 3276 tua
3477 3223 3571 3278 vel

1976 3295 2249 3352 bceredum
2298 3306 2512 3353 tuorum
2553 3304 2894 3370 possessione
2924 3317 3264 3374 permaneat;
3313 3319 3368 3365 et
3409 3313 3566 3384 quid-

1973 3387 2101 3459 quid
2127 3389 2198 3444 de
2231 3389 2334 3445 hac
2377 3389 2558 3446 facere
2587 3393 2865 3462 malueris,
2905 3396 3129 3453 habebis
3159 3400 3381 3455 liberam
3407 3412 3567 3472 pote-

1973 3485 2164 3534 statem
2192 3478 2512 3548 :cujuslibet
2555 3482 2646 3536 vel
2689 3483 2883 3552 privati
2933 3487 3189 3554 nominis,
3229 3489 3316 3543 vel
3363 3491 3563 3559 publici

1972 3573 2200 3642 posthac
2239 3572 2660 3642 hquietudinem
2690 3576 3108 3645 submoventes;
3158 3580 3248 3635 ubi
3279 3583 3408 3637 etsi
3436 3583 3564 3653 quid

1973 3668 2118 3716 esset
2163 3662 2405 3731 quolibet
2450 3679 2608 3726 casu,
2653 3665 2895 3734 qualibet
2937 3668 3281 3736 inquisitione
3319 3669 3563 3728 fortassis

1974 3752 2301 3821 ambiguum,
2346 3753 2505 3822 hujus
2533 3757 2870 3812 auctoritatis
2900 3768 3096 3814 nostra:
3119 3760 3320 3829 judicio
3348 3771 3562 3821 constat

1974 3845 2275 3913 explosum.
2325 3845 2546 3912 Fruere,
2569 3846 2798 3916 juvante
2844 3850 2974 3912 Beo,
3017 3851 3180 3908 rebus
3225 3856 3452 3924 propriis
3492 3871 3561 3911 ex
3625 3898 3630 3903 ι

1973 3941 2158 3988 nostra
2190 3948 2407 4005 quoque
2448 3937 2771 3994 auctoritate
2824 3940 3086 3997 solidatis.
3129 3943 3230 3998 Alii
3279 3946 3420 4000 enim
3465 3948 3561 4002 tibi

1967 4026 2090 4096 jura
2117 4028 2350 4098 legitima
2381 4033 2765 4101 praestiterunt,
2813 4052 2913 4093 nos
2938 4041 3295 4108 possessionis
3325 4044 3558 4112 quietem

1972 4125 2029 4173 et
2065 4121 2274 4177 cunctis
2312 4124 2523 4179 saeculis
2562 4140 2810 4181 securam
2860 4129 3188 4186 conibrimus
3228 4131 3556 4190 ﬁrmitatem.

1971 4209 2078 4266 Sed
2107 4226 2177 4268 ne
2216 4213 2335 4283 quis
2363 4214 2584 4271 forsitan
2617 4228 2726 4272 tam
2774 4222 3001 4289 egregia:
3029 4223 3320 4280 voluntatis
3358 4236 3555 4282 nostra}

1970 4300 2180 4357 invidus
2210 4311 2503 4360 temerator
2543 4308 2757 4372 existat,
2782 4307 3033 4377 jubemus
3071 4325 3190 4365 eum
3232 4314 3322 4380 qui
3352 4329 3418 4368 ex
3455 4315 3557 4371 hac

271 4403 318 4456 si
344 4403 510 4470 forte,
540 4409 684 4478 quod
710 4412 856 4466 credi
885 4414 1036 4471 nefas
1066 4426 1170 4482 est,
1199 4431 1512 4491 competens
1545 4392 1866 4486 desiderium
1899 4439 1948 4502 ι)
1971 4392 2732 4502 Ὗξᾳυέιῲέίβθωίῖῗτθᾷῗθι
2781 4396 2892 4451 “sei
2935 4399 3172 4502 "ofﬂam
3203 4399 3304 4502 vel.
3337 4402 3563 4502 pri???-

271 4495 438 4552 fuerit
460 4500 705 4567 petitoris
734 4504 962 4573 elusum,
995 4519 1122 4566 tunc
1148 4511 1216 4567 ad
1243 4514 1515 4571 saecularia
1545 4515 1660 4573 fora
1682 4517 1868 4589 iurga-

271 4595 432 4644 turus
475 4601 741 4660 occurrat,
773 4599 989 4666 quando
1027 4617 1153 4659 suas
1191 4605 1480 4674 petitiones
1503 4609 1813 4678 probaverit
1836 4628 1868 4668 a

270 4679 600 4750 supradicta:
626 4684 770 4740 sedis
798 4691 1026 4756 praesule
1064 4691 1228 4751 fuisse
1257 4705 1616 4768 contemptas.
1640 4700 1795 4767 Quod
1823 4702 1868 4757 si

270 4769 394 4837 quis
417 4772 690 4829 exstiterit
709 4783 818 4832 tam
851 4779 1128 4850 improbus
1148 4784 1405 4854 litigator,
1436 4796 1598 4858 atque
1625 4791 1864 4847 omnium

271 4859 440 4916 fuerit
463 4861 669 4930 judicio
711 4869 970 4942 sacrilega
1017 4883 1198 4938 mente
1238 4877 1540 4946 damnatus,
1581 4882 1672 4950 qui
1713 4897 1868 4939 reve-

271 4955 508 5009 rentiam
537 4965 700 5014 tanta:
748 4962 862 5019 sedi
903 4966 1160 5026 exhibere
1204 4979 1532 5039 contemnat,
1572 4982 1627 5030 et
1664 4975 1864 5046 aliquid

270 5045 339 5101 de
391 5051 594 5106 nostris
631 5053 881 5114 aﬁatibus
923 5061 1208 5118 crediderit
1253 5067 1689 5134 promerendum,
1740 5077 1867 5125 ante

271 5137 506 5210 alicujus
534 5147 910 5207 conventionis
951 5151 1198 5210 effectum
1228 5154 1417 5211 decem
1447 5156 1700 5212 librarum
1749 5160 1865 5214 auri

270 5227 560 5301 dispendio
587 5235 830 5307 feriatur,
857 5257 974 5312 qum
995 5260 1024 5300 a
1048 5246 1297 5315 palatinis
1325 5263 1596 5304 sacrarum
1624 5251 1865 5320 largitio-

273 5338 406 5380 num
445 5328 695 5395 protinus
741 5343 964 5400 exactac,
1015 5352 1116 5407 per
1162 5354 1353 5394 manus
1401 5355 1544 5411 smpe
1587 5345 1869 5400 memorati

269 5418 534 5476 antistitis
561 5425 889 5494 pauperibus
926 5438 1252 5499 erogentur:
1284 5447 1583 5505 carensque
1613 5435 1871 5506 impetra-

272 5504 364 5573 tis,
402 5513 606 5582 negotii
634 5531 850 5587 quoque
876 5521 959 5575 sui
988 5521 1278 5586 amissione
1321 5504 1628 5586 mulctetur.
1666 5504 1865 5598 Dignus

1971 4499 2190 4539 movere
2237 4487 2528 4542 tentaverit
2579 4486 2812 4554 aliquam
2850 4489 3228 4558 quaestionem,
3273 4488 3403 4546 dare
3436 4491 3555 4559 tibi,

1969 4575 2056 4629 vel
2085 4573 2152 4628 ad
2181 4589 2338 4645 quem
2371 4575 2639 4645 pertinere
2665 4577 2916 4644 volueris,
2959 4577 3177 4634 domum
3211 4581 3362 4653 131
3393 4599 3556 4654 supe-

1970 4665 2079 4719 rius
2105 4663 2458 4734 designatam,
2490 4681 2664 4736 pmnm
2707 4668 2924 4723 nomine
2962 4671 3077 4724 auri
3108 4671 3270 4726 libras
3313 4680 3554 4742 centum,

1967 4766 2025 4812 et
2051 4757 2361 4813 frustratum
2403 4759 2520 4814 suis
2539 4760 2767 4816 ausibus
2789 4761 3211 4834 iuﬁmatumque
3257 4763 3552 4822 discedere.

1968 4845 2124 4904 Hunc
2152 4849 2298 4904 enim
2319 4851 2609 4906 voluntatis
2628 4867 2738 4907 sine
2761 4861 2999 4908 muretus
3028 4854 3270 4910 invenire
3297 4854 3554 4922 fluctum,

1967 4939 2058 5006 qui
2113 4939 2318 5010 aliquid
2354 4948 2544 4996 contra
2593 4952 2838 4998 nostrum
2894 4943 3109 5000 videtur
3155 4944 3432 5015 quasiisse
3468 4947 3558 5017 ju-

1968 5029 2186 5085 (irim.

2488 5143 2822 5199 EPISTOLA
2856 5143 3045 5200 XXVI.

2047 5248 2315 5289 UNWBISIS
2347 5249 2590 5288 nume
2617 5250 2688 5289 31‘
2716 5250 2948 5290 suam
2974 5250 3338 5292 Ατωωιιευε
3365 5254 3491 5292 nux.

1976 5326 2209 5396 Prw/icit
2253 5325 2361 5380 illis
2401 5324 2760 5391 Quidilanem,
2781 5334 2834 5380 et
2865 5326 3013 5399 jubet
3058 5338 3116 5382 ut
3151 5330 3256 5400 ipsi
3291 5329 3554 5385 obediaut.

2042 5436 2320 5493 Gloriosus
2349 5435 2578 5489 domnus
2602 5449 2732 5491 avus
2757 5443 2943 5490 noster
2969 5437 3232 5495 desideria
3257 5448 3438 5497 vestra
3461 5456 3556 5495 co-

1970 5542 2262 5600 gnescens,
2286 5523 2620 5592 Quidilanem
2663 5524 2824 5584 sane
2869 5525 3035 5586 illium
3067 5539 3092 5569 ιι
3122 5532 3358 5602 priorem
3402 5532 3560 5590 vobis

349 5681 375 5712 ⁸
404 5670 762 5747 Cmpinianus
789 5679 844 5735 in
875 5679 1156 5737 Austriaca
1185 5682 1418 5744 Historia
1447 5707 1458 5742 :
1486 5688 1641 5745 Prior
1665 5687 1878 5760 imperii
1897 5687 2141 5746 Romani.
2174 5688 2240 5746 Et
2261 5688 2458 5748 Abdias
2482 5691 2766 5765 Babylon.,
2794 5692 2930 5752 liba
2959 5693 3024 5754 de
3047 5691 3290 5750 Zachzuo.
3319 5692 3440 5752 Jun.
