3990 6170
454 263 558 318 759

1666 255 1736 310 Μ.
1778 253 2053 310 AURELII
2094 249 2493 308 CASSIODORI

3612 251 3712 306 700

448 378 663 448 quidem
713 377 885 434 facere
923 373 1239 445 disponebat
1263 390 1275 424 :
1309 369 1400 426 sed
1443 371 1566 442 quia
1587 411 1602 435 ,
1645 368 2032 424 interveniente
2057 375 2104 430 Α
2134 382 2233 424 suo
2260 368 2472 439 peculio
2491 376 2780 423 causantur
2797 368 3028 424 ablatum
3055 384 3066 421 :
3092 367 3426 437 adjicientes,
3447 381 3514 422 ne
3541 383 3711 423 rerum

449 469 664 524 mortali
684 467 1013 533 conditione,
1027 463 1264 532 nequivit
1292 461 1521 530 cogitata
1539 459 1830 530 complere,
1846 473 2032 514 necesv

447 579 509 620 se
533 562 689 617 nobis
716 569 797 615 est
822 558 937 626 ejus
964 565 1088 610 vota
1113 554 1394 626 perlicere,
1427 569 1493 608 ne
1533 560 1715 608 tantus
1741 552 1822 606 vir
1843 551 1908 605 de
1935 551 2032 604 ali-

447 669 557 722 quo
585 650 812 705 inaniter
836 646 1105 716 judicetur
1143 646 1280 701 bona
1324 644 1563 714 potuisse
1593 642 1813 698 sentire.
1861 641 2035 710 Atque

449 742 573 796 ideo
599 737 847 810 praesenti
870 735 1191 793 auctoritate
1220 734 1556 807 praecipimus
1576 741 1634 787 ut
1659 747 1780 787 eum
1801 731 2033 802 priorem

449 829 677 884 feliciter
703 827 906 882 habere
931 825 1202 891 deaeatis;
1234 832 1288 879 et
1307 838 1426 893 qua:
1455 822 1781 879 ordinaverit
1805 836 1903 891 pro
1922 820 2034 875 dis-

447 918 640 990 ciplina
666 917 951 983 servanda,
981 917 1071 971 ubi
1102 924 1282 971 nostra
1311 915 1545 969 maxime
1567 913 1769 969 utilitas
1794 912 2036 968 contine-

448 1020 557 1079 tur,
588 1011 640 1065 in
671 1009 917 1064 omnibus
937 1007 1157 1063 obedire
1181 1007 1423 1062 debeatis
1446 1023 1460 1059 :
1483 1006 1609 1075 quia
1635 1006 1714 1061 sic
1741 1004 1920 1059 domni
1950 1001 2034 1057 avi

447 1099 619 1154 nostri
644 1099 774 1152 estis
800 1097 1039 1152 moribus
1065 1096 1313 1164 instituti,
1344 1102 1401 1149 ut
1430 1103 1484 1149 et
1507 1095 1650 1163 leges
1671 1093 1902 1148 libenter
1937 1106 2033 1145 au-

448 1189 607 1244 diatis
645 1197 701 1243 et
723 1188 950 1258 judices.
984 1186 1095 1242 Hoc
1133 1195 1216 1241 est
1262 1186 1405 1240 enim
1434 1183 1576 1254 quod
1604 1193 1846 1239 nostrum
1869 1180 2037 1238 comit

450 1279 756 1348 imperium,
786 1277 928 1349 quod
949 1277 1255 1348 opinionem
1281 1283 1520 1330 nostram
1551 1276 1689 1330 inter
1716 1282 1902 1344 gentes
1931 1288 2037 1326 am-

449 1368 673 1438 plificat,
702 1367 747 1423 si
784 1367 910 1421 talia
940 1366 1158 1436 geratis,
1184 1379 1304 1434 quae
1331 1373 1385 1419 et
1420 1364 1574 1419 nobis
1595 1371 1844 1434 accepta,
1870 1371 1925 1418 et
1947 1362 2037 1416 Di-

450 1459 660 1515 vinilati
683 1466 906 1529 possunt
929 1474 1049 1514 esse
1077 1457 1399 1528 gratissima.
1430 1455 1720 1511 Robustius
1752 1455 1896 1517 enim
1933 1455 2037 1509 ini-

451 1552 576 1607 mici
608 1550 780 1606 nostri
818 1549 1108 1605 vincuntur
1134 1549 1372 1604 moribus
1414 1547 1601 1614 bonis;
1631 1546 1753 1617 quia
1781 1559 1917 1616 quos
1943 1560 2037 1600 su-

451 1657 618 1712 perna
651 1648 955 1710 protegunt,
988 1639 1169 1694 felices
1189 1637 1522 1692 adversarios
1549 1637 1750 1691 habere
1773 1651 1880 1692 non
1908 1651 2037 1706 pos-

454 1738 597 1784 sunt.
631 1728 880 1798 Pugnatis
902 1729 1042 1783 enim
1071 1726 1356 1781 el‘licacitcr
1378 1725 1506 1780 foris
1532 1767 1547 1793 ,
1577 1725 1702 1779 dum
1731 1725 1782 1778 in
1823 1723 2040 1778 sedibus

455 1821 648 1875 vestris
689 1819 949 1889 justitiam
989 1816 1170 1873 fovere
1208 1817 1548 1872 contenditis.
1593 1815 1700 1871 Ista
1750 1817 1891 1872 enim
1931 1815 2038 1870 duo

456 1920 639 1967 mutua
678 1927 736 1967 se
767 1911 1159 1981 ainplexatione
1205 1910 1551 1976 consociant;
1592 1909 1685 1978 qui
1731 1909 2037 1978 aequitatem

457 2001 702 2064 coluerit,
735 2001 963 2054 fructum
993 1999 1228 2053 victoriae
1264 1997 1578 2068 possidebit.
1619 1997 1751 2052 Nam
1792 2012 1911 2066 qua:
1940 2012 2037 2051 ne-

456 2092 679 2148 cessitas
709 2091 774 2145 ad
799 2091 991 2159 injusta
1018 2089 1324 2159 compellat,
1355 2103 1476 2144 cum
1499 2103 1594 2143 vos
1623 2095 1678 2142 et
1695 2098 1868 2143 sortes
1894 2087 2041 2141 alant

455 2186 703 2256 propriie,
728 2191 780 2238 et
809 2197 1034 2238 munera
1055 2190 1257 2249 nostra,
1290 2180 1517 2237 Domino
1543 2178 1851 2251 adjuvante,
1876 2179 2038 2236 ditili-

457 2278 619 2332 cent?
646 2274 779 2329 Nam
825 2282 880 2328 et
921 2273 968 2328 si
1011 2273 1096 2328 cui
1125 2272 1325 2343 aliquid
1351 2271 1708 2342 expetendum
1737 2277 1837 2337 est,
1861 2278 2041 2341 speret

458 2365 867 2443 [Jur.:Subaudi
889 2363 1086 2436 potius]
1111 2363 1178 2419 de
1201 2363 1556 2418 munificentia
1581 2362 1855 2431 principis,
1877 2376 2039 2430 quam

458 2462 529 2518 de
571 2459 988 2532 praesumptione
1027 2457 1258 2512 virtutis.
1308 2456 1440 2522 Quia
1483 2455 1633 2510 vobis
1661 2454 1870 2526 prolicit
1895 2453 2040 2523 quod

459 2553 686 2610 Romani
709 2551 874 2621 quieti
897 2556 1037 2615 sunt,
1062 2549 1152 2618 qui
1181 2549 1303 2602 dum
1323 2547 1508 2603 aeraria
1530 2555 1711 2604 nostra
1732 2546 1920 2614 ditant,
1943 2560 2037 2602 ve-

459 2652 570 2700 stra
599 2642 850 2698 donativa
875 2640 1244 2712 multiplicant.

955 2772 1288 2830 EPISTOLA
1323 2771 1530 2827 XXVII.

461 2885 695 2926 θυκειιιτ
715 2883 888 2925 εΑιοΝι
910 2883 977 2926 ΕΤ
998 2881 1361 2923 ηοιιεκτιΑΝο
1381 2881 1502 2921 νικο
1524 2878 1734 2920 DEVOTO
1755 2877 2038 2918 COIITMCO

997 2953 1360 2993 ATHALARICUS
1386 2953 1512 2990 REX.

461 3027 1208 3105 Proicipit_utgpercurrant_F
1215 3030 1517 3105 aventinum-
1534 3026 1867 3105 territorium,
1898 3032 1948 3078 et
1996 3025 2039 3079 si

532 3097 678 3174 quem
703 3097 984 3174 Gotfiorum
1004 3108 1103 3174 aut
1126 3099 1473 3174 Romanorum
1500 3097 1697 3150 incolas
1717 3109 2042 3174 _vexass_e_re-

531 3164 776 3241 pererint,
807 3172 871 3237 is,
897 3169 1072 3224 habita
1100 3170 1273 3223 damni
1300 3167 1518 3232 ratione,
1545 3176 1595 3222 et
1621 3166 1814 3220 mulcto
1842 3164 2042 3236 aﬂliga-
2071 3165 2117 3227 C

536 3251 618 3295 tur
644 3251 692 3294 et
711 3258 882 3311 plena.

532 3332 804 3387 Severitas
831 3330 1039 3402 publica
1063 3371 1080 3399 ,
1107 3329 1246 3385 sicut
1273 3329 1340 3384 ab
1370 3326 1744 3383 innocentibus
1771 3331 1942 3389 vacat,
1974 3323 2050 3378 ita

466 3437 689 3479 necesse
709 3429 870 3476 estut
898 3421 950 3476 in
991 3419 1267 3476 sceleratis
1304 3432 1522 3488 operam
1553 3432 1663 3471 sine
1704 3413 2051 3470 districtionis

465 3514 755 3582 impendat,
783 3512 909 3581 quia
935 3526 1044 3567 non
1064 3525 1279 3581 semper
1305 3524 1471 3565 unum
1495 3516 1770 3564 merentur
1792 3506 2050 3574 judicium

465 3603 670 3658 diversa
717 3602 909 3658 merita
937 3614 1309 3671 personarum.
1366 3597 1537 3653 Morbi
1580 3598 1680 3667 ipsi
1709 3596 2052 3651 diss'milibus

467 3691 644 3746 succis
680 3698 938 3748 sanantur
973 3689 1260 3745 herbarum
1294 3705 1307 3740 :
1339 3686 1459 3741 aliis
1503 3686 1637 3752 cibi,
1683 3685 1800 3739 aliis
1850 3685 2052 3738 ferrum

467 3789 705 3851 optatam
735 3786 954 3836 revocat
980 3780 1291 3850 sospitatem
1310 3815 1326 3842 ,
1353 3784 1409 3832 et
1435 3791 1532 3847 pro
1561 3776 1823 3845 qualitate
1844 3774 2053 3845 passio-

469 3873 553 3927 nis
580 3881 904 3943 praaceptum
925 3879 1196 3926 merentur
1215 3867 1453 3925 artiﬁcis.
1484 3867 1550 3922 Et
1575 3867 1696 3924 ideo
1723 3867 1937 3922 devotio
1964 3883 2052 3923 ve-

466 3955 584 4018 stra
610 3977 706 4031 per
732 3962 1083 4018 Faventinum
1106 3960 1434 4016 territorium
1465 3959 1838 4014 incunctanter
1864 3973 2055 4013 excur-

468 4059 588 4116 rat;
613 4060 668 4106 et
694 4052 740 4104 si
767 4065 904 4121 quos
926 4050 1226 4105 Gothorum
1252 4057 1415 4118 atque
1443 4048 1804 4104 Romanorum
1835 4049 1886 4103 in
1909 4048 2052 4104 dire-

472 4143 746 4215 ptionibus
766 4157 1136 4215 possessorum
1164 4155 1223 4198 se
1249 4141 1529 4200 miscuisse
1554 4141 1832 4213 repererit,
1863 4157 2056 4199 secun-

472 4238 598 4292 dum
652 4235 777 4293 facti
826 4235 1259 4301 instimationem,
1293 4241 1350 4290 et
1399 4234 1608 4289 damnis
1653 4233 1954 4304 allligantur
2001 4242 2057 4289 et

464 4328 644 4398 poenis
670 4345 685 4394 ;
715 4329 839 4398 quia
867 4325 1082 4397 gravius
1111 4325 1378 4396 plectendi
1407 4333 1530 4380 sunt
1557 4324 1648 4394 qui
1687 4340 1789 4380 nec
1815 4325 2056 4379 admoni-

473 4417 708 4472 tionibus
726 4418 907 4487 justis,
927 4430 1029 4473 nec
1048 4416 1259 4486 judiciis
1280 4415 1533 4487 principis
1561 4402 1914 4471 obedientium
1937 4427 2057 4470 esse

473 4507 835 4576 crediderunt,
857 4508 1069 4578 quando
1097 4508 1270 4578 major
1290 4507 1522 4563 ambitus
1548 4515 1631 4562 est
1656 4507 1883 4563 dominis
1904 4507 2057 4562 nobis

474 4598 614 4654 velle
639 4599 862 4670 servire,
883 4606 944 4653 ut
981 4599 1352 4655 commendati
1381 4597 1537 4654 bonis
1581 4597 1750 4654 initiis
1793 4598 2054 4668 reliquam

475 4689 638 4744 vitam
675 4688 974 4744 securitatis
997 4703 1219 4744 munere
1241 4689 1601 4760 perfruantur.

977 4796 1307 4854 EPISTOLA
1325 4797 1554 4855 XXVIII.

628 4904 916 4947 διηπειλετο
942 4903 1068 4944 VIBO
1093 4903 1336 4944 ILLUSTRI
1365 4903 1728 4944 ATHALARICUS
1753 4904 1879 4943 REX.

473 4979 734 5058 Decentii
749 4987 803 5058 ult
825 4977 1136 5058 Tancanem,
1164 4977 1252 5058 qui
1280 4975 1568 5058 constantii
1591 4985 1640 5030 et
1681 4976 1889 5058 γένηονίὶ
1915 4978 2060 5048 agel—

551 5049 656 5103 lum
685 5047 1020 5118 Fabriculam
1047 5045 1252 5118 nomine
1273 5045 1579 5118 abstulerat,
1607 5048 1788 5118 quique
1827 5063 1914 5102 eos
1951 5045 2062 5118 ser-

551 5119 698 5172 citati
746 5117 1052 5188 addixerat,
1071 5133 1164 5171 suo
1198 5114 1390 5188 jubeat
1418 5116 1598 5171 adesse
1614 5114 1835 5188 judicio,
1859 5125 1913 5170 ut
1949 5117 2061 5187 juri

551 5197 946 5242 consentaneam
973 5185 1151 5241 subeat
1176 5185 1503 5241 sententiam.

553 5275 825 5332 Permovit
870 5277 1214 5333 serenitatem
1264 5283 1501 5330 nostram
1549 5274 1847 5330 Constantii
1900 5283 2062 5346 atque

482 5367 698 5422 Venerii
737 5367 966 5423 dolenda
1013 5367 1325 5439 conquestio
1354 5407 1369 5432 ,
1422 5381 1527 5436 qua
1581 5367 1678 5422 sibi
1725 5383 1756 5420 a
1813 5367 2063 5424 Tanca'ne

479 5455 613 5523 juris
633 5458 834 5528 proprii
857 5459 1109 5527 agellum,
1128 5457 1270 5529 quod
1290 5456 1572 5513 Fabricula
1593 5458 1917 5522 nominatur,
1940 5474 2062 5514 cum

558 5603 584 5630 ι
615 5593 958 5649 Translatitia
1002 5595 1138 5664 juris
1166 5597 1429 5651 sententia
1475 5603 1579 5663 est,
1605 5595 1870 5664 dejectum
1915 5595 1965 5650 vi
1994 5596 2061 5650 de

487 5664 564 5734 rei
590 5679 700 5719 suae
728 5665 1087 5734 possessione,
1119 5681 1213 5721 seu
1241 5667 1527 5734 spoliatum
1550 5675 1677 5720 ante
1703 5671 1882 5720 omnia
1911 5667 2060 5720 resti-

491 5733 568 5787 tui
595 5744 862 5805 oportere,
893 5733 928 5788 l.
963 5733 1012 5804 l,
1037 5734 1100 5788 C.
1131 5735 1193 5790 Si
1222 5733 1308 5806 per
1335 5736 1434 5802 vim
1479 5735 1557 5790 vel
1585 5735 1688 5790 alio
1711 5737 1897 5803 modo;
1942 5736 1976 5791 Ι.
2005 5736 2056 5803 7,

2135 473 2349 512 suarum
2377 457 2782 528 repetitionibus
2807 457 3162 522 imminerent,
3192 458 3376 512 liberis
3401 458 3501 511 sibi
3531 460 3713 512 condi-

2133 548 2337 602 tionem
2363 547 2563 601 ultimae
2589 548 2862 602 servitutis
2890 548 3107 617 imponi.
3160 548 3336 616 Atque
3363 548 3482 602 ideo
3512 550 3713 618 magni-

2135 637 2264 692 tudo
2293 646 2404 704 tua,
2437 637 2667 693 decretis
2713 638 2969 693 obsecuta
3011 637 3394 707 prmsentibus,
3443 638 3714 707 praefatum

2135 746 2234 786 suo
2255 730 2441 800 jubeat
2467 730 2659 786 adesse
2693 729 2896 800 judicio
2922 747 2937 796 ;
2964 730 3051 784 ubi
3081 729 3226 783 omni
3254 730 3394 785 inter
3418 739 3597 800 partes
3625 745 3712 784 ve»

2135 822 2292 876 ritate
2324 820 2580 884 discussa,
2603 820 2710 890 juri
2751 829 3169 876 consentaneam
3197 827 3252 876 et
3275 821 3502 875 amicam
3530 823 3718 876 vestris

2135 912 2375 965 moribus
2399 912 2638 982 proferte
2661 912 3002 967 sententiam.
3034 910 3167 978 Quia
3192 912 3329 968 sicut
3351 925 3514 982 grave
3553 921 3635 966 est
3655 912 3720 966 de

2135 1017 2236 1059 suo
2255 1003 2501 1058 dominos
2525 1003 2646 1072 jure
2674 1003 2868 1060 cedere
2891 1045 2907 1069 ,
2938 1004 3013 1058 ita
3051 1004 3248 1060 nostris
3274 1013 3357 1059 est
3384 1005 3602 1060 saeculis
3622 1006 3721 1060 ini-

2134 1094 2332 1149 micum
2380 1095 2654 1150 servitutis
2689 1094 2818 1164 jugo
2865 1095 3034 1152 libera
3075 1097 3213 1152 colla
3252 1095 3576 1166 deprimere.
3607 1097 3721 1152 Mo-

2136 1185 2300 1240 menti
2324 1184 2445 1254 jure
2465 1184 2509 1238 si
2539 1195 2872 1255 competunt,
2893 1195 2914 1220 α
2935 1186 3183 1256 primitus
3205 1185 3499 1242 reddantur
3515 1187 3720 1253 invasa;

2141 1274 2213 1328 ita
2243 1283 2444 1340 tamen,
2468 1282 2528 1330 ut
2553 1290 2782 1345 persona
2812 1275 3046 1345 legitima
3095 1276 3575 1346 disceptationibus
3612 1292 3720 1332 non

2136 1365 2378 1421 desistat.
2409 1365 2598 1420 Cesset
2616 1365 2846 1421 violenta
2867 1367 3230 1437 praesumptio,
3258 1374 3316 1422 ut
3345 1382 3506 1423 causa
3529 1367 3724 1436 judicis

2138 1465 2492 1527 cognoscatur
2535 1458 2790 1525 arbitrio;
2818 1465 2874 1512 et
2919 1467 3015 1512 aut
3059 1457 3338 1514 convictos
3386 1456 3535 1530 [Ed.,
3587 1473 3723 1514 con-

2129 1546 2373 1618 junctos]
2400 1561 2587 1602 servos
2616 1561 2740 1602 cum
2769 1547 2930 1602 rebus
2956 1547 3057 1602 sibi
3085 1548 3516 1617 competentibus
3551 1548 3724 1617 possi-

2139 1637 2284 1704 deat,
2338 1646 2432 1692 aut
2457 1637 2716 1708 probatos
2743 1637 2940 1693 liberos
2969 1637 3246 1692 indemnes
3293 1646 3454 1707 atque
3489 1637 3726 1706 integros

2071 1769 2115 1830 Β
2141 1729 2497 1798 derelinquat.
2525 1729 2732 1784 Sullicit
2758 1731 2900 1784 enim
2927 1729 3071 1799 quod
3100 1730 3151 1784 ei
3177 1730 3480 1785 relaxamus
3506 1731 3725 1801 'pcenam

2143 1820 2232 1889 qui
2259 1818 2434 1875 facere
2458 1820 2796 1890 praesumpsit
2820 1820 3093 1891 iniuriam.

2657 1948 2988 2007 EPISTOLA
3027 1951 3212 2007 XXIX.

2143 2058 2438 2099 BONOBA'I‘IS
2509 2057 2907 2098 POSSESSORIBUS
2966 2059 3034 2096 ET
3096 2058 3398 2099 CURIALIBUS
3447 2059 3731 2099 PARIIENSIS

2540 2149 2802 2188 CIVITATIS
2829 2148 3195 2188 ATHALARICUS
3221 2150 3344 2188 REX.

2140 2223 2292 2277 Iubet
2318 2233 2374 2277 ut
2400 2225 2694 2278 cloacarum
2715 2224 2983 2296 urbisora
3011 2225 3281 2295 pandant,
3303 2233 3353 2279 et
3381 2233 3438 2278 ut
3467 2225 3560 2280 hoc
3600 2241 3730 2296 opus

2695 2293 2942 2348 Genesius
2974 2293 3175 2366 urgeat.

2213 2385 2436 2454 Dignum
2458 2393 2538 2439 est
2557 2392 2616 2438 ut
2635 2384 2819 2439 libenti
2847 2385 3026 2440 animo
3055 2384 3263 2440 faciatis
3290 2399 3409 2454 qua:
3433 2384 3612 2452 juberi
3638 2401 3732 2456 pro

2143 2477 2289 2534 urbis
2307 2486 2498 2534 vestrae
2522 2477 2752 2531 utilitate
2799 2477 3153 2547 cognoscitis;
3177 2491 3300 2531 nam
3340 2477 3480 2547 quod
3510 2479 3732 2547 proprio

2142 2575 2354 2638 sumptu
2402 2567 2584 2623 decuit
2624 2566 2860 2635 aggredi,
2887 2568 3268 2638 compendiose
3317 2567 3466 2624 vobis
3513 2578 3731 2624 constat

2143 2658 2343 2716 ollerri.
2375 2657 2658 2714 Civitatem
2689 2658 2953 2728 siquidem
2979 2668 3210 2734 vestram
3238 2659 3440 2714 diutina
3484 2661 3734 2716 siccitate

2144 2746 2474 2803 laborantem
2494 2790 2509 2815 ,
2537 2748 2759 2818 juvante
2787 2747 2897 2803 Deo
2916 2788 2931 2814 ,
2957 2747 3186 2804 domnus
3214 2765 3342 2804 avus
3371 2759 3555 2805 noster
3583 2752 3732 2806 salu-

2143 2837 2375 2892 berrima
2398 2838 2536 2892 unda
2565 2838 2775 2908 rigavit.
2823 2837 2921 2893 Cui
2947 2854 3088 2894 nunc
3115 2839 3288 2894 studio
3319 2849 3497 2896 vestro
3521 2841 3737 2898 cloaca-

2144 2943 2263 2982 rum
2307 2942 2401 2982 ora
2428 2929 2750 2998 pandantur,
2776 2943 2867 2997 ne,
2889 2928 3126 2984 sordium
3154 2929 3456 2998 objectione
3498 2931 3732 2994 tardata,

2145 3017 2487 3088 reciprocans
2531 3017 2672 3073 unda
2716 3019 2909 3074 vestris
2951 3019 3156 3074 aedibus
3194 3020 3455 3086 illidatur;
3503 3029 3558 3075 et
3606 3036 3739 3090 quas

2145 3109 2329 3165 debuit
2369 3109 2616 3177 abluere,
2649 3110 2867 3166 easdem
2912 3110 3066 3168 vobis
3111 3120 3336 3180 cogatur
3383 3111 3609 3167 inferre.
3643 3112 3738 3166 Cui

2147 3197 2317 3268 operi,
2348 3212 2652 3268 quanquam
2695 3213 2793 3254 vos
2839 3211 3031 3268 urgere
3077 3197 3272 3254 debeat
3321 3199 3521 3255 civicus
3581 3201 3743 3271 138

2150 3304 2320 3354 amor,
2350 3289 2524 3344 virum
2567 3288 2914 3359 spectabilem
2942 3288 3228 3344 Genesium
3265 3289 3612 3359 praecipimus
3644 3291 3743 3344 im-

2149 3379 2375 3444 minere,
2407 3387 2465 3433 ut
2495 3393 2594 3434 nos
2622 3377 2690 3433 ad
2736 3379 2959 3435 meliora
2986 3380 3310 3449 provocetis,
3342 3381 3386 3436 si
3433 3394 3551 3450 qua:
3579 3380 3744 3451 jussi-

2151 3485 2271 3526 mns
2296 3478 2570 3540 gratanter
2592 3468 2820 3526 efﬁcitis.

2669 3600 2996 3657 EPISTOLA
3033 3601 3199 3658 XXX.

2329 3706 2549 3748 CENESIO
2573 3707 2697 3750 γιιο
2725 3708 3028 3749 SPECTABILI
3053 3710 3412 3751 ATIIALARICUS
3439 3711 3574 3752 REX.

2154 3779 2411 3854 Pra'c‘ipit
2426 3791 2482 3835 ut
2502 3793 2650 3854 cogat
2678 3782 2988 3838 Parmenses
3014 3786 3295 3853 municipes
3323 3787 3570 3854 antiquos
3601 3787 3749 3841 cuni-

2226 3852 2368 3925 culos
2388 3853 2469 3925 ita
2496 3852 2772 3925 diligenter
2797 3855 3110 3921 emundare,
3140 3852 3408 3925 utinquam
3438 3852 3749 3925 inﬂuentem

2225 3921 2355 3975 nihil
2381 3921 2646 3991 impediat.

2226 4011 2422 4069 Amore
2451 4014 2681 4070 civitatis
2701 4023 2892 4070 vestrae
2913 4017 3115 4086 antiqui
3136 4017 3314 4086 operis
3332 4017 3568 4072 formam
3582 4019 3747 4091 [Jun

2085 4125 2096 4142 ·ι
2157 4101 2398 4174 Intellige
2435 4101 2830 4175 aquaeductum}
2874 4103 3102 4159 domnus
3139 4103 3358 4174 quidem
3385 4121 3525 4163 avus
3563 4115 3753 4163 noster

2156 4195 2407 4264 largitate
2434 4195 2578 4264 regia
2601 4194 2922 4250 construxit.
2944 4194 3052 4249 Sed
3076 4195 3206 4250 nihil
3231 4196 3454 4266 prodest
3484 4211 3751 4268 aquarum

2157 4287 2340 4357 copias
2366 4286 2586 4342 urbibus
2613 4287 3041 4353 immisisse,‘nisi
3061 4303 3201 4343 nunc
3229 4288 3588 4358 provideatur
3601 4291 3753 4345 cloa~

2157 4391 2340 4431 carum
2364 4384 2667 4445 opportuna
2705 4375 2932 4444 digestio
2960 4394 2974 4428 :
3005 4392 3155 4432 more
3197 4378 3320 4433 vitae
3347 4379 3630 4446 humanae,
3661 4396 3758 4435 cu-

2154 4463 2243 4534 jus
2270 4466 2343 4521 ita
2364 4467 2646 4524 salubritas
2665 4469 3049 4536 continetur,si
3077 4470 3220 4541 quod
3241 4487 3336 4526 ore
3361 4473 3486 4541 quis
3504 4473 3757 4542 suscipit,

2085 4531 2133 4592 D
2156 4531 2262 4612 alia
2291 4566 2444 4627 parte
2470 4560 2714 4629 corporis
2740 4531 3012 4616 relaxatus
3035 4531 3296 4617 effuderit.
3434 4564 3564 4620 ideo
3591 4531 3762 4620 subii;

2159 4647 2314 4702 mitas
2333 4656 2425 4702 tua
2449 4647 2767 4706 Parmenses
2796 4652 3094 4722 municipes
3116 4651 3276 4708 faciet
3293 4653 3418 4709 huic
3441 4656 3604 4725 operi
3631 4669 3762 4724 gna-

2158 4739 2294 4794 viter
2322 4738 2470 4812 [Ed.,
2507 4741 2734 4814 noviter]
2765 4744 3044 4814 insistere,
3074 4754 3342 4815 quatenus
3371 4749 3644 4817 antiquos
3672 4762 3765 4803 eu-

2159 4827 2402 4894 niculos,
2457 4828 2571 4884 sive
2644 4831 3025 4887 subterraneos
3049 4874 3066 4901 ,
3115 4833 3226 4888 sive
3299 4848 3394 4903 qui
3457 4835 3767 4904 junguntur

2159 4917 2486 4987 marginibus
2526 4919 2826 4989 platearum
2851 4963 2866 4988 ,
2919 4922 3201 4992 diligenter
3245 4924 3548 4980 emnndent
3595 4925 3763 4999 [Alii]

2158 5007 2499 5080 emendem];
2528 5017 2585 5064 ut
2628 5026 2749 5066 eum
2795 5012 3107 5069 solemniter
3135 5021 3352 5083 optatus
3392 5014 3556 5070 vobis
3587 5013 3778 5084 liquor

2161 5098 2454 5168 inﬂuxerit,
2486 5101 2632 5158 nulla
2663 5103 2858 5172 adjecti
2881 5103 3014 5176 μισ.
3045 5113 3094 5159 et
3121 5111 3238 5170 Λα,
3268 5104 3497 5177 abjecti]
3533 5105 3768 5160 lar-tami-

2163 5191 2246 5246 nis
2274 5192 2575 5262 objectione
2601 5193 3010 5266 tardeturzquia
3031 5198 3254 5266 gratiam
3278 5197 3418 5252 unda
3440 5213 3552 5252 non
3577 5199 3764 5261 habet,

2163 5282 2264 5338 nisi
2289 5299 2408 5354 qua:
2426 5283 2628 5355 jugiter
2655 5284 2849 5354 inﬂuit,
2871 5267 2928 5342 ei
2955 5287 3070 5342 visa
3119 5303 3332 5357 semper
3363 5288 3642 5344 abscedit.
3677 5288 3767 5342 Illa

2163 5374 2307 5429 enim
2335 5392 2454 5445 qua:
2483 5377 2704 5446 pulchre
2735 5377 2923 5451 [Jun-et.
2957 5379 3078 5451 legit
3106 5381 3340 5452 publice]
3366 5382 3499 5436 rivis
3545 5383 3769 5437 exerci-

2164 5473 2274 5520 tata
2319 5468 2485 5534 ridet,
2513 5484 2672 5538 quam
2719 5471 2974 5527 deformis
3021 5483 3103 5528 est
3169 5473 3220 5527 in
3295 5473 3545 5528 lacunis!
3607 5473 3769 5529 Palus

2171 5603 2233 5657 Si
2260 5606 2464 5684 quis_ad
2483 5607 2646 5684 ωηο.
2679 5608 2815 5684 Adl.
2828 5607 2952 5684 _Jul.
2978 5610 3043 5665 de
3061 5611 3109 5666 vi
3121 5610 3420 5684 publ.,cap.
3435 5609 3492 5676 7,
3521 5609 3772 5684 Conque-

2169 5685 2330 5742 rente,
2363 5676 2431 5732 de
2460 5677 2628 5734 restit.
2664 5679 2804 5750 spol.
2825 5679 2992 5736 Fonu.
