3998 6166
341 317 436 373 τςι

1555 313 1916 369 VARIARUM
1959 313 2156 369 LILER
2200 315 2229 364 Υ
2245 315 2328 370 Ill.

3497 306 3605 366 76‘!

342 436 483 491 enim
515 447 612 487 nec
637 431 748 488 visu
777 439 946 499 grata,
987 445 1084 487 nec
1108 429 1364 501 jumentis
1399 432 1766 488 accommoda.
1798 432 1921 486 Ele-
1945 437 1996 495 Α
2023 432 2167 503 pium
2189 448 2396 487 summa
2421 431 2729 487 decurrunt.
2761 431 2983 486 Additur
3005 432 3149 501 quod
3183 438 3409 501 utroque
3435 429 3605 502 latere

343 533 580 581 mentum
620 523 1032 594 pulcherrimum
1062 523 1296 591 quidem,
1326 523 1416 578 sed
1447 539 1568 578 cum
1599 523 1651 577 in
1693 523 1921 578 naturali

344 615 578 686 puritate
605 621 868 667 servatur.
899 611 1027 668 Sine
1064 612 1167 667 hac
1194 614 1306 682 agri
1334 612 1599 684 squalent,
1634 614 1790 667 urbes
1829 628 1925 665 an-

346 706 467 762 hela
510 705 752 761 siccitate
792 703 1079 773 fatigantur
1123 704 1320 777 [Juret.
1368 706 1487 775 legit
1517 702 1830 774 anhelant];
1867 711 1925 757 ut

349 799 541 854 merito
567 797 788 865 antiqua
819 784 1112 866 prudentia.
1131 812 1264 866 quos
1285 811 1315 850 a
1336 797 1500 852 civica
1524 797 1927 852 conversatione

347 886 706 956 segregandos
756 902 877 943 esse
921 886 1199 956 judicavit,
1246 902 1505 957 aquarum
1556 887 1929 941 interdictione

349 981 583 1052 punierit
595 989 640 1033 ι.
669 979 1007 1050 Quapropter
1033 990 1139 1035 tam
1161 980 1398 1036 utillimae
1418 981 1496 1036 rei
1516 981 1752 1035 omnium
1769 979 1931 1034 debet

350 1071 567 1127 studere
613 1086 945 1139 consensus;
975 1072 1100 1143 quia
1147 1073 1277 1128 civis
1323 1073 1556 1128 animum
1594 1087 1702 1128 non
1746 1072 1930 1140 habet,

350 1161 444 1233 qui
472 1161 618 1218 urbis
645 1176 756 1218 suae
779 1163 950 1232 gratia
978 1178 1085 1219 non
1114 1171 1347 1220 tenetur.

870 1315 1200 1373 EPISTOLA
1237 1318 1423 1374 XXXI.

542 1421 745 1462 SEVERO
770 1421 894 1461 γιιιο
917 1423 1219 1464 SPECTABIL!
1243 1423 1603 1466 ATHALARICUS
1629 1424 1754 1465 REX.

355 1493 685 1570 Prouinciam
727 1495 1022 1570 Brutiorurn
1051 1497 1323 1570 describit,
1351 1507 1402 1552 et
1417 1498 1562 1570 jubet
1588 1510 1645 1553 ut
1683 1510 1786 1554 tam
1813 1516 1934 1570 pro-

427 1566 835 1641 piucialesquum
857 1565 1094 1641 curiales,
1118 1565 1507 1641 ﬁdejussoribus
1530 1570 1666 1624 datis
1687 1565 1936 1641 plenaque

427 1637 759 1710 interposita,
785 1637 1088 1710 promittant
1151 1653 1205 1710 se
1219 1637 1421 1709 majori
1449 1641 1574 1693 anni
1611 1649 1756 1710 parte
1782 1637 1937 1694 in'ci-

427 1703 664 1758 vitalibus
692 1703 816 1776 quas
844 1706 1067 1760 incolere
1092 1703 1367 1762 maluerint
1387 1703 1682 1780 mansuros.

2025 526 2240 595 copiosa
2272 525 2476 579 marina
2511 525 2749 594 possidet
2782 524 3207 601 frequentatione
3248 522 3603 585 commercia,

2025 627 2084 672 ut
2110 626 2166 672 et
2189 619 2420 688 propriis
2469 617 2718 673 fluctibus
2746 616 3027 672 affluenter
3056 617 3333 680 exuberet,
3349 624 3403 670 et
3446 629 3605 683 pere-

2023 709 2178 778 grino
2207 723 2349 778 penu
2379 709 2652 763 vicinitate
2677 709 2918 762 littorum
2941 708 3330 776 compleantur.
3358 705 3383 742 b
3410 706 3608 758 Vivunt

2027 801 2136 855 illic
2174 801 2358 855 rustici
2388 800 2560 870 epulis
2590 800 2938 865 urbanorum,
2964 799 3261 853 mediocres
3288 805 3467 851 autem
3509 796 3606 850 ab-

2027 891 2283 946 undantia
2324 889 2754 960 praepotentium,
2791 897 2850 943 ut
2903 905 3001 944 nec
3047 888 3264 942 minima
3295 887 3366 940 ibi
3394 885 3608 940 fortuna

2029 984 2197 1052 copiis
2224 983 2484 1054 probetur
2510 991 2755 1052 excepta.
2787 981 2937 1036 Hanc
2964 996 3092 1050 ergo
3123 979 3451 1050 provinciam
3482 977 3611 1032 civi-

2030 1076 2230 1132 tatibus
2272 1075 2461 1129 nolunt
2510 1075 2766 1143 incolere,
2789 1089 2948 1143 quam
2995 1074 3081 1128 vel
3129 1073 3181 1126 in
3212 1072 3355 1140 agris
3398 1071 3510 1125 suis
3551 1084 3613 1125 se

2029 1166 2266 1223 fatentur
2293 1167 2512 1221 omnino
2540 1166 2784 1234 diligere.
2834 1165 2970 1232 Quid
3013 1164 3235 1236 prodest
3263 1171 3442 1218 tantos
3468 1161 3614 1216 viros

2032 1256 2200 1312 latere
2221 1256 2413 1312 litteris
2437 1254 2763 1312 def-.ecatos?
2794 1255 2949 1311 Pueri
2978 1255 3279 1311 liberalium
3305 1252 3614 1309 scholarum

2033 1355 2354 1403 conventum
2391 1356 2677 1417 quaerunt;
2703 1355 2758 1403 et
2797 1362 2922 1402 mox
2961 1355 3022 1401 ut
3051 1346 3168 1401 foro
3195 1345 3468 1416 potuerint
3495 1353 3622 1398 esse

2033 1438 2197 1508 digni,
2229 1439 2411 1495 statim
2458 1440 2720 1509 incipiunt
2758 1439 2956 1508 agresti
3001 1439 3335 1493 habitatione
3379 1435 3612 1491 nesciri:

2034 1527 2339 1600 proﬁciunt,
2366 1537 2426 1584 ut
2453 1529 2760 1595 dediscant;
2790 1529 3120 1595 erudiuntur,
3145 1536 3206 1582 ut
3232 1527 3530 1596 negligant;
3561 1532 3617 1580 et

2036 1635 2156 1676 cum
2200 1634 2359 1690 agros
2399 1619 2643 1688 diligunt,
2666 1635 2726 1675 se
2754 1634 2936 1675 amare
2982 1635 3088 1674 non
3132 1625 3351 1672 norunt.
3407 1615 3621 1682 Quaerat

2037 1708 2275 1764 eruditus
2298 1709 2387 1763 ubi
2414 1710 2582 1780 possit
2625 1709 2859 1764 existere
2896 1709 3162 1779 gloriosus
3194 1725 3205 1760 :
3238 1706 3472 1777 prudens
3516 1705 3640 1763 fre-.

427 1797 562 1852 Cum
590 1808 642 1852 te
670 1796 1039 1867 praefectorum
1061 1799 1300 1855 consiliis
1325 1800 1662 1857 laudabiliter
1682 1801 1936 1856 inhaeren—
1966 1801 2012 1862 Β
2037 1800 2312 1868 quentiam
2339 1816 2446 1855 non
2471 1808 2690 1871 respuat
2717 1801 3016 1865 hominum,
3044 1799 3096 1853 in
3122 1813 3225 1868 qua
3249 1812 3306 1852 se
3327 1796 3476 1850 novit
3503 1809 3623 1850 esse

358 1893 468 1939 tem
516 1885 694 1940 omnia
743 1885 989 1942 didicisse
1031 1886 1316 1943 credamus
1351 1905 1470 1960 qua:
1517 1891 1586 1946 ad
1632 1891 1936 1961 reipublicae

357 1982 555 2028 statum
579 1974 848 2044 pertinent
877 1977 1307 2046 componendum
1331 2018 1346 2044 ,
1379 1978 1610 2033 maxime
1638 1980 1936 2049 cognovisti

359 2063 377 2118 l
401 2064 552 2119 tteris
578 2064 812 2120 eruditus
839 2065 1113 2134 pulchram
1144 2082 1263 2123 esse
1295 2067 1481 2124 faciem
1509 2069 1782 2125 civitatum
1817 2087 1936 2142 qua:

360 2154 677 2224 populorum
721 2155 1015 2226 probantur
1062 2156 1258 2212 habere
1307 2168 1645 2215 conventum.
1670 2159 1758 2216 Sic
1795 2163 1937 2217 enim

363 2252 418 2298 et
469 2244 521 2297 in
575 2244 679 2298 illis
722 2244 966 2315 splendet
1015 2245 1274 2300 libertatis
1328 2257 1586 2314 ornatus,
1624 2259 1678 2304 et
1743 2254 1942 2308 nostris

364 2334 784 2389 ordinationibus
812 2337 1146 2391 necessarius
1184 2338 1350 2393 servit
1396 2338 1636 2394 effectus.
1667 2340 1815 2396 Feris
1843 2342 1941 2397 da-

364 2434 477 2479 tum
503 2433 586 2480 est
623 2440 777 2494 agros
815 2427 1096 2498 sylvasque
1128 2444 1368 2497 qurerere
1388 2470 1402 2495 ,
1435 2431 1736 2488 hominibus
1763 2441 1943 2489 autem

365 2513 515 2569 focos
545 2515 747 2582 patrios
768 2530 927 2584 supra
965 2525 1154 2570 cuneta
1176 2517 1420 2586 diligere.
1451 2518 1589 2574 Aves
1613 2521 1737 2589 ipsa:
1765 2535 1948 2591 grega-

366 2606 460 2659 tim
495 2606 694 2672 volant,
725 2621 844 2676 quze
866 2607 1084 2661 innoxia
1106 2609 1380 2664 voluntate
1421 2611 1725 2666 mitescunt.
1751 2613 1945 2668 Canori

367 2697 507 2752 turdi
534 2706 714 2752 amant
735 2698 817 2753 sui
837 2699 1049 2768 generis
1074 2700 1414 2756 densitatem.
1438 2701 1751 2772 Strepentes
1775 2705 1947 2760 sturni

367 2798 648 2855 compares
701 2794 997 2854 sequuntur
1043 2786 1404 2843 indesinenter
1458 2790 1746 2846 exercitus.
1799 2791 1947 2846 Mur-

367 2884 641 2932 murantes
685 2877 920 2947 palumbi
974 2877 1221 2946 proprias
1274 2878 1503 2947 diligunt
1557 2881 1837 2945 cohortes;
1894 2888 1950 2935 et

369 2965 625 3035 quidquid
671 2964 739 3020 ad
787 2967 1085 3038 simplicem
1129 2969 1360 3037 pertinet
1405 2970 1588 3035 vitam,
1614 2970 1950 3027 adunationis

368 3058 594 3126 gratiam
644 3072 752 3112 non
803 3058 1018 3114 refutat.
1065 3059 1302 3127 Contra,
1349 3061 1573 3116 animosi
1626 3063 1946 3133 accipitres,

2038 1890 2384 1946 laudandum.
2411 1890 2623 1960 Alioqui
2642 1892 2930 1945 virtutibus
2957 1890 3094 1944 fama
3123 1889 3344 1954 tollitur,
3363 1887 3406 1941 si
3437 1902 3622 1942 earum

2037 1981 2228 2034 merita
2261 1980 2313 2034 in
2343 1979 2648 2035 hominibus
2676 1980 3003 2034 neseiantur.
3044 1978 3176 2031 Nam
3217 1976 3374 2045 quale
3413 1975 3623 2031 deside—

2037 2071 2174 2126 rium
2205 2078 2286 2126 est
2313 2070 2508 2125 civium
2553 2069 2906 2140 frequentiam
2936 2069 3184 2124 deserere
3206 2110 3220 2134 ,
3252 2083 3374 2122 cum
3419 2067 3626 2136 aliquas

2039 2175 2254 2229 quoque
2296 2161 2473 2214 avium
2504 2160 2908 2215 conversationi
2955 2159 3202 2212 humanae
3244 2172 3304 2211 se
3349 2157 3625 2212 videamus

2042 2249 2180 2303 velle
2208 2249 2469 2304 miseere?
2503 2249 2804 2304 Mortalium
2831 2249 2973 2303 enim
3000 2247 3284 2318 penatibus
3314 2245 3625 2300 fiducialiter

2043 2339 2201 2394 nidos
2243 2339 2532 2409 philomela
2573 2340 2876 2409 suspendit,
2905 2347 2961 2394 et
3006 2339 3145 2392 inter
3173 2335 3624 2392 commanentium

2044 2427 2229 2481 turbas
2255 2427 2429 2496 pullos
2456 2429 2623 2482 nutrit
2643 2428 2926 2498 intrepida.
2957 2427 3178 2482 Fmdum
3201 2439 3330 2494 ergo
3361 2425 3518 2478 nimis
3547 2431 3626 2478 cst

2046 2515 2212 2569 nobili
2241 2515 2376 2570 filios
2409 2517 2462 2570 in
2491 2516 2912 2572 desolationibus
2941 2517 3190 2581 educare,
3224 2531 3345 2570 cum
3377 2514 3626 2582 frequen-

2046 2605 2235 2661 tationi
2263 2606 2511 2660 humana:
2527 2607 2702 2660 videat
2729 2606 2884 2661 alites
2911 2621 3007 2660 sua
3031 2604 3253 2675 pignora
3277 2602 3629 2659 commisisse.

2047 2696 2295 2752 Redeant
2342 2697 2505 2767 igitur
2531 2698 2778 2754 civitates
2821 2699 2874 2754 in
2917 2699 3201 2768 pristinum
3248 2696 3429 2763 decus,
3459 2695 3636 2750 nullus

2047 2790 2414 2845 amrenitatem
2455 2791 2594 2846 ruris
2637 2799 2919 2861 prmponat
2959 2791 3228 2846 inmnibus
3267 2789 3630 2859 antiquorum.

2047 2879 2328 2947 Quomodo
2356 2890 2535 2952 potest
2560 2882 2613 2937 in
2641 2898 2773 2952 pace
2800 2882 2990 2950 refugi,
3020 2898 3119 2951 pro
3147 2897 3250 2950 qua
3279 2888 3497 2950 oportet
3525 2880 3628 2934 bel-

2049 2971 2161 3027 lum
2193 2975 2282 3043 (ne
2312 2972 2573 3045 vastetur)
2601 2973 2837 3027 assumi?
2864 2971 2961 3026 Cui
2985 2973 3128 3027 enim
3151 2973 3326 3026 minus
3353 2978 3504 3040 grata
3536 2985 3632 3025 no-

2049 3063 2235 3119 bilium
2256 3064 2502 3120 videatur
2525 3065 2810 3120 occursio?
2839 3062 2936 3118 Cui
2962 3079 3068 3118 non
3099 3061 3446 3117 affectuosum
3480 3061 3631 3131 139

370 3151 560 3221 aquilae
586 3151 902 3218 venatrices,
935 3159 991 3207 et
1033 3166 1193 3222 supra
1221 3167 1406 3208 omnes
1435 3154 1592 3210 alites
1635 3155 1842 3211 acutius
1869 3156 1950 3211 in-
1979 3165 2023 3228 ρ
2053 3154 2124 3209 sit
2151 3169 2272 3208 cum
2301 3155 2519 3224 paribus
2565 3154 2790 3209 miscere
2833 3168 3136 3209 sermonem
3160 3194 3173 3219 ,
3205 3152 3381 3206 forum
3429 3160 3632 3222 petere,

371 3244 827 3311 tuentes,volatus
854 3244 1123 3300 solitarios
1148 3246 1549 3315 concupiscunt,
1575 3247 1702 3316 quia
1729 3262 1950 3317 rapaces

371 3332 573 3390 insidiae
593 3333 813 3388 innoxia
837 3334 1209 3390 conventicula
1230 3351 1338 3390 non
1365 3337 1664 3406 requirunt.
1697 3334 1952 3393 Ambiunt

370 3423 516 3478 enim
542 3422 743 3494 aliquid
771 3423 872 3478 soli
895 3438 1070 3493 agere,
1103 3425 1194 3494 qui
1236 3424 1470 3496 praedam
1499 3441 1621 3481 cum
1648 3427 1815 3484 altero
1841 3443 1950 3484 non

370 3516 678 3573 desiderant
701 3515 960 3572 invenire.
993 3516 1082 3572 Sic
1111 3517 1418 3573 mortalium
1445 3518 1690 3573 voluntas
1713 3518 1951 3588 plerum-

370 3621 478 3677 que
504 3607 832 3664 detestabilis
858 3615 958 3677 est,
989 3623 1110 3679 quae
1151 3618 1496 3681 conspectum
1519 3610 1797 3666 hominum
1822 3627 1950 3682 pro-

369 3698 528 3753 batur
560 3699 827 3768 effugere,
857 3714 957 3756 nec
1001 3707 1182 3770 potest
1220 3700 1287 3756 de
1327 3700 1420 3757 illo
1457 3701 1656 3770 aliquid
1687 3701 1952 3757 veraciter

369 3787 512 3844 credi
540 3829 557 3857 ,
586 3789 736 3858 cujus
762 3790 884 3844 vita:
912 3790 1064 3846 testis
1092 3805 1199 3845 non
1228 3799 1407 3861 potest
1431 3792 1679 3847 inveniri.
1707 3791 1952 3848 Redeant

369 3896 711 3951 possessores
738 3889 794 3937 et
822 3868 1064 3939 curiales.
1082 3882 1250 3939 Brutii
1277 3885 1330 3938 in
1359 3884 1662 3940 civitatibus
1689 3885 1818 3941 suis.
1839 3883 1948 3941 Co-

369 3971 480 4026 loni
517 3980 660 4038 sunt,
684 3971 774 4041 qui
821 3985 978 4042 agros
1012 3971 1213 4042 jugiter
1251 3974 1454 4030 colunt.
1486 3972 1766 4030 Patiantur
1809 3989 1869 4031 se
1917 3991 1949 4031 a

369 4063 664 4118 rusticitate
709 4063 939 4130 divisos,
967 4065 1160 4134 quibus
1210 4073 1266 4120 et
1311 4067 1544 4122 honores
1583 4067 1864 4134 dedimus,
1893 4075 1952 4124 et

368 4155 610 4212 actiones
637 4157 874 4226 publicas
897 4157 1160 4226 probabili
1186 4158 1540 4214 aestimatione
1561 4159 1946 4226 commisimus,

371 4245 428 4300 iu
473 4260 537 4300 ea
591 4247 885 4316 praesertim
937 4247 1155 4315 regione
1195 4246 1283 4301 ubi
1306 4247 1506 4302 affatim
1535 4249 1756 4304 veniunt
1784 4249 1951 4305 inela-

367 4336 574 4391 borata:
600 4336 802 4392 delicia:
830 4335 982 4411 [Ms.,
1011 4335 1248 4409 divitiae].
1279 4336 1445 4394 Ceres
1471 4338 1544 4393 ibi
1572 4339 1739 4394 multa
1775 4339 1954 4395 fecun-

368 4427 538 4482 ditate
571 4428 833 4495 luxuriat;
872 4427 1046 4482 Pallas
1088 4428 1249 4482 etiam
1292 4443 1400 4482 non
1439 4428 1658 4482 minima
1703 4429 1951 4498 largitate

370 4517 586 4590 [δαΐαις
610 4518 865 4589 Subaudi,
889 4516 1042 4589 olem]
1071 4519 1407 4587 congaudet;
1440 4519 1595 4589 plana
1634 4519 1810 4576 rident
1843 4535 1942 4600 pa-
1973 4525 2023 4583 ι)

368 4609 514 4664 scuis
555 4608 815 4678 fecundis,
837 4619 1016 4666 erecta
1043 4609 1351 4677 vindemiis;
1381 4611 1616 4666 abundat
1643 4611 1947 4667 multifariis

367 4699 679 4754 animalium
723 4700 1002 4770 gregibus,
1030 4699 1124 4757 sed
1170 4701 1380 4770 equinis
1425 4699 1657 4757 maxime
1688 4701 1949 4770 gloriatur

367 4790 652 4856 amentis;
680 4791 893 4857 merito,
920 4789 1138 4859 quando
1181 4791 1390 4846 ardenti
1433 4797 1679 4861 tempore
1717 4792 1824 4847 tale
1869 4799 1952 4848 est

368 4897 594 4938 vernum
621 4883 906 4950 silvarum,
941 4891 1118 4938 utnec
1147 4898 1450 4938 muscarum
1474 4885 1672 4939 aculeis
1699 4883 1950 4938 animalia

368 4971 678 5040 fatigentur,
703 4980 758 5027 et
775 4972 1060 5027 herbarum
1080 4987 1293 5042 semper
1306 4971 1592 5026 virentium
1613 4971 1950 5028 satietatibus

369 5061 705 5132 expleantur.
730 5061 925 5118 Videas
952 5078 1050 5133 per
1077 5063 1354 5118 cacumina
1395 5066 1656 5118 montium
1698 5063 1842 5117 rivos
1868 5062 1948 5118 ire

366 5153 722 5225 purissimos;
751 5161 806 5209 et
832 5153 984 5223 quasi
1009 5167 1076 5209 ex
1104 5153 1248 5210 edito
1289 5151 1578 5224 profluam,
1609 5153 1687 5208 sic
1721 5167 1824 5222 per
1850 5151 1944 5207 Al-

442 5389 472 5419 ι
509 5377 771 5434 Lucianus
821 5377 876 5433 in
927 5375 1233 5432 Alexandro
1257 5375 1286 5440 ,'
1310 5388 1406 5430 seu
1427 5372 1834 5442 Pseudomant.,
1870 5371 1941 5430 de

364 5447 1026 5524 pmstigiatorisuoraeulis
1041 5465 1052 5499 :
1069 5449 1173 5524 φρὶξ
1193 5445 1224 5500 ἒ
1224 5469 1274 5501 τι
1292 5447 1376 5524 τρν
1397 5442 1944 5524 τοιοῦτογ-ξῆτε-στὲσγῃ

366 5513 447 5582 'm
478 5513 706 5593 εδέὲίςτος
729 5519 847 5593 οὔτε
879 5519 1041 5593 mea:
1063 5515 1573 5593 ἥῦδαῖοεὲκοινένειν
1599 5514 1703 5593 at}?
1720 5513 1831 5593 ,ἔδει
1851 5513 1945 5593 ’νῆις

366 5581 468 5668 πέό
479 5581 878 5668 ’χῆξὲλαύνεσθαι
891 5581 964 5648 ὡς’
975 5589 1138 5645 ἀσεεῆ
1154 5590 1237 5667 ιςαὶ
1257 5584 1416 5640 ἄθεον.
1433 5583 1490 5638 Id
1505 5581 1946 5668 estzt‘Hu‘jusmbdi

369 5652 643 5717 hominem
691 5673 862 5726 neque
909 5665 1050 5712 tecto
1091 5656 1372 5724 quisquam
1421 5652 1740 5726 excipiebat,
1773 5666 1948 5726 neque

371 5733 481 5802 igni
509 5745 713 5802 aquave
742 5722 1081 5802 impertiebat
1104 5722 1122 5790 ξ
1137 5722 1336 5802 verum
1365 5731 1482 5778 erat
1525 5722 1601 5776 illi
1629 5723 1802 5802 solum
1827 5722 1949 5802 alio

369 5794 707 5870 vertendum,
741 5794 994 5869 tanquam
1024 5795 1188 5866 impio
1215 5794 1541 5863 deorumque
1569 5794 1944 5862 conteniptori.

2053 3244 2305 3298 honestas
2333 3251 2478 3298 artes
2502 3244 2761 3308 invisere,
2793 3258 2982 3298 causas
3022 3243 3265 3314 proprias
3298 3241 3503 3310 legibus
3540 3256 3633 3296 ex-

2051 3335 2254 3404 pedire,
2280 3335 2548 3390 interdum
2588 3333 2974 3392 Palamediacis
3016 3335 3238 3391 calculis
3263 3333 3538 3403 occupari,
3570 3332 3634 3386 ad

2052 3425 2270 3482 balneas
2297 3427 2376 3481 ire
2404 3441 2526 3482 cum
2563 3427 2760 3495 sociis,
2792 3427 3012 3496 prandia
3053 3427 3252 3480 mutuis
3292 3424 3636 3494 apparatibus

2052 3516 2349 3572 exhibere?
2391 3515 2553 3572 Caret
2599 3516 2842 3586 profecto
2887 3515 3134 3570 omnibus
3180 3515 3300 3580 his,
3337 3515 3430 3582 qui
3472 3514 3635 3567 vitam

2051 3620 2202 3661 suam
2213 3607 2328 3661 vult
2341 3621 2552 3679 semper
2571 3607 2772 3663 habere
2795 3621 2917 3662 cum
2942 3605 3173 3662 famulis.
3194 3604 3304 3661 Sed
3325 3619 3394 3660 ne
3414 3604 3636 3661 ulterius

2051 3698 2108 3752 in
2129 3697 2370 3753 eamdem
2392 3698 2836 3754 consuetudinem
2863 3711 3016 3753 mens
3035 3697 3191 3752 aliter
3205 3695 3408 3750 imbuta
3429 3694 3642 3750 relaba-

2052 3796 2162 3856 tur,
2184 3789 2323 3846 datis
2351 3788 2751 3859 fidejussoribus
2775 3797 2882 3843 tam
2909 3802 3249 3859 possessores
3275 3801 3436 3855 quam
3462 3785 3638 3841 curia-

2052 3881 2150 3948 les,
2175 3882 2274 3938 sub
2315 3882 2675 3938 aestimatione
2697 3881 2914 3948 virium,
2943 3894 3104 3952 poena
3148 3878 3484 3948 interposita,
3509 3891 3638 3946 pro-

2052 3974 2272 4027 mittant
2298 3973 2424 4028 anni
2457 3982 2609 4043 parte
2636 3972 2842 4042 majore
2870 3986 2930 4028 se
2967 3972 3023 4026 in
3063 3971 3372 4028 civitatibus
3420 3983 3640 4024 manere

2051 4080 2186 4136 quas
2213 4065 2461 4120 habitare
2483 4063 2799 4134 delegerint.
2843 4063 2934 4120 Sic
2962 4064 3057 4120 fiat
3082 4072 3144 4120 ut
3184 4064 3264 4120 eis
3287 4077 3386 4118 nec
3413 4069 3640 4118 ornatus

2050 4154 2189 4210 desit
2213 4154 2432 4219 civium,
2455 4168 2559 4211 nec
2598 4155 2845 4226 voluptas
2873 4153 3085 4228 [Juret.,
3116 4151 3385 4225 voluntas]
3407 4153 3641 4222 denege-

2053 4253 2142 4301 tur
2167 4259 2438 4315 agrorum.

2551 4396 2884 4454 EPISTULA
2908 4395 3118 4452 XXXII.

2216 4502 2419 4544 SEVERO
2447 4504 2571 4545 VIBO
2597 4503 2906 4544 SPECTABILI
2935 4501 3301 4544 ATHALABICUS
3329 4503 3454 4542 REX.

2052 4598 2274 4671 Fontem
2312 4601 2580 4671 Arethusa
2607 4599 2872 4670 depingit;
2914 4607 2963 4653 et
2985 4598 3131 4671 jubet
3157 4607 3213 4651 ut
3241 4614 3326 4654 eos
3367 4600 3454 4671 qui
3481 4615 3635 4670 equos

2161 4667 2428 4744 Nimfadii
2457 4667 2795 4737 abstulerunt,
2825 4677 2874 4724 et
2903 4667 3187 4742 perquirat,
3220 4678 3270 4724 et
3305 4667 3506 4740 puniat.

2126 4783 2260 4840 Cum
2297 4784 2590 4840 Nimfadius
2631 4785 2716 4840 vir
2760 4784 3005 4842 sublimis
3045 4797 3146 4853 pro
3194 4781 3370 4837 causis
3409 4781 3523 4836 suis
3568 4781 3636 4834 ad

2052 4875 2368 4930 comitatum
2397 4875 2819 4932 sacratissimum
2850 4873 3149 4941 festinaret,
3185 4871 3392 4927 itineris
3423 4870 3634 4937 longin-

2051 4965 2258 5036 quitate
2272 4966 2564 5034 confectus,
2589 4967 2838 5023 animalia
2856 4965 2992 5022 fessa
3008 4979 3269 5036 reparare
3283 4962 3631 5027 contendens,

2052 5060 2120 5116 ad
2146 5060 2347 5116 fontem
2386 5062 2665 5118 Arethusa:
2711 5062 2764 5116 in
2792 5060 3087 5130 Scyllatino
3124 5057 3396 5115 territorio
3435 5056 3635 5112 consti-

2039 5161 2181 5209 tuta:
2207 5154 2371 5224 elegit
2397 5169 2602 5224 ponere
2627 5153 2996 5219 mansionem;
3025 5166 3091 5207 eo
3115 5149 3260 5220 quod
3290 5151 3403 5219 ipsa
3434 5156 3489 5204 et
3514 5147 3632 5204 loca

2048 5374 2257 5432 Feralia
2307 5375 2358 5429 in
2406 5372 2741 5429 Christianos
2779 5371 2951 5428 edicta
2989 5383 3276 5426 recensens
3303 5367 3487 5424 Victor
3512 5365 3633 5421 Uti-

2047 5446 2242 5516 censis,
2269 5445 2360 5499 lib.
2391 5459 2470 5511 ιιι,
2493 5443 2559 5498 de
2589 5442 2979 5516 ,P‘ersecu‘tione
3009 5439 3316 5516 Yandaliea,
3343 5437 3533 5516 addit:
3565 5434 3636 5516 lit

2048 5505 2554 5583 nullus'quempiam
2586 5513 2798 5583 illorum
2827 5511 3062 5580 hospitio
3101 5509 3386 5579 reciperet,
3410 5514 3504 5561 aut
3530 5505 3633 5560 ali-

2049 5582 2282 5638 moniam
2310 5591 2608 5653 pnestaret.
2638 5582 2806 5637 Fons.

2123 5655 2148 5692 δ
2180 5642 2327 5721 Lege
2352 5652 2599 5713 Plinium,
2646 5653 2816 5721 lib._i,
2859 5650 3016 5719 epist.
3049 5649 3115 5718 5;
3155 5655 3212 5706 et
3249 5646 3440 5704 Sidon.
3469 5642 3633 5716 Apol-

2053 5725 2172 5790 lin.,
2203 5719 2294 5780 lib.
2327 5741 2437 5790 vui,
2468 5723 2627 5792 epist.
2655 5722 2708 5776 8.
2739 5719 2929 5777 Junsr.

2413 5910 2634 5928 -.ν--.-.,.,,,-
