3990 6170
431 282 538 340 7.65

431 406 489 453 et
517 407 838 468 pascuorum
884 391 1129 447 ubertate
1159 380 1385 440 fecunda
1414 379 1542 445 sint,

434 503 698 562 aquarum
747 485 1143 559 pulchrescant.
1188 478 1284 535 Est
1329 477 1504 544 enim,
1550 481 1610 529 ut
1656 472 1871 538 dicitur,
1918 468 2017 524 sub

431 584 572 656 pede
601 581 816 638 collium
853 591 1014 647 supra
1057 572 1221 628 maris
1267 583 1488 628 arenam
1526 565 1716 622 fertilis
1745 575 1969 632 campus
1999 576 2014 613 :

433 679 528 735 ubi
557 674 675 731 fons
702 679 886 727 vastus
913 666 1213 737 egrediens,
1245 663 1431 719 cannis
1467 657 1808 729 cingentibus
1845 653 1899 708 in
1927 667 2021 708 co-

433 781 585 822 ronae
612 761 848 833 speciem
878 760 1114 828 riparum
1143 768 1363 811 suarum
1410 764 1505 805 ora
1533 745 1775 804 contexit
1805 759 1819 795 :
1853 755 2022 797 ama:-

435 871 539 912 nus
583 851 874 908 admodum
923 857 978 904 et
1028 843 1339 901 arundineis
1385 839 1610 903 umbris,
1657 844 1713 892 et
1759 846 2024 902 aquarum

437 947 676 1019 ipsarum
703 945 904 1000 virtute
931 937 1208 995 mirabilis.
1241 935 1374 990 Nam
1399 946 1522 988 cum
1543 929 1616 984 ibi
1645 927 1838 986 tacitus
1860 925 2025 979 homo

438 1047 494 1104 et
539 1038 778 1095 studiose
815 1033 1123 1090 silentiosus
1169 1024 1473 1090 advenerit,
1522 1035 1691 1091 aquas
1719 1015 1884 1072 fontis
1914 1014 2029 1070 irri-

439 1129 529 1201 gui
557 1126 757 1198 reperit
786 1125 864 1184 sic
892 1123 1120 1192 quietas,
1169 1126 1229 1176 ut
1258 1117 1312 1172 in
1340 1128 1547 1171 morem
1574 1109 1749 1180 stagni
1777 1122 1885 1162 non
1915 1114 2028 1160 tam

438 1233 658 1276 currere
669 1232 831 1286 quam
857 1224 1005 1269 stare
1026 1211 1325 1268 videantur.
1358 1208 1425 1258 At
1445 1203 1534 1258 ubi
1559 1214 1890 1270 concrepans
1916 1204 2029 1251 tus-

442 1311 518 1370 sis
540 1311 734 1366 emissa
758 1307 939 1372 fuerit,
965 1312 1055 1360 aut
1077 1316 1256 1359 sermo
1280 1298 1478 1363 clarior
1507 1295 1736 1350 fortasse
1764 1289 2025 1352 sonucrit,

442 1403 630 1461 nescio
661 1415 764 1472 qua
793 1399 847 1454 vi
889 1396 1071 1453 statim
1117 1407 1272 1464 aqua:
1302 1389 1497 1446 ibidem
1527 1384 1810 1444 concitata:
1851 1378 2029 1452 prosi-

445 1495 586 1552 liunt
611 1511 623 1546 :
648 1469 712 1548 0‘s
736 1490 879 1545 illius
907 1484 1130 1557 gurgitis
1155 1480 1381 1539 ebullire
1408 1477 1588 1534 videas
1617 1475 1854 1545 graviter
1880 1469 2031 1526 exci-

444 1593 646 1651 tatum,
703 1589 765 1637 ut
816 1586 975 1650 putes
1023 1590 1216 1646 aquam
1269 1571 1530 1640 rigentem
1589 1577 1868 1624 succensae
1913 1559 2033 1616 ollae

443 1649 745 1743 suscepisse
785 1649 1055 1724 fervorem
1083 1682 1096 1718 :
1130 1661 1310 1718 silenti
1337 1657 1543 1716 homini
1573 1655 1754 1721 tacita,
1792 1649 2032 1722 loquenti

1632 263 1703 318 M.
1744 257 2019 317 AURELII
2061 248 2453 308 CASSIODOR]

1581 386 1636 434 et
1664 372 2014 432 inundatione
2041 372 2093 434 Α
2187 367 2480 433 conveniat,
2519 364 2589 418 ad
2616 360 2995 434 reprimendum

3590 236 3694 296 ’ἴω

3088 353 3358 412 orumdam
3395 352 3700 408 rusticorum

2191 419 2500 506 audaciam,
2529 435 2614 506 qui
2657 419 3002 506 negotiatores
3031 419 3549 506 lignis-spoliatique-
3575 419 3702 506 Tum

2191 507 2434 631 describit
2475 495 2684 570 locum,
2724 495 2986 574 fontisque
3034 495 3340 552 Marciliani
3396 495 3607 548 virtutes
3657 501 3704 544 et

2191 594 2386 634 miracu
2413 593 2465 630 a.
2551 593 2562 610 κ

2191 669 2343 726 Sicut
2367 665 2638 736 incognita
2663 662 2802 719 velle
2828 674 3010 728 nosse,
3034 656 3313 730 prudentis
3335 664 3440 723 est,
3467 654 3540 708 ita
3566 667 3708 709 com-

2121 771 2277 835 perta
2303 757 2660 824 dissimulare,
2693 753 2964 810 dementia
2990 757 3099 816 est;
3139 761 3206 804 eo
3234 745 3534 818 praesertim
3563 751 3702 798 tem-

2124 870 2280 927 pore,
2320 867 2441 909 cum
2468 849 2630 906 noxia
2668 863 2756 903 res
2803 845 2870 900 ad
2898 841 3292 900 correctionem
3327 837 3500 909 possit
3535 835 3707 892 celer-

2125 947 2319 1012 rimam
2371 941 2674 1015 pervenire.
2730 935 3024 1006 Frequenti
3079 931 3344 1002 siquidem
3393 927 3711 999 probatione

2127 1033 2426 1098 didicimus,
2453 1029 2699 1085 Lucania:
2713 1033 3002 1090 conventu,
3026 1021 3119 1092 qui
3140 1021 3316 1092 prisca
3327 1016 3712 1088 superstitione

2127 1126 2433 1184 Leucothea
2475 1137 2677 1179 nomen
2703 1118 2944 1188 accepit,
2988 1114 3134 1187 quod
3176 1113 3247 1168 ibi
3285 1112 3354 1166 sit
3380 1125 3518 1178 aqua
3547 1106 3710 1162 nimio

2130 1219 2367 1274 candore‘
2390 1213 2690 1286 perspicua,
2719 1203 3229 1280 praesumptionibns
3257 1199 3457 1255 illicitis
3481 1197 3714 1251 rustico-

2129 1326 2249 1367 rum
2285 1307 2570 1363 facultates
2605 1298 2993 1370 negotiantium
3033 1293 3217 1350 hostili
3245 1289 3547 1358 direptione
3574 1300 3713 1354 sarpe

2131 1401 2427 1464 laceratas;
2470 1402 2530 1449 ut
2569 1392 2662 1464 qui
2697 1390 2765 1445 ad
2807 1387 2987 1444 natale
3011 1384 3190 1440 sancti
3219 1379 3471 1454 Cypriani
3499 1376 3713 1445 religio-

2131 1491 2341 1548 sissime
2383 1493 2644 1543 venerant
2686 1477 3070 1554 peragendum,
3102 1471 3577 1538 mercimoniisque
3605 1465 3715 1521 suis

2133 1581 2331 1647 faciem
2360 1575 2632 1634 civilitatis
2658 1586 2872 1638 ornare,
2920 1575 3140 1639 egentes
3169 1564 3397 1634 turpiter
3425 1561 3716 1627 inanesque

2136 1669 2492 1728 discederent.
2546 1662 2664 1719 Hoc
2720 1677 2824 1717 nos
2870 1656 3101 1730 simplici
3161 1670 3228 1710 ac
3279 1651 3426 1707 facili
3479 1647 3716 1704 remedio

448 1764 680 1835 strepitu
729 1769 786 1817 et
835 1758 1047 1828 fragore
1097 1753 1458 1826 respondens;
1526 1757 1586 1805 ut
1635 1755 1911 1818 stupescas
1953 1743 2033 1798 sic
2061 1739 2107 1809 Β
2135 1761 2457 1825 credidimus
2483 1752 2880 1824 corrigendum.
2908 1759 2966 1806 ιη
2993 1745 3360 1819 specum-[mas
3383 1750 3565 1798 vestra
3590 1754 3718 1810 pm.

447 1857 628 1913 subito
675 1851 1062 1924 perturbatam,
1114 1861 1278 1916 quam
1323 1842 1504 1914 nullus
1553 1848 1728 1896 tactus
1773 1835 2034 1906 exagitat.

449 1947 601 2004 Nova
630 1946 734 2010 vis,
766 1940 1003 1999 inaudita
1029 1939 1360 2009 proprietas,
1392 1947 1559 2004 aquas
1586 1945 1721 1986 voce
1751 1927 2035 1983 hominum

451 2034 810 2103 commoveri,
841 2040 894 2089 et
919 2030 1073 2102 quasi
1103 2028 1381 2100 appellatae
1417 2021 1815 2094 respondeant;
1848 2019 1922 2073 ita
1952 2025 2038 2092 ut,

454 2128 735 2184 hominum
781 2121 1120 2178 sermonibus
1159 2123 1486 2188 provocatus,
1537 2112 1719 2168 nescio
1763 2108 1892 2180 quid
1938 2107 2042 2162 im-

453 2221 807 2277 murmurent.
856 2211 1057 2268 Credas
1093 2209 1167 2266 ibi
1213 2205 1430 2277 aliquod
1469 2202 1670 2259 animal
1710 2206 2042 2273 prostratum

453 2322 646 2368 somno
687 2307 986 2376 quiescere,
1036 2302 1182 2373 quod
1226 2300 1522 2357 excitatum
1570 2308 1767 2364 magno
1813 2292 2044 2363 strepitu

458 2397 554 2455 tibi
595 2393 941 2466 respondeat.
988 2391 1207 2461 Legitur
1245 2389 1462 2460 quidem
1490 2384 1780 2443 nonnullos
1817 2381 2045 2441 fontium

456 2487 619 2542 variis
645 2485 910 2542 scaturire
932 2482 1226 2549 miraculis,
1255 2488 1314 2536 ut
1336 2478 1499 2547 aliqui
1528 2475 1700 2547 potati
1725 2471 2048 2530 animalibus

458 2576 685 2640 reddant
711 2574 918 2628 varium
947 2572 1184 2628 colorem
1202 2612 1219 2638 ,
1249 2569 1386 2630 alter
1413 2580 1604 2638 greges
1631 2566 1787 2628 albos
1825 2561 2044 2630 efﬁciat,

458 2663 678 2735 quidam
720 2662 773 2716 in
812 2675 1031 2722 saxeam
1058 2659 1310 2714 duritiam
1354 2663 1600 2726 suscepta
1631 2655 1774 2724 ligna
1809 2667 2047 2710 conver.

461 2761 600 2816 tant.
646 2751 752 2806 Sed
779 2751 878 2806 has
906 2765 1096 2806 causas
1125 2748 1272 2806 nulla
1297 2747 1437 2812 ratio
1465 2743 1891 2816 comprehendit,
1922 2742 2050 2814 quia

461 2858 626 2914 supra
656 2841 990 2908 intellectum
1036 2839 1329 2902 humanum
1369 2851 1491 2901 esse
1529 2833 1872 2905 cognoscitur
1907 2830 2052 2904 quod

464 2945 672 3001 tantum
701 2933 861 3000 rebus
890 2929 1223 2995 naturalibus
1250 2929 1569 3000 applicatur.
1603 2925 1708 2989 Sed
1737 2932 1796 2989 ut
1821 2923 1892 2979 ad
1915 2938 2051 2994 queo

463 3024 632 3082 relam
662 3019 1012 3092 supplicantis
1049 3019 1168 3074 cito.
1188 3017 1492 3082 redeamus,
1533 3014 1624 3070 hic
1661 3027 1785 3068 cum
1812 3011 2052 3068 mansio,

2135 1853 2278 1913 dicto
2309 1857 2554 1921 tempore
2584 1855 2843 1907 una'cum
2871 1836 3272 1912 possessoribus
3298 1841 3462 1904 atque
3486 1829 3718 1886 condno.

2138 1945 2346 2008 toribus
2391 1940 2722 1996 diversarum
2761 1947 3082 1994 massarutn,
3131 1928 3200 1990 ad
3237 1926 3475 1997 quietem
3517 1935 3718 1978 conve-

2138 2034 2418 2099 nientium,
2464 2024 2756 2098 anticipata
2804 2023 3000 2080 debeat
3046 2019 3256 2079 cautela
3303 2027 3620 2086 procurare,
3666 2018 3723 2066 ut

2141 2124 2341 2188 atrocis
2387 2121 2513 2178 facti
2560 2134 2683 2175 reos
2728 2115 2987 2184 inveniat,
3037 2126 3172 2184 quos
3217 2123 3375 2181 paena
3417 2111 3720 2162 consumat.

2142 2216 2299 2290 Quod
2323 2216 2368 2272 si
2390 2213 2583 2283 aliquis
2605 2210 2952 2272 rusticorum,
2982 2203 3068 2259 vel
3096 2200 3384 2271 cujuslibet
3409 2196 3516 2252 loci
3536 2197 3719 2260 homo,

2143 2288 2334 2369 causas
2361 2303 2603 2363 nefandae
2631 2301 2740 2357 litis
2777 2296 3038 2365 attulerit,
3069 2295 3213 2350 inter
3241 2292 3356 2364 ipsa
3395 2288 3545 2344 initia
3571 2300 3725 2341 com-
3804 2303 3808 2306 ~

2145 2400 2446 2474 prehensus
2489 2394 2766 2450 fustuariae
2810 2387 3068 2445 subdatur
3119 2383 3362 2455 protinus
3405 2377 3632 2443 ultioni;
3678 2383 3731 2431 et

2147 2469 2436 2566 pompatus
2462 2487 2604 2544 mala
2638 2493 2766 2548 nota
2793 2481 2945 2556 [Ms.,
2984 2476 3132 2549 vota]
3161 2475 3414 2544 corrigat,
3457 2471 3549 2541 qui
3583 2469 3733 2540 prius

2150 2563 2424 2650 occultum
2459 2578 2667 2640 facinus
2694 2575 2932 2632 excitare
2960 2569 3221 2632 tentabat.
3270 2565 3367 2626 Est
3405 2563 3550 2624 enim
3602 2575 3731 2616 con-

2150 2683 2344 2741 ventus
2381 2674 2482 2728 iste
2519 2677 2576 2725 et
2608 2667 2774 2730 nimia
2816 2663 3130 2722 celebritate
3157 2658 3402 2725 festivus,
3431 2663 3486 2711 et
3513 2654 3740 2710 circurn-

2148 2766 2306 2837 jectis
2362 2760 2655 2835 provinciis
2707 2755 2864 2813 valde
2910 2753 3204 2826 proficuus.
3259 2745 3526 2823 Quidquid
3601 2743 3740 2801 enim

2152 2856 2480 2931 praecipuum
2533 2862 2626 2912 aut
2673 2848 2998 2906 industriosa
3056 2844 3222 2904 mittit
3278 2839 3605 2910 Campania,
3656 2845 3744 2892 aut

2155 2927 2399 3022 opulenti
2443 2944 2644 3009 Brutii,
2696 2948 2790 2999 aut
2843 2935 3057 2996 Calabri
3104 2932 3394 3006 peculiosi,
3444 2939 3539 2987 aut
3596 2927 3748 3000 Apuli

2156 3030 2370 3105 idonei,
2398 3035 2484 3092 vel
2506 3035 2624 3106 ipsa
2650 3038 2830 3104 potest
2853 3029 3057 3086 habere
3085 3024 3391 3098 provincia,
3416 3022 3470 3078 in
3493 3029 3748 3078 ornatum

466 3132 590 3184 nem
621 3114 962 3188 supradictus
995 3110 1292 3203 Nimfadius
1321 3107 1619 3203 babuisset,
1649 3104 1853 3203 insidiis
1881 3102 2050 3158 rusti-
2079 3123 2127 3198 ρ
2154 3102 2545 3203 pulcherrima
2574 3102 2716 3181 illi,”
2754 3119 3063 3178 venaumis
3102 3115 3410 3187 exponitur,
3455 3121 3518 3170 ω
3555 3112 3752 3168 mem

468 3224 654 3275 corum
680 3209 904 3268 abactos
930 3204 1032 3261 sibi
1060 3202 1251 3260 asserit
1281 3201 1554 3257 caballos:
1579 3197 1724 3270 quod
1755 3205 2055 3268 temporum

469 3308 780 3357 nostrorum
810 3298 1012 3354 habere
1045 3312 1152 3352 non
1181 3294 1340 3350 decet
1376 3292 1733 3362 disciplinam,
1776 3299 1836 3354 ut
1877 3289 2056 3346 delec-

469 3390 604 3447 tatio
657 3391 800 3445 illius
848 3389 954 3446 loci
1002 3387 1096 3442 tali
1141 3385 1339 3452 damno
1390 3383 1708 3440 redderetur
1761 3379 2054 3436 horribilis.

469 3479 627 3549 Quod
656 3479 998 3536 vivacitatem
1027 3485 1173 3532 tuam
1199 3474 1441 3546 diligenti
1467 3487 1754 3535 censemus
1782 3470 2059 3534 examina-

473 3574 618 3633 tione
662 3572 957 3642 discutere,
995 3585 1116 3642 qua:
1152 3577 1209 3632 et
1252 3568 1320 3634 de
1363 3567 1563 3638 palatio
1597 3572 1786 3631 nostro
1825 3560 2064 3623 auctoris-

474 3675 640 3729 tatem
658 3709 674 3736 ,
703 3675 760 3722 et
783 3666 851 3722 de
878 3664 1084 3735 legibus
1105 3662 1220 3724 visa
1247 3667 1330 3726 est
1355 3657 1615 3730 justitiam
1638 3653 1949 3723 collegisse;
1979 3659 2058 3717 ut,

472 3773 624 3822 more
662 3757 828 3828 ipsius
871 3754 1062 3828 fontis,
1097 3753 1275 3819 scelus
1314 3748 1461 3820 quod
1489 3754 1668 3810 actum
1710 3753 1795 3802 est
1832 3741 2064 3806 videaris

472 3847 675 3911 ulcisci.
718 3846 1105 3916 Perqnirantur
1128 3849 1314 3911 sontes
1339 3852 1550 3906 summo
1580 3834 1819 3901 silentio,
1850 3840 2068 3888 tenean-

473 3951 561 4004 tur
605 3939 660 4004 in
705 3939 817 4004 suis
857 3937 1061 4001 laribus
1105 3935 1304 4006 quieti;
1349 3939 1408 3988 ut
1444 3930 1570 3996 dum
1618 3942 1747 3983 mox
1791 3926 2066 3984 insecutor

469 4029 640 4102 μνη,
662 4023 980 4094 exsecutor],
993 4022 1344 4093 increpuerit,
1365 4034 1551 4076 eorum
1573 4015 1735 4074 corda
1757 4013 2065 4083 turbentur,

474 4121 532 4176 in
577 4135 742 4176 voces
777 4118 1097 4191 prosiliant,
1135 4123 1194 4170 et
1235 4115 1316 4170 sic
1355 4111 1582 4174 terribili
1629 4105 2060 4172 murmuratione

477 4211 894 4268 confundantur.
944 4209 1034 4265 Sic
1079 4223 1247 4278 aquas
1291 4221 1416 4262 suas
1457 4204 1638 4260 omina
1683 4200 1783 4266 sibi
1825 4199 2069 4270 judicent

477 4302 690 4360 dedisse
710 4317 1008 4376 plenarum.
1040 4301 1124 4356 Sit
1144 4313 1274 4368 ergo
1295 4299 1349 4354 in
1370 4298 1451 4354 eis
1473 4302 1788 4366 competens
1810 4291 2067 4359 vindicta,

479 4404 541 4452 ut
564 4395 684 4452 loca
712 4396 820 4452 sint
847 4395 1032 4467 pervia
1065 4413 1078 4450 :
1109 4395 1299 4451 invitet
1325 4391 1503 4464 posita
1527 4387 1810 4460 disciplina
1835 4386 2072 4442 studium
2172 4425 2291 4468 tam
2353 4409 2636 4464 innumera
2688 4403 2954 4458 varicum
3006 4398 3300 4456 discretas?
3366 4394 3516 4463 Quid
3582 4389 3777 4449 diu”,

2158 3230 2269 3287 tam
2313 3219 2586 3288 ingentem
2623 3213 2839 3284 copiam
2870 3209 3080 3281 iudices
3122 3208 3194 3269 de
3219 3206 3404 3269 multis
3438 3203 3754 3276 negianibus

2158 3318 2574 3380 congregatatn.
2603 3306 2804 3364 Videas
2831 3303 2976 3362 enim
3011 3301 3124 3360 illic
3151 3299 3424 3360 collmere
3452 3295 3755 3369 pulcherri-

2159 3405 2262 3466 mis
2292 3413 2317 3444 ι
2361 3401 2684 3462 stationibus
2726 3397 3018 3454 latissimos
3053 3408 3294 3464 campos,
3325 3400 3382 3448 et
3417 3391 3490 3447 de
3531 3389 3759 3447 amoenis

2159 3493 2438 3555 frondibus
2475 3491 2712 3553 intextas
2738 3487 2918 3546 subito
2956 3492 3367 3545 momentaneas
3395 3481 3628 3546 domos,
3659 3494 3755 3549 po-

2161 3585 2412 3657 pulorum
2456 3579 2792 3642 cantantium
2827 3576 3239 3645 laetantiunqm
3276 3572 3613 3630 discursum.
3662 3567 3761 3626 Ubi

2162 3675 2292 3738 licet
2319 3689 2428 3740 non
2457 3670 2770 3742 conspicias.
2788 3665 3326 3744 operam-mnium,
3356 3663 3552 3720 videas
3584 3671 3760 3718 tamen

2163 3765 2547 3838 opinatissima:
2589 3762 2823 3821 civitatis
2861 3766 3130 3817 ornatum.
3179 3756 3386 3813 Praesto
3425 3765 3570 3820 sunt,
3612 3752 3765 3827 pueri

2164 3873 2230 3924 ac
2266 3857 2480 3928 puellae,
2508 3855 2722 3915 diverso
2749 3867 2888 3912 sexu
2913 3858 3078 3920 atque
3101 3857 3265 3906 aetate
3292 3847 3604 3917 conspicui,
3634 3859 3767 3915 quos

2168 3966 2278 4012 non
2316 3947 2444 4010 facit
2482 3947 2767 4016 captivitas
2813 3958 2934 4000 esse
2979 3942 3083 3997 sub
3122 3941 3317 4012 pretio,
3364 3937 3467 3994 sed
3508 3939 3770 4002 libertas;

2168 4043 2269 4106 hos
2311 4040 2506 4097 merito
2551 4037 2581 4076 δ
2627 4043 2882 4106 parentes
2923 4032 3184 4100 vendunt,
3231 4029 3495 4100 quoniam
3541 4029 3616 4085 de
3660 4029 3767 4097 ipsa

2177 4132 2339 4206 ιω
2379 4128 2735 4189 famulatione
2781 4123 3088 4197 proficiunt.
3140 4120 3372 4185 Dubium
3402 4120 3620 4189 quippe
3666 4129 3770 4171 non

2169 4233 2273 4290 eat,
2320 4236 2506 4280 servos
2534 4233 2695 4290 posse
2723 4215 3018 4284 meliorari,
3063 4213 3158 4284 qui
3184 4213 3252 4269 de
3288 4211 3482 4268 labore
3517 4222 3776 4279 agrorum

2169 4316 2242 4378 ad
2273 4316 2481 4372 urbana
2521 4311 2737 4368 servitia
2767 4305 3182 4366 transferuntur.
3223 4303 3364 4370 Quid
3403 4311 3601 4359 vestes
3629 4298 3770 4355 refe-

477 4487 926 4553 commeamium;
971 4500 1039 4545 ne
1075 4486 1344 4544 humum
1383 4480 1692 4540 θιθθδείδυδ
1729 4478 1930 4570 νίιοιιιι*
1961 4475 2069 4570 me
2095 4503 2150 4564 D
2172 4499 2385 4570 generis
2422 4496 2674 4554 animalia
2719 4494 2897 4550 nitore
2938 4491 3093 4564 [Alii,
3133 4486 3329 4561 nitere]
3375 4481 3776 4558 pinguissima?

479 4575 829 4678 miraculum,
875 4577 1022 4646 quod
1045 4592 1263 4650 semper
1303 4575 1576 4638 laetiﬁcari:
1613 4569 1958 4644 cognoscitur
1983 4567 2070 4634 in—

480 4667 758 4738 quisitum.

960 4801 1294 4858 EPISTOLA
1336 4799 1578 4856 XXXIH.

659 4907 864 4950 SEVERO
886 4909 1012 4949 γιηο
1037 4909 1342 4949 εηοτλιιιιι
1369 4905 1737 4946 ΑτιιΑιΑῐιιειιε
1761 4905 1888 4944 REX.

482 5007 725 5063 Decernit
762 5018 818 5062 ut
854 5008 1019 5076 pridie
1059 5008 1249 5068 natalis
1293 5007 1460 5066 sancti
1500 5002 1747 5076 Cypriani
1794 5020 1899 5070 una
1954 5017 2069 5062 cum

554 5075 935 5146 possessoribus
979 5087 1028 5134 et
1068 5076 1462 5132 conductoribus
1484 5075 1824 5146 idiversarum
1863 5088 2072 5128 massa-

553 5143 668 5207 rum
714 5150 783 5206 ad
831 5149 1080 5206 Lucania!
1126 5157 1426 5208 conventum
1473 5145 1819 5204 Leucotheam
1868 5143 2081 5199 nomine

561 5315 588 5389 ’ξ
613 5304 869 5389 ¹Οίῖἰίξίῖρειιξ
901 5323 971 5389 ac
994 5306 1248 5389 pergula:
1278 5304 1657 5389 nundinarum
1685 5299 2071 5383 significantur.

490 5375 628 5443 Quid
674 5377 818 5430 enim
867 5371 1030 5432 alind'
1053 5371 1141 5432 his
1181 5375 1383 5443 verbis,
1430 5371 1816 5434 mercimoniis,
1850 5385 1915 5424 ac
1954 5383 2078 5443 mo:

493 5437 806 5502 iiientaneas
832 5448 1041 5514 domos,
1073 5437 1411 5502 Athalaricus
1438 5445 1633 5514 innuit,
1664 5442 1764 5514 nisi
1795 5437 2080 5514 pergulas‘l

493 5459 806 5502 inentaneas
832 5457 1041 5514 domos,
1073 5457 1411 5502 Athalaricus
1438 5457 1633 5510 innuit,
1664 5458 1764 5497 l’llSl
1835 5457 2079 5507 erguiasx

491 5516 658 5642 $6,122,
687 5515 915 5642 ἔξω,
950 5518 1020 5573 de
1047 5517 1242 5585 indic.;
1281 5516 1320 5572 l.
1351 5514 1404 5584 5,
1449 5515 1503 5570 in
1533 5513 1654 5583 ﬁn.,
1681 5513 1744 5569 Ι).
1790 5457 1869 5566 Bc
1894 5510 1963 5565 iis
1996 5508 2084 5580 qui

552 5603 655 5659 786.
687 5603 852 5643 κολα.

563 5705 593 5747 δ
631 5707 695 5764 C.
740 5709 819 5764 De
856 5711 1046 5780 patrio.
1091 5711 1175 5778 qui
1216 5709 1292 5768 ﬁl.
1335 5708 1486 5780 ἀίειν.
1529 5705 1729 5780 Jerem.
1773 5700 2085 5780 y___p_opnlns_

495 5775 638 5836 fame
681 5771 970 5850 oppressus
1010 5783 1064 5839 in
1095 5771 1208 5836 haec
1247 5778 1411 5835 verba
1441 5777 1687 5850 prorupit
1719 5793 1732 5829 :
1767 5771 1893 5830 Filii
1919 5771 2085 5827 nostri

2173 4594 2277 4652 Ubi
2303 4593 2398 4648 tali
2423 4599 2616 4648 cuncta
2657 4587 2933 4646 taxatione
2981 4590 3382 4655 proponuntur,
3431 4589 3499 4635 ut
3542 4576 3774 4648 quilibet

2173 4694 2389 4757 emptor
2415 4679 2872 4739 fastidiosissimus
2913 4676 3204 4732 invenitur.
3253 4672 3348 4728 Sic
3387 4670 3458 4726 de
3489 4669 3594 4724 illo
3624 4679 3773 4722 com-

2174 4753 2379 4834 mercio
2420 4788 2581 4830 nemo
2631 4771 2870 4840 ingratus
2922 4767 3081 4830 redit,
3133 4765 3180 4820 si
3227 4769 3428 4820 cuncta
3477 4753 3784 4830 probabilis

2175 4864 2455 4936 disciplina
2483 4859 2782 4930 componit.
2813 4857 2909 4913 Est
2947 4855 3092 4911 enim
3120 4861 3175 4908 et
3209 4852 3367 4907 locus
3403 4850 3532 4920 ipse
3563 4859 3784 4913 campo-

2177 4935 2319 5011 rum
2347 4950 2661 5008 ammnitate
2711 4947 2980 5003 distensus
2999 4983 3014 5009 ,
3080 4941 3450 4999 suburbanum
3510 4935 3782 5009 quoddam

2177 5043 2526 5102 Consilinatis
2576 5041 2696 5115 [lar
2725 5056 2744 5094 :
2772 5037 2968 5104 Forte,
3032 5031 3315 5104 Consilini]
3385 5030 3784 5114 antiquissima:

2181 5137 2433 5202 civitatis,
2473 5110 2640 5204 quiia
2679 5129 2962 5188 conditore
2987 5135 3296 5190 sanctorum
3325 5122 3568 5180 fontium
3601 5110 3785 5174 “arci-

2185 5300 2236 5345 et
2282 5289 2409 5360 ﬁlim
2457 5293 2649 5360 nostrae
2693 5281 2869 5337 multae
2919 5287 3040 5360 sunt
3087 5279 3291 5360 nimis:
3321 5275 3658 5356 accipiamus
3697 5281 3785 5336 pro

2184 5345 2351 5431 prebo
2389 5372 2566 5412 eorum
2617 5356 2947 5431 frumentum,
2971 5357 3028 5431 et
3072 5347 3400 5427 comedamus
3451 5345 3782 5431 “sinamus.

2185 5413 2340 5496 Quod
2365 5435 2420 5482 et
2442 5413 2987 5496 tempogeltlaximini
3012 5416 3355 5496 imperatoris
3398 5413 3682 5470 accidisse
3709 5416 3787 5464 te-

2185 5488 2360 5561 statur
2387 5488 2585 5553 Euseb.
2617 5492 2771 5549 Ovid.
2803 5507 2896 5546 vui
2924 5488 3316 5558 Metamorph.:

2437 5585 2498 5634 Et
2521 5583 2720 5633 tandem
2740 5581 2954 5631 demisso
2981 5580 3028 5627 in
3055 5579 3240 5626 viscera
3265 5587 3412 5624 censu

2378 5647 2506 5698 Filia
2532 5645 2769 5706 restabat,
2796 5654 2893 5706 non
2908 5644 3004 5706 isto
3018 5641 3163 5702 digna
3187 5644 3408 5701 parente,

2377 5709 2513 5760 Hanc
2532 5717 2732 5770 quoque
2754 5703 2921 5758 vendit
2939 5705 3313 5818 inops.Fomu

3801 5188 3832 5220 \
