3990 6170
201 315 313 374 765

1474 306 1836 364 VARIARUM
1879 305 2080 362 LIBER
2117 305 2204 364 IX.

3372 309 3479 368 766

194 433 406 490 lianum
433 442 630 484 nomen
671 427 900 498 accepit.
945 425 1046 489 Hic
1085 426 1318 498 erumpit
1355 440 1616 498 aquarum
1663 439 1792 495 per-
1819 425 1868 486 Α
1899 425 2133 504 Erigitur
2159 428 2377 482 brutum
2406 423 2964 495 elementum’sponte
2991 423 3122 491 sua,
3168 431 3226 480 et
3249 425 3484 494 quadam

191 526 388 596 opicua
435 529 491 578 et
543 519 714 576 dulcis
761 521 981 575 ubertas
1012 514 1026 572 ξ
1058 519 1148 574 ubi
1185 518 1241 573 in
1288 516 1504 574 modum
1529 515 1790 570 naturalis

191 617 347 674 antri
387 614 586 670 absidis
623 611 881 668 fabricata
919 611 1231 667 concavitas
1267 610 1346 666 sic
1389 609 1704 680 perspicuos
1725 607 1792 662 li-

192 721 402 777 quores
439 709 680 770 emanat,
723 710 784 756 ut
810 716 1039 756 vacuum
1066 708 1224 771 putes
1264 699 1460 765 lacum,
1489 713 1650 768 quem
1682 712 1789 753 non

192 799 416 854 dubitas
440 812 560 851 esse
595 795 987 866 plenissimum.
1033 793 1132 848 Hie
1159 791 1468 862 perlucidus
1515 806 1685 860 usque
1722 791 1791 846 ad

195 889 426 946 fundum
474 895 643 958 patet,
692 893 753 940 ut
779 885 1086 954 aSpcctibus
1117 884 1220 940 tuis
1258 897 1441 938 aerem
1469 881 1652 953 potius
1689 896 1790 952 ap-

197 996 394 1054 parere
429 980 656 1049 judices,
708 993 815 1033 non
855 978 1138 1047 liquorem.
1189 975 1498 1030 {Emulatur
1541 987 1791 1030 serenum

197 1076 347 1132 diem
377 1089 515 1143 aqua
556 1072 936 1137 subtilissima;
987 1087 1111 1125 nam
1143 1069 1402 1141 quidquid
1428 1069 1483 1124 in
1514 1069 1624 1123 imo
1651 1067 1794 1135 geri-

201 1175 292 1221 tur
320 1163 581 1220 inoffensa
612 1163 752 1219 aeris
779 1161 931 1235 [-Ms.,
964 1159 1110 1215 Grut.
1158 1168 1208 1215 et
1237 1160 1380 1230 ϐαίη
1409 1157 1600 1230 oculis]
1631 1157 1794 1215 clari—

200 1266 316 1312 tate
347 1264 695 1310 monstratur.
737 1252 1028 1308 Colludunt
1070 1251 1178 1306 illic
1224 1250 1487 1320 gregatim
1534 1248 1794 1304 latissimi

200 1348 402 1417 pisces,
449 1345 542 1414 qui
587 1343 654 1398 ad
699 1358 892 1398 manus
938 1342 1277 1412 poscentium
1317 1339 1446 1412 [Με.
1488 1348 1539 1394 et
1587 1338 1792 1405 Forn.,

200 1438 565 1511 pascentium]
596 1437 674 1494 sic
715 1435 965 1506 intrepidi
1005 1436 1251 1497 veniunt,
1297 1443 1551 1503 tanquam
1597 1448 1658 1489 se
1698 1448 1797 1488 no-

199 1531 379 1586 verint
408 1545 515 1584 non
547 1543 668 1584 esse
696 1527 1011 1598 capiendos;
1045 1541 1170 1581 nam
1187 1526 1401 1594 quitaie
1429 1524 1630 1595 aliquid
1658 1539 1797 1595 prte-

199 1620 432 1691 sumpsit
460 1619 696 1687 eflicere,
727 1634 850 1674 mox
881 1634 1098 1690 poenam
1125 1617 1431 1673 Divinitatis
1454 1617 1800 1685 cognoscitur

201 1712 505 1782 excepisse.
549 1711 732 1780 Longa
762 1719 889 1766 sunt
927 1711 1070 1764 illius
1115 1709 1279 1765 fontis
1321 1706 1674 1763 memoranda
1701 1707 1800 1763 de-

1891 511 2182 572 devotic’ne
2209 515 2434 571 solemni
2469 523 2737 586 praeparat
2764 531 2823 570 se
2851 515 3146 580 miraculis,
3191 523 3250 569 ut
3277 518 3482 571 sancti-

1893 606 2071 663 ficatio
2097 607 2395 676 Majestatis
2423 606 2594 677 possit
2621 605 2853 661 ostendi.
2905 604 3038 659 Nam
3069 620 3191 660 cum
3222 602 3342 660 fons
3371 606 3486 675 ipse

1893 699 2131 769 quinque
2159 698 2357 767 gradus
2385 706 2548 768 tegat,
2592 712 2796 768 eosque
2823 705 3028 751 tantum
3056 695 3156 752 sub
3186 697 3486 767 tranquilli-

1893 795 2006 844 tate
2033 787 2324 859 possideat,
2357 787 2477 842 aliis
2514 787 2724 842 duobus
2766 786 3004 841 cernitur
3033 800 3300 850 crescere,
3348 799 3486 854 quos

1895 896 2166 952 nunquam
2212 888 2408 951 praeter
2434 879 2564 934 illud
2592 888 2802 949 tempus
2827 877 3169 947 cognoscitur
3194 893 3483 947 occupare.

1895 971 2144 1042 Magnum
2173 971 2604 1042 stupendumque
2631 970 2970 1037 miraculum,
3018 968 3217 1024 ﬂuenta
3246 969 3486 1028 labentia

1895 1065 1973 1120 sic
2001 1064 2067 1119 ad
2095 1065 2365 1119 humanos
2390 1078 2668 1118 sermones
2699 1062 2786 1117 vel
2814 1071 2978 1125 stare,
3010 1061 3098 1116 vel
3126 1076 3391 1127 crescere,
3427 1070 3488 1116 ut

1897 1155 1975 1212 eis
2019 1153 2208 1210 credas
2246 1153 2497 1209 audiendi
2537 1152 2772 1208 studium
2817 1153 3037 1206 minime
3074 1150 3328 1209 defuisse.
3367 1150 3491 1208 Fiat

1895 1247 2223 1305 venerabilis
2270 1244 2452 1317 [Jur.,
2503 1241 2895 1314 memorabilis]
2941 1241 3183 1297 omnium
3239 1254 3490 1298 sermone

1896 1339 2018 1396 fons
2059 1340 2162 1396 iste
2207 1336 2464 1393 cmlestis.
2516 1333 2690 1390 liabet
2737 1330 3114 1408 [Ms.,babeat]
3161 1339 3217 1386 et
3252 1329 3489 1390 Lucania

1896 1431 2186 1489 Jordanem
2214 1445 2392 1486 suum.
2421 1428 2516 1484 ille
2537 1427 2840 1497 exemplum
2864 1425 3197 1495 baptismatis
3221 1423 3490 1493 praestitit,

1896 1526 1986 1581 hic
2033 1539 2247 1580 sacrum
2293 1521 2649 1577 ministerium
2698 1518 2880 1591 [λιιι-η
2929 1513 3266 1587 mysterium]
3311 1529 3491 1570 annua

1900 1618 2190 1674 devotione
2218 1615 2470 1672 custodit.
2521 1611 2867 1683 Quapropter
2913 1619 2969 1664 et
3014 1608 3319 1664 reverentia
3359 1607 3491 1675 loci,

1902 1717 1956 1766 et
1985 1709 2190 1764 utilitas
2237 1708 2317 1762 rei
2345 1706 2481 1762 dare
2521 1705 2683 1759 debet
2725 1701 2938 1772 populis
2965 1699 3358 1756 sanctissimam
3403 1712 3496 1767 pa-

197 1805 462 1859 scribere.
505 1803 796 1858 Veniamus
840 1801 907 1856 ad
936 1800 1066 1856 illud
1094 1800 1366 1870 singulare
1403 1815 1598 1858 munus
1638 1815 1799 1855 sanc—
1831 1804 1880 1865 Β
1905 1814 2054 1866 cem;
2086 1799 2210 1870 quia
2239 1805 2554 1853 cunctorum
2579 1793 2786 1864 judicio
2814 1790 3263 1852 sceleratissimus
3291 1789 3495 1844 haben-

199 1903 428 1963 tumque
451 1893 787 1949 miraculum.
817 1893 951 1948 Nam
982 1908 1103 1948 cum
1127 1891 1214 1948 die
1241 1900 1466 1947 sacratae
1492 1892 1666 1948 noctis
1685 1907 1803 1964 pre-

197 2001 320 2042 cem
353 1995 378 2023 ·
405 1985 745 2056 baptismatis
775 1983 999 2055 coeperit
1028 1983 1282 2039 sacerdos
1311 1982 1606 2046 etfundere,
1638 1991 1694 2038 et
1729 1983 1799 2039 de

198 2091 297 2132 ore
324 2086 516 2134 sancto
542 2092 852 2132 sermonum
879 2074 1059 2132 fontes
1086 2089 1359 2139 emanare,
1391 2089 1521 2128 mox
1547 2073 1600 2128 in
1627 2074 1796 2128 altum

199 2167 348 2224 unda
383 2167 684 2238 prosiliens,
727 2181 896 2235 aquas
924 2179 1050 2221 suas
1086 2179 1195 2218 non
1225 2178 1324 2233 per
1351 2173 1562 2220 meatus
1607 2163 1797 2220 solitos

197 2256 401 2329 dirigit,
431 2258 526 2314 sed
563 2258 618 2313 in
661 2257 996 2312 altitudinem
1027 2252 1408 2321 cumulumque
1453 2253 1790 2310 transmittit.

271 2447 298 2477 ι
339 2436 548 2493 Similia
598 2444 784 2492 narrat
829 2434 897 2490 de
949 2431 1186 2489 fontibus
1231 2432 1555 2488 miraculose
1599 2429 1799 2500 repleri

198 2510 378 2567 solitis
407 2517 651 2577 tempore
696 2505 939 2576 paschali
968 2519 1066 2575 pro
1107 2503 1448 2577 baptizandis
1476 2501 1802 2556 Paschasius.

197 2581 488 2652 episcopus
523 2572 880 2645 Lilibetanus,
934 2572 990 2631 in
1031 2572 1261 2645 epistula
1302 2572 1369 2628 ad
1411 2572 1651 2628 Leonem
1699 2585 1797 2642 pas

1902 1892 2004 1946 dus
2033 1897 2134 1953 est,
2174 1889 2268 1958 qui
2295 1887 2479 1941 talium
2509 1885 2716 1941 dierum
2743 1883 2937 1953 gaudia
2970 1891 3236 1937 temerare
3264 1888 3497 1936 conten-

1902 1983 1997 2038 dit.
2053 1980 2384 2049 Relegantur
2436 1975 2654 2046 populis
2695 1982 2753 2029 et
2794 1979 3168 2043 proponantur
3225 1970 3326 2026 ista
3376 1982 3496 2038 quae

1899 2074 2163 2139 diximus,
2226 2080 2287 2126 ut
2333 2085 2459 2124 cum
2507 2068 2676 2122 inulta
2735 2080 2854 2121 esse
2901 2064 3122 2120 minime
3177 2061 3494 2129 creduntur,

1897 2161 2198 2221 excedendi
2238 2159 2458 2217 licentia
2503 2173 2612 2213 non
2653 2163 2945 2228 quaeratur.

1906 2442 2032 2500 pam
2060 2427 2103 2491 ι,
2132 2440 2253 2500 quae
2286 2431 2474 2500 exstat_
2499 2431 2631 2500 tom.
2664 2421 2713 2500 l_l_
2735 2421 2941 2500 Concil.
2985 2417 3324 2500 inter_Episl.
3357 2416 3498 2500 Leo-

1907 2488 2010 2554 nis.
2069 2488 2219 2552 Adde
2270 2510 2390 2566 qua:
2443 2493 2513 2550 de
2561 2492 2801 2549 fontibus
2851 2490 3002 2562 Hisp.
3057 2488 3225 2546 refert
3269 2488 3496 2556 Gregor.

1908 2568 2110 2626 Turon.
2143 2565 2337 2626 Jnnsr.

1409 2689 3487 2720 _____________________..._.______

1418 2741 1764 2872 LIBER
1837 2775 2277 2869 NONUS.

598 2997 752 3070 ιω
789 2937 1120 3051 EPISTQLA
1159 2990 1396 3057 PRIMA.

314 3106 602 3150 BILDERICO
629 3105 750 3146 REGI
778 3101 1130 3144 VANDALORUI
1158 3096 1522 3142 ATHALARICUS
1549 3094 1675 3134 REX.

199 3180 641 3256 Conqueritunde
666 3195 788 3234 nece
816 3175 1162 3256 Amaquridw
1209 3173 1272 3255 a_b
1319 3171 1601 3256 Hilderico‘
1631 3168 1800 3256 illata;

273 3236 408 3309 ﬁmi
437 3252 590 3307 mittit
618 3251 832 3321 legatos,
859 3236 1146 3321 opud'quos
1172 3245 1366 3298 crimen
1394 3249 1622 3296 excuset.
1654 3236 1806 3303 Quod

271 3325 323 3380 si
348 3323 606 3388 renuerit,
638 3318 824 3374 bellum
852 3318 953 3389 ipsi
979 3318 1269 3370 minitatur.

271 3437 574 3494 Durissima
599 3433 756 3488 nimis
782 3439 930 3486 sorte
955 3425 1393 3496 conslringimur,
1425 3431 1486 3477 ut
1513 3436 1651 3492 quos
1680 3427 1807 3475 ante

201 3533 394 3588 dulces
444 3535 700 3600 parentes
739 3523 990 3587 diximus,
1023 3534 1168 3574 nunc
1195 3518 1274 3574 eis
1303 3530 1494 3571 causas
1535 3512 1806 3568 amarissi-

202 3639 321 3680 mas
351 3623 708 3690 imputemus;
753 3630 888 3685 quas
933 3627 1092 3667 nemo
1130 3617 1310 3682 potest
1345 3608 1671 3677 relinquere,
1714 3605 1806 3675 qui

202 3712 426 3786 pietatis
454 3711 697 3764 noscitur
726 3705 1055 3761 monimenta
1084 3702 1344 3770 cogitare.
1380 3697 1511 3764 Quis
1537 3697 1681 3752 enim
1707 3710 1807 3751 ne-

202 3785 344 3862 sciat
371 3803 510 3857 diva:
537 3796 929 3855 recordationis
968 3789 1370 3853 Amalafridam,
1400 3787 1616 3858 generis
1635 3785 1807 3841 nostri

202 3899 374 3953 decus
419 3892 715 3967 egregium,
751 3887 1049 3944 violentum
1079 3883 1220 3954 apud
1250 3897 1350 3936 vos
1376 3881 1640 3949 reperisse
1673 3875 1810 3932 lucis

203 3964 497 4050 occasum;
526 3993 583 4040 et
609 3996 771 4052 quam
800 3976 1066 4034 habuistis
1102 3973 1310 4044 pridem
1338 3971 1631 4032 dominam,
1663 3964 1809 4036 passi

205 4099 318 4138 non
345 4081 479 4136 estis
506 4079 687 4133 vivere
715 4090 816 4130 nec
854 4072 996 4147 [Ac.,
1035 4065 1199 4139 nunc]
1249 4066 1550 4138 privatam?
1592 4062 1718 4119 limo
1762 4061 1810 4117 si

205 4179 404 4227 contra
453 4168 533 4224 fas
570 4164 864 4238 parentela:
909 4161 1088 4231 gravis
1127 4173 1248 4214 esse
1276 4155 1578 4223 videbatur,
1608 4151 1810 4208 remitti

205 4263 277 4318 ad
306 4277 410 4316 nos
436 4259 621 4313 debuit
644 4251 993 4315 honorabilis,
1018 4263 1180 4319 quam
1213 4246 1419 4314 magnis
1455 4241 1811 4312 supplicatio-

206 4353 371 4409 nibus
400 4347 718 4420 expetiistis.
753 4340 1029 4397 Parricidii
1055 4351 1226 4408 genus
1253 4342 1357 4400 est,
1389 4342 1448 4388 ut
1466 4345 1630 4401 quam
1655 4329 1810 4385 vobis

203 4446 417 4501 fecerat
445 4439 663 4496 affinem
692 4434 1001 4506 coniunctio
1031 4431 1191 4500 regis,
1234 4424 1478 4482 nefandis
1510 4422 1728 4478 ausibus
1753 4422 1810 4478 in

205 4537 332 4607 ejus
376 4549 476 4588 vos
522 4531 798 4586 interitum
845 4523 1163 4580 misceretis.
1205 4517 1347 4586 Quid
1385 4523 1592 4571 tantum
1619 4512 1747 4569 mali
1776 4527 1810 4567 a

204 4605 315 4686 suo
343 4626 577 4695 conjuge
603 4623 794 4679 relicta
821 4615 1156 4690 promeruit?
1184 4613 1243 4669 Si
1281 4608 1552 4668 successio
1577 4605 1812 4662 debeba-

205 4732 305 4778 tur
332 4719 514 4784 alteri,
543 4701 783 4785 nunquid
809 4711 1006 4767 femina
1045 4709 1098 4765 in
1132 4722 1199 4764 eo
1226 4704 1431 4761 ambitu
1455 4700 1633 4772 potuit
1659 4699 1810 4754 inve-

206 4816 357 4871 niri?
385 4812 560 4867 Mater
585 4807 828 4878 quinimo
855 4803 1042 4860 haberi
1068 4800 1273 4867 debuit,
1297 4811 1416 4868 qua:
1451 4794 1609 4851 vobis
1647 4805 1812 4862 regna

207 4903 532 4962 transfudit.
556 4900 688 4956 Nam
717 4908 770 4954 et
797 4899 903 4952 hoc
931 4892 1198 4950 nobilitati
1227 4897 1420 4945 vestrm
1449 4885 1636 4942 fuisset
1665 4881 1813 4951 adje-

207 5009 392 5066 ctum,
439 4996 487 5051 si
537 4995 678 5049 inter
723 4989 1127 5056 Hasdirigorum
1176 4985 1402 5053 stirpem
1455 4973 1814 5035 retinuissetis

206 5063 394 5146 Amali
439 5085 713 5156 sanguinis
761 5093 1083 5154 purpuream
1124 5075 1458 5150 dignitatem.
1501 5070 1615 5125 lloc
1650 5063 1813 5122 Gothi

205 5179 392 5236 nostri
422 5177 490 5232 ad
527 5189 684 5232 suum
722 5173 902 5244 potius
939 5167 1285 5241 opprobrium
1324 5161 1626 5229 intelligunt
1653 5156 1816 5213 fuisse

209 5282 515 5331 tentatum.
559 5269 692 5325 Nam
721 5267 814 5338 qui
840 5264 1070 5320 dominae
1097 5261 1286 5316 alienae
1310 5256 1486 5327 gentis
1513 5251 1694 5309 intulit
1720 5263 1818 5305 ne-

209 5383 363 5431 cem,
394 5360 618 5424 omnino
645 5359 764 5429 eius
789 5363 1074 5428 parentum
1099 5353 1246 5412 visus
1267 5356 1354 5407 est
1376 5344 1684 5417 despexisse
1711 5342 1817 5400 vir-

208 5469 424 5523 tutem,
453 5452 672 5524 quando
696 5465 860 5507 nemo
889 5447 1034 5518 quod
1075 5440 1424 5501 resecandnm
1451 5436 1568 5510 [Gn
1599 5445 1648 5492 et
1671 5433 1814 5505 Cuj.,

208 5545 630 5610 ulciscendum;
659 5540 851 5607 Fort,
895 5532 1273 5605 recusandum]
1299 5529 1488 5598 credit,
1517 5532 1672 5599 putat
1699 5537 1818 5580 esse

212 5637 568 5697 tentandum.
605 5633 673 5688 Et
698 5631 890 5694 morali
934 5628 1055 5684 ideo
1101 5626 1311 5686 ratione
1355 5616 1688 5684 commoniti,
1720 5629 1820 5688 per

213 5733 381 5786 illum
418 5738 474 5783 et
515 5727 659 5782 illum
690 5725 896 5793 legatos
929 5729 1142 5775 nostros
1179 5716 1360 5782 verbis.
1403 5713 1550 5785 prius
1593 5726 1624 5765 a
1664 5706 1818 5764 vobis

209 5821 540 5894 expetimus
564 5817 888 5890 aequitatem,
916 5817 1290 5884 exspectantes
1326 5805 1500 5880 qualis
1543 5797 1818 5862 excusatio

1836 4469 1888 4540 ι)

1901 2986 2065 3041 tantis
2091 2983 2306 3040 casibus
2325 2976 2602 3034 afferetur.
2634 2973 2774 3029 Nam
2797 2972 2898 3028 etsi
2923 2970 3200 3040 quodlibet
3226 2968 3508 3038 negotium.

1829 3091 1873 3153 (ς
1902 3078 1959 3132 in
1990 3077 2083 3131 tali
2107 3087 2337 3146 persona
2368 3069 2556 3124 fuisset
2581 3074 2822 3131 enatum,
2855 3063 3011 3119 nobis
3037 3062 3221 3118 debuit
3242 3060 3499 3128 intimari,

1908 3179 1969 3222 ut
1991 3175 2046 3222 et
2073 3172 2262 3221 nostro
2284 3161 2488 3232 judicio
2517 3158 2740 3230 periret,
2767 3169 2888 3225 qum
2915 3169 2975 3209 se
3006 3153 3252 3224 pessimis
3291 3150 3504 3212 actibus

1905 3259 2229 3315 miscuisset.
2261 3255 2448 3311 Restat
2472 3260 2531 3307 ut
2554 3249 2817 3305 naturalis
2845 3247 2962 3318 ejus
2999 3244 3227 3316 ﬁngatur
3254 3259 3499 3301 occasus.

1904 3349 2260 3422 lmpossibilia
2289 3363 2398 3403 non
2426 3345 2672 3410 dicimus,
2700 3355 2839 3397 nova
2865 3356 2974 3395 non
2994 3338 3286 3409 quaerimus
3310 3353 3323 3390 :
3350 3334 3502 3398 illum

1907 3452 2070 3513 atque
2098 3441 2250 3496 illum
2291 3436 2507 3500 tradite,
2539 3449 2638 3505 per
2674 3447 2812 3502 quos
2856 3431 3000 3485 facta
3041 3443 3130 3484 res
3165 3427 3361 3482 debeat
3387 3425 3503 3480 eiu-

1905 3549 2050 3591 cere.
2082 3531 2166 3587 Sit
2194 3531 2248 3585 in
2278 3528 2356 3584 eis
2389 3525 2556 3583 totius
2595 3538 2770 3579 causae
2798 3520 3045 3577 absoluta
3073 3519 3345 3590 probatio,
3385 3516 3505 3574 sine

1905 3627 2072 3692 bello,
2099 3625 2217 3680 sine
2265 3619 2432 3685 caede,
2473 3625 2566 3673 aut
2612 3631 2713 3672 nos
2748 3612 2948 3670 efﬁciat
2996 3611 3258 3682 placatos,
3289 3615 3384 3664 aut
3405 3622 3507 3668 vos

1906 3717 2103 3775 reddat
2139 3712 2425 3771 obnoxios.
2470 3708 2626 3778 Quod
2652 3707 2698 3764 si
2722 3704 2941 3762 creditis
2983 3716 3104 3759 esse
3131 3699 3503 3767 temnendum,

1907 3823 2012 3864 nec
2036 3819 2136 3862 vos
2171 3803 2238 3860 ad
2266 3799 2606 3859 rationabilia
2641 3811 2900 3869 reSponsa
2940 3791 3286 3861 componitis,
3315 3788 3505 3844 condiq

1909 3902 2058 3958 tione
2080 3899 2223 3954 initae
2241 3895 2391 3968 pacis
2417 3891 2764 3956 absolvimur,
2787 3889 2879 3960 qui
2907 3887 3016 3942 lmsi
3046 3883 3260 3942 foederis
3284 3881 3505 3936 vinculo

1909 4009 2019 4049 non
2045 4000 2310 4047 tenemur.
2338 3985 2588 4042 Vindicet
2615 3996 2760 4038 nunc
2784 3993 3016 4050 superna
3045 3975 3302 4046 majestas
3327 3972 3502 4028 scelus

1910 4081 2151 4153 qualibet
2192 4087 2308 4134 arte
2343 4075 2713 4140 commissum,
2741 4085 2862 4140 quae
2897 4067 2966 4123 ad
3000 4081 3058 4122 se
3083 4066 3318 4122 clamare
3341 4061 3506 4135 proti-o

1910 4181 2054 4229 tetur
2081 4168 2304 4226 fraterni
2324 4165 2599 4236 sanguinis
2621 4161 2824 4219 eadem
2853 4158 3092 4230 impiam.

2313 4432 2553 4474 ευιοτυιι
2574 4427 2896 4470 Δτωιλιιιει
2924 4423 3096 4466 REGIS.

1917 4527 2487 4607 Protegit_curiales_ab
2517 4525 2658 4582 omni
2696 4520 3139 4607 injuriahindicta
3160 4515 3502 4582 vexatoribus,

1987 4591 2103 4661 aut"
2131 4605 2304 4657 decem
2358 4600 2609 4654 librarum
2663 4591 2779 4650 auri
2837 4591 3032 4658 multa,
3102 4600 3194 4647 aut
3257 4604 3506 4660 corporeo

1985 4693 2157 4748 paena.

1986 4789 2089 4858 Qui
2117 4783 2434 4858 reipublicae
2467 4787 2668 4836 statum
2704 4782 2760 4833 et
2797 4771 3050 4844 generale
3077 4770 3227 4842 cupit
3251 4778 3396 4828 stare
3420 4766 3503 4826 fa-.

1916 4880 2153 4950 stigium,
2185 4876 2251 4932 ad
2280 4874 2531 4930 universa
2555 4869 2718 4926 debet
2755 4880 2876 4923 esse
2907 4863 3168 4924 sollicitus
3194 4879 3207 4914 :
3239 4861 3363 4929 quia
3393 4874 3503 4920 non

1918 4949 2007 5028 est
2028 4970 2175 5026 salus
2203 4968 2255 5022 in
2282 4978 2530 5036 corpore,
2561 4959 2664 5016 nisi
2693 4972 2855 5030 quam
2884 4962 2944 5012 et.
2967 4952 3214 5010 membra.
3231 4949 3506 5021 potuerint

1919 5062 2184 5120 obtinere.
2208 5056 2405 5128 injuria
2432 5053 2590 5109 unius
2618 5048 2726 5106 loci
2750 5058 3012 5116 compago
3032 5051 3144 5102 tota
3169 5039 3501 5106 concutitur;

1918 5164 1978 5212 et
2023 5160 2172 5208 tanta
2217 5145 2605 5205 convenientiae
2632 5143 2714 5197 vis
2741 5148 2844 5208 est,
2876 5145 2935 5195 ut
2969 5149 3135 5196 unum
3160 5133 3356 5196 viduus
3382 5132 3504 5196 ubi.

1923 5260 2029 5318 que
2072 5241 2259 5300 credas
2295 5237 2493 5308 accipi,
2535 5232 2751 5304 quando
2796 5231 2885 5286 illa
2929 5225 3157 5297 cmperit
3192 5223 3504 5280 condolere.

1925 5313 2244 5407 Iiespublica
2273 5328 2534 5401 siquidem
2563 5339 2670 5378 non
2700 5330 2783 5377 est
2809 5319 2965 5376 unius
2987 5316 3219 5372 civitatis
3237 5329 3389 5384 cura,
3410 5313 3508 5371 sed

1920 5405 2086 5496 totius
2111 5424 2263 5496 regni
2291 5420 2510 5495 provisa
2543 5413 2804 5476 custodia.
2837 5411 3177 5481 Quapropter
3203 5407 3248 5464 si
3276 5405 3404 5476 quid
3434 5421 3503 5460 ex

1920 5523 2036 5594 ipsa
2064 5518 2340 5580 minuitur,
2362 5513 2416 5568 in
2445 5509 2654 5582 origine
2679 5502 2956 5576 dispendia
2983 5500 3304 5565 sentiuntur.
3332 5499 3506 5554 Minus

1918 5585 2063 5669 enim
2108 5607 2308 5666 habere
2347 5613 2567 5656 necesse
2609 5603 2712 5659 est,
2743 5593 2830 5650 cui
2859 5589 3058 5660 aliquid
3094 5589 3252 5660 per-it.
3286 5585 3354 5643 Et
3381 5587 3505 5644 ideo

1921 5704 2250 5761 diversarum
2276 5692 2550 5752 civitatum
2581 5685 2802 5760 pervigil
2835 5698 2934 5738 nos
2970 5695 3097 5738 cura
3131 5677 3402 5742 sollicitat,
3437 5691 3502 5735 ne

1921 5792 2179 5870 permissa
2208 5785 2418 5858 longius
2445 5780 2585 5840 mala
2611 5787 2792 5835 nostra
2815 5773 3020 5848 possint
3039 5781 3261 5844 gravare
3282 5766 3504 5840 palatia-
