3990 6170
479 279 580 340 707

1704 301 1776 358 Μ.
1818 297 2094 358 ΑιζῐιΕΙᾸι
2132 298 2528 356 CASSIODOR-l

3641 303 3739 356 768

481 420 672 486 Arbor,
707 433 863 487 quinm
896 417 1087 471 florere
1117 414 1289 482 vides,
1315 428 1476 484 quam
1506 427 1712 468 summa
1748 411 1902 484 142
1931 425 2064 466 εοηα
2093 413 2144 474 Α
2165 425 2284 481 qua:
2309 411 2595 482 primatum
2620 416 2811 478 tenuit,
2834 427 2950 470 esse
2976 413 3248 483 posterior
3273 427 3381 469 non
3407 423 3640 470 recusat.
3663 414 3745 472 Sic

478 512 643 584 spicis
664 510 929 562 viriditate
959 507 1145 572 lactari,
1169 506 1526 560 subterraneo
1547 520 1707 560 succo
1728 502 2072 559 fecunditatis

478 603 767 664 animatur,
800 597 1026 652 reddens
1065 597 1117 651 in
1169 595 1509 668 superficiem
1550 595 1695 665 quod
1739 594 1978 650 continet
2015 593 2071 647 in

479 693 676 748 radice.
728 687 1012 742 Hominum
1055 703 1273 757 quoque
1329 688 1509 743 vultus
1562 701 1756 756 magna
1802 686 2071 740 hilaritate

478 783 790 840 decoratur,
824 779 868 832 si
899 778 1196 833 visceribus
1229 778 1375 832 sanis
1403 792 1689 847 gravamen
1719 776 1916 830 nullius
1943 789 2069 829 sen-

482 871 580 924 tiat
621 871 870 925 luasionis.
913 867 1003 924 Sic
1032 882 1256 936 regnum
1281 867 1403 938 jure
1428 866 1620 922 dicitur
1649 865 2068 934 integerrimum,

483 963 529 1016 si
553 976 816 1030 nusquam
848 961 1006 1014 fuerit
1044 961 1402 1015 imminutum.
1433 959 1550 1014 Hoc
1580 959 1693 1014 fieri
1724 965 1921 1029 potest,
1949 972 2071 1012 cum

483 1050 716 1120 undique
762 1052 1112 1106 submovetur
1152 1048 1411 1106 effrenata
1459 1049 1702 1113 licentia,
1771 1062 1871 1102 nec
1917 1047 2074 1100 datur

483 1160 648 1200 ausus
677 1145 843 1199 menti
888 1145 1132 1213 maligna:
1163 1144 1262 1198 sub
1291 1142 1634 1198 abominabili
1673 1141 1917 1195 libertate
1946 1153 2074 1208 pec-

482 1248 629 1289 care.
663 1233 924 1299 Curialcs,
957 1234 1151 1303 quibus
1177 1249 1208 1288 a
1236 1233 1457 1304 provida
1485 1231 1846 1287 sollicitudine
1879 1244 2074 1285 nomen

483 1332 595 1391 est,
640 1325 953 1394 gravissima
1005 1323 1256 1380 dicuntur
1303 1323 1644 1378 infestatione
1693 1320 1968 1390 quassari;
2016 1327 2078 1374 ut

483 1415 742 1484 quidquid
785 1417 863 1470 eis
914 1414 1137 1470 honoris
1179 1428 1342 1470 causa
1387 1412 1685 1481 delegatur,
1722 1411 1790 1466 ad
1828 1409 2076 1479 iniuriam

485 1505 666 1576 potius
694 1505 934 1560 videatur
965 1519 1084 1561 esse
1120 1501 1460 1573 perductum.
1491 1500 1536 1556 Ο
1565 1503 1830 1557 nefarium
1875 1499 2074 1569 scelus,

486 1595 832 1666 importabile
861 1594 1086 1649 malum!
1121 1593 1346 1661 Quando
1385 1592 1574 1650 debuit
1615 1592 1926 1664 reipublicze
1963 1607 2078 1647 ser-

486 1682 686 1739 viendo
715 1683 995 1754 prolicere,
1030 1691 1156 1738 tunc
1183 1682 1490 1737 libertatem
1519 1697 1672 1737 suam
1701 1697 1823 1738 cum
1849 1679 2078 1736 fortunis

2172 500 2405 570 quadam
2434 502 2812 557 communione
2839 504 3055 558 sociatae
3082 503 3183 560 sibi
3209 503 3330 558 sine
3355 503 3571 572 regibus
3598 504 3747 558 obse—

2171 600 2426 660 quuntur,
2459 591 2575 646 sine
2619 591 2897 646 dominatu
2940 602 3150 660 parent,
3181 593 3299 649 sine
3340 601 3546 650 terrore
3581 592 3746 649 famu-

2173 683 2371 738 lantur.
2411 683 2728 740 Voluntarie
2752 685 3036 740 serviendo
3063 686 3243 742 libera:
3271 693 3414 750 sunt,
3446 695 3500 741 et
3531 687 3748 743 invicem

2173 788 2233 828 se
2256 773 2526 843 diligendo
2564 774 2895 830 muniuntur.
2938 775 3175 843 Quarum
3220 791 3429 831 morem
3467 779 3753 847 scriptores

2173 880 2355 921 rerum
2405 865 2724 920 naturalium
2770 874 3120 932 contuentes,
3175 867 3417 938 politian)
3470 868 3752 937 quamdam

2173 956 2315 1012 inter
2350 957 2493 1027 ipsas
2542 972 2663 1013 esse
2711 966 3158 1026 commemorant,
3187 973 3322 1028 quas
3358 959 3531 1015 civico
3568 959 3756 1014 affectu

2175 1050 2359 1105 vivere
2386 1059 2775 1118 cognoverunt.
2818 1049 2928 1106 llas
2972 1051 3017 1106 si
3057 1035 3150 1106 vos
3179 1052 3480 1116 imitemini,
3517 1067 3706 1107 omnes
3730 1068 3756 1106 a

2175 1140 2328 1195 vobis
2349 1141 2675 1210 pravitatum
2705 1141 3005 1197 calumnias
3031 1141 3334 1198 excluditis.
3364 1141 3496 1196 Nam
3525 1158 3648 1207 vos,
3675 1142 3760 1210 qui

2175 1228 2308 1284 recti
2340 1236 2464 1283 vota
2492 1229 2754 1298 recipitis,
2786 1229 2998 1286 habetis
3038 1245 3139 1300 per
3172 1230 3318 1300 leges
3356 1238 3683 1300 potestatem
3710 1231 3759 1285 in

2175 1321 2382 1378 civibus
2431 1322 2645 1378 vestris.
2694 1321 2812 1378 Non
2859 1323 3001 1378 enim
3051 1324 3321 1379 incassum
3371 1325 3521 1380 vobis
3559 1326 3761 1380 curiam

2175 1412 2446 1469 concessit
2466 1413 2778 1482 antiquitas,
2799 1428 2907 1468 non
2931 1413 3162 1468 inaniter
3186 1413 3478 1483 appellavit
3504 1415 3763 1468 minorem

2177 1512 2426 1562 senatum
2453 1522 2466 1558 :
2505 1515 2528 1544 ο
2558 1520 2754 1560 nervos
2780 1519 2995 1576 quoque
3030 1505 3275 1560 vocitans
3307 1521 3373 1560 ac
3397 1505 3605 1560 viscera
3633 1505 3762 1560 civi-

2177 1605 2369 1652 tatum.
2412 1594 2553 1663 Quid
2594 1596 2650 1651 in
2683 1595 2785 1651 ista
2829 1595 3190 1666 appellatione
3238 1611 3344 1650 non
3389 1595 3660 1661 habeatis,
3689 1596 3767 1650 vel

2178 1687 2456 1760 potentiae,
2482 1687 2568 1742 vel
2596 1687 2851 1743 honoris?
2879 1686 3011 1741 Nam
3045 1688 3136 1757 qui
3162 1687 3373 1742 senatui
3403 1695 3764 1758 comparatur,

485 1776 700 1831 videtur
727 1776 995 1830 amittere.
1025 1773 1289 1842 Quocirca
1311 1773 1525 1829 edictali
1551 1779 1948 1844 programmate
1975 1771 2073 1828 de—
2104 1779 2151 1839 B
2177 1796 2207 1836 a
2237 1771 2384 1836 nullo
2412 1780 2572 1850 genio
2601 1780 2866 1837 claritatis
2894 1779 3214 1836 excluditur.

488 1865 721 1936 finimus,
753 1874 814 1921 ut
852 1867 899 1922 si
933 1867 1054 1936 quis
1091 1874 1338 1922 versatus
1383 1863 1536 1937 [Ed.,
1561 1863 1808 1936 vexatus]
1835 1863 1998 1919 fuerit
2024 1864 2079 1919 in

488 1958 704 2029 injuria,
739 1971 830 2013 aut
860 1959 912 2012 in
941 1959 1222 2029 dispendio
1251 1958 1490 2026 curialis,
1513 1958 1597 2012 vel
1624 1958 1824 2028 aliquid
1850 1958 1899 2012 ei
1924 1960 2082 2030 (prae-

489 2060 733 2120 terquam
773 2052 982 2118 jussum
1020 2051 1182 2106 fuerit
1209 2067 1240 2106 a
1268 2051 1445 2118 nobis,
1478 2051 1564 2106 vel
1605 2051 1672 2106 ab
1704 2051 1910 2116 aulicis,
1942 2066 2081 2121 quo-

487 2158 609 2196 rum
651 2142 895 2206 interest,
943 2143 1319 2214 potestatibus)
1362 2143 1641 2213 imponere
1681 2141 1909 2198 fortasse
1945 2158 2083 2212 prcc-

487 2235 794 2303 sumpserit,
819 2242 911 2288 aut
925 2234 1112 2289 decem
1131 2235 1386 2289 librarum
1411 2234 1527 2290 auri
1542 2234 1822 2305 dispendio
1839 2234 2082 2300 feriatur,

489 2325 590 2394 ipsi
621 2325 711 2394 qui
743 2325 847 2378 tale
877 2316 1076 2392 aliquid
1118 2323 1400 2394 pertulerit
1443 2324 1789 2378 nihilominus
1832 2319 2082 2392 profutu-

489 2431 639 2478 rum,
691 2425 811 2478 aut,
865 2415 911 2469 si
969 2414 1192 2470 facultas
1243 2415 1489 2471 vindicta:
1543 2431 1650 2471 non
1705 2414 1935 2482 sufficit,
1985 2429 2084 2484 per

489 2505 746 2559 fustuaria
777 2505 1036 2574 supplicia
1069 2505 1351 2570 laceretur,
1380 2514 1434 2558 et
1475 2505 1666 2560 reddat
1693 2504 1929 2559 debitum
1962 2518 2078 2574 pm-

492 2595 594 2658 nis,
621 2593 763 2662 quod
787 2611 892 2647 non
926 2595 1100 2662 potuit
1127 2608 1479 2663 compensare
1505 2594 1776 2664 pecuniis;
1805 2594 1876 2647 ita
1901 2601 2082 2648 tamen

491 2692 550 2739 ut
577 2700 695 2752 quae
716 2700 814 2752 pro
843 2684 1056 2753 publica
1078 2684 1306 2738 utilitate
1333 2681 1532 2738 fuerint
1561 2683 1824 2750 delegata,
1853 2683 2083 2750 ingenua

491 2773 850 2827 sollicitudine
915 2773 1320 2842 compleantur,
1377 2772 1592 2843 quando
1649 2773 1766 2842 plus
1823 2772 2085 2841 incipiunt

491 2863 718 2929 debere,
763 2879 899 2932 quos
953 2863 1158 2918 alienas
1208 2862 1515 2931 iniquitates
1562 2876 1671 2916 non
1724 2861 2084 2930 permittimus

491 2955 774 3010 sustinere.
810 2967 832 2990 υ
866 2953 1071 3010 Prmdia
1106 2955 1405 3020 curialium,
1437 2954 1577 3008 unde
1612 2955 1846 3008 maxime
1875 2953 2083 3008 medio-

494 3047 675 3103 cribus
714 3055 974 3116 parantur
1023 3046 1248 3111 insidiae,
1291 3046 1470 3101 nullus
1511 3044 1537 3082 δ
1581 3045 1764 3099 illicita
1810 3044 2084 3114 emptione

2749 1912 3082 1970 EPISTOLA
3117 1913 3204 1968 Ill.

2181 2021 2511 2062 BERGANTINO
2533 2021 2655 2062 V130
2684 2021 2946 2068 ILLUSTRI,
2971 2019 3152 2061 COMITI
3178 2020 3499 2071 PATRIIONII,
3530 2022 3770 2061 ATHALA-

2822 2092 2973 2132 RICUS
3004 2093 3128 2129 REX.

2182 2166 2334 2221 Jubet
2360 2177 2417 2221 ut
2445 2168 2761 2222 chartarium
2802 2169 2973 2222 mittat
3012 2166 3081 2219 ad
3118 2183 3345 2220 massam
3388 2165 3770 2231 Rusticianam,

2255 2239 2310 2308 in
2339 2241 2485 2308 cujus
2511 2238 3000 2308 uisceribusraurum
3029 2237 3173 2308 latet,
3202 2245 3251 2290 et
3277 2236 3408 2290 illud
3429 2245 3570 2290 curet
3594 2237 3772 2306 eﬁodi.

2257 2305 2689 2378 Tum—auriﬁcum
2715 2307 3023 2361 industriam
3048 2307 3310 2360 describit.

2256 2396 2315 2453 Si
2339 2398 2494 2453 labor
2520 2398 2696 2453 omnis
2724 2397 2967 2452 assiduus
3011 2397 3147 2452 adeo
3188 2397 3431 2453 diversos
3459 2398 3636 2466 exigit
3675 2395 3776 2451 fru.

2187 2498 2335 2557 ctus,
2370 2497 2430 2543 ut
2476 2503 2666 2543 aurum
2711 2495 3100 2558 argentumque
3148 2487 3308 2542 solita
3354 2489 3777 2542 commutatione

2189 2582 2328 2653 ]Ac.,
2351 2577 2751 2649 communione]
2780 2587 3067 2644 mercetur,
3097 2593 3193 2633 cur
3223 2594 3330 2632 non
3359 2579 3470 2648 ipsa
3493 2579 3778 2647 diligenter

2186 2670 2537 2741 exquirimus,
2588 2677 2811 2739 propter
2845 2684 2965 2738 qua:
3010 2683 3237 2739 poscere
3281 2670 3386 2723 alia
3428 2669 3780 2724 videbamur?

2185 2763 2336 2818 Italia
2365 2762 2516 2817 dives
2557 2759 2750 2815 inferat
2788 2759 2945 2815 nobis
2991 2769 3047 2814 et
3089 2774 3286 2814 aureos
3330 2761 3557 2816 fructus.
3600 2758 3779 2814 Omnis

2185 2861 2480 2925 proventus
2519 2851 2632 2924 [Ac.
2652 2890 2667 2917 ,
2696 2850 3004 2922 provectus]
3043 2850 3352 2920 acquiritur,
3385 2850 3474 2905 ubi
3503 2852 3780 2906 metallum

2187 2942 2446 2999 fulvidum
2494 2942 2782 3013 reperitur.
2825 2941 2958 2995 Nam
3001 2941 3126 3009 quid
3180 2956 3402 2997 necesse
3447 2949 3530 2996 est
3583 2950 3779 2998 terram

2186 3033 2471 3103 multiplici
2501 3026 2830 3088 fecunditate
2857 3031 3064 3096 lassari,
3097 3031 3142 3086 si
3173 3032 3287 3102 ipsa
3325 3032 3494 3101 magis
3521 3033 3703 3101 pretia
3732 3033 3780 3087 in

491 3137 772 3207 pervadat,
801 3137 925 3205 quia
955 3144 1263 3191 contractus
1291 3135 1394 3191 dici
1422 3151 1526 3190 non
1551 3143 1748 3206 potest,
1775 3135 1875 3190 nisi
1905 3134 1996 3204 qui
2017 3133 2084 3189 de
2112 3147 2156 3210 η
2186 3139 2251 3180 ea
2279 3124 2556 3195 potuerint
2579 3124 2846 3179 inveniri?
2877 3121 3170 3177 Frumenta
3203 3123 3354 3177 vobis
3393 3124 3668 3179 usualiter
3695 3139 3784 3178 na.

492 3227 700 3295 legibus
730 3228 894 3282 venit.
928 3225 1083 3284 Circa
1106 3228 1352 3298 sajonum
1375 3237 1429 3284 et
1454 3228 1776 3282 militantum
1808 3227 2084 3283 molestias

489 3318 734 3389 judicum
767 3327 1116 3388 protegantur
1143 3320 1362 3375 auxilio.
1388 3319 1470 3375 Ab
1496 3320 1626 3390 ipsis
1655 3335 1869 3390 quoque
1893 3319 2080 3376 mode-

494 3407 765 3466 ratoribus
811 3423 907 3463 eos
955 3416 1139 3464 nostra
1186 3409 1474 3464 vindicavit
1513 3411 1834 3477 auctoritas;
1880 3418 2083 3479 quanto

491 3501 706 3568 gravius
733 3500 1045 3570 pleotendns
1069 3510 1175 3566 est,
1201 3500 1245 3555 si
1277 3500 1366 3555 ille
1390 3501 1473 3555 cui
1501 3500 1778 3568 delegatur
1806 3501 2083 3566 auxilium,

491 3589 751 3659 probetur
773 3590 970 3646 inferre
989 3590 1371 3646 detrimentum
1393 3591 1407 3647 ι
1427 3589 1624 3658 Erigite
1645 3590 1802 3656 colla,
1825 3590 2084 3660 depressi;

492 3679 770 3736 sublevate
799 3681 1030 3745 animos,
1059 3679 1320 3735 malorum
1368 3679 1592 3734 sarcinis
1641 3679 1930 3746 ingravati;
1962 3678 2088 3734 date

491 3771 728 3827 studium
765 3787 1088 3842 recuperare
1123 3786 1244 3840 qua:
1286 3787 1382 3826 vos
1426 3771 1567 3826 male
1595 3771 1919 3841 cognoscitis
1953 3771 2088 3826 ami-

491 3863 648 3920 sisse.
696 3861 994 3932 Unicuique
1036 3863 1141 3920 civi
1187 3864 1312 3919 urbs
1353 3878 1448 3918 sua
1493 3864 1792 3934 respublica
1833 3872 1935 3920 est.
1978 3865 2088 3920 Ad-

495 3954 802 4009 ministrate
843 3955 1120 4009 civitatum
1167 3955 1267 4009 sub
1300 3964 1662 4010 consentanea
1698 3955 1977 4011 voluntate
1999 3955 2088 4024 ju-

493 4043 717 4098 stitiam.
772 4041 1001 4098 Ordines
1055 4044 1218 4099 vestri
1272 4044 1607 4112 aequabiliter
1654 4045 1858 4098 vivant.
1911 4045 2088 4101 Nolite

492 4146 720 4202 gravare
749 4132 1066 4199 mediocres,
1099 4149 1170 4189 ne
1196 4148 1295 4189 vos
1321 4134 1514 4189 merito
1544 4135 1850 4205 opprimere
1879 4136 2088 4206 possint

492 4221 755 4293 potiores.
784 4218 948 4277 Pinna
977 4221 1078 4277 ista
1107 4222 1313 4292 peccati
1343 4231 1445 4291 est,
1476 4230 1534 4277 ut
1561 4223 1923 4295 unusquisque
1948 4224 2001 4278 in
2028 4238 2088 4280 se

494 4312 737 4383 recipere
767 4312 937 4384 possit
963 4313 1107 4382 quod
1152 4313 1205 4368 in
1242 4314 1471 4369 alterum
1511 4324 1795 4385 protervus
1821 4315 2082 4370 exercuit.

496 4403 678 4458 Vivite
701 4403 870 4472 juste,
895 4403 1059 4458 vivite
1084 4403 1452 4472 continenter;
1483 4404 1607 4474 quia
1635 4404 1724 4458 vix
1753 4403 1916 4459 audet
1936 4404 2087 4474 quis-

2188 3223 2330 3280 tura,
2362 3214 2625 3271 industria
2652 3215 2999 3284 suffragante,
3031 3213 3309 3278 concedit;
3341 3215 3539 3284 passim
3573 3231 3636 3270 se
3667 3215 3784 3270 vina

2186 3304 2546 3377 profundunt;
2594 3305 2871 3359 metallum
2919 3319 3043 3360 raro
3090 3304 3354 3375 proditur,
3391 3312 3451 3358 ut
3486 3304 3786 3359 studiosius

2187 3404 2494 3467 expetatur.
2525 3393 2867 3468 QuaprOpter
2894 3396 2962 3450 ad
2991 3410 3223 3450 massam
3263 3396 3398 3465 juris
3443 3396 3595 3469 [Ac.,
3626 3395 3784 3467 ruris]

2185 3488 2358 3544 nostri
2396 3487 2783 3555 Rusticianam,
2825 3489 2880 3544 in
2927 3487 3234 3543 Brutiorum
3269 3489 3548 3558 provincia
3587 3489 3788 3546 consti-

2185 3589 2391 3648 tutam,
2419 3583 2840 3654 magnitudinem
2868 3590 3011 3638 tuam
3035 3582 3285 3652 jubemus
3311 3583 3652 3639 chartarium
3682 3583 3788 3638 de-

2185 3676 2419 3742 stinare;
2461 3681 2518 3730 et
2533 3667 2591 3730 ἐἰ
2623 3675 2704 3746 (ut
2733 3674 2800 3729 ab
2828 3673 3034 3729 artifice
3062 3674 3254 3729 harum
3281 3688 3462 3728 rerum
3487 3673 3784 3731 Theodoro

2190 3764 2407 3833 dicitur)
2439 3765 2755 3821 memoratis
2783 3763 2944 3820 rebus
2980 3772 3123 3819 terra
3153 3764 3380 3820 fecunda
3412 3774 3516 3831 est,
3556 3767 3789 3822 officinis

2187 3856 2499 3914 solemniter
2535 3854 2657 3929 [ατ.
2702 3864 2751 3910 et
2799 3853 2939 3926 Cuj.,
2976 3852 3170 3910 officiis
3215 3853 3466 3925 solerter]
3499 3855 3783 3919 institutis,

2187 3949 2452 4004 montium
2506 3948 2718 4004 viscera
2773 3948 3180 4018 perquirantur;
3233 3947 3464 4002 intretur
3516 3949 3787 4005 beneficio

2187 4041 2318 4096 artis
2347 4041 2401 4096 in
2429 4039 2708 4111 penetrale
2755 4040 2979 4105 telluris,
3012 4046 3067 4095 et
3099 4040 3245 4096 velut
3284 4040 3338 4094 in
3377 4040 3658 4096 thesauris
3685 4042 3788 4096 suis

2188 4139 2381 4186 natura
2420 4130 2663 4202 locuples
2706 4131 3024 4200 inquiratur.
3067 4128 3308 4185 Cameris
3338 4131 3480 4204 [Ac.,
3513 4129 3788 4202 cavernis]

2189 4222 2332 4277 enim
2383 4221 2662 4291 ingeniosa
2709 4223 3126 4294 praesumptione
3180 4223 3468 4292 revolutis,
3521 4225 3789 4295 talpinum

2187 4312 2388 4367 animal
2433 4313 2724 4380 imitantes,
2773 4313 2963 4368 itinera
3011 4312 3240 4379 fodiunt,
3281 4327 3400 4383 quae
3446 4315 3622 4372 nullis
3668 4324 3790 4369 ante

2187 4409 2497 4473 patuerunt.
2524 4402 2613 4460 Sic
2638 4404 2859 4460 ambitio
2879 4404 2952 4459 nil
2982 4404 3237 4474 relinquit
3257 4405 3668 4470 absconditum,
3695 4421 3792 4461 nec

496 4509 662 4563 quam
693 4495 746 4548 in
776 4495 896 4549 illos
924 4495 1210 4562 excedere,
1243 4495 1297 4550 in
1326 4496 1521 4565 quibus
1549 4496 1736 4566 culpas
1769 4511 1878 4551 non
1908 4504 2089 4566 potest
2113 4517 2168 4578 Ι)
2191 4496 2282 4552 ubi
2309 4496 2577 4552 interdum
2606 4497 2874 4552 sustinere
2897 4497 3070 4567 possit
3091 4505 3411 4552 extremum.
3445 4497 3665 4554 lntrant
3693 4499 3788 4552 ho-

496 4583 757 4638 invenire.
783 4584 955 4640 Grues
983 4587 1243 4640 moralem
1275 4595 1540 4642 noverunt
1564 4601 1820 4642 exercere
1857 4602 2084 4642 concor-

495 4673 668 4739 diam;
718 4674 858 4728 inter
900 4689 1035 4743 quas
1084 4677 1262 4732 nullus
1313 4678 1575 4747 primatus
1625 4678 1904 4748 quatritur,
1956 4678 2082 4748 quia

496 4764 791 4833 iniquitatis
827 4765 1057 4819 ambitus
1100 4781 1210 4820 non
1255 4767 1498 4822 habetur.
1542 4765 1776 4835 Vigilant
1826 4768 2079 4835 vicissim,

496 4856 772 4913 communi
798 4869 856 4910 se
883 4856 1092 4912 cautela
1118 4858 1444 4921 custodiunt,
1477 4858 1589 4927 ipse
1616 4866 1803 4928 pastus
1845 4860 2084 4917 alternus

495 4954 598 5003 est.
645 4945 735 5002 Sic
778 4946 951 5002 honor
991 4946 1150 5002 nullis
1198 4945 1348 5020 [Ms.,
1391 4945 1590 5005 nullus]
1639 4947 1909 5014 adimitur,
1955 4949 2082 5004 dum

497 5038 678 5093 omnia
706 5038 804 5094 sub
833 5039 1211 5095 communione
1236 5047 1538 5095 servantur.
1564 5037 1658 5094 His
1682 5040 1845 5095 etiam
1874 5039 2084 5098 volatus

495 5130 698 5188 vicaria
741 5132 1048 5204 aequalitate
1087 5132 1388 5204 disponitur
1418 5151 1433 5189 :
1471 5133 1659 5190 ultima
1699 5132 1761 5190 fit
1787 5135 1996 5205 prima;
2026 5142 2084 5192 et

567 5379 596 5409 ι
615 5366 868 5442 Venditio
887 5371 1209 5442 praediorum
1235 5369 1514 5442 curialium
1535 5383 1644 5442 non
1664 5368 1824 5442 valet,
1850 5367 1950 5442 nisi
1981 5367 2076 5442 fiat

494 5453 658 5522 causa
687 5437 924 5523 probata.
955 5441 1096 5523 apud
1137 5454 1259 5523 acta
1305 5441 1562 5523 praesidis,
1605 5440 1643 5523 1ἶ
1654 5438 1737 5523 .2,
1765 5439 1838 5523 C._
1873 5437 1947 5520 De
1976 5438 2069 5508 o/f.

495 5511 606 5579 ejus
633 5511 719 5582 q_u_i
743 5511 839 5582 pic.
870 5511 942 5565 at.
968 5511 1087 5582 jud.
1131 5511 1259 5574 obt.,
1303 5511 1388 5566 vel
1433 5511 1671 5582 praefecti
1709 5511 2074 5582 praetoriae:

498 5594 622 5651 nov.
655 5579 932 5651 Majoriani
967 5579 1036 5635 de
1077 5582 1382 5636 curialibus.
1431 5579 1533 5648 Qui
1578 5579 1835 5651 praedium
1874 5579 2076 5651 curiale

496 5647 646 5711 emit,
663 5647 785 5718 sine
813 5649 1035 5705 decreto
1061 5651 1246 5706 curiali
1266 5647 1530 5706 venditori
1561 5647 1794 5706 restituit
1819 5648 2074 5718 praedium

496 5731 620 5790 cum
648 5717 924 5790 fructibus,
966 5735 1065 5790 nec
1092 5729 1268 5774 tamen
1299 5721 1365 5776 ab
1403 5735 1469 5776 eo
1495 5721 1722 5790 pretium
1755 5717 1965 5790 recipit,
1991 5719 2076 5773 vel

497 5786 915 5845 meliorationes.
945 5787 1180 5860 Equum
1210 5791 1372 5860 igitur
1399 5786 1510 5862 est,
1527 5799 1585 5846 ut
1605 5791 1698 5862 qui
1724 5789 1790 5846 ad
1819 5786 1939 5846 eam
1960 5803 2072 5844 etn-

2190 4589 2361 4646 mines
2383 4589 2637 4659 caligines
2671 4588 2984 4659 profundas,
3015 4589 3200 4644 vivunt
3235 4587 3351 4646 sine
3389 4591 3680 4660 supernis,
3702 4605 3795 4646 ex—

2189 4680 2368 4736 sulant
2394 4695 2426 4734 a
2450 4681 2594 4747 sole;
2619 4687 2676 4736 et
2705 4679 2832 4734 dum
2860 4679 2960 4735 sub
2991 4680 3146 4734 terris
3171 4679 3489 4748 compendia
3514 4688 3790 4750 qumrunt,

2189 4766 2570 4842 nonnunquam
2593 4772 2727 4828 lucis
2746 4771 2935 4841 gaudia
2956 4770 3352 4840 derelinquunt.
3375 4769 3473 4826 Est
3493 4773 3792 4842 aliquando

2192 4864 2296 4919 illis
2318 4863 2474 4919 ruina
2497 4863 2583 4918 via
2611 4878 2727 4929 sua,
2751 4872 2806 4918 et
2826 4862 3028 4918 reditus
3050 4876 3342 4932 procurare
3368 4873 3679 4932 nequeunt,
3705 4862 3791 4931 qui

2190 4957 2416 5027 pedibus
2455 4958 2566 5012 suis
2607 4956 2827 5012 semitas
2870 4955 3112 5026 operosis
3162 4955 3411 5011 manibus
3458 4954 3788 5012 effecerunt.

2186 5044 2297 5102 Sed
2336 5045 2530 5117 quibus
2575 5044 2781 5101 cautior
2827 5059 2935 5110 ars,
2985 5043 3095 5098 vita
3140 5042 3346 5098 felicior
3388 5051 3475 5099 est
3519 5062 3535 5098 :
3585 5046 3807 5118 intranti

2186 5142 2428 5207 egentes,
2457 5143 2658 5192 exeunt
2682 5133 2954 5207 opulenti;
2985 5133 3103 5190 sine
3124 5130 3266 5188 furto
3295 5131 3513 5192 divitias
3543 5121 3843 5278 rapiunt,‘k

2179 5370 2419 5442 ptionem
2435 5367 2724 5442 accesserit
2742 5365 2970 5442 pretium
2985 5365 3198 5442 amittat
3217 5371 3269 5442 et
3289 5373 3562 5442 sumptus.
3591 5365 3783 5442 1339.115.

2252 5438 2280 5479 ιι
2319 5440 2462 5496 Idem
2508 5440 2667 5510 epist.
2707 5435 2804 5510 ult.
2845 5436 2938 5510 lib.
2980 5451 3071 5490 vu.
3108 5435 3651 5510 Justinjan.'Novell.
3675 5435 3781 5510 λοι

2179 5519 2328 5567 vetat
2338 5516 2428 5571 τὰς
2459 5505 2630 5571 eximia;
2651 5516 2750 5565 τῶν
2772 5507 3058 5581 βουλευτῶν
3083 5506 3194 5581 κριιιθ
3210 5505 3392 5581 οὐδένᾳ
3415 5505 3788 5581 τρόπω-ἄλλοι

2180 5585 2446 5658 τριοῦσθαι
2466 5591 2556 5641 τῆς
2571 5580 2756 5652 βουλῆς
2773 5576 2862 5639 ti;
2888 5578 3079 5638 πόλεως
3099 5576 3156 5638 ἧς
3170 5582 3271 5630 εἰσι
3288 5576 3588 5656 βαυλεύῖαί.
3607 5576 3785 5657 Fors.

2257 5663 2280 5689 θ
2311 5651 2469 5707 Nervi
2500 5651 2775 5706 civitatum
2802 5647 3033 5704 curiales
3063 5662 3130 5703 ex
3157 5647 3356 5703 novell.
3397 5646 3699 5716 Maioriani
3719 5647 3789 5703 de

2183 5721 2493 5781 curialibus.
2519 5719 2711 5777 Jour.
