3990 6170
198 292 308 348 769

1486 281 1844 340 VARlARUM
1881 277 2085 338 LIBER
2123 280 2210 338 IX.

3371 291 3479 348 770

195 405 402 477 optatis
425 401 692 459 thesauris
715 401 833 457 sine
861 399 1054 456 invidia
1075 399 1439 471 perfruuntur,
1466 403 1523 455 et
1546 397 1648 452 soli
1667 405 1793 453 sunt
1820 401 1868 460 Α
1895 405 1952 452 et
1978 404 2090 451 tum
2119 396 2306 452 adesse
2331 394 2461 466 quid
2489 395 2746 468 proderit,
2791 397 2839 456 si
2867 412 2991 457 eum
3018 404 3295 478 contingat
3331 407 3481 464 defe-
3581 385 3586 388 ”

194 497 478 553 hominum
524 493 618 563 qui
661 493 865 562 absque
913 491 1018 546 ulla
1070 491 1458 547 nundinatione
1504 489 1676 559 pretia
1715 489 1793 544 vi-

191 587 433 644 deantur
452 583 754 654 acquirere.
781 582 901 638 Mox
932 581 1075 639 enim
1105 591 1166 638 ut
1193 596 1438 652 supernae
1465 580 1570 636 luci
1599 577 1794 636 fuerint

193 677 470 744 restituti,
519 675 727 730 minuta
783 687 1012 744 qumque
1064 673 1312 744 graviora
1365 671 1794 728 discernentibus

193 770 359 841 aquis
385 784 415 824 a
443 767 703 838 genitrice
731 774 876 822 terra
913 774 1192 837 separant;
1223 780 1289 821 ac
1320 764 1572 821 ﬁctilibus
1601 778 1793 819 recon-

192 862 333 927 dita,
363 868 519 915 vasta
549 856 770 914 fornace
795 856 1122 927 decoquunt,
1151 855 1328 912 donec
1353 855 1628 911 solvantur
1647 853 1792 908 utili-

193 960 281 1007 ter
311 951 366 1004 in
409 949 696 1020 liquorem.
730 945 893 1002 Rivos
920 961 1136 1016 quoque
1164 947 1232 1001 de
1272 945 1486 1000 ﬂamma
1515 945 1792 1001 venientes

193 1048 352 1098 tanto
379 1039 503 1109 igne
532 1037 686 1110 153
707 1036 1026 1107 depurgant,
1049 1049 1329 1106 quousque
1345 1033 1791 1105 pulchritudinem

191 1135 278 1191 sui
321 1133 574 1205 prodant,
601 1145 764 1200 quam
804 1137 1017 1184 terrena
1059 1128 1286 1193 viscera,
1331 1142 1399 1182 ne
1443 1134 1786 1196 cuperentur,

194 1223 616 1280 absconderant.
669 1218 910 1275 Vincitur
949 1227 1164 1282 natura,
1201 1218 1329 1272 dum
1375 1233 1495 1272 eam
1544 1217 1792 1271 meliorat

195 1313 482 1370 industria.
514 1311 795 1366 Pulchrior
821 1317 904 1365 est
931 1309 1057 1364 dum
1086 1309 1298 1374 arserit,
1329 1307 1508 1378 potior
1534 1306 1660 1362 dum
1692 1306 1790 1360 de-

193 1406 441 1469 coxerit;
468 1403 594 1476 quia
622 1410 828 1456 tantum
868 1399 1064 1456 crescit
1089 1399 1157 1453 ad
1185 1397 1378 1468 pretia,
1402 1405 1602 1467 quanta
1630 1397 1792 1452 fuerit

191 1495 511 1552 sinceritate
557 1493 834 1548 mundata.
884 1489 1046 1560 Origo
1086 1489 1303 1561 quidem
1347 1488 1561 1554 nobilis,
1599 1487 1695 1543 sed
1723 1487 1791 1542 de

192 1585 415 1640 ﬂamma
460 1583 683 1654 suscipit
724 1581 832 1637 vim
878 1581 1108 1648 coloris;
1152 1589 1212 1636 ut
1253 1580 1424 1647 magis
1451 1579 1640 1635 credas
1667 1578 1792 1634 inde

191 1677 380 1744 nasci,
421 1674 574 1746 cujus
615 1673 964 1731 similitudine
1009 1672 1221 1728 videtur
1259 1672 1462 1728 ornari.
1513 1671 1620 1728 Sed
1667 1686 1791 1728 cum

1893 497 2040 544 ctum
2062 489 2264 544 viribus
2293 489 2557 544 inveniri?
2601 489 2805 546 Similis
2832 493 3032 564 quippe
3069 505 3154 551 est
3181 499 3416 568 absenti,
3449 516 3480 555 a

1892 595 2000 651 quo
2041 597 2148 638 non
2177 582 2452 653 potuerint
2495 582 2758 653 imperata
2787 586 3066 656 compleri.
3105 588 3310 646 Deinde
3351 591 3480 646 dum

1892 671 2042 727 curia
2092 671 2373 742 multiplici
2421 673 2812 729 numerositate
2839 674 3070 744 lactetur,
3119 693 3229 734 non
3266 678 3483 736 videtur

1891 764 2139 834 perculsa
2161 763 2371 821 damnis
2395 779 2598 837 paucos
2625 766 2924 836 perdidisse
2949 768 3017 826 de
3042 770 3304 840 plurimis.
3335 772 3482 840 Qua-

1892 863 2116 927 propter
2143 855 2363 912 illustris
2400 855 2797 927 magnificentia
2820 865 2911 913 tua
2938 859 3311 928 Agenantiam,
3344 877 3482 917 uxo-

1892 961 2008 1003 rem
2028 947 2379 1018 Campaniani
2406 948 2508 1003 viri
2537 948 2895 1015 disertissimi,
2919 950 2971 1006 in
3000 951 3237 1008 Lucania
3262 954 3484 1024 provin-

1893 1038 1973 1094 cia
2003 1039 2372 1106 constitutam,
2419 1039 2666 1108 filiosque
2703 1055 2892 1096 eorum
2919 1041 2987 1097 de
3015 1043 3140 1098 albo
3170 1045 3332 1100 curiae
3371 1060 3482 1100 sua:

1893 1125 2056 1182 faciat
2101 1127 2388 1198 diligenter
2433 1129 2638 1194 abradi,
2691 1138 2752 1184 ut
2799 1138 3028 1186 ventura
3057 1135 3346 1203 posteritas
3386 1149 3484 1191 ne-

1893 1219 2029 1274 sciat
2055 1218 2236 1286 fuisse,
2268 1219 2412 1290 quod
2439 1228 2652 1276 vetatur
2683 1220 2899 1290 abigere
2928 1221 3066 1294 [Jun
3092 1240 3110 1278 :
3158 1223 3340 1292 Forte,
3384 1224 3484 1280 ob-

1888 1309 2086 1379 jicere;
2118 1309 2246 1376 Ms.,
2283 1309 2526 1381 obigere]
2553 1328 2566 1364 :
2597 1311 2722 1381 quia
2759 1312 3026 1368 calumnia
3066 1331 3174 1370 non
3201 1316 3481 1386 praasumi-

1893 1409 2001 1467 tur,
2030 1402 2119 1458 ubi
2144 1403 2321 1473 aliqua
2341 1404 2592 1473 probatio
2619 1419 2726 1459 non
2744 1404 2988 1460 habetur.
3021 1404 3254 1462 Proinde
3282 1407 3335 1462 in
3357 1421 3483 1477 pos-

1892 1509 2165 1550 sessorum
2194 1509 2419 1549 numero
2465 1495 2646 1564 potius
2699 1494 3055 1562 collocentur,
3088 1505 3113 1536 η
3145 1499 3353 1567 passuri
3396 1499 3484 1555 ni-

1893 1583 2184 1638 hilominus
2229 1583 2502 1639 molestias
2542 1598 2676 1652 quas
2722 1583 2823 1654 ipsi
2862 1585 2982 1641 aliis
3019 1587 3351 1657 ingerebant.
3398 1593 3480 1649 Ad

1893 1674 2090 1728 tributa
2117 1675 2258 1729 enim
2285 1675 2444 1730 solita
2469 1675 2852 1742 turbabuntur;
2893 1677 3086 1733 faciem
3119 1683 3478 1752 compulsoris

191 1785 330 1824 auro
379 1769 578 1823 tribuat
621 1767 960 1837 splendidum
1000 1768 1275 1834 ruborem,
1316 1776 1539 1836 argento
1581 1767 1791 1823 confert
1820 1787 1865 1848 Β
1896 1765 2192 1821 horrebunt
2220 1770 2274 1837 (a
2304 1768 2660 1836 potestatibus
2682 1767 2829 1837 jussa
2859 1771 3006 1839 prius
3033 1773 3245 1829 venisse
3273 1777 3483 1831 nescie-

191 1860 526 1916 albissimam
571 1859 776 1925 lucem;
827 1866 886 1913 ut
927 1859 1122 1913 mirum
1151 1859 1219 1914 sit
1248 1875 1406 1913 unam
1433 1859 1787 1915 substantiam

195 1952 412 2007 tradere
432 1950 576 2021 quod
599 1953 760 2006 rebus
785 1950 1130 2007 dissimilibus
1150 1951 1320 2021 possit
1344 1952 1536 2022 aptari.
1563 1950 1792 2007 Proinde

193 2044 455 2115 quidquid
494 2043 562 2098 ad
603 2041 966 2099 exercendam
995 2043 1152 2114 hujus
1180 2044 1312 2099 artis
1341 2045 1591 2116 peritiam
1620 2045 1789 2115 perti-

195 2152 332 2193 nere
380 2137 728 2206 cognoscitis,
777 2136 1047 2192 ordinatio
1096 2145 1278 2192 vestra
1321 2135 1594 2207 perficiat;
1637 2145 1695 2192 ut
1737 2144 1792 2193 et

196 2235 346 2282 terra
391 2227 698 2282 Brutiorum
735 2241 801 2282 ex
839 2241 900 2282 se
945 2227 1224 2294 tributum,
1253 2228 1397 2297 quod
1431 2227 1560 2285 dare
1601 2231 1787 2298 possit,

196 2322 459 2385 inveniat,
489 2336 610 2390 qua:
638 2320 900 2376 fructibus
927 2321 1146 2391 copiosa
1177 2321 1430 2376 luxuriat.
1462 2321 1627 2377 Decet
1647 2321 1791 2376 enim

195 2424 255 2469 ut
283 2415 427 2468 inter
451 2422 601 2468 tanta
631 2414 792 2480 bona,
817 2428 918 2469 nec
945 2413 1033 2468 illa
1058 2413 1234 2468 desint
1258 2428 1379 2483 qua:
1400 2422 1658 2484 putantur
1673 2429 1793 2469 esse

196 2505 487 2577 prmciptta.
517 2503 628 2559 Cur
656 2504 798 2559 enim
822 2503 1005 2574 jaceat
1033 2504 1150 2560 sine
1179 2520 1278 2559 usu
1302 2503 1455 2578 {Ed.,
1487 2503 1636 2570 Νίκη,
1664 2504 1790 2573 6a.,

196 2597 290 2652 Gr.
324 2608 373 2652 et
401 2596 545 2668 Cuj.,
583 2595 751 2668 cultu]
783 2595 929 2666 quod
965 2595 1255 2651 honestum
1285 2604 1464 2665 potest
1492 2611 1610 2651 esse
1637 2611 1791 2650 com-

194 2689 486 2760 pendium?
515 2688 719 2743 Aurum
759 2687 1023 2757 siquidem
1066 2702 1165 2758 per
1206 2687 1344 2742 bella
1369 2702 1611 2756 quaerere
1639 2686 1790 2741 nefas

194 2789 310 2845 est;
361 2795 461 2850 per
505 2779 705 2847 maria,
755 2777 1084 2848 periculum;
1132 2793 1231 2848 per
1258 2778 1537 2844 falsitates,
1589 2793 1789 2848 oppro-

195 2870 405 2935 brium;
440 2870 491 2924 in
538 2883 634 2922 sua
685 2883 816 2923 vero
862 2875 1072 2934 natura,
1119 2867 1344 2936 justitia.
1388 2867 1624 2922 Honesta
1661 2884 1790 2925 vero

194 2971 322 3017 sunt
350 2961 497 3015 lucra
526 2975 623 3029 per
649 2974 768 3028 qua:
800 2974 958 3014 nemo
990 2957 1216 3024 laeditur,
1250 2966 1306 3013 et
1331 2958 1470 3014 bene
1495 2959 1792 3026 acquiritur

195 3055 342 3126 quod
370 3070 399 3106 a
432 3053 591 3108 nullis
620 3052 798 3106 adhuc
825 3051 1059 3106 dominis
1087 3051 1395 3118 abrogatur.
1427 3047 1671 3122 Gryphes
1691 3066 1789 3105 au-

1891 1859 2066 1929 bant),
2099 1867 2155 1914 et
2179 1861 2362 1916 votiva
2390 1861 2694 1932 ignorantia
2741 1864 2968 1934 fatigati,
3018 1868 3309 1928 formidare
3336 1873 3489 1932 dele-

1890 1962 2013 2024 gata
2044 1955 2298 2027 incipient
2325 1970 2424 2025 per
2450 1971 2569 2025 qua:
2593 1967 2751 2014 antea
2780 1960 3127 2016 timebantur.
3160 1963 3290 2019 Nam
3322 1975 3379 2022 et
3415 1985 3484 2024 ex

1891 2062 1956 2102 ea
1985 2054 2136 2117 parte
2160 2047 2316 2102 bonis
2334 2048 2574 2104 moribus
2593 2050 2789 2106 vixisse
2806 2051 3066 2121 probandi
3092 2065 3238 2120 sunt,
3266 2061 3484 2127 quando

1890 2140 2264 2210 perpetiuntur
2286 2139 2429 2194 inter
2467 2140 2591 2196 illos
2616 2142 2777 2198 otiosi
2807 2143 3008 2209 vivere,
3034 2160 3262 2214 quorum
3288 2165 3346 2204 se
3375 2167 3484 2206 non

1891 2237 2224 2299 cognoscunt
2270 2229 2397 2285 odia
2447 2232 2732 2288 meruisse.
2789 2233 3003 2304 Alioqui
3055 2235 3204 2308 [Niv.
3252 2249 3302 2294 et
3351 2241 3475 2310 6a.,

1892 2321 2080 2392 aliqui]
2109 2337 2216 2378 non
2246 2329 2558 2392 paterentur
2585 2323 2684 2380 sub
2713 2324 2817 2380 illis
2846 2341 2984 2391 esse,
3016 2341 3154 2395 quos
3190 2345 3250 2385 se
3273 2345 3479 2400 cogno-

1891 2416 2112 2471 scebant
2137 2415 2291 2470 malis
2320 2415 2526 2472 actibus
2555 2415 2826 2472 incitasse.
2860 2416 3129 2473 Fruuntur
3153 2434 3284 2489 ergo
3315 2422 3482 2478 bene-

1895 2506 2020 2562 ﬁcio
2059 2505 2379 2576 principali;
2407 2505 2592 2560 vivant
2638 2508 2862 2564 remissa
2893 2523 3027 2578 pace
3065 2512 3361 2580 tranquilli,
3392 2529 3487 2584 qui

1891 2596 2103 2652 fuerant
2131 2595 2185 2651 in
2214 2595 2482 2652 actionum
2508 2611 2726 2651 suarum
2752 2597 3011 2668 qualitate
3039 2601 3346 2669 compositi.

2468 2705 2802 2762 EPISTOLA
2840 2708 2908 2764 ν.

2045 2815 2310 2857 EPISCOPIS
2353 2817 2424 2855 ΕΤ
2465 2817 2764 2856 HONORATIS
2799 2819 3162 2859 ATIIALARICUS
3199 2819 3326 2860 REX.

1894 2892 2171 2949 Constituit
2199 2899 2254 2944 ut
2283 2890 2370 2960 qui
2416 2891 2468 2943 in
2500 2907 2725 2944 annona:
2752 2892 3002 2945 cliaritate
3049 2895 3306 2960 frumenta
3337 2898 3483 2952 abdi-

2142 2961 2347 3024 derunt,
2385 2960 2477 3013 illa
2511 2961 2776 3014 moderato
2802 2963 2966 3031 pretia
2995 2962 3234 3015 vendant.

1968 3070 2344 3127 Possessorum
2376 3072 2633 3126 territorii
2660 3072 2822 3126 vestri
2847 3072 3067 3140 querela
3097 3073 3483 3140 comperimus,

194 3161 314 3201 rum
358 3147 564 3215 jugiter
604 3144 858 3214 leguntur
900 3142 1155 3208 effodere,
1189 3151 1349 3211 atque
1389 3143 1545 3211 hujus
1590 3143 1791 3198 metalli

1899 3175 2057 3232 supra
2089 3162 2344 3232 temporis
2367 3159 2740 3216 necessitatem
2762 3161 3118 3230 quorumdam
3141 3162 3337 3217 civium
3359 3177 3486 3217 suo-

196 3239 540 3308 inspectione
561 3236 797 3304 gaudere
824 3253 837 3288 :
862 3235 1058 3304 quibus
1085 3235 1336 3304 quoniam
1369 3250 1474 3288 non
1505 3242 1588 3288 est
1617 3237 1788 3289 ambi-

196 3340 281 3386 tus
326 3330 489 3396 lucri,
516 3327 823 3400 cupiditatis
863 3326 1088 3382 crimine
1123 3342 1231 3380 non
1261 3325 1509 3380 dicuntur
1537 3325 1786 3391 accendi;

195 3422 426 3486 scilicet,
459 3421 586 3490 quia
617 3419 793 3475 omnis
822 3427 974 3474 actus
1001 3418 1053 3472 in
1086 3418 1345 3486 qualitate
1385 3419 1645 3488 propositi
1685 3426 1788 3482 est,

196 3525 250 3571 et
276 3531 388 3570 non
419 3522 506 3568 est
528 3511 937 3582 vituperandum
967 3509 1110 3580 quod
1141 3510 1283 3564 nulla
1323 3507 1480 3564 fuerit
1517 3508 1792 3564 voluntate

196 3605 482 3662 lascivum.
511 3603 630 3657 Sint
657 3617 788 3672 ergo
816 3601 1002 3656 sedula
1033 3601 1352 3670 operatione
1381 3599 1620 3654 continui
1648 3614 1792 3668 qum-

197 3706 335 3764 stus,
384 3695 644 3750 invidiam
695 3708 803 3748 non
850 3699 1173 3763 pavescant;
1213 3691 1358 3760 quod
1395 3706 1481 3745 ars
1517 3689 1728 3757 dicitur,
1761 3704 1792 3744 a

199 3788 425 3844 crimine
455 3785 734 3842 liberatur.

762 3915 1096 3974 EPISTOLA
1132 3916 1218 3971 IV.

237 4028 572 4067 ABUNDANTII)
603 4025 894 4065 PREFBCTO
922 4024 1204 4063 PBETORIO
1229 4022 1593 4062 ATH.\LABICUS
1636 4023 1762 4061 REX.

201 4103 447 4158 Decernit
476 4113 530 4155 ut
557 4104 921 4174 Agenantiam,
953 4117 1166 4155 uxorem
1195 4099 1559 4174 Campaniam,
1594 4109 1643 4153 et
1675 4099 1800 4153 libe-

270 4191 358 4227 ros
378 4190 446 4227 ea:
487 4171 902 4227 albo'curialium
930 4181 1213 4242 expunget,
1261 4183 1312 4223 et
1356 4171 1408 4224 in
1446 4185 1800 4241 possessorum

272 4260 486 4297 numero
516 4244 744 4298 collocat.

270 4360 424 4415 Felix
457 4358 675 4428 querela
706 4365 810 4422 est,
850 4354 1070 4427 quando
1117 4355 1264 4423 leges
1305 4354 1506 4424 pietate
1535 4367 1801 4422 superan-

199 4462 320 4514 tur;
353 4457 410 4504 et
438 4450 597 4504 beata
624 4447 860 4503 conditio
885 4445 1270 4515 subjectorum,
1304 4444 1350 4500 si
1379 4449 1705 4512 cognoscant
1747 4441 1806 4496 il-

1896 3267 2016 3306 rum
2063 3252 2452 3307 exsecrabilem
2501 3253 2770 3308 sustinere
2823 3252 3103 3316 smvitiam,
3157 3252 3284 3308 dum
3313 3254 3488 3324 primo

1899 3348 2140 3410 tempore
2197 3342 2396 3412 panicii
2453 3342 2685 3411 speciem
2734 3351 3042 3412 coemptam
3093 3344 3147 3398 in
3211 3346 3482 3415 propriam

1896 3432 2152 3502 redegere
2191 3433 2564 3496 substantiam,
2597 3441 2903 3502 spectantes
2931 3435 3247 3490 charitatrm
3289 3437 3488 3492 medio-

1897 3524 2072 3579 cribus
2099 3538 2335 3592 gravem,
2369 3531 2426 3577 ut
2453 3523 2670 3593 parcius
2696 3525 3082 3592 reponentibus
3103 3524 3480 3584 detestabilem

1897 3613 2131 3669 inferant
2170 3613 2486 3679 nuditatem,
2537 3614 2752 3682 quando
2796 3614 3040 3669 homines
3065 3615 3116 3669 in
3160 3614 3313 3671 famis
3342 3617 3488 3685 peri-

1897 3705 2019 3761 culo
2060 3705 2336 3760 constituti
2385 3712 2638 3773 rogantes
2686 3703 2920 3760 offerunt
2963 3720 3099 3775 quos
3147 3721 3205 3760 se
3258 3707 3490 3777 spoliare

1897 3811 2059 3866 posse
2098 3803 2450 3866 cognoscunt.
2499 3793 2558 3848 ln
2601 3794 2924 3850 necessitate
2963 3794 3224 3862 siquidem
3254 3797 3492 3864 penuriae

1898 3885 2061 3955 pretii
2081 3885 2226 3939 nulla
2254 3883 2533 3938 contentio
2587 3890 2694 3949 est,
2743 3883 2870 3938 dum
2901 3885 3101 3953 patitur
3128 3887 3250 3955 quis
3288 3885 3488 3951 induci,

1899 3991 1969 4030 ne
1995 3975 2166 4045 possit
2197 3975 2374 4046 aliqua
2419 3973 2670 4030 tarditate
2716 3974 2955 4044 percelli.
3009 3972 3137 4029 Haec
3179 3975 3340 4044 igitur
3365 3984 3492 4032 vota

1899 4067 2234 4133 damnantes,
2271 4075 2563 4137 praesentes
2589 4065 2880 4120 direximus
2907 4065 3223 4136 portitores,
3283 4074 3342 4121 ut
3382 4067 3495 4123 sive

1901 4157 1956 4213 in
1993 4157 2163 4226 gradu
2188 4155 2252 4225 ιο,
2289 4157 2402 4212 sive
2423 4157 2486 4210 in.
2522 4155 2639 4210 aliis
2668 4155 2801 4211 locis
2847 4154 3238 4211 frumentorum
3277 4157 3494 4213 condita

1901 4249 2177 4321 potuerint
2196 4248 2454 4313 invenire,
2473 4254 2678 4302 tantum
2705 4247 2808 4303 sibi
2829 4245 3193 4316 unusquisque
3221 4246 3492 4314 dominus,

1903 4339 1990 4394 vel
2042 4338 2256 4393 familiae
2295 4353 2405 4393 suae
2458 4338 2721 4403 retineat,
2776 4347 3034 4407 quantum
3083 4352 3144 4392 se
3191 4338 3495 4408 expendere

1904 4446 2068 4504 posse
2117 4429 2433 4500 cognoscit:
2483 4429 2750 4497 reliquum
2807 4428 3233 4498 periclitantibus
3273 4430 3490 4497 vendat,

199 4543 315 4597 lum
349 4541 469 4594 aliis
491 4539 792 4603 misertum,
822 4552 983 4606 quem
1026 4545 1081 4591 et
1110 4536 1209 4591 sibi
1252 4543 1443 4605 optant
1471 4549 1590 4588 esse
1618 4534 1802 4604 propi-
1829 4536 1880 4598 D
1905 4521 2257 4593 Pmsemibus
2283 4521 2490 4576 εείῘίοει
2529 4518 2717 4574 harum
2747 4519 2966 4589 εετυιίε,
3010 4521 3103 4589 (ιιιὶ
3129 4519 3196 4575 ad
3225 4535 3345 4578 eam
3375 4539 3492 4581 rem

200 4634 363 4687 tium.
409 4630 596 4702 Neque
631 4630 775 4684 enim
811 4629 883 4685 ob
911 4628 1056 4683 aliud
1083 4627 1313 4683 curiales
1360 4627 1505 4694 leges
1555 4627 1805 4682 sacratis-

199 4727 359 4782 simae
399 4723 719 4790 ligaverunt,
751 4721 854 4777 nisi
897 4730 956 4776 ut
979 4736 1099 4776 cum
1129 4720 1251 4774 illos
1278 4718 1378 4774 soli
1405 4719 1676 4788 principes
1708 4720 1803 4774 ab-

199 4816 504 4878 solverent,
535 4811 880 4880 indulgentite
903 4811 1171 4881 przeconia
1196 4809 1528 4879 reperirent;
1570 4809 1675 4864 hoc
1700 4818 1801 4876 est,

201 4907 300 4961 ubi
333 4906 584 4960 dominus
620 4904 905 4958 adversum
931 4918 1025 4957 sua
1050 4901 1248 4971 judicia
1277 4901 1491 4955 amabili
1521 4909 1803 4956 concerta-

198 5000 361 5055 tione
384 4995 633 5051 dissentit
661 5014 674 5048 :
706 4994 921 5064 quando
943 5003 1000 5049 et
1027 4993 1193 5063 ipsius
1207 4990 1450 5061 quadam
1470 4991 1677 5060 justitia
1699 4998 1800 5057 est,

201 5096 268 5143 ut
313 5086 407 5155 qui
459 5085 582 5154 pius
629 5083 858 5149 dicitur,
910 5081 1260 5136 districtionis
1310 5079 1539 5134 termino
1584 5079 1806 5135 minime

201 5185 484 5233 teneatur.
516 5174 647 5229 Nam
676 5183 733 5229 et
771 5174 872 5228 iste
897 5171 1114 5240 quidam
1145 5167 1482 5224 rationabilis
1526 5167 1660 5224 ordo
1701 5176 1804 5235 est,

201 5268 408 5323 militia
455 5265 670 5320 tandem
702 5263 946 5327 solvere,
977 5260 1068 5329 qui
1113 5260 1348 5330 impares
1377 5258 1650 5314 laboribus
1679 5274 1806 5328 pro-

203 5361 414 5414 bantur
453 5357 711 5410 existere.
741 5351 973 5407 Curialis
1020 5350 1185 5415 enim,
1236 5349 1282 5405 si
1328 5349 1473 5403 nulla
1504 5347 1810 5404 valetudine

203 5450 468 5520 corporis
494 5446 822 5509 continetur,
849 5442 915 5498 ad
939 5441 1084 5498 solas
1112 5440 1460 5510 deceptiones
1489 5439 1805 5510 apponitur;

292 5593 322 5622 ι
358 5583 474 5637 Hoc
502 5581 628 5635 ideo
659 5579 808 5645 dicit,
839 5579 962 5649 quia
990 5576 1219 5649 curiales
1248 5575 1554 5649 tractabant
1584 5575 1804 5649 tributa,

206 5665 270 5710 et
316 5656 383 5707 ab
424 5653 530 5705 illis
558 5645 989 5706 distributio-num
1022 5647 1188 5702 forma
1228 5645 1574 5717 procedebat,
1597 5654 1676 5717 ut
1713 5645 1806 5717 Ju-

208 5735 327 5783 ret.
358 5722 494 5776 dicit
518 5737 579 5774 se
617 5729 832 5775 notasse
861 5719 925 5773 ad
953 5715 1256 5788 Symmacli.
1297 5717 1388 5772 lib.
1420 5733 1492 5779 Ix,
1523 5715 1801 5788 episﬁtaiO.

292 5795 322 5836 δ
361 5792 530 5850 Panis
553 5789 791 5861 gradilis,
831 5789 898 5846 de
934 5786 1185 5861 ενὲιοιῖιιιις
1211 5786 1326 5840 dari
1371 5789 1562 5845 solitus
1598 5786 1803 5843 civibus

1909 4612 2161 4669 destinati
2204 4625 2324 4666 esse
2371 4617 2710 4665 noscuntur:
2767 4607 3044 4664 moderata
3101 4615 3282 4665 tamen
3338 4613 3495 4681 pretii

1905 4703 2228 4773 quantitate,
2260 4714 2366 4770 qua
2389 4713 2512 4755 eum
2541 4697 2846 4754 constiterit
2873 4712 2904 4751 a
2927 4699 3036 4754 suis
3075 4699 3496 4768 provincialibus

1907 4806 2286 4862 comparasse;
2319 4797 2378 4844 ut
2416 4803 2517 4845 nec
2560 4787 2784 4843 nimium
2830 4795 3085 4856 gravetur
3106 4787 3196 4856 qui
3241 4789 3388 4854 emit,
3441 4798 3496 4844 et

1907 4883 2090 4952 aliquo
2115 4878 2436 4951 compendio
2464 4877 2710 4934 foveatur
2732 4875 2824 4932 ille
2844 4875 2935 4946 qui
2955 4875 3224 4930 distrahit.
3256 4876 3496 4945 Quapro-

1905 4985 2029 5048 pter
2055 4974 2341 5030 libentibus
2367 4972 2559 5027 animis
2586 4971 2806 5041 implete
2838 4983 2957 5038 quae
2995 4968 3144 5036 jussa
3187 4977 3338 5034 sunt;
3369 4969 3494 5036 quia

1905 5070 2058 5125 vobis
2085 5069 2290 5124 debetis
2316 5067 2367 5120 in
2389 5065 2490 5120 hac
2516 5073 2669 5135 parte
2690 5063 2973 5118 consulere
3001 5060 3246 5125 invicem,
3278 5075 3345 5114 ne
3366 5060 3492 5115 dum

1909 5161 2224 5217 charitatem
2249 5157 2466 5212 nimiam
2496 5155 2755 5226 quaeritis,
2799 5153 3089 5207 scelestum
3112 5151 3266 5205 vobis
3292 5149 3495 5220 aliquid

1910 5251 2087 5322 potius
2113 5249 2277 5321 (quod
2297 5246 2457 5318 absit)
2480 5247 2697 5317 optetis.
2724 5243 2802 5299 Ne
2831 5242 2950 5313 quis
2977 5257 3105 5311 ergo
3131 5242 3496 5298 venditionem

1910 5341 2013 5396 sibi
2044 5337 2346 5408 impositam
2375 5343 2760 5406 conqueratur,
2791 5333 2926 5386 sciat
2965 5331 3266 5386 libertatem
3306 5331 3361 5386 iu
3392 5331 3500 5387 cri-

1912 5435 2057 5492 mine
2083 5447 2192 5488 non
2212 5429 2444 5498 requiri;
2476 5427 2573 5484 sed
2603 5425 2734 5480 illud
2763 5425 2892 5480 boni
2917 5423 3114 5494 ingenii
3153 5423 3324 5492 magis
3354 5437 3494 5492 esse,

1907 5571 2024 5627 sine
2053 5566 2246 5632 pretio,
2289 5574 2347 5620 ut
2389 5579 2453 5619 ex
2482 5563 2705 5632 singulis
2753 5561 2863 5617 fere
2913 5562 3120 5629 legibus
3166 5563 3250 5617 tit.
3282 5560 3372 5626 17,
3399 5561 3496 5616 lib.

1908 5658 2016 5705 xiv,
2039 5632 2099 5694 C.
2148 5636 2376 5696 Theod.,
2414 5635 2732 5689 ostenditur.
2765 5632 3112 5705 Prudentius,
3140 5633 3232 5705 lib.
3263 5647 3282 5687 l
3309 5641 3501 5705 contra

1909 5701 2212 5782 Symmaeli.
2245 5705 2510 5782 ngacius,
2555 5705 2624 5759 ad
2669 5706 2754 5762 tit.
2802 5703 2870 5760 de
2917 5704 3148 5762 conditis
3193 5703 3248 5760 in
3299 5701 3500 5776 public.

1909 5775 2080 5852 hum,
2104 5779 2196 5835 lib.
2222 5794 2255 5835 x
2281 5776 2414 5836 Cod.
2444 5775 2611 5832 Fons.
