3990 6170
299 299 406 353 773

1573 310 1930 367 VARIARUM
1971 313 2175 371 LIBER
2216 317 2306 372 lX.

3489 334 3591 390 ΤΗ

290 411 436 504 quod
466 413 517 466 in
545 413 557 467 i
581 412 630 504 la
661 415 877 471 civitate
906 421 1199 489 peragitur.
1231 422 1403 489 Quem
1438 423 1552 492 jam
1581 423 1683 480 sibi
1720 423 1890 493 judex
1922 431 1970 489 Α
2001 429 2210 488 insidiis
2237 449 2249 484 :
2274 432 2399 501 quia
2425 449 2530 490 non
2557 435 2735 491 minus
2761 445 2844 492 est
2870 437 3068 493 malum
3096 440 3345 497 bellicum
3376 443 3594 504 vitasset

290 503 561 571 placatum
589 502 768 570 faciat,
798 508 844 562 si
883 508 1033 564 illum
1063 521 1313 566 senatum
1356 521 1522 566 tanta:
1551 512 1898 583 benignitatis

291 590 570 647 oﬂ'endat?
599 593 736 661 Quid
783 597 854 652 sit
899 601 1246 668 maturitatis,
1297 602 1428 671 quid
1472 603 1790 672 prudentiae,
1843 603 1899 659 in

291 681 500 738 ordinis
523 683 690 754 ipsius
727 688 1089 747 aestimatione
1117 693 1432 760 cognmcis;
1465 691 1617 762 cujus
1643 693 1899 763 primaeva

291 775 531 841 germina
561 791 689 830 mox
720 786 779 832 ut
806 779 1162 845 adoleverint,
1199 783 1386 839 Patres
1412 793 1694 840 vocantur.
1749 784 1898 841 Ado-

294 866 550 920 lesceutia
583 867 694 922 illic
728 868 952 924 inchoat
977 886 1009 926 a
1039 874 1350 929 maturitate
1379 876 1590 930 consilii
1624 894 1637 929 :
1665 885 1904 931 tractant

292 957 517 1026 iuvenes
570 975 692 1014 cum
747 962 1010 1017 modestia
1063 952 1251 1020 senum
1302 965 1463 1038 [Atii,
1504 965 1756 1038 senium],
1809 968 1899 1023 ubi

291 1065 506 1106 morum
536 1051 748 1121 pondus
795 1053 849 1106 in
891 1053 1024 1108 ﬂore
1069 1057 1400 1126 permittitur
1445 1057 1590 1128 quod
1635 1058 1725 1112 vix
1773 1059 1898 1113 alibi

291 1157 429 1198 cana
461 1152 622 1198 :etate
648 1153 961 1213 generator.
993 1146 1177 1203 Talem
1207 1157 1258 1204 te
1282 1164 1411 1219 ergo
1442 1149 1625 1204 habita
1647 1149 1900 1205 modera-

293 1232 445 1286 tione
475 1235 753 1303 tractabis,
792 1234 946 1307 145
978 1244 1035 1290 ut
1059 1252 1182 1291 cum
1212 1244 1293 1292 tot
1320 1251 1572 1308 proceres
1597 1239 1664 1293 ad
1691 1239 1899 1294 curiam

295 1337 481 1386 vocas,
524 1325 740 1392 dignam
781 1334 909 1381 ante
949 1327 1071 1381 illos
1108 1329 1431 1382 sententiam
1475 1337 1580 1382 tua:
1607 1328 1902 1383 voluntatis

293 1416 528 1486 aperias.
561 1415 729 1471 Nimis
753 1417 954 1488 quippe
999 1419 1226 1473 arduum
1266 1427 1348 1474 est
1378 1418 1485 1472 tale
1513 1417 1716 1487 aliquid
1762 1418 1902 1472 inter

294 1504 421 1559 illos
451 1506 650 1571 dicere,
682 1507 825 1574 quod
855 1515 1090 1576 nequeat
1119 1507 1281 1564 tantis
1307 1506 1664 1577 prudentibus
1710 1507 1898 1576 displi-

293 1611 444 1652 cere.
493 1597 728 1666 ldeoque
776 1613 884 1652 non
913 1598 1070 1653 unius
1119 1599 1396 1667 dignitatis
1426 1599 1509 1652 vir
1551 1598 1902 1654 mstimandus

291 1695 378 1742 est
407 1687 496 1756 qui
529 1687 595 1742 ab
630 1688 716 1741 illa
757 1688 913 1743 turba
943 1689 1224 1744 doctorum
1254 1691 1456 1744 bonum
1487 1689 1662 1759 potuit
1697 1688 1901 1744 referre

1999 533 2161 587 quam
2201 535 2339 576 saeva
2367 523 2710 579 discussionis
2739 526 2988 582 evadere.
3023 528 3141 598 ipsa
3175 538 3258 585 est
3293 533 3438 588 enirn
3467 549 3595 591 vera

2000 612 2280 677 securitas,
2325 627 2444 682 quae
2481 615 2548 671 de
2587 619 2731 673 nulla
2765 618 2958 686 judicis
2998 620 3276 691 impietate
3318 622 3596 684 formidat.

2000 701 2177 774 Atque
2207 705 2350 774 ideo,
2393 707 2537 777 quod
2565 709 2676 766 Deo
2707 711 2924 783 auspice
2961 711 3165 768 dictum
3195 715 3285 781 sit,
3331 717 3596 775 illustrem

2000 797 2254 851 comitem
2294 797 2480 868 Osuiu,
2521 809 2578 856 et
2607 803 2809 872 palatio
2851 812 3039 859 nostro
3088 805 3326 870 clarum,
3381 817 3436 864 et
3463 824 3592 878 pros

2000 886 2188 942 vinciis
2235 889 2394 958 longa
2442 894 2860 949 conversatione
2908 895 3269 963 notissimum,
3320 898 3597 956 Dalmatiis

1998 978 2345 1036 decernimus
2383 984 2692 1053 pnesidcre.
2741 985 2838 1040 Cui
2881 1002 2981 1056 pro
3023 988 3256 1043 utilitate
3295 1000 3480 1046 nostra
3515 993 3596 1062 ju-

2000 1070 2150 1126 benti
2197 1090 2388 1143 parere
2435 1087 2753 1146 procurate;
2788 1081 3043 1148 quoniam
3087 1089 3292 1136 tantam
3321 1083 3438 1154 ejus
3465 1086 3597 1142 estis

1995 1162 2259 1232 justitiam
2303 1164 2612 1234 frequenter
2650 1170 2889 1238 experti,
2935 1179 2995 1224 ut
3034 1178 3090 1225 et
3133 1173 3250 1226 sine
3290 1174 3435 1242 regia
3479 1174 3596 1242 jus-

2001 1256 2152 1310 sione
2191 1256 2240 1309 ei
2277 1255 2544 1312 deberetis
2571 1258 2812 1327 priorum
2843 1274 3110 1316 memores
3139 1261 3381 1317 obedire.
3420 1261 3596 1320 Habet

2002 1348 2143 1400 enim
2197 1347 2474 1417 proprium
2507 1347 2598 1417 jus
2646 1349 2764 1416 ille,
2822 1349 2912 1420 qui
2963 1353 3139 1419 justus
3187 1361 3297 1418 est;
3328 1368 3452 1408 nam
3491 1355 3594 1410 etsi

2003 1446 2210 1492 terrore
2248 1438 2467 1492 minime
2497 1437 2637 1512 [Jun
2681 1441 2808 1512 legit
2838 1439 3092 1512 minimm]
3123 1445 3405 1514 potestatis
3433 1445 3596 1514 erigi-

2005 1536 2111 1593 tur,
2142 1530 2395 1598 {equitate
2425 1538 2603 1584 tamen
2633 1532 2894 1586 suadente
2919 1547 3136 1602 semper
3158 1532 3390 1588 auditur.
3421 1533 3594 1590 Simul

2004 1620 2164 1673 etiam
2207 1628 2261 1674 et
2290 1619 2462 1689 viru_m
2494 1620 2754 1675 illustrem
2786 1619 3099 1676 Severinum
3130 1621 3197 1676 ad
3225 1637 3324 1677 vos
3359 1623 3593 1678 aestima-

2002 1707 2177 1761 vimus
2217 1707 2576 1776 ‘dirigendum,
2608 1717 2668 1763 ut
2709 1711 2996 1780 compositi
3035 1725 3274 1766 consona
3313 1711 3593 1772 voluntate

294 1777 576 1846 indicium.
604 1776 738 1832 Nam
766 1779 813 1834 si
853 1787 1063 1848 gratum
1093 1787 1176 1834 est
1203 1780 1289 1835 vel
1331 1782 1430 1835 sub
1458 1780 1682 1835 raritate
1710 1780 1899 1851 praedi-

2006 1800 2213 1870 possint
2240 1800 2394 1856 vobis
2419 1800 2683 1856 laudanda
2714 1776 3025 1872 praecipere.
3057 1803 3191 1861 Nam
3219 1804 3265 1860 si
3293 1804 3595 1878 disparibus

293 1871 410 1924 cari
437 1887 452 1936 ;
483 1870 607 1939 quid
637 1871 711 1926 illi
742 1873 920 1940 gaudii
949 1873 1236 1942 provenire
1267 1873 1460 1944 possit,
1492 1887 1654 1942 quem
1686 1881 1768 1928 tot
1797 1889 1899 1928 no-

295 1961 488 2016 bilium
517 1969 641 2016 vota
683 1961 1353 2018 laudaverintilustitiam
1393 1963 1588 2031 dilige;
1628 1964 1900 2034 oppressis

294 2058 353 2105 te
399 2051 682 2121 dignanter
734 2051 1023 2121 impende;
1074 2053 1237 2109 redde
1281 2053 1467 2108 laudes
1511 2053 1741 2124 posteris
1771 2055 1895 2122 tuis,

295 2155 434 2210 quas
481 2152 535 2197 tu
563 2156 593 2196 a
623 2141 918 2213 majoribus
948 2142 1087 2217 [luta
1129 2143 1192 2198 V.
1245 2143 1328 2209 C.,
1370 2144 1708 2218 melioribus]
1742 2159 1900 2202 acce-

297 2231 449 2301 pisti.

834 2337 1166 2401 EPISTOLA
1204 2339 1339 2402 Vill.

362 2472 513 2514 osum
543 2457 694 2532 υἱώ,
723 2459 878 2532 osuu]
908 2472 1030 2516 vmo
1058 2477 1322 2529 musam,
1353 2477 1557 2530 conm,
1586 2477 1828 2519 untu-

910 2547 1064 2586 RICUS
1095 2548 1221 2586 ιιει.

298 2618 530 2675 Mittitur
570 2621 738 2676 denuo
779 2621 1275 2696 ad‘Dulmatiarurn
1321 2633 1472 2696 atque
1515 2623 1724 2680 Suavia:
1769 2633 1898 2696 pro-

824 2692 1020 2746 vincias
1047 2694 1320 2764 regendas.

375 2784 643 2854 Propositi
687 2784 856 2839 nostri
895 2793 980 2840 est
1019 2783 1280 2840 honestos
1323 2785 1536 2841 labores
1582 2785 1760 2857 palma
1805 2793 1896 2842 re.

299 2873 699 2928 munerationis
736 2881 950 2942 ornare,
995 2883 1053 2928 ut
1095 2875 1462 2931 vicissitudine
1505 2889 1611 2946 qua
1654 2877 1898 2947 proveCti

297 2963 539 3032 gaudent
589 2963 801 3019 desides
829 2965 1195 3033 mordeantur,
1227 2967 1435 3036 sibique
1465 2967 1731 3036 imputare
1773 2982 1899 3038 pos-

298 3057 411 3114 sint
449 3055 591 3125 quod
631 3057 1060 3113 clementissimis
1109 3059 1438 3129 temporibus
1485 3044 1675 3129 judicii
1725 3062 1898 3117 nostri

2000 1893 2221 1948 calamis
2264 1895 2520 1948 convenit
2565 1910 2732 1949 unum
2779 1897 2951 1952 melos
2997 1896 3213 1952 eﬂicere
3265 1896 3417 1971 [Ms.,
3472 1896 3590 1965 Gr.,

2000 1980 2151 2053 Cuj.,
2207 1983 2461 2055 edicere],
2523 1985 2692 2040 multo
2745 1986 2914 2054 magis
2979 1987 3108 2041 viris
3163 1989 3592 2057 prudentissimis

1999 2086 2181 2144 aptum
2209 2085 2294 2131 eSt
2315 2077 2460 2145 justa
2485 2079 2738 2132 concordi
2763 2077 2917 2151 [Ed.,
2943 2078 3143 2151 cordis]
3167 2097 3301 2136 voce
3331 2082 3588 2139 suadere.

2001 2164 2198 2220 Verum
2248 2174 2308 2220 ut
2351 2166 2647 2236 primordia
2677 2177 2863 2223 nostra
2893 2184 2923 2224 a
2950 2172 3204 2240 praestitis
3245 2172 3589 2244 inchoarent,

1999 2257 2584 2327 clementissimumqne
2623 2259 2899 2315 dominum
2944 2263 2996 2316 in
3044 2263 3162 2332 ipso
3210 2265 3361 2332 regni
3404 2265 3588 2322 limine

1997 2349 2291 2418 sentiretis,
2340 2361 2440 2421 per
2482 2360 2729 2420 quartam
2781 2353 3126 2410 indictionem
3179 2357 3352 2426 (Anna
3395 2357 3590 2413 Christi

2000 2437 2148 2509 526),
2199 2441 2343 2511 quod
2391 2457 2421 2495 a
2465 2441 2619 2498 vobis
2655 2445 2931 2510 augmenti
2973 2446 3192 2501 nomine
3226 2449 3590 2519 quze'rebatur,

2000 2534 2263 2588 illustrem
2318 2535 2490 2589 virum
2539 2536 2794 2591 comitem
2845 2538 3155 2607 patrimonii
3214 2541 3384 2595 nostri
3447 2557 3593 2599 nunc

1996 2623 2251 2693 jussimus
2293 2637 2597 2678 removere.
2645 2621 2762 2680 Hoc
2802 2625 2965 2680 etiam
3007 2627 3227 2698 insuper
3263 2629 3413 2686 vobis
3461 2645 3593 2686 con-

2000 2713 2276 2782 cedentes,
2333 2729 2458 2771 cum
2507 2712 2641 2788 (Deo
2686 2716 2943 2786 prapitio)
2999 2718 3367 2788 supradictum
3418 2721 3592 2776 virum

2000 2804 2067 2860 ad
2109 2813 2295 2860 nostra
2323 2805 2580 2874 obsequia
2621 2807 2807 2861 venire
2835 2805 3138 2875 fecerimus,
3183 2809 3317 2866 tales
3345 2811 3594 2869 homines

1999 2897 2292 2966 destinare,
2339 2912 2436 2970 per
2480 2913 2616 2969 quos
2661 2900 2928 2969 possimus
2972 2901 3251 2957 evidenter
3296 2916 3594 2972 agnoscere

1999 2987 2448 3058 quemadmodum
2496 2989 2549 3042 in
2591 2987 2830 3044 futurum
2874 3006 3066 3047 census
3108 2991 3368 3048 doceatur
3413 2995 3588 3065 impo-

1997 3078 2165 3145 situs;
2214 3085 2273 3132 ut
2323 3077 2368 3133 si
2412 3084 2664 3147 gravatos
2716 3095 2814 3136 vos
2861 3095 2980 3136 esse
3027 3083 3426 3152 cognoscimus,
3485 3100 3587 3155 pro

298 3152 526 3246 Ριῖεξωίδ
553 3167 659 3205 ηοη
690 3161 984 3246 ηιθνςηιυῗ-
1036 3152 1211 3224 Αιίιιιθ
1242 3154 1362 3246 ίᾷθξ)
1395 3153 1657 3246 ίλίιυεῑγνθιη
1686 3155 1898 3224 masni-
1921 3185 1968 3246 ο
2000 3177 2155 3240 parte
2181 3169 2335 3224 vobis
2370 3184 2475 3238 qua
2507 3170 2678 3225 visum
2719 3169 2901 3239 fuerit,
2945 3172 3283 3229 considerata
3315 3152 3591 3244 aequitate,

298 3239 543 3295 tudinem
589 3249 751 3306 tuam,
799 3241 909 3298 Deo
934 3243 1176 3312 juvante,
1224 3244 1291 3298 ad
1323 3243 1706 3299 Dalmatiarum
1739 3250 1900 3314 atque

301 3329 520 3385 Suavizr
552 3333 856 3401 provincias
885 3334 1076 3388 iterum
1118 3333 1446 3390 credidimus
1489 3335 1897 3404 destinaudam;

300 3430 365 3475 ut
407 3421 664 3494 quidquid
702 3439 799 3493 pro
829 3425 1146 3480 utilitatibus
1184 3425 1382 3480 nostris
1421 3440 1540 3480 esse
1581 3440 1900 3496 cognosces,

299 3512 553 3583 mquabili
613 3513 950 3570 ordinatione
1000 3516 1272 3586 disyonas,
1320 3515 1686 3586 populumque
1747 3516 1902 3572 nobis

301 3603 562 3659 devotum
592 3620 689 3675 per
712 3614 856 3659 tuam
881 3605 1142 3675 justitiam
1172 3604 1336 3663 facias
1363 3622 1484 3663 esse
1511 3608 1897 3678 gratissimum,

303 3695 432 3764 quia
469 3695 809 3751 dominorum
854 3697 1100 3752 laudibus
1139 3698 1456 3769 applicatur,
1502 3712 1624 3753 cum
1672 3712 1731 3754 se
1769 3713 1900 3768 pro-

304 3789 557 3846 babiliter
587 3795 781 3845 tractat
802 3791 1026 3847 electus.
1058 3792 1173 3846 Non
1204 3791 1450 3862 exempla
1480 3792 1654 3846 aliena
1684 3793 1904 3862 perqui-

304 3899 428 3950 ras;
473 3899 684 3939 memor
725 3892 842 3939 esto
881 3899 1002 3953 quae
1045 3881 1256 3950 feceris,
1297 3892 1352 3938 et
1391 3899 1498 3938 non
1543 3883 1749 3952 indiges
1795 3882 1896 3938 ad-

306 3977 538 4032 moneri.
566 3975 704 4043 Quid
725 3986 808 4032 est
830 3977 972 4031 enim
1003 3975 1147 4048 quod
1175 3974 1241 4031 de
1269 3984 1357 4030 tua
1386 3975 1668 4045 quisquam
1697 3975 1894 4030 debeat

305 4068 523 4123 actione
552 4063 848 4135 'dubitare,
917 4067 1134 4136 quando
1193 4066 1322 4138 ipsis
1371 4065 1664 4136 provinciis
1729 4066 1904 4122 adhuc

305 4158 530 4228 propria
559 4157 699 4214 bona
730 4158 977 4214 redolere
1007 4157 1323 4228 cognoscis?
1351 4155 1761 4224 Quodammodo
1787 4157 1900 4228 jam

305 4251 552 4304 debitum
594 4257 676 4304 est
721 4249 794 4303 illi
833 4248 974 4304 velle
1013 4255 1289 4318 prtcstare,
1331 4247 1472 4317 apud
1508 4262 1668 4318 quem
1699 4247 1805 4303 scis
1847 4254 1903 4302 te

306 4340 473 4397 fuisse
523 4341 864 4396 laudabilem.
912 4340 1300 4396 Obedieutibus
1343 4339 1488 4394 enim
1533 4338 1677 4408 juste
1725 4337 1902 4393 indul-

305 4439 466 4498 getur
511 4431 755 4498 animus;
785 4440 841 4486 et
879 4447 1018 4502 quos
1056 4431 1254 4486 scimus
1297 4445 1566 4486 memores
1603 4429 1900 4498 bonorum,

308 4524 678 4578 indubitanter
729 4524 808 4580 eis
850 4524 1026 4580 denuo
1076 4525 1377 4594 praebemus
1421 4522 1689 4580 affectum.
1743 4523 1901 4580 IEtas

306 4617 528 4688 quidem
554 4625 645 4670 tua
674 4625 930 4686 provecta
959 4626 1064 4681 est,
1087 4616 1182 4672 sed
1203 4623 1354 4672 actus
1373 4631 1588 4686 quoque
1611 4617 1897 4684 maturior,

307 4709 447 4777 Quid
474 4710 620 4764 enim
651 4725 793 4764 nunc
816 4709 1099 4780 subripere
1123 4709 1317 4773 valeat,
1351 4710 1404 4764 in
1430 4724 1539 4779 quo
1567 4724 1668 4765 nec
1707 4708 1901 4778 juven-

309 4811 395 4857 tus
443 4799 888 4871 reprehensibilis
935 4799 1092 4854 fuit?
1138 4799 1244 4855 Sed
1297 4800 1412 4856 haec
1473 4800 1528 4854 in
1578 4798 1760 4856 domui
1814 4799 1902 4855 avi

306 4892 480 4948 nostri
507 4907 676 4962 regno
714 4889 886 4946 fecisti
917 4908 932 4945 :
963 4907 1106 4948 nunc
1139 4891 1268 4946 talia
1308 4891 1640 4960 demonstra,
1679 4899 1739 4946 ut
1765 4900 1902 4947 tem-

305 4983 530 5054 poribus
579 4983 779 5039 nostris
821 4997 1132 5040 reservasse
1177 4982 1412 5040 videaris
1457 4983 1716 5056 quidquid
1767 4999 1898 5056 pro-

306 5076 492 5133 bitat'm
531 5075 820 5133 addideris.
1025 5063 1034 5073 ’

867 5183 1197 5244 EPISTULA
1236 5187 1325 5242 1X.

401 5296 677 5336 USIVERSIS
711 5295 904 5336 001⁵1118
941 5296 1008 5334 ΕΤ
1047 5295 1272 5335 ROMANIS
1308 5293 1674 5333 ΑτηΑιΑιιισυε
1702 5294 1827 5333 κει.

300 5371 591 5451 Significat
617 5373 899 5451 remisisse
927 5373 996 5424 ad
1035 5371 1356 5451 Dalmatius.
1382 5369 1636 5451 regendus
1665 5371 1902 5451 comitem

413 5439 552 5509 scin,
582 5453 632 5496 et
660 5443 983 5507 Seuerinum,
1016 5441 1196 5514 quibus
1222 5451 1278 5494 ut
1306 5439 1548 5496 obediant
1574 5441 1815 5510 imperat.

377 5553 486 5611 Per
536 5556 843 5627 provincias
886 5557 1044 5613 nobis
1091 5555 1204 5611 Deo
1249 5561 1560 5626 praestante,
1612 5567 1900 5610 concessas

299 5649 448 5704 tales
487 5648 634 5704 viros
670 5649 914 5722 cupimus
951 5648 1240 5714 destinare,
1281 5647 1374 5720 qui
1415 5646 1523 5702 sint
1560 5645 1724 5699 armis
1761 5653 1898 5714 prte-

297 5741 437 5806 diti,
481 5748 539 5794 et
570 5739 776 5810 justitia
806 5740 1059 5809 gloriosi;
1085 5747 1146 5792 ut
1187 5739 1326 5796 absit
1363 5753 1394 5794 a
1433 5737 1588 5793 vobis
1619 5744 1675 5790 et
1710 5743 1895 5790 extra-

296 5844 533 5896 και-ωτι
559 5830 798 5904 gentium
827 5840 1027 5902 metus,
1063 5839 1118 5886 et
1143 5832 1484 5892 calumniosis
1510 5843 1615 5887 non
1660 5829 1894 5901 paternis

2002 3259 2321 3314 relevemus.
2364 3258 2441 3313 Ita
2474 3258 2536 3313 tit
2573 3267 2634 3313 ut
2668 3260 2912 3317 habeatis
2947 3277 3101 3332 spem
3136 3271 3192 3318 et
3224 3264 3387 3320 futuri
3423 3266 3594 3323 bene-

2001 3345 2140 3414 ﬁcii,
2188 3349 2280 3420 qui
2328 3351 2460 3405 estis
2503 3349 2614 3419 jam
2659 3365 2759 3421 pro
2806 3360 2962 3424 parte
3011 3353 3246 3410 remedia
3293 3360 3590 3414 consecuti.

2001 3441 2342 3512 Quapropter
2367 3440 2570 3496 servire
2601 3456 2698 3496 vos
2725 3442 2980 3498 convenit
3018 3444 3339 3502 utilitatibus
3367 3448 3587 3516 nostris,

2001 3531 2218 3601 quando
2265 3544 2330 3586 ea
2377 3545 2500 3600 quae
2544 3531 2715 3599 magis
2761 3544 2982 3601 sperare
3025 3533 3273 3602 precibus
3317 3537 3588 3606 potuistis,

2001 3621 2145 3677 ultro
2196 3621 2424 3677 contulit
2476 3621 2846 3676 muniﬁcentia
2901 3621 3235 3693 principalis.
3305 3625 3397 3682 Sic
3449 3627 3593 3682 enim

2001 3713 2247 3768 tradente
2285 3712 2702 3769 clementissimo
2742 3713 2898 3769 nobis
2936 3722 3158 3771 auctore
3194 3715 3499 3786 didicimus,
3533 3728 3592 3775 ut

2001 3824 2032 3864 a
2081 3809 2445 3879 subjectorum
2487 3806 2759 3864 beneficiis
2809 3824 2915 3865 non
2964 3824 3238 3866 vacemus.
3289 3811 3586 3884 Disciplina

2001 3898 2249 3955 videlicet
2279 3897 2576 3969 imperandi
2605 3905 2710 3966 est,
2742 3913 2926 3954 amare
2953 3898 3096 3969 quod
3128 3899 3310 3956 multis
3332 3902 3588 3972 expedit;

2002 3993 2259 4062 quoniam
2304 3992 2605 4062 respublica
2670 3995 2893 4048 nimium
2934 3993 3219 4051 soiiditatis
3273 3996 3502 4067 accipit,
3546 3997 3594 4052 si

2003 4085 2408 4141 tributariorum
2455 4085 2681 4141 facultas
2725 4087 2889 4142 illresa
2936 4088 3258 4145 constiterit.

2574 4217 2903 4274 EPISTOLA
2929 4217 2996 4273 Χ.

2002 4325 2270 4366 υκινειιειε
2325 4325 2741 4374 rosssssomsus,
2796 4324 3181 4364 nereusomnus
3246 4313 3592 4367 srnscd'sxiu

2072 4397 2368 4448 CIVITATIS,
2415 4396 2516 4434 γει,
2566 4395 2835 4435 υκινειιειε
2882 4394 3311 4435 Ριιονικοιιιιιιυε
3351 4397 3593 4436 Α’ΐΒΔΙ-Α·

2074 4467 2159 4506 BIC
2167 4467 2225 4506 US
2253 4463 2359 4506 REX
2368 4485 2382 4504 ι

1929 4552 1980 4619 D
2004 4563 2230 4619 Relaeat
2282 4579 2406 4635 qua;
2461 4563 2565 4616 illis
2629 4569 2818 4631 prazter
2861 4562 3320 4635 consuetudinem,
3351 4562 3594 4634 imposita

2076 4631 2532 4706 {uerunt'tributm
2574 4647 2818 4685 concessa
2825 4631 3096 4754 lacultate
3133 4633 3198 4686 iis
3236 4634 3322 4703 qui
3360 4650 3392 4688 α
3422 4631 3594 4689 censi-

2078 4704 2273 4754 toribus
2299 4704 2467 4754 uexati
2500 4703 2690 4754 fuerint
2721 4717 2821 4754 amt
2899 4703 3186 4754 principem
3225 4706 3590 4754 enumerandi.

2078 4703 2273 4759 toribus
2299 4704 2467 4758 uexati
2497 4703 2690 4774 fuerint
2721 4703 2861 4772 apud
2899 4703 3186 4773 principem
3225 4706 3590 4776 cauquerendi.

2075 4817 2284 4873 Dudum
2324 4815 2539 4886 quidem
2576 4813 2732 4870 vobis
2766 4821 2947 4870 ortum
2987 4815 3158 4870 nostri
3197 4815 3406 4886 imperii
3443 4818 3593 4874 aesti-

2005 4909 2268 4966 mavimus
2311 4906 2695 4974 nuntiandum;
2737 4921 2880 4962 nunc
2908 4904 3064 4963 decet
3090 4907 3343 4977 subsequi
3384 4908 3590 4964 benefi-

2007 5003 2150 5059 cium
2203 5017 2304 5073 pro
2365 5000 2549 5055 laetitia
2606 4997 2847 5069 augenda
2893 5008 3244 5066 cunctorum;
3291 5008 3352 5054 ut
3396 5001 3592 5070 mribus

2005 5094 2106 5150 fuit
2167 5093 2502 5163 gratissimus
2556 5099 2742 5146 noster
2795 5098 3048 5155 exortus,
3104 5089 3173 5144 sit
3233 5089 3341 5145 illis
3395 5092 3590 5161 regalis

2006 5185 2215 5240 animus
2256 5181 2308 5236 in
2353 5181 2529 5251 aliqua
2567 5188 2720 5250 parte
2759 5178 3064 5233 munificus.
3110 5177 3368 5236 Crescere
3411 5183 3590 5240 uobis-
3629 5225 3643 5235 .

2007 5292 2158 5342 cum,
2209 5274 2323 5330 Deo
2386 5279 2704 5344 praestante,
2754 5279 2948 5326 cuncta
2995 5271 3414 5342 desideramus;
3461 5276 3588 5345 quia

2005 5385 2132 5426 vere
2166 5369 2257 5423 ille
2299 5374 2485 5422 noster
2523 5373 2604 5420 est
2650 5378 2861 5429 census,
2905 5375 3065 5434 quem
3107 5363 3265 5422 larius
3297 5376 3591 5438 possessor

2001 5458 2248 5517 exsolvit.
2303 5454 2535 5511 Proinde
2585 5453 2948 5509 subtrahimus
2973 5455 3215 5525 κωπίω
3263 5457 3409 5526 quod
3452 5465 3587 5528 aug.

2000 5557 2269 5606 mentetur
2295 5545 2508 5616 gloriae;
2539 5553 2595 5599 et
2619 5543 2767 5598 avari
2795 5543 2862 5598 ad
2890 5543 3094 5612 laudes,
3119 5545 3336 5615 prohinc
3354 5547 3585 5607 uitium

1995 5640 2276 5696 sublevare
2303 5636 2561 5693 cultores.
2613 5633 2822 5691 Pridetn
2865 5634 3005 5690 diva:
3043 5638 3320 5694 memoria:
3346 5639 3586 5700 domans

1998 5747 2129 5787 avus
2149 5729 2216 5785 de
2236 5729 2347 5784 suis
2375 5725 2650 5782 beneficiis
2675 5739 2871 5794 magna
2901 5737 3227 5797 pnesumens
3247 5730 3396 5800 (quia
3423 5731 3581 5802 longa

1998 5823 2148 5896 quies
2160 5829 2214 5880 et
2227 5819 2500 5878 culturam
2511 5815 2652 5889 agris
2661 5816 2928 5888 przestitit,
2951 5825 3005 5873 et
3021 5818 3256 5891 popinas
3265 5815 3561 5895 inps-vn)
