3990 6170
442 357 547 412 ’Πΰ

1650 335 1720 390 Μ.
1762 329 2033 388 Αυιὶειιι
2068 323 2466 384 CASSlODOltl

3601 309 3699 365 776

438 469 578 524 intra
625 465 864 521 Siciliam
907 452 1235 531 provinciam
1273 452 1374 509 sub
1423 454 1682 504 consueta
1733 441 2028 514 prudentiae
2061 444 2105 500 Α
2136 437 2359 492 nutionc
2393 431 2686 488 reddatur:
2717 429 2840 500 quia
2882 427 2997 483 sine
3042 424 3262 496 querela
3311 421 3506 492 suscipi
3549 421 3706 477 debet

440 573 554 615 sum
619 553 986 611 moderatione
1047 560 1268 601 censum
1335 541 1524 596 statuit
1590 534 1904 604 cfliagitari;
1964 539 2025 586 ut

443 649 597 705 vobis
618 650 882 700 cresceret
917 638 1072 710 146
1100 634 1338 700 devotio,
1368 631 1562 701 quibus
1591 642 1650 682 se
1677 624 1900 680 facultas
1925 636 2026 676 ex-

2131 543 2267 584 onus
2314 525 2651 595 impositum,
2705 519 2849 590 quod
2903 519 3076 586 longis
3122 514 3453 585 temporibus
3500 520 3708 567 constat

2130 634 2251 676 esse
2292 614 2612 688 portandum
2660 612 2779 686 [Gn
2839 620 2888 664 et
2924 609 3077 681 Cuj.,
3127 603 3486 676 solvendum].
3539 602 3709 668 Nune,

878 695 1599 798 ill-iuspracdicandajustitia
1628 718 1806 772 locum
1831 720 2028 768 nostrae
2130 707 2275 780 quod
2313 714 2505 775 restat,
2551 701 2912 774 provinciales
2957 714 3056 755 vos
3099 696 3357 754 convenit
3400 695 3712 759 admonere,

443 823 761 894 benignitati
831 817 1184 891 praeparavit;
1247 823 1306 869 ut
1357 810 1501 880 quod
1550 809 1599 864 ei
1650 805 1834 862 offerri
1885 801 2028 872 juste

447 918 652 990 potuit,
698 929 795 968 nos
831 909 1082 967 clementi
1121 907 1319 966 animo,
1370 902 1520 971 quasi
1563 899 1704 954 illata
1742 895 2029 978 stipendia,

450 985 809 1070 donaremus;
837 1013 890 1057 ct
916 1001 1146 1072 quodam
1177 995 1436 1066 pnesagio
1463 992 1658 1045 mentis
1686 988 1877 1042 divina:
1907 985 2032 1040 fecit

449 1101 615 1155 etiam
646 1097 810 1168 pium,
844 1093 927 1146 cui
963 1091 1184 1160 parabat
1233 1085 1535 1154 imperium.
1587 1083 1759 1148 Atque
1789 1077 1909 1132 ideo
1939 1090 2036 1146 per

455 1202 698 1265 quartam
743 1188 968 1242 feliciter
1009 1182 1352 1238 indictionem
1403 1175 1493 1247 (Id
1522 1184 1616 1239 est,
1653 1173 1803 1225 Anno
1843 1167 2035 1222 Christi

457 1257 596 1352 3%)
662 1277 917 1350 quidquid
986 1289 1016 1326 a
1070 1271 1226 1325 vobis
1295 1281 1456 1336 supra
1513 1257 2038 1318 consuetudinariam

452 1346 1112 1434 ﬁuictionemVaugmenti
1169 1360 1385 1416 nomine
1438 1356 1523 1411 vel
1591 1354 1894 1425 petebatur,
1954 1346 2042 1402 vel

461 1469 674 1519 constat
703 1467 976 1521 exactum,
1027 1452 1318 1508 liberalitas
1349 1455 1530 1503 nostra
1570 1443 1836 1500 concedit.
1886 1435 2042 1506 Quod

453 1553 562 1607 etsi
618 1551 760 1619 juste
812 1544 1061 1617 potuistis
1107 1540 1371 1612 pendere,
1441 1535 1664 1604 gloriam
1714 1545 1812 1586 vos
1864 1527 2045 1599 potius

465 1649 658 1697 nostrae
695 1634 925 1705 largitati
959 1633 1208 1702 jubemus
1248 1627 1466 1682 inferre.
1517 1622 1622 1678 Sed
1663 1629 1716 1676 ut
1753 1620 1914 1674 latius
1949 1633 2046 1674 ex-

459 1731 716 1785 tendatur
777 1735 959 1780 nostra
1026 1718 1328 1779 clementia,
1385 1727 1710 1780 suavemque
1769 1709 2043 1766 dominum

469 1819 727 1890 impensis
766 1809 1048 1872 beneficiis
1094 1808 1336 1865 sentiatis
1359 1847 1374 1872 ,
1423 1801 1680 1875 quidquid
1716 1815 1746 1854 a
1775 1800 2047 1854 discusso-
2080 1805 2128 1865 Β

465 1913 618 1969 ⁴ι’ἰὶιιιδ
654 1910 798 1983 [Alii,
842 1899 1255 1969 discursoribusi
1287 1899 1409 1954 novi
1461 1911 1653 1952 census
1683 1909 1778 1965 per
1808 1892 2051 1961 quintam

473 1981 818 2059 indictionem
871 1998 1042 2070 (Anno
1085 1993 1275 2048 Christi
1325 1989 1452 2061 527)
1500 1987 1760 2060 probatur
1802 1981 2051 2050 afiixum,

472 2096 542 2152 ad
570 2102 801 2150 vestram
844 2107 939 2146 eos
981 2088 1206 2144 fecimus
1249 2083 1460 2140 deferre
1493 2080 1782 2144 notitiam:
1823 2083 1882 2130 ut
1909 2073 2056 2144 quod

472 2184 799 2241 rationabile
828 2181 988 2236 fuerit
1011 2178 1359 2239 aestimatum,
1403 2171 1691 2228 libentibus
1718 2167 1909 2223 animis
1934 2180 2057 2236 pcr-

469 2279 685 2344 feratis,
731 2274 855 2345 quia
901 2273 1103 2326 nullum
1149 2269 1291 2324 laedit
1341 2267 1624 2322 observata
1672 2260 1898 2332 justitia.
1950 2256 2059 2313 Sed

476 2383 548 2425 ne
592 2367 821 2422 credatis
864 2379 959 2434 per
996 2360 1366 2418 ordinatorum
1406 2363 1615 2410 tantum
1653 2351 1931 2406 arbitrium
1959 2363 2059 2404 vos

473 2459 718 2530 gravari,
769 2457 814 2512 si
861 2454 984 2524 quis
1027 2461 1112 2508 est
1156 2450 1247 2520 qui
1293 2449 1360 2502 de
1407 2441 1595 2502 eorum
1642 2443 1785 2498 facto
1830 2441 2060 2496 aestimet

475 2547 946 2620 conquerendum,
973 2543 1040 2598 ad
1068 2540 1305 2620 remedia
1334 2549 1532 2594 nostra:
1555 2534 1768 2606 pietatis
1789 2536 2057 2595 occurrat,

478 2651 540 2698 ut
562 2619 869 2710 iudicantes
897 2619 1248 2702 corrigamus,
1290 2629 1382 2699 qui
1412 2628 1575 2683 etiam
1614 2639 1723 2680 non
1764 2621 1939 2692 rogati
1965 2619 2062 2674 be-

481 2732 670 2788 neficia
715 2731 1009 2786 clementer
1056 2723 1391 2779 indulsimus.
1440 2719 1574 2774 Nam
1609 2724 1666 2772 et
1700 2713 1946 2782 gloriosae
1982 2725 2063 2767 re-

476 2819 807 2878 cordationis
828 2817 1055 2872 domnus
1082 2828 1212 2867 avus
1240 2818 1427 2866 noster
1453 2807 1520 2862 de
1545 2820 1732 2861 eorum
1761 2807 2062 2858 commotus

477 2913 654 2968 fuerat
685 2909 952 2970 tarditate,
979 2914 1036 2960 ut
1064 2911 1180 2959 erat
1206 2903 1326 2956 alta:
1350 2897 1645 2970 prudentia:
1672 2899 2061 2966 perscrutator,

481 3006 752 3062 aestimans
793 3017 888 3058 eos
917 3000 1100 3054 tandiu
1138 2998 1192 3051 in
1231 2992 1508 3066 provincia
1557 3005 1662 3046 non
1709 2988 1826 3044 sine
1873 2991 2063 3040 nostro

484 3096 794 3166 gravaminc
847 3090 1114 3153 residere,
1180 3101 1317 3158 quos
1364 3083 1594 3154 repetita
1642 3079 1880 3150 jussione
1932 3092 2062 3132 cen-

487 3196 670 3243 suerat
718 3185 828 3254 jam
894 3181 1088 3237 redire.
1145 3177 1253 3233 Sed
1300 3191 1418 3242 nos,
1457 3189 1594 3243 quos
1642 3171 1799 3227 decet
1843 3168 2066 3239 implere
2094 3185 2139 3250 ρ

483 3279 744 3351 quidquid
772 3279 861 3332 ille
890 3276 988 3331 sub
1017 3272 1268 3343 aequitate
1296 3266 1585 3338 disposuit,
1617 3265 1729 3319 Deo
1752 3260 2064 3351 auxiliante,

491 3349 806 3442 ejusinunc
853 3368 907 3421 in
943 3364 1099 3420 vobis
1155 3361 1404 3416 inchoata
1454 3355 1783 3428 perficimus.
1841 3349 2067 3405 Reddite

486 3440 649 3518 modo
686 3458 918 3528 largitati
949 3464 1145 3510 nostrae
1173 3450 1591 3524 prosperrimum
1619 3453 1806 3502 votum
1833 3450 1887 3498 et
1913 3440 2068 3497 fidele

489 3551 787 3608 servitium.
829 3547 1049 3602 llabelis
1089 3545 1416 3616 principem,
1456 3541 1546 3612 qui
1585 3538 1860 3594 vobiscum
1895 3535 2060 3588 bene-

484 3643 625 3698 ﬂciis
669 3641 926 3711 probatur
962 3646 1216 3701 exortus;
1272 3643 1328 3688 et
1367 3630 1510 3702 quod
1556 3627 1812 3698 subjectis
1860 3624 2068 3679 dulcius

481 3743 596 3800 est,
629 3740 852 3802 augetur
872 3729 1086 3798 ingenio
1107 3725 1368 3781 benevolo
1395 3738 1517 3778 cum
1547 3721 1723 3775 :etatis
1752 3724 2064 3786 augmento.

487 3825 545 3879 ιη
578 3838 738 3893 quam
765 3835 880 3876 rem
905 3818 1238 3886 Quidilanem
1267 3813 1509 3884 sajonem
1529 3821 1770 3866 nostrum
1799 3805 2068 3862 credimus

490 3913 848 3983 dirigendum,
908 3926 1006 3982 per
1069 3924 1229 3978 quem
1279 3907 1432 3963 vobis
1478 3905 1628 3975 jussa
1681 3899 2063 3975 prosperrima,

488 4003 603 4061 Deo
636 4003 916 4073 largiente,
947 4000 1266 4072 pandantur.

1043 4155 1376 4212 EPISTOLA
1415 4153 1503 4210 XI.

490 4285 681 4331 GILDLE
724 4283 848 4327 νιιω
893 4283 1126 4332 ευῑιικι,
1199 4283 1378 4323 COlll'l‘l
1428 4281 1767 4322 εγηΑευεΑΝιιξ
1814 4277 2075 4320 ειγιτλτιδ

999 4353 1361 4394 ΑτΗΑιΑιιιευε
1397 4353 1522 4392 REX.

495 4451 742 4525 Prohibet
769 4453 1038 4525 quominus
1057 4451 1322 4525 quidquid
1354 4451 1657 4525 tributorum
1684 4467 1773 4520 per
1817 4448 2076 4525 Victorem

557 4534 612 4579 et
640 4519 986 4594 Witigisctum
1033 4519 1099 4575 de
1147 4519 1332 4593 quarta
1361 4522 1642 4576 indictione
1676 4519 1754 4576 est
1789 4519 2070 4590 adjectum,

555 4609 598 4648 ια
623 4593 999 4664 possessoribus
1036 4594 1268 4664 exigant.

565 4725 649 4782 Ad
701 4724 971 4781 Victorem
1017 4733 1072 4778 et
1115 4723 1470 4793 Witigisclum
1525 4723 1848 4794 spectabiles
1904 4721 2069 4790 viros,

489 4819 692 4876 Sicilia:
720 4815 1010 4887 provincia:
1056 4817 1372 4884 censitores,
1419 4823 1687 4885 prmcepta
1717 4822 1899 4870 nostra
1927 4813 2071 4868 dire-

496 4911 694 4977 ximus,
747 4915 807 4963 ut
843 4905 1096 4976 quidquid
1134 4905 1534 4975 possessoribus
1579 4903 1877 4959 tributaria;
1920 4902 2072 4956 func-

495 5001 658 5057 tionis
700 5013 797 5070 per
834 5013 932 5053 eos
971 5010 1144 5066 nuper
1178 4995 1390 5052 videtur
1427 4994 1726 5062 adjectum,
1767 4992 1836 5048 de
1879 4999 2071 5060 quarta

494 5092 790 5149 indictione
819 5104 924 5144 non
965 5089 1208 5159 exigant,
1242 5088 1366 5158 quia
1391 5087 1567 5156 gravis
1595 5094 1680 5141 est
1703 5085 1820 5154 ejus
1843 5085 1924 5139 rei
1956 5085 2070 5138 illa-

495 5183 595 5251 tio,
635 5181 788 5251 cujus
829 5181 1004 5236 adhuc
1035 5179 1240 5249 justitia
1281 5194 1390 5232 non
1430 5176 1705 5246 probatur.
1756 5175 1832 5230 De
1861 5175 2071 5229 ordina-

495 5276 730 5331 tionibus
776 5289 906 5329 vero
953 5287 1140 5328 eorum
1198 5271 1352 5326 nobis
1409 5269 1632 5324 fecimus
1694 5268 2073 5322 instructiones

495 5363 691 5420 deferri
711 5404 728 5432 ,
775 5371 833 5418 ut
871 5361 916 5418 si
952 5363 1227 5418 aestimatis
1261 5363 1463 5416 viribus
1490 5359 1743 5430 quidquid
1770 5357 2072 5426 aequalitate

495 5455 568 5510 sit
610 5453 945 5523 dispositum,
977 5453 1172 5508 debeat
1197 5464 1515 5522 permanere
1563 5447 1921 5504 moderatum.
1972 5443 2068 5502 Sin

494 5559 626 5601 vero
655 5545 889 5615 aliquem
926 5553 1114 5600 contra
1142 5544 1407 5598 rationem
1448 5546 1658 5597 constat
1686 5554 1805 5594 esse
1835 5549 2068 5608 praegra-

495 5642 710 5701 vatum,
755 5643 940 5689 nostro
977 5634 1246 5689 relevetur
1281 5631 1533 5698 arbitrio;
1578 5632 1651 5685 ita
1680 5636 1992 5695 tamen,'ut
2021 5625 2066 5680 si

495 5722 697 5792 aliquid
723 5739 819 5793 per
854 5731 1099 5791 quartam
1129 5722 1473 5778 indictionem
1503 5722 1678 5792 (Anno
1717 5719 1908 5772 Christi
1941 5715 2065 5787 526)

498 5812 758 5887 probatur
798 5813 1024 5881 illatum,
1073 5813 1471 5886 possessoribus
1514 5812 1630 5869 sine
1670 5811 1846 5883 aliqua
1893 5808 2067 5864 immi-

2134 808 2193 855 ut
2241 798 2434 868 quibus
2484 793 2744 850 beneﬁcia
2794 790 3083 852 dedimus,
3140 801 3328 843 eorum
3374 785 3714 840 devotionem

2136 905 2232 960 per
2282 887 2464 943 omnia
2516 885 2840 948 sentiamus;
2897 888 2952 936 et
3004 877 3150 948 quod
3197 868 3432 933 debetur'
3461 873 3714 946 principi,

2135 992 2291 1052 grato
2330 979 2507 1033 animo
2546 977 2790 1032 videatur
2833 973 3060 1029 exsolvi.

2671 1121 3000 1178 EPISTOLA
3036 1120 3146 1177 ΧΠ.

2192 1253 2402 1293 \‘lCTOlll
2433 1253 2500 1291 ΕΤ
2546 1248 2857 1289 WlTlGlSCLO
2895 1247 3029 1287 VIBlS
3065 1244 3470 1302 SpECTABlLlBUS
3495 1243 3668 1287 L'ﬂlA‘

2718 1319 2935 1358 LARlCUS
2975 1319 3099 1356 REX.

2143 1415 2298 1472 Iubet
2359 1427 2416 1469 ut
2486 1416 2530 1470 si
2599 1414 2720 1486 quid
2779 1429 2931 1484 super
2978 1411 3312 1486 tributarium
3365 1409 3587 1464 solidum
3629 1426 3727 1486 per

2219 1496 2455 1558 quartam
2519 1480 2852 1558 indictionem
2900 1499 2931 1534 α
2988 1481 3387 1558 provincialibus
3439 1480 3724 1550 exegerint,

2219 1551 2330 1612 sine
2372 1557 2547 1626 aliqua
2586 1555 2941 1608 imminutione
2987 1551 3226 1606 reddant.

2221 1669 2466 1724 Tarditas
2505 1676 2680 1723 vestra
2709 1665 2850 1737 apud
2891 1665 3139 1736 gloriosae
3167 1663 3444 1719 memorias
3472 1662 3729 1718 domnum

2154 1778 2312 1818 avum
2344 1770 2584 1816 nostrum
2613 1760 2806 1814 merito
2836 1774 2933 1814 vos
2961 1757 3090 1812 fecit
3114 1771 3236 1811 esse
3262 1763 3566 1825 suspectos,
3596 1769 3731 1824 quos

2151 1855 2317 1910 etiam
2344 1850 2594 1925 secundis
2622 1849 2781 1924 [Ed.,
2822 1847 2978 1921 seris]
3005 1846 3456 1918 pneceptionibus
3507 1845 3735 1899 credidit

2153 1942 2549 2008 admonendus;
2599 1952 2658 1994 ut
2695 1941 2884 1995 relicto
2923 1937 3144 1993 tandem
3175 1935 3582 2007 provincialium
3626 1950 3736 2004 gra-

2151 2035 2396 2101 vamine,
2449 2033 2517 2088 ad
2569 2032 2686 2102 ejus
2729 2031 3002 2087 deberetis
3045 2030 3308 2100 justitiam
3357 2029 3645 2093 festinare;
3686 2034 3738 2081 et

2155 2141 2298 2180 nunc
2324 2138 2542 2194 quoque
2569 2121 2892 2192 suspicionis
2929 2119 3176 2174 maximae
3204 2118 3332 2174 fecit
3370 2125 3734 2186 augmentum,

2156 2225 2218 2271 ut
2256 2230 2357 2271 nec
2397 2214 2464 2268 ad
2505 2213 2654 2268 initia
2684 2220 2868 2267 nostra
2909 2209 3218 2266 voluissetis
3253 2223 3557 2272 occurrere,
3599 2206 3738 2277 quod

2157 2308 2324 2363 libera
2354 2305 2680 2362 conscientia
2710 2303 2974 2374 potuisset
3003 2310 3211 2373 Optare.
3243 2297 3309 2354 Et
3333 2300 3453 2354 ideo
3477 2297 3731 2368 prtcseuti

2159 2397 2476 2454 auctoritate
2515 2409 2818 2460 censemus,
2867 2393 2989 2450 utsi
3031 2391 3161 2461 quid
3196 2406 3359 2462 super
3400 2389 3735 2444 tributariam

2159 2489 2388 2547 solidum
2419 2504 2516 2559 per
2535 2493 2781 2558 quartam
2813 2485 3162 2540 indictionem
3191 2485 3366 2555 (Anno
3396 2481 3589 2536 Christi
3625 2479 3740 2549 526)

2161 2595 2193 2635 a
2231 2578 2646 2650 provincialibus
2688 2575 2960 2645 exegistis,
3005 2575 3122 2631 sine
3155 2575 3332 2643 aliqua
3374 2573 3451 2628 eis
3491 2572 3742 2626 imminu-

2162 2668 2310 2724 tione
2356 2667 2625 2735 reddatis,
2675 2666 2800 2736 quia
2843 2680 3003 2735 supra
3049 2673 3288 2719 veterem
3331 2677 3550 2718 censum
3607 2659 3744 2714 nulla

2163 2757 2471 2814 indictionis
2529 2755 2796 2827 praedicta:
2843 2771 2938 2812 eos
2985 2755 3231 2812 volumus
3276 2753 3470 2808 damna
3522 2752 3742 2807 sentire.

2164 2848 2282 2906 Hoc
2309 2850 2474 2905 etiam
2505 2848 2806 2903 addendum
2837 2861 2956 2903 esse
2999 2847 3340 2911 credidimus,
3390 2844 3653 2913 quoniam
3690 2857 3746 2898 a-

2165 2955 2318 2996 more
2345 2940 2644 2995 clementim
2668 2953 2882 2993 errores
2909 2938 3157 2992 nolumus
3186 2935 3446 2998 invenire,
3481 2948 3552 2988 ne
3579 2931 3748 2988 coacti

2166 3031 2346 3103 potius
2402 3044 2707 3085 resecemus
2757 3028 2902 3098 quod
2962 3027 3108 3083 salva
3153 3026 3360 3096 justitia
3413 3023 3751 3080 dissimulare

2171 3138 2283 3178 non
2318 3136 2630 3193 possumus;
2663 3127 2722 3174 ut
2747 3121 2792 3174 si
2822 3119 3055 3188 aliquem
3099 3118 3277 3172 studio
3307 3117 3519 3171 laesistis
3561 3129 3747 3186 pravo,

2169 3223 2349 3274 vestro
2376 3214 2546 3282 magis
2589 3211 2884 3268 emcndctis
2913 3209 3152 3275 arbitrio,
3194 3208 3319 3279 quia
3364 3208 3469 3262 hoc
3498 3216 3592 3262 est
3631 3221 3753 3276 pro—

2166 3307 2284 3378 pria
2327 3305 2523 3362 delicta
2553 3304 2856 3372 corrigere,
2899 3301 3045 3372 quod
3088 3309 3143 3356 et
3185 3315 3293 3355 non
3331 3299 3529 3353 facere.
3589 3298 3657 3352 Et
3693 3312 3756 3351 ne

2166 3397 2388 3452 forsitan
2456 3395 2687 3451 credatis
2753 3392 3159 3463 longinquitatis
3206 3390 3526 3446 difﬁcultate
3592 3391 3755 3444 latere

2167 3503 2288 3559 qu.c
2325 3494 2475 3556 gesta
2513 3493 2655 3551 sunt,
2699 3483 2894 3538 Siculis
2928 3483 3176 3537 fiduciam
3217 3497 3312 3537 vos
3343 3481 3599 3536 dedimus
3638 3479 3761 3534 sub-

2166 3578 2446 3649 sequendi.
2499 3577 2688 3632 Videte
2731 3590 2874 3630 nunc
2910 3574 2956 3630 si
2992 3589 3155 3629 voces
3183 3574 3400 3645 possitis
3441 3572 3594 3628 ferre
3631 3585 3759 3643 que-

2167 3673 2332 3737 rulas,
2380 3685 2511 3742 quas
2558 3671 2721 3725 etiam
2764 3676 2947 3724 nostra
2996 3667 3240 3722 invitavit
3282 3666 3614 3722 auctoritas.
3655 3664 3758 3719 Ad-

2169 3763 2474 3819 monuimus
2528 3763 2686 3830 igitur
2731 3775 2867 3830 quos
2919 3760 3040 3829 pios
3092 3759 3250 3814 decet
3295 3774 3433 3814 esse.
3481 3756 3614 3813 1am
3664 3769 3756 3811 suo

2167 3855 2299 3909 vitio
2329 3853 2538 3927 videtur
2564 3853 2826 3917 accusari,
2871 3851 2962 3920 qui
3002 3857 3298 3918 spontanea
3341 3848 3513 3903 noluit
3568 3849 3757 3903 volun-

2173 3953 2284 3999 tate
2335 3943 2530 4011 corrigi
2584 3940 2734 4014 [_Gr.,
2788 3938 2949 4006 Niv.,
3005 3937 3136 4002 6a.,
3196 3938 3402 3993 vitavit.
3459 3937 3584 3993 Suo
3639 3937 3761 3991 viu'o

2171 4035 2382 4089 videtur
2441 4033 2712 4098 accusari,
2767 4032 2859 4100 qui
2908 4039 3204 4101 spontanea
3256 4029 3548 4086 voluntate
3599 4029 3764 4085 noluit

2177 4123 2412 4194 corrigi].

2709 4277 3041 4336 EPISTDLA
3076 4279 3209 4336 Xlll.

2177 4408 2350 4450 WlLl£
2387 4409 2510 4450 Ἣκο
2537 4408 2806 4461 ιιιυετιυ,
2847 4409 3025 4449 COMITI
3066 4407 3369 4448 PATRIIIONII
3395 4408 3770 4450 ATBALABICIJI

2879 4480 3006 4520 REX.

2102 4585 2156 4646 D
2183 4576 2434 4648 Praecipit
2485 4584 2542 4629 ut
2595 4575 2890 4648 domesticis
2925 4576 3011 4646 qui
3058 4574 3329 4648 comitibus
3373 4579 3766 4645 provinciarum

2245 4645 2607 4718 obsequuntur,
2648 4662 2805 4714 supra
2837 4645 3080 4718 ducentos
3102 4645 3302 4718 solidos
3333 4655 3388 4699 .et
3437 4648 3620 4718 decem
3669 4663 3766 4718 an-

2245 4715 2412 4771 nonas
2449 4725 2590 4769 curet
2612 4715 2994 4787 quinquaginta
3031 4715 3225 4769 solidos
3263 4732 3466 4770 annuos
3506 4715 3763 4786 adjungi,

2245 4788 2382 4857 regis
2408 4784 2695 4840 rationibus
2723 4784 3075 4856 imputandos.

2247 4900 2624 4970 Magnitudinis
2674 4911 2777 4956 tua:
2805 4900 3144 4970 suggestione
3172 4901 3544 4970 comperimus
3577 4903 3646 4956 de
3675 4901 3770 4954 do-

2176 4993 2520 5049 mesticorum
2538 4993 2850 5048 excessibus
2871 4992 2963 5060 qui
3003 4991 3286 5047 destinatis
3324 4992 3628 5047 comitibus
3668 4993 3765 5046 ob-

2172 5090 2468 5153 sequuntur
2509 5081 2867 5151 provinciales
2896 5081 3106 5137 damnis
3130 5082 3372 5150 plurimis
3413 5082 3762 5150 ingravatos;

2172 5173 2317 5244 quod
2356 5171 2623 5227 credimus
2650 5171 3134 5226 emolumentorum
3164 5171 3430 5240 parvitate
3471 5173 3767 5237 Dllll’llllm,

2172 5265 2295 5333 quia
2326 5262 2425 5317 sub
2464 5262 2692 5334 quadam
2731 5261 3078 5316 excusatione
3110 5275 3337 5330 peccare
3363 5259 3634 5326 creditur,
3683 5259 3764 5312 cui

2173 5351 2477 5406 necessaria
2530 5367 2638 5406 non
2688 5351 3011 5420 praebentur.
3067 5350 3137 5406 Et
3173 5351 3294 5405 ideo
3332 5353 3560 5421 speciali
3605 5353 3772 5406 bene-

2176 5439 2294 5497 ficio
2344 5442 2613 5510 generalia
2663 5443 2978 5512 compendia
3035 5442 3350 5511 largientes,
3401 5441 3768 5511 magnitudini

2175 5545 2279 5591 tua:
2308 5537 2556 5606 prmscnti
2580 5540 2899 5595 auctoritate
2927 5539 3263 5609 praecipimus
3293 5547 3351 5593 ut
3370 5555 3540 5608 supra
3563 5541 3772 5594 ducen-

2174 5636 2257 5681 tos
2285 5627 2485 5682 solidos
2530 5637 2585 5684 et
2621 5627 2804 5683 decem
2843 5643 3083 5686 annonas
3111 5644 3247 5698 quas
3291 5630 3566 5684 hactenus
3605 5646 3769 5685 acce-

2173 5725 2391 5787 perunt,
2443 5732 2473 5772 a
2515 5718 2701 5786 quinta
2752 5718 2980 5773 feliciter
3030 5718 3322 5774 indictione
3368 5718 3772 5788 quinquaginta

2173 5807 2251 5865 cis
2295 5807 2500 5865 solidos
2548 5822 2754 5864 annuos
2807 5805 3017 5868 faciatis
3070 5811 3438 5867 incunctanter
3501 5809 3761 5880 adjungia
