3990 6170
438 351 550 406 783

1678 356 1746 410 Μ.
1789 354 2064 411 AURELII
2103 355 2498 417 CASSIODORI

3610 379 3710 434 78-5

514 468 789 551 utﬁgeutes
809 469 981 523 titulos
997 470 1202 551 nomine
1218 471 1440 551 publica.
1539 471 1734 551 Contra
1750 470 2035 551 obtinentes
2068 473 2117 532 Α
2142 483 2400 541 quantum
2429 486 2785 548 prmsumptor
2813 481 3070 550 potuisct
3097 483 3289 551 addici,
3325 484 3376 539 in
3407 489 3717 544 auctoribus

517 540 705 611 callide
725 549 772 591 et
809 555 1041 611 peruerse
1077 541 1383 611 sementium
1411 541 1722 611 priugipuut.
1751 541 1804 594 4.
1833 541 2026 594 Contra

515 608 814 662 dividentes
836 608 1006 660 aliena
1037 609 1387 664 matrimonia.
1411 608 1480 664 ’5.
1514 608 1706 664 Contra
1734 611 2026 664 adulteros.

517 677 568 751 ρ.
617 678 806 751 Contra
853 693 938 730 eos
979 679 1064 751 qui
1107 678 1302 751 duabus
1344 681 1594 735 uxoribus
1627 681 2025 751 reputabuntur.

515 748 567 801 7.
612 745 802 801 Contra
845 745 1237 802 concubinarios
1280 757 1328 802 et
1359 745 1699 803 concubinas:
1738 752 1790 804 8.
1833 750 2030 803 Contra

513 818 715 890 eosgqui
745 827 938 890 terrore
966 817 1272 890 donationes
1299 819 1694 890 extorquebant.
1735 819 1787 890 9.
1838 821 2030 874 Contra

512 887 798 956 maleﬁcos.
843 886 929 939 l0.
984 890 1176 941 Contra
1221 886 1527 942 homicidas.
1578 889 1661 943 Η.
1707 889 1900 943 Contra
1943 905 2030 943 eos

513 959 600 1027 qui
645 959 700 1010 in
741 973 848 1030 una
895 973 1052 1030 causa
1075 959 1316 1030 _secundo
1370 977 1401 1012 a
1440 959 1704 1030 judicibus
1749 961 2032 1014 ordinariis

513 1025 1015 1097 pratvorabantulﬂ.
1063 1026 1254 1097 Contra
1285 1025 1557 1084 violatores
1596 1030 1879 1084 edictorum
1924 1039 2030 1082 tam

512 1089 675 1166 ipsius
706 1113 858 1167 quam
886 1095 1208 1151 Theodorici.
1242 1089 1250 1112 ⁸

531 1190 688 1261 150
735 1188 963 1244 Provide
1011 1189 1249 1245 decrevit
1293 1191 1583 1261 antiquitas
1627 1191 2030 1245 universitatem

446 1272 640 1329 edictis
667 1269 1008 1340 generalibus
1037 1269 1342 1336 admoneri,
1397 1287 1496 1341 per
1539 1284 1658 1343 qua:
1686 1280 1742 1325 et
1778 1271 2033 1326 delictum

445 1377 606 1416 omne
634 1347 938 1427 coriigitur,
981 1354 1038 1414 et
1075 1359 1386 1415 excedentis
1424 1361 1744 1416 verecundia
1775 1377 1882 1415 non
1913 1367 2036 1429 gra-

449 1463 620 1506 vatur.
671 1449 866 1504 Cuncti
907 1450 1049 1504 enim
1089 1449 1190 1505 sibi
1225 1450 1493 1505 aestimant
1519 1451 1652 1516 dici,
1699 1451 1788 1506 ubi
1832 1451 2034 1505 nullum

447 1552 664 1606 constat
692 1542 923 1614 exponi;
956 1549 1011 1596 et
1037 1541 1226 1597 simil-is
1255 1541 1313 1596 fit
1342 1543 1644 1611 innocenti,
1674 1557 1833 1612 quem
1863 1541 2037 1596 conti-

445 1637 587 1704 gerit
613 1634 714 1690 sub
742 1633 1118 1690 communione
1146 1633 1380 1704 purgari.
1432 1631 1567 1688 Hinc
1605 1639 1661 1688 et
1691 1639 1873 1687 nostra
1908 1647 2036 1687 vere

454 1728 628 1797 pietas
655 1725 971 1790 custoditur,
1003 1723 1128 1779 dum
1158 1723 1346 1779 feriato
1372 1724 1549 1795 gladio
1566 1724 1816 1779 nascitur
1838 1733 2033 1786 metus,

451 1829 508 1874 et
530 1817 776 1890 provenit
794 1816 912 1871 sine
931 1830 1123 1871 cruore
1143 1815 1430 1872 correctio.
1457 1815 1873 1872 Commovemur
1892 1817 2035 1871 enim

457 1907 687 1978 placati;
735 1906 1004 1960 minamur
1041 1906 1246 1973 otiosi;
1293 1914 1347 1960 et
1393 1907 1688 1961 clementer
1735 1907 2031 1972 irascimur,

453 1998 670 2068 quando
705 1998 833 2052 vitia
861 1997 976 2052 sola
1007 1995 1341 2053 damnamus.
1392 1996 1492 2052 Diu
1519 2006 1601 2054 est
1627 1997 1771 2067 quod
1798 1996 2038 2053 diverso-

455 2105 574 2144 rum
615 2087 850 2158 querela:
879 2088 1078 2144 nostris
1107 2088 1324 2144 auribus
1349 2088 1552 2144 crebris
1581 2088 2037 2144 susurrationibus

457 2182 809 2244 insonarunt,
873 2180 1134 2249 quosdam
1182 2181 1439 2236 civilitate
1484 2180 1738 2251 despecta
1787 2177 2040 2236 affectare

431 2273 638 2327 ‘vivere
660 2271 892 2326 belluina
916 2271 1149 2338 saevitia;
1177 2271 1303 2326 dum
1327 2271 1554 2340 regreSsi
1576 2271 1641 2326 ad
1662 2282 1873 2341 agreste
1893 2272 2042 2343 pria-

446 2369 685 2440 cipium,
733 2369 823 2439 jus
862 2369 1153 2424 humanum
1182 2370 1284 2424 sibi
1324 2370 1596 2424 aestimant
1623 2369 1859 2425 feraliter
1886 2370 2039 2428 odio-

455 2474 594 2514 sum.
628 2458 777 2526 Quos
799 2473 944 2513 nunc
965 2467 1089 2528 apte
1105 2458 1464 2527 judicavimus
1487 2462 1953 2531 comprimendos;
1984 2471 2044 2518 ut

455 2565 525 2605 eo
548 2557 791 2620 tempore
819 2549 1033 2602 inimica
1059 2549 1212 2603 bonis
1237 2550 1478 2604 moribus
1501 2551 1724 2604 crimina
1754 2566 2044 2620 persequa-

455 2657 596 2706 mur,
646 2655 754 2709 quo
784 2641 1030 2696 hostibus
1055 2641 1364 2711 reipublicae
1391 2643 1570 2698 divina
1598 2644 1794 2698 virtute
1833 2644 2042 2699 resisti—

455 2745 596 2786 mus.
635 2729 926 2802 Utrumque
963 2732 1179 2800 quidem
1209 2731 1461 2798 noxium,
1508 2741 1796 2802 utrumque
1836 2734 2045 2804 pellen-

456 2823 624 2889 dum;
668 2821 765 2878 sed
808 2831 960 2877 tanto
1006 2821 1222 2891 gravius
1273 2832 1584 2890 grassantur
1635 2824 1784 2889 vitia,
1843 2834 2044 2894 quanto

459 2913 628 2983 magis
657 2912 955 2984 probantur
998 2913 1227 2968 interna.
1263 2911 1436 2966 Unum
1468 2913 1730 2968 recumbit
1759 2915 1810 2969 in
1850 2915 2041 2970 altero.

453 3006 692 3064 Facilius
716 3007 915 3079 quippe
943 3007 1280 3063 inimicorum
1319 3007 1463 3064 acies
1505 3007 1720 3077 cadunt,
1769 3010 1814 3066 si
1859 3019 2043 3066 nostro

455 3113 577 3154 :evo
605 3098 799 3154 delicta
828 3098 1191 3154 subducimus.

2135 569 2312 618 tamen
2335 563 2588 622 facinoris
2607 571 2944 624 manentibus
2967 575 3288 630 constitutis.
3344 574 3500 642 Quod
3526 578 3571 632 si
3599 583 3714 649 quis

2136 651 2188 706 in
2220 660 2424 707 tantam
2455 661 2698 724 raptatus
2728 661 3044 725 amentiam,
3074 664 3351 732 tyrannica
3381 666 3572 735 spiritu
3611 669 3716 736 juri

2135 741 2348 810 publico
2362 757 2562 812 parere
2585 746 2895 814 neglexerit,
2925 751 3232 822 viribusque
3256 767 3558 825 prchotens
3579 758 3716 830 [Ac.,

2136 831 2500 903 pmpostcris]
2530 833 2783 890 destinati
2831 837 2994 892 oflicii
3045 844 3307 910 spreverit
3354 846 3715 914 paucitatem,

2134 920 2404 976 relatione
2427 921 2622 992 judicis
2661 927 2858 984 nostris
2886 930 3103 984 auribus
3147 933 3395 988 notabilis
3426 937 3717 1004 ingeratnr,

2137 1019 2195 1063 ut
2242 1011 2442 1067 indulta
2488 1018 2837 1073 exsecutione
2883 1020 3149 1089 sajonum,
3204 1023 3464 1079 ultionem
3512 1030 3714 1084 sentiat

2135 1101 2331 1170 vigoris
2362 1105 2525 1173 regii,
2557 1107 2647 1177 qui
2676 1109 2898 1164 obedire
2932 1112 3104 1166 noluit
3132 1115 3416 1182 eognitori.

2208 1212 2266 1266 2.
2299 1211 2364 1267 Et
2391 1214 2515 1284 quia
2547 1219 2770 1274 summis
2813 1220 3142 1291 principibus
3182 1224 3315 1291 juris
3342 1229 3720 1285 communione

2135 1306 2417 1363 vivendum
2448 1318 2550 1374 est,
2590 1311 2638 1385 si
2668 1312 2808 1381 quis,
2844 1313 2869 1350 ιι
2901 1313 3076 1382 legum
3109 1316 3296 1370 ordine
3337 1321 3719 1385 prasterniisso,

2137 1396 2354 1451 nomine
2383 1399 2596 1467 publico
2626 1400 2811 1456 titulos
2839 1404 3241 1472 praesumpserit
3268 1405 3502 1473 afﬁgere,
3534 1409 3585 1460 in
3605 1416 3720 1462 tan-

2139 1493 2250 1540 tum
2281 1489 2572 1556 possidenti
2599 1489 2691 1544 ﬁat
2718 1491 3003 1557 obnoxius,
3036 1501 3291 1562 quantum
3322 1498 3525 1550 sanctio
3555 1514 3719 1567 supe-

2138 1579 2248 1632 rius
2297 1590 2593 1635 tnemorata
2639 1590 2885 1637 testatur.
2936 1584 3127 1640 Merito
3171 1587 3312 1640 enim
3356 1596 3410 1640 et
3453 1590 3719 1659 sacrilegii

2137 1685 2296 1741 pruna
2329 1673 2653 1742 percellitur,
2707 1676 2798 1744 qui
2827 1676 3011 1746 iniquo
3051 1687 3074 1716 ο
3109 1678 3438 1747 pervasionis
3482 1683 3721 1749 pondere

2138 1775 2300 1815 ausus
2327 1769 2409 1817 est
2437 1763 2770 1831 majestatem
2801 1765 2932 1835 regii
2963 1767 3194 1820 nominis
3235 1767 3537 1837 ingravare.
3583 1769 3720 1824 Litis

2071 1857 2112 1914 Β
2139 1870 2353 1924 quoque
2397 1871 2664 1926 expensas
2697 1857 2898 1926 judicio
2941 1871 3223 1928 superatus
3265 1860 3506 1916 exsolvat
3533 1878 3546 1913 :
3572 1862 3720 1930 quod

2137 1946 2262 2000 hinc
2281 1945 2478 2002 dantur
2505 1946 2741 2002 fomenta
2767 1947 3099 2004 detestabilis
3122 1949 3280 2017 jurgii
3299 1989 3314 2015 ,
3347 1965 3466 2004 cum
3487 1951 3719 2020 improbi

2137 2037 2426 2092 vincuntur
2477 2038 2662 2105 illmsi;
2714 2054 2815 2094 nec
2842 2040 2989 2096 dolet
3023 2042 3465 2098 calumniantibus
3497 2043 3719 2114 pudoris

2137 2129 2413 2197 damnum,
2441 2129 2486 2184 si
2513 2131 2782 2185 evaserint
2806 2131 3080 2202 dispendia
3107 2131 3437 2189 facultatum.

2209 2240 2260 2294 '5.
2293 2237 2349 2294 Si
2387 2241 2506 2309 quis
2531 2249 2713 2296 autem
2741 2242 2808 2326 de
2849 2245 3046 2300 nostris
3074 2244 3285 2299 scriniis
3313 2245 3512 2316 aliquid
3543 2248 3720 2303 credi-

2140 2329 2278 2386 derit
2299 2326 2738 2401 promovendum,
2769 2334 3074 2390 adversario
3095 2346 3479 2406 suo,quantum
3498 2338 3564 2394 ad
3588 2355 3720 2394 cau-

2141 2436 2255 2476 sam
2290 2422 2407 2492 ejus
2435 2423 2689 2494 pertinet,
2733 2425 2799 2479 de
2829 2437 3111 2482 consecuta
3141 2427 3270 2502 [Με.
3313 2439 3368 2483 et
3406 2430 3532 2496 Ac.,
3584 2447 3719 2487 con-

2145 2511 2320 2583 sueta]
2345 2514 2486 2569 serie
2507 2515 2807 2584 jussionum
2837 2517 2966 2571 nihil
2995 2520 3222 2574 aestimet
3251 2521 3718 2592 supprimendum:

2144 2607 2197 2660 ni
2238 2607 2444 2673 fecerit,
2491 2618 2676 2665 careat
2710 2611 3039 2681 impetratis;
3073 2614 3156 2668 vel
3203 2616 3246 2669 si
3284 2615 3499 2684 aliquod
3543 2633 3614 2672 ex
3657 2633 3721 2673 eo

2144 2714 2304 2768 agere
2341 2703 2658 2767 tentaverit,
2708 2704 3049 2760 nihilominus
3097 2707 3359 2762 habeatur
3405 2706 3718 2772 inﬁrmum;

2141 2791 2266 2859 quia
2307 2789 2426 2846 illos
2454 2791 2599 2846 solos
2627 2792 2871 2848 volumus
2901 2795 2977 2849 uti
3006 2795 3282 2852 beneficiis
3320 2799 3551 2864 nostris,
3589 2815 3722 2870 quos

2144 2896 2250 2935 non
2294 2882 2663 2951 cognoscimus
2689 2883 2907 2939 studere
2933 2887 3198 2941 versutiis.

2213 2993 2266 3047 4.
2319 2993 2420 3062 Qui
2465 2997 2713 3052 suasione
2761 2998 3044 3068 plectenda
3093 3002 3429 3056 matrimonia
3480 3003 3723 3059 dividere

2144 3085 2331 3140 nititur
2359 3087 3058 3158 aliena,ipsiusconjugium
3088 3091 3345 3146 habeatur
3373 3093 3646 3159 illicitum;
3671 3104 3726 3149 ut

533 3190 585 3243 1.
619 3185 852 3244 Primum
898 3190 1134 3245 humano
1176 3192 1360 3258 generi
1406 3191 1619 3246 noxiam
1671 3194 2036 3264 pervasionem

2145 3178 2314 3246 magis
2340 3179 2625 3248 contigisse
2646 3181 2842 3234 sentiat
2867 3182 2984 3246 sibi,
3015 3183 3156 3251 quod
3186 3183 3237 3236 in
3259 3185 3428 3240 altero
3459 3189 3726 3257 malignus

463 3281 586 3350 (sub
613 3294 721 3349 qua
749 3293 848 3335 nec
878 3279 980 3334 dici
1009 3287 1188 3350 potest
1216 3281 1464 3349 civilitas,
1495 3297 1596 3337 nec
1642 3283 1858 3355 haberi)
1889 3299 2044 3339 seve-

461 3373 622 3426 ritate
672 3373 870 3442 legum,
925 3380 979 3425 et
1032 3377 1216 3430 nostra
1271 3371 1636 3443 indignatione
1681 3373 2040 3429 damnamus:

459 3471 762 3519 statuentes
791 3470 848 3516 ut
875 3462 1082 3518 sanctio
1110 3461 1217 3516 divi
1255 3462 1612 3518 Valentiniani
1641 3465 1920 3520 adversum
1951 3480 2046 3521 eos

459 3553 550 3606 diu
579 3553 807 3622 pessime
835 3552 1084 3621 neglecta
1115 3560 1422 3622 consurgat,
1453 3562 1475 3589 ⁸
1497 3553 1586 3623 qui
1618 3553 1813 3623 praedia
1843 3553 2044 3612 urbana

460 3643 546 3696 vel
586 3643 808 3710 rustica,
855 3642 1111 3712 despecto
1147 3639 1284 3710 juris
1331 3643 1540 3711 ordine,
1591 3655 1687 3712 per
1714 3657 1772 3697 se
1813 3657 2045 3712 suosque

460 3735 916 3806 prtesumpserint,
939 3733 1165 3804 expulso
1182 3749 1512 3803 possessore,
1536 3735 1798 3790 violenter
1813 3737 2042 3803 intrare;

462 3843 563 3883 nec
609 3827 806 3896 aliquid
835 3826 899 3881 de
929 3825 1046 3895 ejus
1074 3825 1409 3880 districtione
1451 3824 1758 3880 detestabili
1799 3825 2045 3881 volumus

464 3918 860 3988 temperatione
887 3917 1121 3986 mitigari
1155 3935 1167 3969 :
1203 3916 1422 3988 insuper
1466 3916 1722 3972 addentes
1750 3925 1809 3971 ut
1837 3918 1878 3972 si
1925 3917 2045 3986 quis

463 4009 818 4076 ingenuorum
847 4006 914 4060 ad
943 4005 1375 4060 satisfaciendum
1405 4007 1506 4076 legi
1534 4007 1776 4078 superius
1815 4007 2044 4063 deﬁnitae

458 4096 684 4150 idoneus
711 4109 822 4150 non
851 4095 1097 4162 habetur,
1147 4095 1534 4165 deportationis
1579 4100 1824 4168 protinus
1865 4101 2040 4168 subja-

457 4195 577 4242 ceat
606 4185 795 4242 ultioni
823 4203 834 4238 :
862 4185 986 4255 quia
1017 4185 1136 4256 plus
1161 4185 1345 4241 debuit
1371 4188 1613 4256 cogitare
1653 4188 1773 4258 jura
1805 4188 2040 4260 publica,

456 4277 549 4348 qui
591 4293 651 4333 se
683 4285 910 4332 noverat
945 4276 1072 4331 alibi
1098 4291 1206 4332 non
1236 4292 1397 4348 posse
1438 4279 1705 4334 sustinere
1730 4278 2040 4335 vindictam.

457 4369 674 4425 iudices
695 4370 857 4438 igitur
877 4376 1270 4438 competentes,
1302 4368 1368 4423 ad
1395 4383 1531 4438 quos
1554 4377 1733 4439 potest
1754 4370 2041 4425 admissum

455 4461 660 4516 facinus
682 4461 971 4529 pertinere,
997 4459 1062 4528 si,
1084 4459 1384 4516 invasorem
1405 4475 1526 4515 cum
1541 4461 1746 4530 possint
1767 4475 2040 4527 amovere,

455 4548 770 4619 pertulerint
809 4557 994 4604 tenere
1035 4558 1378 4618 praesumpta,
1429 4556 1485 4604 et
1511 4549 1690 4620 adepti
1719 4549 1908 4618 singuli
1939 4551 2037 4606 ho-

2143 3283 2398 3324 exercere
2427 3271 2670 3324 tentavit.
2714 3271 2770 3326 Si
2802 3287 2929 3327 vero
2960 3288 3060 3342 pro
3087 3275 3565 3344 conjunctionibus
3593 3281 3724 3334 cha-

2143 3360 2302 3414 ritate
2371 3359 2648 3430 privatur,
2705 3361 2940 3416 futurum
2998 3363 3394 3419 matrimonium
3458 3366 3538 3420 illi
3606 3369 3725 3436 jure

2143 3450 2470 3528 denegamus
2513 3468 2525 3504 :
2572 3451 2696 3520 quia
2739 3466 2846 3506 non
2897 3460 3134 3508 meretur
3166 3453 3360 3522 jugalis
3402 3459 3731 3512 reverentia:

2144 3541 2363 3611 przemia
2397 3545 2670 3610 consequi,
2703 3540 2793 3610 qui
2834 3543 2885 3596 in
2912 3543 3135 3610 genialis
3181 3545 3293 3598 tori
3341 3560 3502 3600 ausus
3540 3559 3630 3603 est
3655 3549 3732 3602 di-

2148 3631 2349 3687 visione
2379 3633 2628 3700 grassari.
2681 3632 2784 3688 Sed
2817 3648 2885 3686 ne
2914 3634 3122 3701 aliquos
3141 3633 3304 3703 .hujus
3331 3636 3565 3692 sceleris
3612 3653 3735 3692 reos

2145 3722 2278 3776 ultio
2318 3731 2499 3777 nostra
2537 3722 2902 3792 derelinquat,
2952 3723 3075 3778 illos
3101 3739 3236 3794 quos
3275 3739 3398 3794 spes
3425 3741 3543 3782 non
3575 3729 3734 3783 habet

2145 3813 2426 3884 prmsentis
2447 3812 2680 3882 conjugii
2697 3855 2710 3878 ,
2739 3814 2828 3869 vel
2853 3813 3045 3880 futuri,
3077 3815 3120 3869 si
3143 3815 3268 3886 quid
3292 3817 3344 3870 in
3366 3817 3587 3874 alienos
3613 3820 3735 3874 tha-

2145 3901 2316 3958 lamos
2353 3901 2540 3957 dolosa
2571 3903 2967 3958 machinatione
3009 3905 3465 3974 prtesumpserint,
3509 3908 3738 3962 faculta-

2146 4002 2256 4047 tum
2286 4008 2501 4047 suarum
2545 3993 2719 4048 media
2751 3994 3003 4064 portione
3049 3996 3344 4065 priventur,
3395 4000 3596 4054 statim
3627 3998 3737 4053 fisci

2139 4083 2348 4151 juribus
2394 4083 2725 4154 applicanda.
2759 4085 2814 4140 Si
2858 4101 2985 4142 vero
3008 4088 3328 4158 prohibente
3370 4093 3647 4162 pauperie
3686 4092 3734 4144 in

2145 4175 2444 4247 aliquorum
2473 4177 2769 4233 substantia
2793 4180 3058 4250 nequierit
3081 4181 3366 4249 vindicari,
3396 4198 3567 4252 pruna
3598 4185 3737 4239 rele-

2143 4277 2337 4338 gentur
2366 4270 2568 4326 exsilii:
2595 4285 2684 4340 ne,
2713 4273 2856 4342 quod
2879 4271 3024 4327 dictu
3053 4271 3202 4328 nefas
3227 4285 3332 4341 est,
3349 4274 3476 4330 ideo
3506 4277 3736 4331 videan-

2145 4369 2233 4414 tur
2256 4363 2727 4418 comminationem
2751 4363 2886 4433 juris
2907 4365 3102 4434 publici
3129 4365 3380 4433 evadere,
3429 4370 3565 4438 quia
3597 4370 3740 4423 vilis-

2144 4450 2290 4506 simae
2346 4461 2640 4508 noscuntur
2692 4453 2974 4523 subjacere
3021 4453 3266 4510 fortuna.
3318 4454 3431 4512 Sed
3501 4459 3625 4513 haec
3672 4459 3742 4512 de

2145 4547 2584 4603 sollicitaturibus
2613 4548 2834 4602 atl'ectus
2861 4547 3022 4603 alieni
3051 4548 3226 4618 pietas
3252 4557 3441 4605 nostra
3467 4550 3735 4606 decrevit.

453 4598 588 4696 inore
616 4638 910 4708 priventur,
943 4647 999 4694 et
1028 4598 1159 4694 fisco
1188 4598 1374 4695 nosrtro
1405 4598 1768 4694 tantumrﬁant
1793 4598 2032 4708 tibnoxii,
2065 4598 2119 4658 Β
2211 4636 2264 4692 5.
2295 4636 2559 4694 Caeterum
2590 4639 2644 4694 in
2667 4639 2923 4694 adulteris
2947 4647 3120 4695 totum
3141 4640 3550 4699 districtissime
3589 4644 3740 4699 volu-

344 4797 373 4828 τ’
465 4803 550 4867 ut
578 4793 713 4867 Fide
741 4793 884 4867 l._Si
913 4796 1025 4865 quia
1053 4796 1106 4849 in
1135 4803 1354 4850 tantam.
1384 4790 1516 4848 Cod.
1548 4791 1758 4850 Theod.
1799 4792 1878 4850 De
1906 4796 1971 4861 vi,
2005 4796 2033 4867 ᾗ

452 4863 542 4919 68.
569 4863 670 4918 Gn.
703 4873 759 4919 et
785 4862 908 4919 Cur.

523 4937 547 4972 δ
574 4934 752 4990 Solius
782 4934 894 4990 lisei
923 4941 1006 4989 est
1035 4933 1220 4988 titulos
1263 4933 1452 4987 alienis
1481 4931 1695 5002 praediis
1723 4933 2031 5003 imponere;

451 5020 553 5060 nec
591 5005 715 5060 licet
757 5005 990 5074 privato,
1022 5003 1246 5074 velsuis
1292 5003 1453 5057 rebus
1489 5003 1874 5074 potentiorum,
1904 5006 2035 5060 alie-

459 5077 606 5130 nisve
633 5073 881 5146 proprios
919 5083 1012 5128 aut
1041 5073 1588 5146 publicosimponere
1613 5073 1829 5146 titulos,
1850 5075 2034 5144 impri-

455 5160 604 5200 mere
625 5143 800 5214 signa,
839 5146 1164 5214 suspendere
1189 5144 1336 5212 regia
1367 5143 1500 5207 vela,
1542 5145 1674 5214 sive,
1705 5152 1763 5197 ut
1803 5143 2033 5200 Ambro-

451 5216 562 5285 sius
614 5215 870 5285 loquitur,
909 5213 1145 5271 coni-as
1185 5214 1399 5285 regias:
1459 5229 1566 5285 qua
1611 5213 1678 5285 de
1713 5229 1772 5269 re
1788 5225 2034 5285 _exstant

451 5283 605 5338 multi
632 5283 734 5340 loci
758 5285 810 5339 in
826 5285 1059 5340 Novellis
1086 5292 1141 5338 et
1161 5285 1212 5338 in
1222 5284 1426 5338 Codice
1443 5301 1455 5348 ;
1479 5283 1770 5352 quinetiam
1783 5283 2033 5340 Ecclesia:

451 5356 724 5424 titulorum
773 5356 1041 5424 itnpositio
1080 5354 1415 5412 interdicitur
1459 5355 1665 5424 synodo
1704 5371 1732 5407 a
1772 5354 2032 5424 Gregorio

447 5423 688 5479 Mauricii
734 5422 956 5492 Augusti
984 5433 1224 5495 tempore
1252 5425 1430 5478 habita
1455 5441 1468 5476 :
1491 5422 1531 5477 7a
1565 5422 1694 5495 ﬁsco
1724 5422 2030 5493 igitur’solo

444 5496 564 5561 jure
605 5493 1248 5564 imponuntur,videlicet
1287 5502 1504 5558 testato,
1535 5493 1772 5564 publicis,
1789 5497 2030 5564 personis

447 5563 800 5633 praesentibus
814 5573 868 5619 et
889 5566 1114 5621 solemni
1138 5566 1272 5633 juris
1287 5565 1475 5618 ordine
1495 5563 1728 5634 servato.
1742 5563 2031 5634 Gregorius

445 5635 609 5704 etiam
633 5637 686 5689 in
715 5636 942 5703 quadam
971 5637 1196 5703 epistola
1223 5635 1464 5703 queritur
1490 5634 1556 5687 de
1594 5633 1866 5704 Stephano
1895 5652 2031 5704 quo-

447 5703 570 5756 dam
597 5705 924 5773 chartulario
947 5744 961 5767 ,
993 5707 1133 5773 quod
1165 5706 1380 5759 nomine
1413 5703 1520 5759 tisci
1554 5705 1670 5757 loca
1694 5703 2028 5772 singulorum

448 5772 750 5842 invaderet,
767 5789 830 5827 ac
861 5772 1044 5828 titulos
1074 5778 1374 5842 imponeret
1403 5774 1601 5826 indicta
1635 5790 1814 5828 causa.
1840 5775 2026 5831 Bauss.

523 5851 548 5881 ε
568 5841 893 5908 Pervadcre,
917 5859 1096 5913 supra,
1127 5841 1217 5898 lib.
1250 5861 1287 5911 ι,
1315 5844 1473 5914 epist.
1507 5843 1596 5912 15,
1621 5853 1676 5898 et
1705 5846 1835 5899 alias
1863 5861 2024 5916 saepe.

2139 4792 2475 4849 Pervasionis
2503 4795 2662 4860 actio,
2695 4795 2732 4848 l.
2763 4792 2876 4862 5,1.
2907 4794 2961 4858 6,
2990 4794 3054 4848 Ε.
3089 4793 3292 4849 Theod.
3327 4794 3410 4850 De
3431 4798 3663 4854 denunt.
3692 4805 3740 4852 ct

2135 4866 2258 4919 edit.
2309 4868 2542 4936 rescript.
2597 4864 2803 4920 Novell.
2854 4863 3345 4936 Valentin.12,_de
3389 4870 3577 4936 episc.
3612 4870 3737 4923 attd.

2137 4936 2280 4990 Idem
2335 4933 2586 4990 mendum
2633 4949 2699 4988 ex
2748 4949 2866 5003 cap.
2922 4933 2995 4988 25
3049 4935 3140 4989 lib.
3180 4949 3215 4990 v
3259 4933 3737 5005 Etymologiarum

2134 5006 2345 5076 pridem
2397 5006 2798 5067 sustuleram,
2830 5005 2971 5076 quod
3018 5013 3196 5059 tamen
3245 5006 3298 5059 in
3349 5009 3738 5062 recentissima

2135 5075 2370 5131 editione
2395 5076 2704 5147 repetitum,
2721 5075 3018 5147 persuasio,
3041 5086 3143 5143 pro
3166 5077 3440 5147 pervasit),
3463 5080 3737 5147 scriptum

2137 5147 2384 5200 vidimus.
2412 5143 2551 5211 Quid
2590 5143 2734 5213 quod
2763 5152 2817 5198 et
2859 5143 3280 5213 aliisauctorum
3312 5146 3472 5199 libris
3499 5143 3743 5202 insidet?

2138 5215 2426 5280 Vitruvius,
2478 5214 2570 5268 lib.
2608 5211 2687 5284 ix,
2731 5227 2846 5284 cap.
2887 5213 2938 5277 4,
2973 5211 3062 5266 ﬁn.
3101 5231 3112 5265 :
3167 5213 3403 5284 Singulis
3452 5218 3741 5272 mensibus

2131 5286 2214 5341 sol
2243 5287 2391 5354 signa
2441 5283 2773 5354 persuadens
2802 5283 2941 5352 (pro,
2983 5283 3306 5354 pervadens)
3325 5293 3502 5354 alget
3549 5297 3610 5340 et
3638 5287 3739 5338 mi-

2135 5357 2249 5410 nuit
2277 5351 2489 5410 dieruin
2513 5361 2569 5408 et
2589 5351 2839 5422 horarum
2880 5351 3072 5422 spatia.
3103 5351 3386 5414 Salvianus
3419 5351 3740 5410 Massilien-

2133 5427 2207 5481 sis
2233 5426 2533 5496 episcopus,
2561 5424 2651 5478 lib.
2683 5438 2733 5478 tv
2759 5421 2828 5477 de
2856 5421 3214 5496 Providentia,
3261 5423 3351 5477 ubi
3385 5423 3632 5480 divitum
3657 5441 3733 5480 ra-

2131 5493 2284 5566 pinas
2330 5493 2572 5563 increpat
2593 5533 2608 5556 ,
2638 5493 3088 5566 persuasionibus
3135 5502 3546 5566 praepotentem
3574 5534 3589 5559 ,
3631 5505 3739 5549 etc.

2132 5563 2403 5636 idemque,
2433 5566 2608 5636 libnv,
2635 5563 2716 5617 bis
2743 5563 2934 5618 eodem
2961 5563 3128 5636 verbo
3157 5564 3296 5636 citra
3327 5565 3605 5636 mendum
3636 5566 3743 5620 uti-

2133 5647 2237 5699 tur,
2270 5631 2646 5706 pervasoribus
2693 5641 2757 5706 et
2779 5632 3220 5706 pervasionibusL
3256 5631 3464 5688 Euseb.
3521 5650 3747 5705 quoque

2135 5700 2456 5767 Emissenus,
2482 5703 2670 5758 homil.
2703 5700 2795 5770 il,
2822 5703 2887 5756 de
2913 5700 3118 5756 Pascha
3143 5720 3154 5754 :
3188 5700 3560 5758 Pervasoreni
3589 5700 3746 5758 deice

2135 5777 2344 5844 linquit,
2377 5781 2618 5831 remanet
2661 5773 2851 5844 praedae
2879 5773 3154 5842 deceptus,
3184 5781 3237 5828 et
3259 5781 3462 5842 raptor
3493 5777 3741 5833 orbatus.

2133 5847 2299 5902 Fons.
