3998 6166
411 353 520 408 785

1716 359 2072 417 VARIARUM
2111 361 2314 421 LIBER
2351 367 2442 424 IX.

3592 374 3702 433 781i
3735 416 3737 419 -

411 485 532 560 mus
561 468 849 560 custodiri,
881 470 1140 542 quidquid
1169 473 1328 528 divali
1373 473 1547 543 potuit
1577 475 2002 544 commonitiqne
2033 478 2081 538 Α
2105 479 2316 535 ratione
2348 479 2580 550 firmata,
2626 492 2680 538 et
2708 485 2913 542 usualia
2956 489 3074 556 jura
3122 492 3356 560 publica,
3408 496 3510 554 sub
3548 503 3695 556 mimi

410 559 652 614 decerni.

478 648 532 702 '6.
568 648 687 704 Uno
712 656 956 721 tempore
978 653 1185 710 duabus
1208 671 1368 710 nemo
1396 656 1678 725 copuletur
1706 656 1998 711 uxoribus:

409 740 532 810 quia
553 756 611 796 se
635 743 848 796 noverit
867 760 1046 799 rerum
1061 763 1282 800 suarum
1306 747 1599 803 amissione
1629 747 1997 817 plectendum.

411 833 541 886 Nam
572 840 663 886 ant
695 833 858 888 libido
887 845 990 900 est,
1021 845 1074 891 et
1103 848 1249 892 recte
1279 838 1477 907 perfrui
1505 854 1612 892 non
1638 839 1831 894 sinitur
1858 857 1870 891 :
1903 848 2000 894 aut

410 924 697 991 cupiditas,
719 934 775 978 et
797 926 918 993 jure
949 927 1188 982 nuditate
1210 928 1512 982 damnatur.

483 1017 531 1070 7.
567 1016 622 1071 Si
653 1020 774 1086 quis
801 1028 982 1074 autem
1008 1021 1275 1092 superflua
1309 1022 1558 1091 turpique
1585 1022 1838 1092 cupidine
1869 1040 2005 1079 con-

404 1107 572 1175 jugali
625 1107 916 1162 honestate
963 1108 1246 1178 despecta,
1303 1112 1370 1164 ad
1415 1111 1733 1165 concubina:
1778 1112 2005 1179 elegerit

409 1197 595 1251 venire
624 1198 976 1267 complexus:
1002 1201 1044 1253 si
1076 1200 1307 1271 ingenua
1339 1199 1525 1266 fuerit,
1567 1201 1696 1272 jugo
1725 1203 2006 1258 servitutis

410 1305 531 1342 cum
564 1287 685 1342 liliis
713 1290 824 1344 suis
850 1291 1023 1344 modis
1049 1292 1298 1348 omnibus
1327 1292 1608 1348 addicatur
1630 1294 1814 1359 uxori;
1847 1302 1906 1349 ut
1926 1294 2003 1350 illi

410 1395 469 1434 se
497 1395 595 1449 per
624 1381 849 1435 honesta
876 1381 1075 1450 judicia
1106 1384 1306 1437 sentiat
1330 1383 1508 1450 subdi,
1531 1384 1616 1439 cui
1641 1399 1738 1454 per
1762 1384 2003 1440 illicitam

412 1470 555 1542 με..
602 1471 922 1542 pollicitum]
967 1472 1240 1528 libidinem
1285 1474 1512 1529 credidit
1558 1489 1714 1544 posse
1741 1476 2000 1547 prmponi.

411 1562 564 1630 Quod
587 1564 631 1617 si
662 1563 728 1618 ad
757 1565 863 1620 tale
892 1564 1153 1634 flagitium
1183 1567 1376 1622 ancilla
1416 1569 1742 1637 pervenerit,
1777 1579 2004 1639 excepta

408 1669 568 1724 paena
609 1655 903 1723 sanguinis,
945 1656 1228 1710 matronali
1259 1657 1535 1726 subjaceat
1581 1658 1804 1725 ultioni;
1832 1667 1893 1713 ut
1933 1659 2001 1713 il-

409 1745 514 1798 lam
541 1745 775 1814 patiatur
797 1745 1054 1814 judicem,
1095 1761 1256 1815 quam
1281 1745 1569 1802 formidare
1597 1747 1874 1803 debuisset
1899 1747 1997 1803 ab-

409 1840 636 1888 sentem.

479 1926 535 1980 8.
581 1925 912 1980 Donationes
953 1924 1153 1980 nullius
1199 1933 1378 1980 terror
1423 1935 1745 1995 extorqueat
1775 1945 1787 1979 :
1821 1927 2000 1983 nullus

409 2019 690 2087 acquirere
732 2033 828 2087 per
877 2015 1148 2082 fraudem,
1177 2015 1259 2070 vel
1291 2016 1676 2071 exsecrabilem
1727 2017 1998 2072 lasciviam

405 2111 772 2180 concupiscat.
807 2110 934 2163 Sola
956 2109 1098 2166 enim
1122 2109 1378 2164 honestas
1407 2110 1604 2164 merito
1623 2112 1767 2180 capit
1795 2111 1996 2166 lucrum

407 2202 476 2258 de
495 2203 722 2271 legibus.
747 2201 806 2256 In
829 2202 1204 2270 allegationem
1229 2201 1540 2271 justissima:
1563 2203 1824 2271 largitatis
1855 2203 1996 2258 illam

405 2293 792 2348 districtionem
835 2292 1083 2348 volumus
1111 2293 1397 2357 custodiri,
1443 2308 1604 2362 quam
1639 2309 1736 2362 pro
1771 2294 1998 2350 veritate

403 2383 635 2439 sollicite
663 2383 848 2454 legalis
874 2384 1052 2439 sanxit
1080 2384 1389 2453 antiquitas.
1440 2382 1530 2439 Sic
1574 2385 1714 2439 enim
1735 2427 1748 2448 ,
1795 2393 1852 2438 ut
1881 2385 1996 2455 ipsa

403 2487 652 2549 testatur,
702 2489 758 2534 et
804 2479 976 2534 fraudi
1019 2495 1125 2534 non
1171 2480 1375 2549 patebit
1414 2481 1648 2547 occasio,
1683 2490 1737 2535 et
1783 2481 1996 2535 veritati

402 2571 575 2640 major
621 2570 818 2625 crescit
855 2572 1166 2625 auctoritas.
1221 2569 1433 2639 Alioqui
1489 2570 1620 2625 nulli
1662 2572 1996 2641 praecipimus

399 2661 569 2716 videri
594 2660 824 2725 ﬁrmum,
849 2659 993 2730 quod
1019 2661 1133 2729 ipse
1153 2660 1420 2726 conditor,
1446 2677 1552 2715 non
1577 2660 1848 2731 implendo
1869 2677 1993 2731 qua:

401 2752 546 2821 leges
573 2752 658 2806 vel
680 2750 801 2819 jura
831 2750 1170 2821 prmeipiunt,
1203 2750 1327 2805 fecit
1352 2751 1633 2806 incertum.

469 2845 504 2898 9
533 2843 805 2898 Malcticos
844 2856 1059 2912 quoque
1083 2853 1130 2906 ει,
1162 2842 1246 2897 vel
1273 2857 1368 2898 eos
1408 2843 1499 2911 qui
1527 2843 1594 2897 ab
1624 2858 1810 2897 eorum
1843 2842 1992 2898 nefa-

397 2934 493 2989 riis
521 2934 725 2988 artibns
765 2931 964 3001 aliquid
993 2931 1320 2988 crediderint
1357 2933 1721 3003 expetendum
1742 2973 1756 2997 ,
1813 2933 1991 3002 legum

397 3025 657 3079 severitas
685 3025 998 3094 insequatur
1031 3043 1042 3078 :
1077 3027 1200 3095 quia
1231 3025 1451 3095 impium
1481 3035 1563 3080 est
1594 3042 1692 3081 nos
1723 3026 1826 3080 illis
1871 3041 1992 3082 esse

397 3116 668 3178 remissos,
701 3132 837 3183 quos
860 3116 1094 3172 cmlestis
1118 3117 1291 3186 pietas
1315 3132 1421 3172 non
1453 3117 1655 3186 patitur
1677 3117 1988 3186 impunitos.

2106 587 2390 628 censemus
2418 573 2767 632 districtionis
2797 578 3000 634 robore
3036 583 3330 652 custodiri;
3379 602 3498 657 qua:
3550 599 3702 650 tanto
3743 635 3746 640 .

2107 665 2400 721 munimine
2427 680 2487 720 se
2527 674 2729 735 tegunt,
2775 678 2834 724 ut
2873 678 3057 726 nostra
3098 689 3318 744 quoque
3340 676 3698 746 iurisiurandi

2107 759 2516 828 interpositione
2553 759 2851 829 cingantur.
2903 762 3040 830 Quid
3091 782 3189 836 per
3239 768 3409 825 multa
3439 771 3699 829 discurri-

2104 850 2262 903 mus?
2289 847 2490 918 Legum
2518 852 2718 907 usualis
2747 855 2950 922 regula,
2981 866 3038 911 et
3065 868 3455 930 praeceptorum
3485 872 3695 922 nostro-

2105 955 2223 995 rum
2255 941 2490 1011 probitas
2519 943 2717 1012 ubique
2745 956 2989 1000 servetur
3012 947 3060 1002 δ.
3301 938 3304 940 ’

2585 1073 2916 1132 EPISTULA
2955 1078 3019 1132 XI
3030 1079 3095 1134 Χ.

2243 1187 2250 1192 “
2305 1180 2530 1220 SENATUI
2570 1182 2716 1221 URBIS
2753 1184 2911 1224 ROHE
2951 1187 3323 1228 ATHALARICUS
3362 1189 3486 1230 REX.

2106 1255 2301 1340 Scribit
2327 1274 2382 1311 se
2403 1256 2923 1340 edictuin‘duodecim
2948 1262 3174 1340 capitum
3196 1265 3448 1340 edidisse;
3479 1267 3701 1340 etrjubct

2173 1337 2229 1409 ut
2248 1333 2301 1380 in
2319 1337 2504 1409 senatu
2528 1333 2783 1409 recitctur,
2805 1338 2855 1382 et
2877 1347 2908 1382 α
2930 1334 3173 1402 prccfecto
3189 1333 3346 1390 Urbis
3367 1353 3458 1407 per
3480 1333 3697 1409 triginta

2175 1398 2284 1451 dies
2311 1398 2438 1452 locis
2468 1397 2806 1453 celeberrimis
2833 1397 3171 1470 proponatur.

2178 1488 2548 1544 Laudabilium
2591 1489 2894 1558 jussionum
2923 1508 3115 1549 causas
3153 1494 3469 1566 plerumque
3497 1498 3701 1568 praebet

2105 1580 2474 1650 vituperabilis
2521 1595 2776 1636 excessus
2836 1583 3062 1651 alienus,
3095 1592 3151 1640 et
3203 1587 3340 1642 miro
3389 1589 3550 1645 modo
3577 1607 3698 1644 mo-

2105 1681 2285 1725 menta
2309 1670 2529 1741 justilim
2549 1671 2616 1727 de
2646 1671 2940 1742 iniquitatis
2969 1677 3254 1732 occasione
3280 1686 3588 1735 nascuntur.
3612 1681 3700 1736 Si-

2102 1762 2176 1820 let
2205 1764 2348 1818 enim
2395 1764 2639 1834 aequitas,
2677 1765 2722 1820 si
2745 1765 2902 1837 culpa
2935 1781 3040 1824 non
3070 1768 3395 1826 vociferetnr
3423 1771 3653 1827 admissa
3680 1792 3695 1837 ;

2033 1869 2074 1928 Β
2103 1863 2159 1909 et
2185 1853 2430 1909 feriatum
2480 1855 2706 1924 quiescit
2753 1857 3008 1926 principis
3058 1858 3353 1927 ingenium,
3404 1861 3549 1932 quod
3587 1878 3718 1916 non.

2104 1946 2264 2002 fuerit
2287 1947 2465 2017 aliqua
2497 1949 2713 2019 querela
2736 1959 3106 2019 provocatum.
3132 1951 3590 2022 Conqucrentium
3620 1955 3693 2007 si-

2103 2037 2320 2107 quidem
2350 2039 2570 2096 vocibus
2592 2039 2788 2106 adacti,
2812 2050 2868 2108 ct
2897 2039 3254 2109 frequentium
3285 2045 3606 2115 populorum
3629 2045 3698 2099 de

2102 2130 2265 2185 rebus
2290 2130 2607 2198 quibusdam
2661 2131 3097 2201 interpellatione
3134 2133 3470 2198 commoniti,
3505 2151 3700 2190 neces-

2101 2221 2242 2276 saria
2294 2220 2533 2290 qumdam
2563 2219 2823 2276 Romana:
2850 2221 3018 2291 quieti
3045 2222 3258 2278 edictali
3295 2233 3696 2294 programmate

2100 2310 2381 2366 duodecim
2401 2310 2686 2381 capitibus,
2703 2311 2842 2366 sicut
2857 2311 2946 2380 jus
2967 2312 3123 2367 civile
3145 2313 3339 2381 legitur
3365 2313 3689 2380 institutum,

2101 2404 2155 2458 in
2178 2417 2356 2458 aevum
2379 2404 2640 2459 servanda
2665 2404 3084 2474 conscripsimus
3109 2423 3122 2458 :
3150 2420 3272 2475 qum
3299 2405 3569 2461 custodita
3598 2421 3690 2461 re-

2098 2494 2310 2550 siduum
2343 2494 2430 2562 jus
2459 2510 2566 2550 non
2617 2493 2934 2563 debilitare,
2990 2495 3084 2551 sed
3126 2495 3306 2565 potius
3335 2495 3694 2552 corroborans

2097 2587 2399 2641 videantur.
2447 2596 2469 2624 ο
2501 2585 2626 2641 Haec
2654 2586 2706 2640 in
2731 2593 2906 2642 catus
2937 2586 3102 2642 vestri
3129 2585 3418 2656 splendore
3460 2587 3693 2642 reciten-

2101 2685 2207 2742 tur,
2239 2686 2294 2733 et
2323 2693 2419 2748 per
2466 2678 2680 2748 triginta
2705 2678 2820 2736 dies
2845 2675 2870 2714 ἀ
2895 2677 3181 2748 praefectus
3213 2678 3367 2740 Urbis
3389 2679 3523 2734 locis
3549 2679 3693 2734 cele-

2100 2771 2349 2827 berrimis
2373 2770 2535 2826 faciat
2561 2771 2789 2826 solemni
2819 2786 2970 2826 more
3014 2771 3264 2841 proponi,
3297 2778 3357 2825 ut
3399 2779 3583 2827 nostra
3612 2771 3690 2826 ci-

2099 2865 2302 2920 vilitatc
2326 2865 2621 2932 recognita,
2640 2879 2764 2934 spes
2791 2864 3111 2920 truculentis
3131 2864 3369 2920 moribus
3389 2861 3682 2920 auferatur.

2098 2955 2228 3011 Nam
2261 2971 2366 3025 qua
2411 2956 2736 3012 confidentia
2765 2964 3048 3025 protervus
3079 2964 3318 3010 assumat
3361 2955 3504 3024 quod
3536 2956 3686 3026 prin-

2097 3051 2231 3120 cipis
2259 3051 2539 3119 agnovcrit
2573 3050 2854 3106 damnasse
2883 3051 3261 3106 clementiam?
3299 3049 3503 3106 Redeat
3530 3067 3686 3108 amor

2096 3143 2346 3197 oninibus
2395 3141 2708 3212 disciplinae,
2738 3156 2836 3211 per
2878 3156 3040 3210 quam
3069 3150 3124 3197 et
3154 3157 3316 3210 parva
3347 3140 3681 3205 coalescunt,

396 3207 581 3272 Qualis
609 3209 750 3262 enim
777 3208 998 3264 fatuitas
1026 3217 1130 3277 est,
1168 3209 1482 3265 Creatorem
1513 3210 1635 3264 vita:
1665 3211 1983 3280 relinquere,

2096 3239 2150 3286 et
2200 3233 2411 3301 potiora
2439 3241 2742 3287 servantur.
2793 3230 2920 3287 Ideo
2945 3231 3088 3286 enim
3140 3230 3409 3286 exercitus
3448 3239 3682 3297 nostros,

393 3310 448 3358 ct
485 3305 636 3372 sequi
675 3305 854 3374 potius
895 3305 1086 3359 mortis
1129 3307 1442 3359 auctorem?
1486 3303 1681 3373 Turpis
1721 3313 1878 3359 actus
1921 3319 1987 3358 ex

395 3402 514 3450 toto
541 3396 611 3449 sit
639 3410 669 3448 a
695 3395 964 3463 judicibus
993 3395 1219 3449 alienus.
1278 3393 1449 3450 Nemo
1485 3393 1647 3448 faciat
1675 3393 1818 3462 quod
1863 3393 1986 3462 jura

393 3487 756 3542 condemnant
790 3504 803 3540 :
833 3488 959 3556 quia
1011 3486 1269 3542 decretali
1319 3501 1477 3556 pmna
1520 3486 1790 3556 plectendi
1830 3493 1982 3552 sunt,

392 3581 484 3648 qui
526 3595 584 3634 se
615 3579 1240 3649 prohibitis-excessibus
1270 3579 1617 3633 miscuerunt.
1668 3577 1803 3643 Quid
1842 3578 1984 3633 enim

392 3669 450 3723 in
488 3669 607 3724 aliis
635 3670 922 3735 damnent,
973 3670 1018 3724 si
1077 3669 1174 3740 ipsi
1220 3685 1282 3725 se
1327 3670 1612 3725 inhonesta
1659 3670 1984 3737 contagione

389 3760 834 3816 commaculent‘!
881 3760 967 3815 Sit
993 3761 1154 3816 etiam
1183 3761 1284 3816 sub
1323 3761 1580 3816 divitibus
1623 3769 1737 3815 tuta
1778 3761 1982 3816 medio-

389 3849 573 3904 critas.

463 3938 553 3991 14).
585 3938 629 3992 Α
652 3937 812 3995 caulis
840 3948 1172 4012 temperetur
1193 3941 1420 3996 insania.
1468 3939 1600 3995 Nam
1633 3942 1976 4011 praesumptio

390 4044 643 4083 manuum
685 4040 838 4086 actus
888 4034 1150 4102 probatur
1178 4048 1298 4088 esse
1325 4032 1589 4087 bellorum
1613 4019 1894 4100 ,‘maxime
1926 4033 1978 4087 in

391 4120 472 4175 eis
516 4137 654 4191 quos
709 4122 952 4179 tuitionis
981 4131 1182 4179 nostra:
1218 4125 1394 4179 munit
1433 4122 1744 4178 auctoritas.
1777 4121 1834 4178 Si
1862 4122 1983 4191 quis

389 4222 568 4267 autem
590 4220 780 4268 contra
802 4213 980 4270 facere
993 4215 1246 4284 improba
1286 4213 1702 4286 praesumptione
1730 4221 1974 4270 tentavc-

391 4303 484 4370 rit,
516 4304 750 4360 violator
776 4314 974 4362 nostra:
998 4305 1259 4375 jussionis
1286 4305 1569 4361 habeatur.

459 4393 546 4449 Η.
603 4396 881 4467 Appellari
911 4413 943 4451 a
993 4397 1238 4467 subjecto
1279 4396 1551 4466 iudicibus
1591 4395 1878 4451 ordinariis
1923 4396 1974 4451 in

379 4498 490 4536 una
517 4498 678 4539 causa
707 4486 948 4541 secundo
979 4502 1084 4542 non
1117 4487 1350 4556 patimur
1379 4505 1392 4540 :
1426 4501 1494 4541 ne
1533 4485 1675 4555 quod
1702 4485 1770 4539 ad
1796 4501 1972 4540 reme-

379 4571 526 4627 dium
565 4584 836 4646 repertum
867 4583 947 4630 est
978 4577 1304 4645 innocentis,
1335 4577 1542 4648 asylum
1577 4575 1973 4645 quodammodo

379 4663 628 4720 videatur
655 4682 776 4723 esse
820 4668 1143 4726 criminosis.
1185 4669 1242 4724 Si
1273 4670 1393 4740 quis
1421 4684 1550 4724 vero
1578 4669 1742 4724 vetita
1777 4668 1974 4725 iterare

377 4757 686 4820 tentaverit,
719 4759 935 4827 negotio
964 4759 1205 4828 privatus
1234 4759 1508 4814 abscedat.

449 4843 534 4898 12.
582 4844 692 4901 Sed
738 4863 827 4915 ne,
877 4864 1046 4919 pauca
1089 4857 1392 4920 tangentes,
1443 4849 1649 4919 reliqua
1693 4848 1972 4905 credamur

377 4933 614 4990 noluisse
659 4937 884 5008 servari,
945 4938 1100 5012 151
1144 4939 1326 4995 omnia
1375 4937 1552 4994 edicta
1601 4947 1708 4994 tam
1759 4948 1967 5007 nostra,

371 5039 534 5094 quam
564 5025 747 5081 domni
795 5029 881 5083 avi
911 5031 1103 5095 nostri,
1144 5045 1265 5099 qua:
1293 5038 1420 5087 sunt
1444 5030 1738 5086 venerabili
1764 5030 1965 5086 delibe-

445 5167 471 5195 ι
501 5155 884 5234 Constantinus
909 5181 921 5216 :
953 5161 1145 5220 Caateri
1195 5165 1330 5234 quos
1356 5164 1629 5220 maleficos
1657 5166 1726 5234 ob
1759 5165 1962 5222 facino-

369 5243 491 5310 rum
521 5231 940 5310 magnitudinem
962 5235 1150 5310 vulgus
1171 5231 1423 5310 appellat,
1448 5234 1566 5310 1.35,
1591 5235 1651 5310 C_.
1680 5233 1756 5290 De
1779 5237 1956 5310 malef.

365 5306 419 5351 et
446 5301 719 5380 matfzcm:_,
741 5303 1022 5380 de_qni_b_us
1041 5301 1177 5380 libro
1205 5301 1276 5380 iv,
1307 5304 1576 5380 διῄει-22.
1611 5304 1776 5380 Fons.

395 5367 868 5449 ,νδτνίᾳθ-Νο-νςιιζ
903 5373 1108 5449 Theod.
1142 5367 1292 5449 titul.
1339 5367 1426 5440 34,
1461 5373 1544 5430 Ne
1591 5376 1818 5449 duciaiui,
1851 5385 1956 5434 etc.

371 5437 750 5564 1ξιιιεὶίῐιίωή
787 5441 986 5510 lnstit.,
1037 5447 1175 5502 titul.
1221 5446 1288 5502 de
1316 5437 1473 5517 patria
1505 5455 1711 5509 temere
1739 5437 1953 5518 litigan-

510 5548 524 5562 .
590 5527 754 5564 nam.

373 5519 524 5563 lllllll.
556 5519 754 5567 JUBET.

416 5590 463 5660 ,ξ
481 5579 787 5660 Superioris
815 5582 975 5639 edicti
1003 5585 1054 5640 in
1086 5587 1652 5660 senaturecitatio,“
1684 5586 1843 5642 Rom.
1869 5589 1952 5660 in-

360 5654 573 5732 stituto,
602 5665 712 5732 quo
745 5654 890 5732 leges
942 5665 998 5732 et
1027 5658 1864 5732 constitutionesimperatorum
1897 5659 1952 5732 in

360 5730 556 5799 senatu
569 5724 821 5799 recitatae
860 5724 1334 5799 confirmabantur,
1367 5727 1402 5782 l.
1434 5727 1490 5795 8,
1530 5727 1858 5792 Humanum,
1885 5728 1948 5784 C.

362 5788 432 5868 ¢_lc
453 5789 665 5868 legibus
684 5800 736 5846 et
762 5797 1237 5868 senatusconsulta
1283 5788 1441 5868 quem
1465 5788 1669 5854 morem
1692 5815 1790 5856 nos
1816 5788 1951 5855 alias

364 5856 531 5914 fusius
550 5875 900 5931 exponemus.
935 5865 1100 5920 Fons.

2087 3323 2310 3393 juvante
2367 3325 2509 3392 Deo,
2553 3324 2755 3380 crebris
2811 3325 3238 3394 expeditionibus
3278 3340 3685 3381 commonemus

2092 3415 2229 3489 [Gr.,
2271 3417 2387 3488 Cuj.
2421 3426 2469 3471 et
2499 3416 2633 3485 ϐω,
2677 3416 3139 3488 commovemus],
3173 3425 3234 3473 ut
3277 3417 3680 3472 universitatem

2088 3508 2449 3576 compositam
2479 3507 2660 3561 vivere
2687 3505 2893 3574 legibus
2915 3506 3233 3561 sentiamus.
3267 3504 3540 3560 Reddatur
3568 3505 3684 3559 bazc

2089 3601 2270 3654 animo
2308 3608 2496 3655 nostro
2525 3598 2840 3662 vicissitudo
2867 3599 3211 3670 praemiorum
3238 3615 3254 3664 ;
3283 3605 3344 3652 ut
3381 3612 3539 3666 quem
3567 3597 3677 3652 rei«

2087 3693 2316 3764 publica:
2346 3693 2665 3747 utilitatibus
2719 3689 3043 3760 cognoscitis
3088 3697 3430 3760 occupatum,
3464 3687 3679 3743 rarissi-

2086 3801 2172 3839 ma
2222 3786 2566 3855 querelarum
2615 3783 2852 3840 aditione
2898 3781 3052 3857 [Ed.,
3099 3778 3358 3853 editione]
3412 3780 3675 3851 pulsetur.

2087 3878 2327 3934 Teneant
2351 3878 2560 3948 jndiccs
2598 3878 2864 3947 legitimas
2909 3875 3306 3932 districtiones:
3342 3883 3524 3930 votum
3575 3872 3676 3928 fm-

2083 3969 2316 4030 dissimze
2335 3970 2637 4026 venalitatis
2649 3969 2905 4040 abjiciant
2919 3979 2964 4022 ο.
2983 3967 3155 4024 Metus
3169 3975 3361 4024 cuncta
3375 3963 3676 4036 componit,

2083 4061 2127 4116 si
2155 4075 2280 4116 reus
2307 4062 2510 4118 crimen
2539 4061 2592 4118 in
2613 4061 2890 4132 judicante
2920 4075 3028 4116 non
3059 4059 3281 4116 invenit.

2639 4213 2969 4270 EPISTOLA
3007 4213 3122 4270 XX.

2079 4322 2148 4360 ΔΙ)
2180 4319 2465 4361 υδινεῐιεοε
2502 4319 2712 4362 JUDICES
2736 4321 3123 4361 PROVINCIABUM
3154 4319 3519 4360 ATIIALARICUS
3543 4320 3668 4360 REX.

2082 4394 2265 4450 Sancit
2291 4404 2345 4448 ut
2366 4395 2588 4466 edictum
2609 4411 2756 4448 suum
2784 4413 2874 4466 per
2896 4395 3110 4466 triginta
3132 4396 3242 4448 dies
3263 4397 3316 4448 in
3338 4395 3667 4450 conventibus

2407 4463 2629 4536 publicis
2657 4463 2799 4520 more
2825 4463 3042 4520 sotenini
3071 4466 3328 4520 recitatur.

2152 4577 2285 4635 Cum
2335 4589 2431 4633 vos
2460 4577 2750 4648 provinciis
2797 4577 3018 4644 nostris,
3063 4576 3286 4646 juvante
3324 4575 3458 4640 Deo,
3489 4591 3668 4634 annua

2083 4672 2426 4744 reparatione
2466 4679 2812 4744 praestemus;
2859 4687 2960 4728 nec
2985 4671 3163 4728 desint
3185 4672 3386 4742 judicia
3418 4687 3516 4743 per
3543 4672 3665 4727 uni-

2083 4781 2267 4821 versos
2304 4765 2438 4820 fines
2463 4763 2629 4820 Italiae
2673 4764 2984 4830 distributa,
3014 4764 3362 4834 intelligimus
3389 4763 3456 4820 de
3485 4762 3676 4832 inopia-

2072 4855 2295 4926 justitiai
2346 4857 2561 4926 copiam
2614 4857 2800 4913 venire
2839 4871 3145 4913 causarum.
3187 4856 3355 4927 Culpa
3399 4855 3664 4926 siquidem

2079 4955 2267 5002 vestra:
2311 4948 2570 5018 probatur
2598 4962 2718 5003 esse
2763 4947 3119 5017 negligentia},
3176 4947 3390 5016 quoties
3417 4960 3447 4998 a
3508 4945 3662 5000 nobis

2073 5048 2337 5106 coguntur
2367 5037 2619 5093 homines.
2640 5037 2816 5108 legum
2845 5036 3106 5093 beneficia
3134 5035 3424 5107 postulare.
3468 5033 3488 5074 τ
3527 5034 3660 5090 Nam

2137 5164 2164 5202 (ι
2197 5165 2434 5234 Triginta
2462 5164 2652 5220 diebus
2691 5164 2964 5235 proposita
3002 5162 3310 5235 pendebant
3338 5161 3532 5235 edicta,
3562 5177 3659 5235 seu

2066 5237 2209 5306 leges
2231 5231 2550 5306 principum,
2580 5231 2820 5306 utie'pist'.
2867 5231 3486 5306 sequenti._Exemplum
3514 5231 3657 5304 apud

2066 5249 2209 5304 teges
2228 5249 2550 5359 pnncxpum,
2580 5249 2637 5290 ut
2665 5249 2820 5306 epist.
2867 5249 3135 5304 sequenti.
3169 5249 3248 5286 ω

2063 5304 2376 5430 Josegium,
2406 5305 2612 5374 Antiq.,
2644 5305 2736 5359 lib.
2763 5321 2876 5369 ιιι,
2909 5319 3028 5372 cap.
3055 5300 3104 5356 5.
3131 5301 3252 5357 Jun.

2139 5386 2162 5412 °
2230 5376 2388 5430 ordes
2415 5375 2836 5430 nummariorum
2864 5374 3099 5430 iudicum
3137 5387 3252 5430 mea

2139 5386 2162 5412 °
2189 5373 2388 5431 Sordes
2415 5373 2836 5430 nummariorum
2858 5374 3099 5444 judicum
3137 5373 3656 5444 magistratuumque

2063 5447 2145 5502 his
2172 5446 2415 5523 formulis
2436 5446 2729 5523 graviter}
2749 5443 3081 5523 Cassiodpro
3128 5443 3446 5523 identidem”
3463 5443 3650 5523 exagi-

2063 5526 2202 5572 tatas
2231 5511 2461 5584 legimus
2485 5515 2623 5585 apud
2649 5515 2944 5585 it’hilouem
2968 5512 3232 5584 Judaeum,
3263 5513 3331 5569 de
3359 5511 3537 5569 oilicio
3562 5511 3650 5582 ju-

2059 5588 2192 5643 dicis
2220 5584 2594 5641 disserentem.
2625 5584 2794 5642 Fons.

2136 5660 2154 5698 ί
2199 5655 2458 5711 Romanis
2505 5653 2918 5726 imperatoribus
2962 5669 3178 5726 semper
3216 5656 3463 5710 maximae
3506 5669 3648 5708 cura:

2053 5726 2238 5782 fuitne
2265 5727 2532 5795 litigantes
2559 5727 2611 5782 in
2639 5725 2938 5796 longinquis
2965 5725 3244 5781 auditoriis
3271 5726 3648 5796 consectandis

2052 5794 2378 5852 vexarentur
2404 5797 2704 5866 sumptibus
2728 5794 2781 5852 et
2808 5794 3011 5852 labore.
3057 5797 3240 5864 quue
3281 5794 3483 5866 referre
3513 5811 3642 5865 pos-

2051 5885 2168 5926 sum
2194 5883 2313 5939 quat
2333 5865 2887 5937 scribitdustinianus,
2918 5869 3112 5925 novell.
3153 5868 3236 5936 l7,
3272 5866 3299 5939 ς
3333 5867 3394 5923 Si
3424 5865 3511 5921 tibi
3537 5883 3555 5931 ;
3585 5871 3644 5919 ct
