3990 6170
343 352 448 408 787

1566 346 1637 402 Μ.
1679 343 1952 401 AURELII
1992 343 2387 402 CASSIODORI

3501 355 3601 412 788

340 467 462 536 quis
489 465 713 537 eligeret
758 472 867 518 tam
898 462 1055 533 longe
1079 468 1283 532 petere,
1316 460 1459 531 quod
1488 462 1542 516 in
1571 461 1921 518 suis'videret
1952 472 1998 530 Α
2022 462 2239 537 galeris.
2288 464 2450 518 Arma
2492 463 2636 519 enim
2664 471 2719 519 et
2745 463 2964 536 reliquae
3005 474 3192 536 gentes
3219 466 3446 532 habent,
3494 466 3606 521 sola

339 559 560 615 sedibus
582 555 905 613 advenisse?
942 551 1052 610 Sed
1079 561 1139 607 ut
1167 553 1319 609 vobis
1345 558 1591 609 versutus
1615 554 1921 609 excusatio-

346 665 469 713 nes.
516 657 573 706 et
600 658 627 687 ι
653 648 817 704 duras
869 647 1222 703 necessitates
1257 646 1676 717 provincialibus
1703 645 1924 701 tollere-

343 756 482 806 mus,
509 740 577 796 de
603 739 870 810 aliquibus
916 738 1127 796 casibus
1148 740 1409 795 hactenus
1448 740 1682 809 pessimo
1708 748 1928 809 torpore

344 831 601 902 neglectis
626 830 871 887 edictalis
913 830 1323 901 programmatis
1375 829 1686 885 deﬁnitione
1713 828 1926 885 censui-

345 939 494 991 mus;
523 931 659 978 utet
685 922 837 978 vobis
862 931 1133 979 cresceret
1162 921 1487 978 confidentia
1514 930 1663 977 recte
1680 921 1924 991 judican—

345 1016 433 1081 di,
473 1023 530 1070 et
581 1014 840 1085 paulatim
890 1012 1113 1069 audacia
1168 1012 1399 1084 maligna
1443 1014 1612 1085 possit
1661 1013 1923 1069 imminui.

344 1106 498 1174 Quod
522 1121 675 1165 more
713 1104 937 1160 solemni
991 1120 1089 1175 per
1117 1113 1415 1162 conventus
1442 1106 1683 1177 publicos
1711 1104 1926 1174 triginta

344 1184 569 1256 dierum
603 1197 762 1253 facite
815 1197 1082 1268 proponi,
1127 1206 1187 1252 ut
1232 1198 1355 1268 jure
1400 1199 1787 1254 condemnatus
1827 1198 1927 1252 ha-

344 1288 537 1344 beatur
564 1288 654 1357 qui
690 1294 812 1357 post
849 1286 967 1343 huic
994 1287 1230 1359 remedia
1273 1302 1490 1343 manere
1530 1287 1930 1359 praesumpserit

348 1377 681 1449 desperatus.

788 1493 942 1565 ιω
978 1488 1304 1547 EPISTOLA
1344 1488 1485 1545 xm.

545 1619 771 1660 SENATUI
810 1620 961 1659 UBBIS
998 1618 1156 1658 ROIE
1195 1617 1560 1657 ΑτηΑιΑιιιουε
1599 1617 1723 1657 REX.

350 1710 602 1784 Prmcipit
647 1722 703 1766 ut
726 1714 1062 1784 professores
1110 1713 1490 1784 grammaticis,
1528 1710 1832 1784 eloquentia;
1880 1718 1929 1763 et

413 1780 848 1866 jurisconstitutd
875 1780 1217 1838 emolumenta
1235 1782 1347 1835 sine
1374 1780 1547 1851 aliqua
1572 1780 1927 1835 imminutione

423 1862 728 1921 percipiant.

424 1938 680 1996 Filiorum
732 1956 920 1998 causas
958 1941 1078 2010 jure
1102 1940 1168 1994 ad
1197 1948 1407 2010 patrum
1436 1939 1809 2009 cognoscimus
1847 1954 1931 1994 re-

351 2033 559 2089 misisse
586 2048 868 2105 personas;
894 2041 953 2088 ut
982 2033 1079 2103 ipsi
1101 2032 1169 2087 de
1190 2032 1402 2088 illorum
1424 2039 1682 2102 provectu
1704 2031 1932 2087 debeant

350 2122 605 2191 cogitare,
635 2137 865 2193 quorum
893 2123 1119 2178 interest
1161 2122 1335 2177 studia
1380 2122 1619 2178 Romana
1648 2120 1931 2193 prolicere.

351 2212 535 2282 Neque
559 2213 699 2268 enim
721 2212 1048 2269 credendum
1070 2219 1154 2268 est
1179 2227 1273 2268 vos
1296 2212 1419 2268 inde
1440 2226 1599 2283 posse
1622 2213 1798 2268 minus
1816 2227 1935 2268 esse

349 2302 630 2370 sollicitos,
663 2303 804 2358 unde
827 2310 883 2358 et
926 2302 1106 2371 generi
1146 2292 1326 2358 vestro
1375 2304 1568 2359 crescit
1608 2311 1848 2365 ornatus,
1880 2309 1936 2357 et

350 2395 513 2450 coetui
541 2395 787 2465 provenit
810 2394 1024 2450 assidua
1070 2394 1296 2449 lectione
1320 2395 1623 2450 consilium.
1655 2393 1837 2464 Nuper
1862 2393 1934 2447 si-

349 2486 582 2556 quidem,
614 2494 674 2540 ut
718 2494 799 2540 est
846 2485 914 2539 de
955 2485 1104 2540 vobis
1130 2500 1256 2540 cura
1288 2494 1469 2540 nostra
1514 2485 1765 2553 sollicita,
1795 2499 1933 2554 quo-

350 2572 594 2628 rumdam
608 2588 822 2630 susurra
832 2573 976 2628 tione
991 2575 1332 2643 cognovimus
1346 2574 1595 2630 doctores
1613 2575 1934 2644 eloquentiae

352 2662 610 2718 Romanae
655 2663 854 2718 laboris
878 2663 961 2717 sui
998 2664 1288 2719 constituta
1318 2665 1534 2733 praemia
1566 2679 1672 2720 non
1699 2665 1930 2732 habere;

350 2764 407 2810 et
436 2754 736 2825 aliquorum
768 2755 1152 2809 nundinatione
1180 2754 1296 2810 ﬁeri
1325 2764 1382 2810 ut
1419 2756 1722 2811 scholarum
1761 2757 1932 2827 magi-

350 2847 476 2901 stris
504 2845 756 2916 deputata
784 2861 991 2901 summa
1021 2846 1261 2902 videatur
1286 2846 1547 2902 imminui.
1574 2846 1930 2918 Quapropter,

353 2953 474 2993 cum
506 2936 845 2993 manifestum
885 2938 956 2993 sit
1007 2939 1282 3008 praemium
1336 2946 1478 2994 artes
1510 2938 1734 3006 nutrire,
1786 2938 1933 2995 nefas

347 3030 703 3101 judicavimus
747 3030 1059 3087 doctoribus
1105 3030 1520 3087 adolescentium
1566 3032 1766 3103 aliquid
1805 3034 1932 3089 sub-

352 3123 511 3189 trahi,
539 3123 630 3193 qui
653 3130 780 3178 sunt
801 3122 978 3192 potius
1018 3122 1084 3177 ad
1111 3121 1344 3191 gloriosa
1363 3123 1536 3177 studia
1566 3139 1663 3195 per
1690 3139 1932 3180 commo-

2027 555 2292 625 reperitur
2319 556 2625 625 eloquentia
2654 572 2774 627 qum
2803 556 3162 614 Romanorum
3193 557 3426 613 dominis
3453 557 3605 613 obse-

2025 643 2257 699 eundat-
2285 643 2419 701 Hinc
2444 653 2722 703 oratorum
2765 660 2938 716 pugna
2966 647 3139 703 civilis
3160 648 3297 716 juris
3323 648 3609 703 classicum

2027 738 2192 801 canit,
2222 736 2359 793 hinc
2391 745 2615 794 cunctos
2647 753 2902 808 proceres
2929 739 3259 794 nobilissima
3291 736 3609 795 disértitudo

2027 829 2405 896 commendat;
2434 838 2508 891 et,
2550 838 2609 885 ut
2633 831 2836 902 reliqua
2867 838 3163 896 taceamus,
3211 831 3316 887 hoc
3343 831 3487 901 quod
3524 831 3610 887 lo-

2028 923 2242 993 quimur
2278 923 2400 978 inde
2428 930 2527 978 est.
2558 922 2673 990 Qua
2700 923 2770 980 de
2814 938 2896 991 re,
2924 932 3106 995 patres
3132 924 3443 993 conscripti,
3473 924 3611 978 hanc

2027 1012 2181 1069 vobis
2206 1027 2405 1079 curam,
2437 1014 2577 1068 hanc
2605 1015 3005 1081 auctoritatem,
3037 1015 3270 1085 propitia
3301 1015 3606 1078 Divinitate,

2029 1103 2313 1172 largimur;
2337 1113 2395 1160 ut
2421 1103 2449 1144 ι’
2470 1120 2751 1163 successor
2768 1106 2968 1163 schola:
2990 1107 3289 1163 liberalium
3312 1108 3608 1163 litterarum

2029 1201 2137 1249 tam
2165 1195 2542 1263 grammaticus
2568 1209 2729 1264 quam
2749 1204 2953 1261 orator,
3005 1212 3105 1252 nec
3134 1213 3241 1255 non
3270 1206 3326 1253 et
3346 1198 3485 1267 juris
3509 1214 3608 1254 ex—

2028 1285 2252 1353 positor,
2283 1286 2564 1341 commoda
2593 1287 2674 1341 sui
2705 1286 3003 1344 decessoris
3024 1288 3093 1343 ab
3113 1288 3437 1358 eisqnorum
3467 1288 3607 1343 inte-

2030 1381 2142 1428 rest
2164 1373 2278 1428 sine
2297 1373 2475 1444 aliqua
2505 1374 2879 1431 imminutione
2906 1376 3188 1446 percipiat;
3220 1384 3275 1431 et
3301 1377 3466 1433 semel
3496 1377 3606 1447 pri-

2030 1462 2103 1517 mi
2150 1462 2353 1519 ordinis
2390 1463 2554 1520 vestri
2585 1480 2647 1521 ac
2688 1464 2881 1535 reliqui
2925 1475 3144 1523 senatus
3171 1465 3482 1537 amplissimi
3510 1482 3608 1521 au»

2030 1554 2281 1611 ctoritate
2310 1553 2574 1629 firmatus,
2596 1555 2769 1612 donec
2797 1558 3033 1628 suscepti
3062 1559 3243 1628 operis
3272 1558 3495 1614 idoneus
3522 1574 3607 1614 re-

2029 1644 2254 1716 peritur,
2283 1661 2458 1718 neque
2478 1646 2545 1702 de
2573 1646 2971 1714 transferendis,
3004 1664 3177 1718 neque
3203 1650 3270 1705 de
3290 1650 3609 1707 imminuen-

2030 1737 2114 1792 dis
2138 1738 2367 1795 annonis
2404 1753 2434 1792 a
2457 1738 2698 1808 quolibet
2735 1740 2967 1808 patiatur
3009 1739 3313 1811 improbam
3358 1742 3610 1811 quaestio-

1962 1848 2008 1908 Β
2035 1843 2155 1882 nem
2181 1845 2197 1895 ;
2238 1827 2351 1894 sed,
2377 1828 2529 1883 vobis
2565 1828 2936 1884 ordinantibus
2976 1839 3138 1901 atque
3165 1831 3607 1899 custodientibus,

2033 1921 2516 1977 cmolumentorum
2535 1937 2753 1977 suorum
2776 1924 3064 1980 securitate
3085 1924 3340 1994 potiatur.
3359 1925 3609 1996 prtefecto

2035 2010 2191 2069 Urbis
2218 2012 2563 2068 nihilominus
2585 2014 2879 2070 constituta
2903 2023 3172 2070 servante.
3204 2013 3272 2068 Et
3308 2030 3377 2071 ne
3406 2016 3606 2086 aliquid

2028 2104 2130 2174 pro
2157 2102 2433 2159 voluntate
2454 2102 2805 2172 praebentium
2825 2104 3158 2174 relinquatur
3176 2106 3459 2172 incertum,
3487 2122 3612 2162 mox

2035 2205 2096 2251 ut
2120 2211 2214 2250 sex
2237 2210 2449 2253 menses
2472 2196 2707 2267 exempti
2743 2195 2964 2266 fuerint,
2994 2204 3207 2255 statuta:
3232 2214 3457 2255 summa:
3483 2214 3614 2255 con-

2034 2294 2329 2356 sequantur
2356 2286 2594 2357 praedicti
2619 2288 2861 2357 magistri
2884 2288 3118 2349 mediam
3146 2292 3453 2360 portionem
3482 2310 3495 2344 ;
3527 2307 3617 2348 τεο

2034 2379 2185 2435 sidua
2205 2393 2335 2435 vero
2363 2379 2487 2434 anni
2510 2387 2752 2451 tempora
2781 2366 2902 2437 cum
2925 2397 3259 2439 annonarum
3285 2382 3462 2439 debita
3489 2384 3619 2440 red-

2035 2468 2296 2524 hibitione
2320 2469 2659 2538 claudantur,
2681 2484 2749 2526 nc
2794 2478 3055 2540 cogantur
3080 2471 3148 2527 de
3172 2473 3350 2529 alieno
3378 2474 3623 2545 pendere

2036 2557 2268 2625 fastidio,
2299 2560 2383 2616 cui
2414 2560 2679 2630 piaculum
2690 2568 2782 2625 est
2804 2561 2887 2617 vel
2915 2562 3170 2618 horarum
3198 2565 3377 2635 aliquo
3396 2582 3623 2623 vacasse

2036 2659 2329 2707 momento.
2354 2651 2411 2708 ln
2438 2661 2642 2710 tantum
2671 2654 2813 2710 enim
2836 2671 2956 2726 qua:
2974 2664 3098 2711 sunt
3124 2657 3343 2714 decreta
3371 2660 3626 2718 volumus

2037 2743 2338 2801 ﬁrmissime
2365 2746 2644 2813 custodiri,
2670 2754 2728 2801 ut
2753 2746 2798 2801 si
2826 2748 2919 2815 qui
2939 2747 3092 2817 cujus
3118 2748 3339 2805 interest
3366 2750 3627 2807 differen-

2033 2834 2156 2891 dam
2184 2836 2450 2907 putaverit
2495 2837 2638 2894 hanc
2661 2839 2812 2908 quasi
2843 2839 3079 2897 debitam
3107 2840 3455 2907 iunctionem,
3487 2859 3626 2914 pro-

2032 2936 2221 2984 curate
2251 2943 2402 2985 more
2440 2945 2719 2986 usurarum
2744 2930 3024 3002 dispendia
3054 2932 3169 3002 ipse
3208 2934 3461 3006 patiatur,
3492 2937 3628 3006 quia

2029 3019 2173 3089 justa
2192 3018 2472 3076 commoda
2505 3020 2841 3077 laudabiliter
2862 3021 3241 3079 laborantibus.
3252 3024 3271 3096 [
3276 3022 3431 3090 Msa,
3458 3040 3629 3080 com-

2033 3109 2411 3181 morantibus}
2441 3110 2723 3181 plectenda
2753 3112 3047 3182 cupiditate
3073 3115 3357 3169 subtraxit.
3406 3114 3547 3169 Nam
3580 3116 3631 3171 si

352 3214 542 3269 dorum
564 3221 848 3283 augmenta
874 3213 1224 3284 provocandi.
1254 3213 1431 3270 Prima
1458 3215 1599 3271 enim
1620 3217 1928 3287 grammati-

2031 3218 2163 3275 opes
2192 3212 2405 3260 nostras
2432 3204 2657 3261 scenicis
2683 3220 2781 3275 pro
2812 3215 2833 3244 ο
2864 3205 3047 3275 populi
3093 3207 3458 3263 oblectatione
3485 3206 3626 3280 [Ε’ά.

351 3317 537 3358 eorum
583 3302 766 3358 schola
790 3310 873 3358 est
916 3302 1316 3359 fundamentum
1347 3305 1765 3375 pulcherrimum
1792 3307 1934 3363 litte-

353 3411 554 3467 rarum,
579 3405 752 3452 mater
778 3398 1010 3467 gloriosa
1049 3398 1329 3468 facundiae,
1360 3416 1477 3471 quae
1526 3401 1762 3470 cogitare
1786 3402 1933 3473 novit

353 3485 422 3540 ad
449 3485 682 3557 laudem,
710 3488 857 3558 loqui
884 3490 999 3545 sine
1026 3489 1178 3545 vitio.
1206 3489 1333 3547 llmc
1363 3481 1441 3545 in
1469 3507 1629 3547 cursu
1676 3492 1933 3547 orationis

355 3576 434 3634 sic
453 3593 691 3635 errorem
718 3581 995 3648 cognoscit
1025 3577 1306 3647 absonum,
1329 3582 1778 3651 quemadmodum
1806 3582 1934 3637 boni

356 3682 533 3738 mores
558 3670 757 3727 crimen
785 3670 1123 3727 detestantur
1148 3680 1451 3741 externum.
1483 3671 1617 3726 Nam
1642 3672 1781 3727 sicut
1814 3688 1932 3726 mu-

354 3760 497 3816 sicus
518 3762 957 3817 consonantibus.
989 3763 1168 3818 choris
1213 3761 1377 3818 allicit
1426 3760 1789 3819 dulcissimum
1820 3779 1932 3818 me-

353 3848 475 3913 los,-
519 3849 593 3904 ita
634 3850 906 3921 dispositis
950 3859 1312 3921 congruenter
1355 3853 1667 3910 accentibus
1703 3862 1932 3911 metrum

352 3939 502 3993 novit
528 3940 817 3997 decantare
866 3944 1262 4012 grammaticus.
1296 3942 1401 3999 Est'
1431 3944 1773 4013 grammatica
1816 3960 1931 3999 ma—

354 4028 518 4095 gistra
546 4030 849 4095 verborum,
882 4033 1123 4088 ornatrix
1151 4033 1368 4090 humani
1415 4034 1662 4102 generis;
1693 4050 1809 4103 quae
1839 4051 1935 4106 per

351 4117 795 4175 exercitationem
820 4121 1193 4201 pulcherrirna:
1210 4123 1452 4199 lectionis
1474 4124 1812 4192 antiquorum
1838 4139 1933 4179 nos

355 4212 698 4280 cognoscitur
713 4211 905 4282 juvarc
932 4215 1186 4270 consiliis.
1214 4215 1322 4271 Hac
1349 4233 1454 4271 non
1479 4224 1699 4271 utuntur
1717 4216 1931 4272 barbari

351 4315 526 4373 reges,
556 4302 695 4375 apud
715 4304 915 4375 legales
939 4304 1182 4363 dominos
1209 4323 1426 4364 manere
1451 4306 1792 4378 cognoscitur
1818 4308 1931 4362 sin-

2034 3292 2377 3364 collectione]
2404 3294 2675 3364 largimur,
2700 3305 2756 3351 et
2781 3311 2844 3352 ea
2870 3296 3260 3355 studiosissime
3281 3315 3636 3373 consequun-

2039 3395 2125 3444 tur
2144 3387 2234 3457 qui
2278 3386 2417 3443 adco
2440 3389 2728 3444 necessarii
2753 3404 2862 3445 non
2885 3390 3187 3456 habentur;
3219 3399 3426 3461 quanto
3450 3395 3638 3463 magis

2034 3480 2140 3536 illis
2159 3482 2276 3537 sine
2294 3482 2550 3537 dilatione
2577 3482 2860 3552 pnubenda
2880 3492 3023 3547 sunt,
3047 3497 3145 3555 per
3158 3499 3294 3554 quos
3320 3492 3377 3540 et
3405 3485 3641 3545 honesti

2037 3586 2215 3628 mores
2245 3572 2585 3642 proveniunt,
2609 3580 2665 3631 et
2686 3573 2883 3642 palatio
2909 3581 3094 3630 nostro
3121 3573 3347 3630 facunda
3376 3578 3642 3632 nutriun-

2022 3670 2124 3717 tur
2144 3662 2380 3732 ingenia!
2406 3662 2529 3718 Haec
2549 3669 2725 3719 autem
2748 3678 2951 3734 prmsen
2961 3664 3098 3729 tibus
3120 3665 3423 3721 litterarum
3448 3668 3644 3737 magi-

2035 3758 2162 3814 stris
2181 3757 2491 3815 venerando
2517 3759 2678 3823 coetui
2702 3769 2883 3815 vestro
2904 3762 3243 3832 praecipimus
3271 3762 3548 3833 intimari,
3583 3772 3651 3825 ut

2036 3846 2175 3904 sicut
2196 3863 2294 3905 nos
2318 3858 2615 3918 agnoscunt
2640 3848 2707 3904 de
2731 3850 2842 3904 suis
2868 3852 3165 3908 commodis
3189 3868 3309 3910 esse
3331 3855 3652 3926 sollicitos,

2037 3938 2110 3993 ita
2136 3954 2167 3995 a
2205 3954 2264 3995 se
2312 3947 2600 4010 provectus
2645 3939 3069 3997 adolescentium
3113 3944 3323 4001 enixius
3371 3948 3657 4003 noverint

2036 4046 2135 4088 nos
2161 4031 2475 4101 exigendos.
2524 4030 2712 4088 Cesset
2751 4048 2895 4089 nunc
2936 4034 3028 4089 illa
3080 4037 3275 4109 satyris
3300 4038 3659 4097 doctoribus

2035 4120 2272 4190 querulis
2297 4130 2548 4193 usurpata
2573 4122 2857 4188 sententia,
2874 4124 3003 4193 quia
3024 4124 3048 4161 ί¹
3073 4126 3277 4182 duabus
3304 4128 3459 4184 curis
3487 4130 3662 4199 inge-

2034 4215 2183 4269 nium
2208 4229 2314 4270 non
2340 4213 2501 4277 debet
2527 4213 2802 4282 occupari.
2824 4211 2962 4270 Ecce
2986 4213 3097 4284 jam
3114 4216 3312 4271 habere
3339 4217 3665 4275 tolerabile

2036 4304 2334 4375 probantur
2356 4302 2647 4373 hospitium
2672 4320 2685 4355 :
2717 4302 2860 4359 unde
2887 4318 3032 4358 nunc
3060 4304 3269 4369 merito,
3301 4306 3399 4361 uni
3426 4308 3664 4364 sollici-

348 4482 552 4558 nogell.
572 4484 664 4558 33,
691 4485 729 4558 ς
762 4487 922 4556 Illud,
951 4491 1143 4558 quibus
1173 4487 1308 4558 adde
1334 4486 1787 4553 Valentinianum,
1822 4502 1922 4558 no-
1956 4490 2001 4549 Ι)
2026 4484 2150 4558 quis
2173 4484 2411 4558 pluribus
2435 4446 2638 4558 militiis
2664 4483 3000 4558 detnomen,
3022 4493 3075 4538 et
3104 4483 3379 4558 cingulum
3409 4458 3669 4558 cingulo

347 4550 506 4627 γεήΙῆ
532 4550 755 4627 ίοίιῆῐ,Δ
777 4558 847 4611 de
866 4550 1020 4627 conf.
1056 4578 1071 4627 ;
1124 4568 1180 4614 et
1219 4556 1577 4627 Marcianum,
1629 4550 1826 4627 novell.
1854 4556 1920 4627 il,

348 4617 564 4677 Nemin.
615 4624 822 4689 πήξεις
862 4617 1240 4696 Majorianum,
1278 4626 1476 4683 novell.
1508 4617 1600 4694 16,
1628 4626 1695 4682 de
1722 4617 1922 4695 indulg.

350 4690 516 4747 relez.
550 4691 734 4747 Buoss.

350 4705 516 4748 1⁵0162.
550 4705 734 4748 BROSS.

420 4705 463 4745 le
503 4732 516 4746 .
550 4705 625 4747 δη
664 4709 734 4748 ss.

420 4769 446 4797 ⁸
464 4705 550 4816 ᾖε
572 4709 922 4833 prgvineiales
959 4775 1219 4834 cogantur
1238 4765 1304 4819 ad
1331 4764 1641 4835 comitatum
1672 4764 1925 4835 principis

341 4828 431 4913 j_us
450 4828 660 4913 petere,
687 4842 916 4913 cavetur
941 4828 1103 4890 etiam
1133 4838 1291 4890 form.
1320 4833 1393 4887 32
1418 4833 1510 4888 lib.
1540 4849 1610 4899 vt,
1641 4828 1697 4889 et
1726 4828 1921 4890 novell.

347 4897 540 4955 Justin.
575 4901 660 4955 i7.
685 4902 851 4957 Fonn.

422 4971 593 5043 ﬁVide
617 4968 897 5028 Iustiniani
922 4973 1188 5043 Pragmat.
1204 4972 1483 5043 Sanction.
1510 4980 1635 5043 post
1661 4972 1928 5028 novellam

347 5037 543 5113 Juliani
570 5057 749 5111 super,
779 5058 900 5113 cap.
930 5037 1149 5099 22.'Gn.
1180 5052 1235 5099 et
1260 5042 1387 5097 Cm:

421 5120 443 5147 ο
467 5107 704 5166 Honesta
749 5107 996 5168 collectio
1024 5121 1126 5178 est,
1158 5114 1320 5171 ducto
1345 5127 1375 5166 a
1415 5112 1691 5178 voluptate
1716 5112 1780 5167 ad
1810 5128 1927 5169 mo-

346 5194 466 5253 rum
507 5181 719 5253 cultum
767 5189 1114 5253 argumento,
1160 5199 1266 5253 quo
1314 5183 1484 5238 utitur
1538 5181 1928 5238 Demosthenes

346 5197 466 5233 rum
520 5197 719 5236 cultum
767 5197 828 5237 ar
866 5197 1114 5250 umente,
1160 5199 1266 5253 quo
1314 5197 1484 5238 uutur
1538 5197 1927 5238 uemosmenes

345 5246 562 5322 Olynth.
584 5266 642 5316 tt,
673 5251 798 5305 dum
828 5197 1240 5308 itbeuiensibus
1282 5261 1472 5308 auctor
1500 5260 1582 5306 est
1610 5260 1684 5322 ut,
1716 5261 1927 5322 specta-

345 5321 588 5373 culorum
620 5322 891 5390 voluptate
937 5324 1258 5393 postbabita,
1284 5322 1511 5393 utilitati
1531 5321 1697 5390 magis
1724 5324 1926 5393 servia-

345 5395 451 5452 tur,
479 5396 535 5443 et
561 5393 803 5458 pecuniae
831 5394 1118 5449 theatrales
1146 5393 1198 5447 in
1231 5408 1355 5447 usus
1406 5392 1663 5447 militares
1695 5392 1919 5447 transfe-

345 5464 568 5538 rantur;
600 5466 837 5538 ρεωριξωὶ
881 5467 1132 5538 χρήματα
1169 5465 1354 5518 κελεύει
1392 5464 1621 5538 γίνεσθαι
1653 5465 1719 5518 τὰ
1758 5483 1920 5538 στραι-

346 5532 573 5582 τιωτικά.
600 5527 867 5586 Libanius.
881 5527 1061 5588 ῬΟΙίΝ.

414 5595 449 5671 ά,
470 5594 690 5671 Quintil.
716 5599 812 5671 lib.
841 5618 894 5668 χ,
925 5618 1043 5671 cap.
1075 5602 1126 5656 5.
1160 5600 1343 5670 Neque
1371 5602 1513 5656 enim
1542 5601 1681 5656 bona
1714 5600 1815 5657 [ide
1842 5604 1918 5657 si-

341 5662 452 5717 mul
479 5680 537 5719 se
561 5662 1072 5741 intendereanimus
1096 5662 1271 5741 totqu
1298 5679 1492 5740 potest,
1524 5680 1580 5724 et
1597 5685 1919 5741 quocunque

340 5737 655 5802 reSpexerit,
685 5738 875 5792 des'nit
907 5740 1271 5810 intuerigquod
1299 5737 1635 5810 'prOpositum
1666 5750 1782 5795 erat
1808 5737 1918 5796 {ob

344 5817 564 5876 eamque
584 5820 796 5861 causam
819 5816 964 5864 vetat
989 5807 1319 5866 Justinianus
1347 5807 1636 5882 imperator
1665 5824 1732 5865 ne
1758 5811 1918 5866 simul

2030 4551 2337 4623 conjungat,
2368 4555 2405 4609 l.
2437 4551 2629 4621 5,-Qui
2676 4554 2903 4609 militare
2948 4571 3087 4622 pass.
3120 4554 3180 4609 C.
3205 4551 3318 4608 lib.
3347 4570 3429 4608 xu
3467 4551 3671 4613 Justi-

2030 4624 2174 4679 nian.
2200 4623 2376 4679 sanxit
2405 4624 2621 4692 nequis
2648 4624 2857 4678 duobus
2901 4623 3298 4691 magistratibus
3329 4627 3670 4692 assideret,

2029 4703 2085 4748 et
2138 4695 2414 4762 utriusque
2444 4691 2657 4762 ,judicii
2703 4708 2886 4748 curam
2944 4703 3197 4761 gereret,
3252 4693 3303 4746 l..
3350 4695 3469 4748 ult.
3500 4737 3518 4759 ,
3598 4691 3668 4751 C.

2030 4762 2108 4817 De
2131 4761 2411 4818 αεεεεείτ.
2439 4761 2639 4826 Livius,
2671 4762 2764 4818 lib.
2794 4779 2849 4817 ιι
2876 4762 2944 4818 de
2967 4762 3099 4817 Bell.
3131 4763 3463 4828 Macedon.,
3491 4775 3677 4823 veteo

2028 4848 2141 4887 rem
2172 4832 2399 4888 Roman.
2423 4832 2597 4903 legem.
2618 4834 2872 4897 ostendit,
2902 4832 3038 4887 duos
3060 4832 3218 4888 simul
3246 4835 3674 4901 magistratus,

2026 4903 2322 4971 praesertim
2347 4902 2675 4976 curules,ne
2711 4903 3054 4976 quiscapere
3083 4903 3269 4976 poSSit,
3305 4919 3520 4973 neque
3569 4922 3682 4976 ge-

2030 4987 2173 5038 rere;
2204 4986 2312 5043 nec,
2330 4972 2487 5027 decet
2514 4973 2694 5042 plures
2722 4971 3063 5043 magistratus
3084 4971 3157 5027 ab
3187 4988 3294 5027 uno
3326 4971 3491 5043 geri,
3534 4971 3677 5035 cum

2031 5043 2245 5097 unicum
2270 5041 2337 5098 ab
2364 5057 2474 5097 uno
2501 5041 2704 5112 optime
2738 5042 3045 5112 perﬁciatur
3071 5057 3226 5112 opus.
3272 5041 3501 5101 coimus
3531 5046 3680 5104 εἶναι

2028 5115 2087 5190 ἶὸ
2131 5110 2568 5190 πλείουςμᾲρχὰέ
2601 5116 2688 5168 τὸν
2718 5110 2867 5190 ard-rd?
2913 5110 3127 5190 5pxstv,
3167 5112 3218 5169 ἓν
3260 5118 3383 5190 ’γὰρ
3409 5120 3534 5190 33?:
3553 5120 3681 5182 ἑνὸς

2029 5181 2186 5265 ξ’ργοχ
2198 5181 2368 5265 ἅριρςιςν
2394 5181 2735 5265 ἆξΐρτεὴῖται.
2769 5181 3024 5265 ᾼΓίϐιοίξξ
3048 5183 3138 5236 lib.
3163 5198 3232 5265 ll‘l,
3264 5181 3314 5238 ὸ.
3333 5181 3479 5265 .19;
3510 5181 3679 5265 Poli-

2020 5251 2119 5306 tic’.
2145 5251 2298 5318 Quod
2322 5252 2392 5319 ita
2421 5253 2877 5322 interpretandum
2908 5266 3135 5307 censeo:
3156 5252 3294 5307 Cum
3323 5257 3591 5315 animus
3621 5262 3680 5315 in

2029 5322 2238 5399 diversa
2258 5323 2478 5399 negotia
2506 5322 2853 5399 distrahitur:
2884 5322 3084 5399 alioqui
3113 5322 3245 5399 nihil
3270 5333 3449 5399 vetat
3486 5330 3683 5399 pluri-

2029 5391 2128 5446 bus
2157 5388 2357 5447 studiis
2388 5391 2620 5457 intendi,
2656 5394 2782 5447 dum
2811 5392 2968 5447 unius
2994 5388 3120 5446 cura
3147 5393 3214 5444 ad
3237 5388 3507 5452 alterum
3548 5416 3683 5454 mu-

2030 5462 2143 5516 niat
2172 5462 2329 5540 viam,
2363 5470 2421 5516 ut
2443 5461 2578 5530 juris
2607 5461 3080 5540 civilisscientiam
3128 5461 3248 5517 foro
3286 5463 3682 5540 judiciisque

2028 5531 2342 5611 exercendis
2392 5548 2497 5586 non
2543 5532 2885 5588 mediocriter
2919 5530 3259 5611 conducere:
3294 5530 3682 5611 Contraque

2025 5617 2178 5676 usum
2208 5601 2475 5676 forensem
2528 5617 2669 5676 verae
2695 5612 3069 5676 germanaeque
3092 5600 3268 5676 legum
3309 5600 3679 5676 cognitioni

2028 5671 2081 5726 in
2112 5671 2395 5742 plurimum
2424 5672 2669 5727 conlerre
2696 5672 2935 5741 quotidie
2971 5672 3047 5742 sic
3075 5671 3443 5742 experimur:
3467 5690 3540 5735 ιιι
3594 5684 3677 5736 at.

2028 5739 2198 5825 teram
2212 5742 2326 5796 sine
2353 5741 2572 5825 alterius
2600 5739 2846 5811 praesidio
2868 5756 2996 5797 suos
3016 5739 3252 5797 ﬁnesvis
3275 5739 3454 5803 tueri
3495 5769 3683 5825 posse

2029 5811 2371 5867 arbitremur.
2397 5810 2564 5867 Fons.
