3990 6170
364 255 468 310 789

1637 271 1998 330 VARIARUM
2046 275 2245 333 LIBER
2285 276 2374 333 IX.

3515 281 3635 337 790’

338 376 530 432 ‘tudini
545 370 746 449 jugiter
774 380 1115 451 inluercntcs,
1143 392 1257 440 toto
1299 386 1480 455 vigore
1509 385 1670 442 animi
1703 396 1727 426 ι
1756 387 1823 442 ad
1852 388 1948 445 bo-
1977 394 2028 454 Α
2045 393 2351 461 prmstando
2377 390 2658 447 desideriis
2686 400 2897 462 patrum
2926 403 2946 425 ⁸
2981 391 3156 448 felicia
3189 393 3428 463 germina
3456 394 3617 467 [Ed.,

362 482 552 523 narum
583 472 777 527 artium
807 473 980 551 studia
1009 475 1422 533 transferantur.

887 584 1215 685 EPISTOLA
1253 630 1416 686 χχιι.

396 730 624 772 PAULINO
645 733 769 774 νωο
800 735 1123 784 ειΑκιεςικο,
1147 737 1382 787 εοδευιι,
1412 737 1774 779 ΑτιιΛιλιιιουε
1800 739 1925 779 REX.

362 804 646 863 Praeclari:
675 810 912 886 laudibus
958 811 1239 886 Paulinum
1267 814 1475 886 ejusque
1515 815 1771 886 familiam
1797 830 1948 869 exor-

572 889 684 933 nat.
719 880 848 934 Tum
873 882 1165 937 consulatus
1194 880 1465 955 ei-confert
1489 880 1733 956 insignia.

430 987 710 1047 Indiscreti
740 992 1015 1049 hominum
1053 1009 1234 1053 mores
1260 996 1575 1068 confusique
1595 1010 1944 1070 vagarentur,

344 1077 406 1135 'si
432 1087 527 1134 aut
552 1080 709 1151 culpa
728 1083 1084 1152 formidinem,
1103 1095 1195 1140 aut
1215 1087 1383 1143 virtus
1403 1090 1619 1158 prmmia
1640 1106 1747 1146 non
1774 1091 1946 1148 habe-

358 1178 463 1225 ret.
487 1170 592 1226 Sed
616 1177 737 1227 cum
760 1184 988 1242 utraque
1009 1177 1120 1231 suis
1140 1174 1334 1233 ﬁnibus
1354 1180 1678 1250 propriaque
1698 1183 1949 1238 termina-

356 1261 507 1316 tione
519 1261 853 1331 claudantur,
872 1264 938 1320 de
951 1266 1202 1340 ill0153
1225 1268 1373 1323 nefas
1399 1276 1482 1325 est
1495 1270 1711 1339 ambigi,
1728 1272 1819 1341 qui
1840 1287 1949 1328 me-

357 1355 467 1406 ruit
487 1354 611 1423 eligi
626 1355 826 1423 judicio
852 1359 1150 1430 principali.
1182 1360 1300 1416 Non
1340 1362 1481 1420 enim
1510 1362 1802 1432 quidquam
1853 1374 1947 1421 aut

352 1442 848 1512 odiodeceruimus,
865 1458 958 1503 aut
984 1451 1198 1520 pellecti
1227 1452 1402 1522 aliqua
1431 1451 1814 1522 gratiﬁcatione
1843 1455 1948 1512 lau-

352 1534 565 1591 damus.
598 1536 805 1594 Electio
828 1549 1011 1596 nostra
1039 1542 1107 1598 de
1134 1545 1338 1599 meritis
1365 1546 1543 1610 venit,
1574 1555 1629 1601 et
1650 1554 1798 1602 tanto
1826 1548 1945 1616 quis

338 1628 521 1695 regali
549 1628 731 1684 animo
758 1632 1115 1701 proximatur,
1143 1643 1347 1704 quanto
1373 1635 1528 1692 bonis
1556 1636 1746 1693 studiis
1771 1638 1945 1693 socie-

352 1723 465 1772 tate
500 1721 860 1787 coniungitur.
901 1722 1021 1778 Non
1062 1726 1355 1780 vereamini
1382 1726 1648 1793 absentes,
1678 1743 1778 1783 nec
1821 1728 1938 1784 sitis

348 1805 419 1861 de
437 1809 693 1880 principis
725 1812 1059 1880 ignoratione
1085 1816 1317 1872 solliciti.
1363 1816 1556 1874 Latere
1583 1827 1764 1889 potest
1789 1818 1938 1877 forsi-

351 1906 442 1954 tan
468 1902 690 1971 vulgare
709 1904 981 1961 hominum
1001 1922 1190 1978 genus,
1210 1911 1400 1967 nesciri
1431 1926 1536 1967 non
1560 1920 1735 1984 potest
1756 1913 1937 1984 proles

347 1997 568 2045 senatus
591 2009 605 2044 :
638 1993 853 2062 quando
873 1995 1011 2052 bene
1031 1999 1146 2061 noti
1172 2008 1318 2068 sunt,
1342 2001 1433 2070 qui
1458 2002 1662 2057 meritis
1683 2017 1932 2059 asserun~

348 2085 465 2145 tur;
495 2086 552 2134 et
579 2081 793 2139 abunde
816 2088 1179 2157 cognoscitur,
1209 2091 1451 2161 quisquis
1476 2091 1617 2148 fama
1648 2101 1786 2150 teste
1815 2094 1933 2149 lau-

344 2166 526 2222 datur.
568 2169 910 2245 Quapropter
940 2186 993 2231 te
1021 2177 1330 2247 longissime
1357 2183 1709 2238 constitutum
1740 2185 1934 2241 mentis

348 2266 547 2314 nostra:
574 2261 765 2319 oculus
791 2277 1013 2320 serenus
1037 2266 1271 2338 inspexit
1290 2278 1346 2325 et
1366 2270 1499 2325 vidit
1517 2272 1764 2335 meritum
1791 2272 1933 2343 quod

346 2364 455 2405 non
484 2352 789 2410 habebatur
808 2359 1095 2414 occultum.
1130 2359 1465 2431 Propositum
1494 2365 1756 2434 siquidem
1781 2372 1930 2420 tuum

343 2442 616 2499 celebrata
665 2445 909 2503 dilatavit
962 2451 1163 2521 opinio,
1223 2453 1424 2511 faciens
1498 2453 1658 2510 fidem
1719 2457 1932 2525 generis

345 2550 557 2591 morum
580 2539 836 2608 pondere,
859 2558 966 2597 non
986 2552 1144 2599 actate
1165 2544 1216 2601 ιι.
1244 2546 1428 2617 Neque
1454 2549 1596 2603 enim
1623 2548 1703 2604 fas
1730 2558 1847 2605 erat
1875 2558 1932 2605 ut

343 2642 504 2695 quem
533 2628 733 2687 familia
776 2642 930 2689 tanta
962 2636 1311 2706 produxerat,
1336 2640 1604 2695 sententia
1644 2648 1831 2697 nostra
1878 2641 1932 2696 in

346 2732 413 2773 co
470 2722 848 2790 corrigendum
896 2726 1095 2797 aliquid
1140 2728 1420 2786 inveniret.
1473 2729 1669 2787 Semen
1718 2732 1933 2802 generis

346 2826 560 2868 morum
582 2813 841 2872 fructibus
860 2817 1155 2874 reddidisti.
1172 2820 1310 2875 Nihil
1330 2822 1483 2877 vobis
1494 2823 1791 2893 aztaslonga
1805 2824 1933 2880 sub—

343 2900 515 2956 duxit.
552 2904 815 2975 Antiquos
840 2907 892 2961 in
916 2916 969 2962 te
998 2908 1190 2965 Decios
1221 2908 1389 2965 Roma
1417 2913 1696 2982 cognovit;
1719 2913 1930 2981 Decios,

347 2992 588 3061 inquam,
620 2996 812 3064 priscis
839 2999 1045 3053 saeculis
1076 3000 1391 3057 honoratam
1420 3003 1745 3073 prosapiem,
1766 3003 1925 3059 liber-

344 3083 474 3140 tatis
503 3086 783 3155 auxilium,
811 3090 972 3171 curiae
999 3089 1183 3155 decus,
1216 3091 1443 3148 Romani
1487 3093 1721 3149 nominis
1747 3095 1933 3164 singu-

348 3174 463 3231 lare
490 3180 817 3247 przcconium
849 3199 862 3234 :
892 3183 978 3237 cui
1006 3184 1314 3253 Specialiter
1339 3185 1666 3256 adscriptum
1688 3195 1771 3243 est
1792 3186 1935 3256 quod

350 3265 797 3326 humanissimum
827 3271 1039 3328 hostem
1083 3282 1227 3329 statu
1255 3276 1562 3346 reipublictc
1601 3276 1937 3347 periclitante

350 3359 550 3427 evasit;
580 3368 637 3416 et
667 3362 719 3416 in
746 3371 896 3418 tanta
915 3366 1154 3421 virorum
1182 3364 1399 3421 fortium
1427 3368 1768 3423 multitudine
1791 3367 1937 3424 solus

353 3448 603 3506 inventus
644 3455 876 3523 est,qu
929 3456 1158 3524 patriam
1200 3457 1320 3527 plus
1365 3467 1616 3514 amasset.
1667 3457 1794 3515 Ilaec
1839 3474 1938 3516 nos

352 3542 600 3611 exempla
637 3544 1011 3601 submoncndo
1050 3563 1269 3618 semper
1297 3549 1638 3605 accendunt:
1664 3550 1788 3621 quia
1830 3567 1939 3607 ma-

351 3644 490 3695 gnus
506 3635 846 3691 verecundia:
871 3637 1119 3693 stimulus
1138 3646 1244 3708 est,
1281 3641 1395 3695 laus
1416 3650 1696 3710 parentum
1724 3653 1780 3708 c;
1812 3644 1937 3698 dum

354 3721 459 3776 illis
483 3739 595 3779 non
624 3725 857 3793 patimur
899 3743 1020 3786 esse
1063 3731 1294 3801 impares
1311 3748 1337 3796 ,'
1356 3749 1494 3803 quos
1520 3734 1813 3803 gaudemus
1839 3752 1937 3791 au-

354 3820 559 3870 ctores.
610 3815 679 3870 Et
724 3817 877 3885 ideo,
907 3819 1055 3889 quod
1090 3822 1205 3877 Deo
1235 3825 1453 3893 auspice
1480 3824 1680 3881 dictum
1723 3827 1812 3894 sit,
1845 3843 1943 3898 per

358 3909 701 3968 indictionem
730 3913 1106 3970 duodecimam
1139 3918 1332 3987 (Anno
1371 3917 1562 3974 Christi
1592 3918 1738 3991 554)
1788 3934 1941 3977 sume

354 4000 585 4073 insignia
612 4006 960 4073 consulatus;
991 4009 1249 4065 honorem
1289 4011 1505 4080 quidem
1554 4013 1776 4070 arduum
1800 4056 1815 4082 ,
1846 4015 1941 4071 sed

356 4091 569 4149 familia:
590 4104 782 4152 vestrm
802 4097 1175 4155 domesticum.
1211 4102 1319 4158 Vos
1354 4105 1497 4159 enim
1540 4107 1820 4176 completis
1847 4123 1941 4177 pa-

352 4189 529 4256 ginam
558 4192 932 4261 consularem;
962 4210 1057 4249 vos
1085 4196 1279 4250 crebro
1316 4199 1556 4252 nominat
1586 4197 1611 4237 εί
1635 4214 1823 4256 cursus
1846 4216 1941 4256 an-

356 4294 551 4335 norum
575 4298 592 4346 ;
620 4290 675 4336 et
702 4282 828 4337 dum
856 4284 1011 4354 copia
1051 4285 1337 4355 plurimum
1366 4288 1539 4344 soleat
1568 4291 1766 4345 trahere
1793 4292 1942 4347 fasti-

352 4367 532 4434 dium,
573 4379 811 4443 vestrum
864 4388 1058 4428 nomen
1108 4377 1394 4445 repetitum
1443 4393 1661 4450 semper
1712 4380 1943 4437 efficitur

2044 482 2266 556 genera]
2292 484 2674 539 masculorum.
2703 483 2839 539 lliuc
2860 494 2940 540 est
2963 486 3106 556 quod
3130 485 3183 539 in
3211 485 3302 541 illo
3319 499 3500 540 rerum
3525 502 3625 542 caa

2048 576 2156 645 pile
2189 576 2446 644 collegam
2463 577 2547 631 vix
2575 576 2770 631 videtis
2793 586 3111 631 extraneum
3146 593 3160 632 :
3189 576 3287 632 hos
3308 577 3618 650 habetisju-

2047 668 2216 735 dices,
2254 682 2389 737 quos
2416 668 2749 739 parentes.0
2779 678 3085 739 temporum
3119 669 3394 740 singulare
3414 686 3617 740 przeco-

2048 760 2219 815 niuml
2244 761 2405 816 Curia
2425 760 2666 815 Romana
2691 762 2994 831 completur
3017 776 3156 832 pene
3178 772 3357 815 vestra
3390 761 3618 818 familia:

2049 866 2175 908 ecce
2213 864 2339 907 vere
2363 868 2691 907 nuncunum
2723 854 3009 908 dicendum
3033 862 3116 908 est
3142 869 3366 924 corpus,
3403 856 3623 925 quando

2049 955 2265 1000 constat
2294 946 2455 1000 vicini
2486 946 2588 1001 sibi
2624 947 2838 1016 generis
2867 948 3128 1003 societate
3146 947 3492 1017 permixtum.
3514 947 3637 1005 Scd‘

2048 1053 2156 1093 non
2184 1038 2430 1093 remittas
2448 1040 2658 1095 animos
2681 1039 3003 1095 confidentia
3034 1051 3245 1095 tuorum
3271 1059 3286 1108 ;
3311 1057 3413 1097 nec
3432 1042 3626 1098 credas

2049 1144 2208 1200 posse
2236 1128 2500 1195 sufﬁcere,
2542 1132 2686 1199 quod
2720 1131 2814 1186 tibi
2846 1132 3070 1202 contigit
3102 1132 3167 1187 de
3189 1132 3400 1187 illorum
3424 1134 3625 1203 prmdi-

1961 1253 1971 1264 -
2050 1224 2263 1279 catioue
2279 1222 2666 1291 gaudere.Plus
2680 1224 2912 1292 exigitur
2930 1225 3100 1280 haeres
3116 1225 3626 1296 bonorum,quandu

2045 1317 2162 1365 sine
2186 1310 2489 1366 cessatione
2530 1311 2889 1382 compellitur,
2918 1314 3011 1383 qui
3052 1314 3315 1384 majorum
3342 1317 3633 1373 virtutibus

2046 1402 2378 1456 admonetur.
2409 1401 2559 1458 Adde
2586 1402 2769 1459 laudes
2795 1405 3039 1475 egregias
3058 1405 3357 1461 senioribus
3376 1407 3512 1473 tuis;
3540 1422 3629 1462 se-

2046 1508 2217 1564 quens
2253 1501 2383 1548 mtas
2429 1510 2550 1550 cum
2579 1495 2754 1565 aliqua
2783 1496 3038 1567 opinabili
3077 1497 3313 1554 novitate
3351 1500 3625 1554 succedat.

2045 1583 2179 1637 Nam
2207 1584 2250 1639 si
2272 1583 2562 1652 gloriosum
2593 1595 2676 1641 est
2701 1586 2929 1656 posteris
2950 1587 3119 1643 avitas
3144 1588 3434 1644 extendere
3461 1591 3635 1647 [παι-

2044 1681 2212 1742 tates,
2258 1683 2460 1742 quanto
2503 1677 2841 1745 prmstantius
2885 1686 2970 1731 est
3017 1676 3379 1735 hmreditarias
3427 1694 3650 1750 augero~
3738 1684 3753 1692 “

1972 1765 2012 1824 Β
2039 1762 2301 1838 virtutes!
2336 1761 2515 1819 Mores
2556 1769 2678 1820 tuos
2722 1764 3045 1822 domesticos
3073 1769 3481 1824 conversatione
3508 1770 3636 1824 lau-

2041 1853 2283 1909 davimus
2311 1872 2324 1907 :
2352 1853 2445 1910 sed
2474 1853 2648 1924 majus
2675 1855 2872 1925 aliquid
2910 1873 3052 1913 nunc
3081 1859 3236 1914 decet
3262 1859 3487 1930 publicis
3528 1875 3629 1917 ex-

2042 1943 2227 2000 hibere
2247 1944 2643 2015 conspectibus,
2673 1943 2813 1999 unde
2838 1946 2939 2001 sibi
2966 1962 3067 2001 nec
3085 1956 3217 2004 retas
3255 1957 3440 2004 tenera
3470 1949 3623 2004 blan-

2039 2032 2237 2102 diatur,
2268 2048 2368 2090 nec
2413 2040 2588 2090 metus
2630 2033 2907 2105 quisquam
2936 2036 3197 2104 vindicet,
3229 2055 3329 2095 nec
3372 2042 3629 2110 magister

2039 2131 2294 2178 assumat.

2553 2257 2886 2317 EPISTOLA
2920 2259 3104 2318 XXIII.

2270 2361 2490 2404 SENATUI
2522 2364 2665 2405 UBBIS
2688 2366 2847 2406 ROIE
2869 2368 3228 2411 ATIIALAIUCUS
3256 2371 3383 2411 REX.

2037 2437 2353 2563 lfagnogere
2377 2440 2574 2496 extollit
2611 2441 2924 2497 Venautium
2952 2444 3161 2499 Paulini
3176 2448 3620 2570 Εαινθηινίμςμηι-

2106 2526 2202 2570 que
2277 2511 2525 2570 aulinum,
2557 2529 2701 2570 auem
2731 2524 2992 2568 creaverat
3017 2531 3170 2570 constt
3225 2533 3303 2570 m:
3335 2527 3384 2570 et
3414 2527 3535 2570 vettt
3560 2525 3619 2570 ut

2106 2526 2202 2588 que
2228 2511 2529 2588 Paulinum,
2557 2529 2701 2582 quem
2731 2524 2992 2568 creaverat
3017 2511 3303 2582 consulem;
3335 2511 3396 2571 et,
3412 2511 3535 2588 petit
3560 2525 3619 2571 ut

2106 2579 2217 2649 ejus
2241 2580 2475 2634 electioni
2503 2579 2730 2652 (creant.

2107 2667 2264 2736 Quid,
2295 2679 2475 2741 patres
2502 2673 2813 2743 conscripti,
2843 2672 2911 2729 de
2929 2674 3081 2730 vobis
3102 2675 3400 2745 judicemus
3419 2692 3620 2748 expen-

2037 2757 2167 2828 dite,
2193 2776 2316 2816 cum
2342 2761 2410 2816 ad
2429 2776 2753 2818 summarum
2777 2764 3010 2821 culmina
3029 2766 3345 2837 dignitatum
3366 2770 3620 2838 germinis

2036 2852 2200 2906 vestri
2239 2853 2386 2908 viros
2427 2868 2567 2923 quos
2614 2870 2888 2925 nunquam
2915 2858 3145 2914 vidimus
3183 2858 3477 2928 eligamus,
3511 2876 3622 2916 non

2036 2940 2248 2998 fastidio
2292 2944 2628 3013 negligentiae
2651 2986 2668 3015 ,
2719 2946 2814 3002 sed
2858 2947 3158 3004 honorabili
3207 2951 3643 3020 praesumptione-

2037 3043 2262 3091 naturm.
2296 3036 2375 3090 Ad
2403 3051 2631 3093 examen
2673 3038 2891 3094 veniant
2933 3055 3052 3110 qum
3095 3050 3351 3112 putantur
3395 3043 3615 3097 incerta.

1962 3137 2008 3199 ς,
2039 3126 2171 3181 Nam
2196 3128 2316 3197 quis
2344 3127 2410 3183 de
2434 3128 2523 3185 illa
2549 3145 2612 3186 re
2651 3132 2881 3189 aestimet
2920 3132 3343 3200 deliberandum,
3374 3135 3464 3189 ubi
3491 3134 3625 3188 nihil

2036 3226 2314 3288 reputatur
2339 3220 2683 3290 ambiguum?
2729 3221 2927 3279 Omnes
2950 3225 3167 3295 quidem
3194 3225 3491 3295 benignitas
3518 3239 3623 3279 nov

2036 3316 2146 3363 stra
2173 3310 2567 3380 complectitur,
2600 3312 2695 3368 sed
2719 3313 2853 3370 tales
2880 3316 3120 3373 veritatis
3148 3317 3455 3372 testimonio
3483 3331 3624 3387 pnc‘

2037 3396 2298 3455 dicamus.
2341 3396 2601 3455 Przecedit
2640 3402 2855 3471 quidem
2902 3406 3102 3479 gratia,
3134 3406 3227 3461 sed
3272 3406 3515 3474 sequitur
3540 3405 3623 3460 in-

2038 3494 2289 3557 corrupta
2308 3490 2600 3544 sententia.
2631 3490 2766 3546 Nam
2793 3493 3102 3551 sicutidem
3130 3495 3291 3550 curiae
3317 3510 3512 3565 corpus
3540 3502 3625 3550 est

2037 3578 2219 3646 vobis,
2250 3579 2324 3633 ita
2372 3580 2426 3635 in
2476 3597 2641 3638 unum
2679 3583 2932 3640 laudabili
2976 3586 3255 3656 proposito
3303 3587 3620 3643 convenitis.

2040 3671 2151 3727 Vos
2171 3685 2301 3742 ergo
2327 3672 2599 3740 dilexisse,
2623 3674 2882 3745 judicium
2907 3685 3006 3741 est,
3032 3677 3174 3734 unde
3204 3678 3466 3753 libertatis
3493 3693 3624 3748 aug-

2041 3773 2283 3819 mentum
2332 3773 2387 3820 et
2432 3766 2602 3822 nostri
2645 3766 2855 3837 imperii
2898 3768 3089 3823 crescit
3135 3776 3375 3824 ornatus.
3424 3768 3624 3825 Rerum

2042 3870 2219 3912 causa:
2245 3871 2459 3928 semper
2484 3858 2538 3912 in
2578 3858 2784 3914 semine
2829 3867 2974 3925 sunt,
3014 3859 3216 3915 fructus
3243 3859 3418 3915 editus
3447 3859 3626 3931 prodit

2043 3956 2320 4014 auctores;
2352 3956 2407 4004 et
2430 3948 2688 4019 quidquid
2712 3964 2742 4003 a
2763 3949 3051 4006 Divinitate
3069 3965 3359 4019 meremur,
3388 3950 3455 4006 dc
3483 3950 3625 4005 felici

2043 4040 2196 4109 prole
2223 4039 2508 4109 colligitur.
2544 4039 2681 4098 Hinc
2708 4048 2792 4098 est
2827 4042 2970 4112 quod
2996 4042 3279 4113 patricium
3307 4041 3623 4097 Venautium

2042 4131 2143 4187 sub
2165 4131 2515 4190 admiratione
2549 4149 2857 4205 pensemus,
2882 4141 2937 4191 et
2961 4134 3186 4191 fecunda
3215 4135 3367 4205 prole
3392 4132 3626 4204 gauden-

2043 4228 2171 4287 tem,
2204 4230 2259 4276 et
2286 4230 2368 4278 tot
2392 4222 2761 4280 consulatibus
2781 4240 2987 4296 parem.
3018 4223 3276 4280 Educavit
3304 4226 3446 4280 enim
3492 4225 3627 4281 libe-

2044 4328 2135 4370 ros
2163 4315 2307 4369 nulla
2333 4315 2655 4372 discretione
2682 4317 3001 4386 laudandos,
3027 4317 3267 4388 pondere
3294 4317 3625 4372 moderatio-

2046 4404 2127 4460 nis
2154 4405 2408 4474 mquales,
2420 4405 2616 4476 ingenii
2641 4407 2931 4464 vivacitate.
2949 4408 3258 4464 consimiles
3273 4406 3314 4474 τ,
3329 4415 3385 4463 et
3411 4422 3623 4463 morum

352 4464 671 4532 gloriosum.
718 4467 852 4525 Huic
882 4469 1131 4540 denique
1156 4472 1337 4542 generi
1384 4472 1627 4545 Superna
1675 4475 1938 4542 faverunt,

2048 4494 2303 4550 societate
2349 4511 2480 4553 vere
2525 4510 2842 4567 germanos;
2872 4512 3100 4567 quorum
3144 4496 3422 4555 infantiam
3471 4499 3627 4555 bonis

430 4643 460 4673 ³
492 4642 605 4699 Hac
631 4643 704 4724 de
721 4661 781 4701 re
800 4646 1027 4724 videtr
1073 4650 1142 4705 de
1171 4667 1281 4707 var.
1315 4660 1369 4707 et
1396 4662 1506 4711 ext.
1539 4669 1720 4724 cognx,
1743 4656 1937 4715 Scncc.

356 4712 448 4789 lib.
481 4729 598 4789 xiii,
619 4715 775 4789 epist.
800 4716 892 4789 89;
924 4718 1087 4788 Plin.,
1110 4736 1336 4789 prooem.
1363 4723 1454 4778 lib.
1484 4712 1791 4783 xtvaoittv.

429 4782 711 4858 b_Virtutis
725 4788 866 4858 enim
880 4782 1047 4857 quam
1059 4782 1233 4845 sciatis
1254 4808 1442 4849 cursus
1456 4782 1701 4858 celerior,
1716 4806 1937 4854 auctore

352 4850 429 4907 Μ.
453 4851 651 4937 Tullio,
684 4871 716 4910 v
744 4856 881 4937 ΡΨ.
906 4850 1033 4913 ’Νρο
1063 4860 1206 4914 enim
1235 4863 1389 4937 cani,
1419 4879 1525 4918 non
1550 4850 1700 4935 rugae
1717 4850 1939 4937 repente

354 4924 736 5008 auctoritatem
768 4928 966 5008 afferre.
985 4939 1230 5008 possunt,
1257 4938 1348 4986 sed
1370 4924 1597 5008 honeste
1616 4924 1751 4990 "acta
1779 4924 1937 5008 supe-

352 4994 467 5069 rior
490 4994 999 5069 mus_auctoritatis
1036 4994 1241 5069 fructus
1292 5003 1494 5069 praebet
1540 4994 1940 5068 extremosfut

354 5060 500 5145 idem
531 5062 584 5117 in
615 5065 820 5121 Catone
850 5067 1066 5136 Majore.
1100 5060 1374 5145 Itaque-IL
1408 5070 1764 5145 Hieronymus
1793 5060 1939 5145 pres?

355 5133 666 5210 byte-rorutn
699 5150 910 5210 noman
931 5133 1048 5193 'uon
1082 5139 1149 5193 ab
1176 5133 1351 5194 tutetis
1393 5143 1565 5210 senio,
1590 5133 1685 5199 sed
1727 5133 1937 5201 morum

351 5203 616 5273 gravitate
640 5214 693 5258 et
720 5207 1028 5263 maturitate
1058 5217 1284 5263 tractum
1309 5210 1400 5265 ait.
1433 5203 1600 5267 Fortis.

430 5283 449 5354 ξ
486 5272 1067 5354 Magnttsyerecunditc
1091 5279 1341 5335 stimulus
1362 5291 1464 5349 est,
1497 5282 1612 5338 laus
1634 5292 1937 5354 parentum,

354 5345 530 5416 γνώμη
560 5344 864 5414 Virgilianae
882 5348 1071 5402 similis
1097 5366 1111 5401 :

320 5434 329 5445 '
480 5433 531 5483 Et
561 5445 699 5497 pater
718 5436 914 5498 Encas,
933 5444 986 5488 et
1006 5441 1269 5491 avunculus
1290 5444 1471 5492 excitat
1492 5442 1687 5495 Hector.

357 5518 456 5577 llic
483 5530 667 5595 autem
690 5522 1118 5595 A'I‘beodoricum,
1150 5537 1423 5595 parentem
1469 5544 1643 5593 suum,
1676 5527 1939 5582 Athalari-

353 5606 454 5658 cus
482 5588 746 5658 intelligit.
780 5591 943 5649 Fons.

426 5656 454 5696 ἀ
490 5657 594 5713 Per
613 5656 860 5718 consules
886 5664 1011 5732 anni
1059 5662 1211 5717 Rom.
1247 5670 1690 5732 numerabantur,
1717 5668 1938 5725 Athenis

361 5744 457 5797 per
481 5743 794 5802 eponytnos,
823 5733 923 5790 Jul.
961 5731 1170 5801 Pollux,
1194 5735 1263 5793 lib
1290 5754 1380 5795 vut
1406 5731 1713 5796 Onomastt
1737 5737 1872 5797 Ἐστὶ
1893 5740 1936 5794 δ’
2026 5794 2033 5799 .

2044 4673 2302 4749 imitatur/.0;
2332 4669 2505 4737 οὗτος,
2657 4674 2747 4728 ἀπ’
2776 4675 2936 4729 αὐτοῦ
2980 4673 3007 4728 ὁ
3058 4673 3621 4749 χρόνρς-ἁρέθμεῐταιζ

2039 4741 2263 4797 novell.:
2292 4748 2412 4819 rupi
2433 4751 2533 4800 τῶν
2549 4745 2759 4819 ρξτὰτων
2782 4761 2800 4819 _;
2830 4741 3158 4819 et_nov._'47,
3191 4744 3225 4797 Ι.
3255 4741 3415 4819 3,1).
3438 4741 3627 4819 Deuc-

2039 4822 2229 4877 cusat.;
2260 4821 2315 4869 et
2342 4812 2523 4884 supra,
2549 4814 2641 4869 lib.
2665 4830 2736 4880 vt,
2780 4814 2835 4869 in
2877 4813 3101 4870 formula
3129 4816 3439 4869 consulatus
3468 4829 3480 4864 :
3515 4812 3624 4867 Νοι-

2024 4896 2162 4955 ¹ιηιξη
2186 4898 2473 4951 annorum,
2503 4892 2610 4939 etc.
2639 4884 2805 4939 Fonu.

2114 4985 2138 5011 θ
2170 4972 2345 5052 Leges
2368 4971 2641 5052 Voconia),
2680 4974 2868 5052 saliere
2898 4990 3071 5052 mares
3118 4971 3342 5052 fominis
3374 4972 3625 5052 praemio-

2040 5043 2283 5114 runt,iet
2324 5044 2411 5114 jus
2451 5044 2703 5110 Romam,
2734 5045 2767 5098 Ι.
2803 5043 2866 5098 1η
2909 5044 3104 5110 multis,
3134 5043 3201 5097 de
3244 5050 3386 5096 statu
3416 5043 3620 5095 homin.

2040 5112 2156 5169 lloc
2181 5112 2472 5169 Menander
2491 5115 2738 5170 columen
2761 5114 2973 5168 familia:
2995 5122 3168 5169 vocat.

2181 5204 2361 5265 Στῦλος
2387 5206 2487 5279 γάρ
2510 5202 2648 5259 οἴκου
2670 5203 2846 5264 παῖδές
2868 5206 2994 5259 εἰσιν
3021 5201 3251 5275 ἆρίενες.
3284 5201 3453 5256 Fontt.

2117 5290 2135 5331 ί
2170 5290 2474 5362 Similitudo
2500 5292 2722 5348 fratrum
2743 5294 2826 5347 vel
2854 5292 3203 5362 gemellorum
3232 5292 3457 5362 gratiam
3489 5306 3621 5362 cont-

2040 5362 2359 5443 eil.iat,_.leg.
2408 5360 2507 5429 59;
2538 5364 2574 5417 l.
2601 5363 2696 5443 ἐς),
2722 5359 2992 5443 _Hi__eni_m,
3022 5362 3092 5443 D._
3128 5359 3390 5443 Dejwdil.
3442 5359 3620 5443 alia;

2042 5428 2422 5556 PiplILme,
2448 5428 2569 5503 cap.
2595 5432 2679 5500 η,
2704 5432 2773 5488 de
2802 5432 2872 5487 Μ.
2897 5432 3130 5489 Antonio
3160 5432 3457 5487 triutnviro.
3485 5428 3626 5483 Maro

2068 5517 2114 5555 ta
2141 5542 2153 5554 .
2207 5519 2220 5555 ι
2263 5541 2277 5555 .
2303 5517 2354 5556 ix
2389 5518 2400 5554 :

2104 5592 2223 5649 Qum
2250 5598 2486 5643 novatam
2505 5592 2690 5643 similes
2699 5595 2870 5655 genuit
2891 5595 2975 5643 tibi
2999 5593 3127 5642 Leda
3150 5594 3410 5654 ministros,

2039 5683 2166 5741 etc.;
2193 5674 2228 5730 l.
2252 5673 2343 5744 22,
2377 5672 2623 5745 Proinde,
2646 5677 2713 5733 ad
2736 5677 2770 5733 I.
2802 5678 2971 5749 Aquit.
2995 5678 3158 5735 Fonn.
