3990 6170
343 304 443 360 791

1589 306 1655 358 Μ.
1698 304 1787 358 Ali
1800 302 1977 358 RELll
2015 301 2413 364 CASSIODORI

3523 317 3629 373 799

340 422 548 479 artibus
573 421 882 486 enutritam,
897 417 1232 488 jnventutem
1259 433 1472 489 quoque
1494 417 1656 472 armis
1677 417 1936 480 exercuit,
1967 419 2012 475 Α
2044 419 2212 486 gratia
2243 420 2555 480 custodiret.
2599 422 2733 478 Nam
2760 439 2918 495 quem
2948 425 3035 483 ille
3063 428 3237 482 virum
3263 435 3359 482 aut
3385 429 3632 486 exerciti-

339 518 579 570 t’ormans
601 515 838 569 animum
868 509 1080 575 litteris,
1104 509 1343 564 membra
1371 510 1691 582 gymnasiis:
1723 509 1939 564 tradens

339 603 529 660 amicis
552 603 810 660 exhibere
830 600 1210 664 constantiam,
1235 599 1468 656 dominis
1489 601 1675 668 ﬁdem;
1710 608 1764 656 et
1785 600 1939 670 quid-

340 694 466 762 quid
497 695 549 748 in
579 693 673 748 illo
702 693 818 748 viro
865 692 1038 760 gratia
1064 691 1242 747 divina
1272 693 1558 762 concessit,
1582 693 1787 761 integra
1815 709 1938 763 per-

340 784 572 841 fectione
611 781 986 839 transmissum
1017 798 1207 838 cernas
1249 782 1302 838 in
1331 791 1599 852 posteros.
1630 782 1841 838 Jactent
1879 797 1939 837 se

339 879 427 939 alii
459 878 800 948 possessione
829 877 1102 947 locupleti,
1128 891 1502 946 summumque
1522 884 1711 947 putent
1738 877 1938 933 bonum

337 970 482 1024 solas
520 985 639 1026 esse
685 969 917 1024 divitias.
947 969 1002 1023 ln
1053 969 1154 1024 hac
1195 978 1373 1023 autem
1405 968 1566 1024 domo
1595 982 1703 1022 non
1731 975 1939 1021 tantum

338 1061 695 1136 patrimoniis,
719 1061 812 1116 sed
855 1067 910 1116 et
955 1060 1240 1117 virtutibus
1270 1061 1448 1115 aditur
1485 1059 1790 1114 hmreditas.
1822 1058 1938 1114 Hoc

340 1161 426 1208 est
467 1151 710 1223 profecto
740 1152 883 1223 quod
913 1167 1041 1209 vere
1069 1153 1262 1208 divites
1308 1152 1457 1219 facit,
1489 1152 1704 1222 quando
1735 1151 1935 1207 nullum

344 1245 534 1302 melius
562 1253 743 1314 potest
771 1259 892 1300 esse
915 1245 1290 1314 compendium
1310 1284 1325 1308 ,
1356 1258 1516 1313 quam
1541 1243 1786 1298 laudibus
1808 1259 1935 1298 suc-

343 1335 570 1391 cessisse
600 1335 884 1404 majorum.
935 1335 1228 1391 Probatum
1258 1344 1342 1392 est
1386 1336 1550 1390 etiam
1584 1336 1635 1390 in
1682 1350 1748 1390 eo
1778 1335 1934 1392 bonis

340 1426 802 1496 dispensatoribus
829 1427 903 1484 nil
931 1425 1140 1482 deesse.
1167 1425 1346 1483 Alieni
1383 1427 1685 1491 continens,
1717 1427 1935 1496 propria

339 1517 437 1573 sub
458 1519 828 1576 moderatione
847 1518 1193 1585 distribuens,
1228 1528 1283 1574 et
1311 1518 1563 1574 inusitata
1591 1519 1749 1574 laude
1773 1519 1937 1574 mira-

343 1612 482 1678 bilis,
513 1611 639 1666 nulli
687 1612 866 1680 gravis
923 1619 1004 1666 tot
1051 1611 1275 1682 protulit
1318 1611 1650 1668 consulares.
1690 1609 1938 1681 Recipiat

341 1703 455 1758 haec
484 1703 704 1758 audiens
733 1700 962 1757 fructum
1003 1702 1297 1769 bonorum;
1330 1697 1588 1770 agnoscat
1629 1719 1689 1758 se
1734 1715 1936 1773 praeco.-

2042 508 2142 564 bus
2169 511 2465 581 przeﬁciens
2490 529 2612 568 cum
2633 514 2857 570 victoria
2880 532 2985 572 non
3013 518 3251 587 recepit;
3282 525 3374 573 aut
3395 519 3628 587 judicem

2043 600 2262 668 cingens
2291 600 2420 674 [Μδ.
2447 600 2574 658 Niv.
2605 611 2655 656 et
2685 602 2859 669 Gam.,
2883 619 3116 674 ungens;
3139 604 3258 665 Jur,
3292 622 3310 659 :
3337 609 3496 676 forte,
3529 624 3630 662 au-

2042 689 2360 763 gens],non
2409 691 2764 762 justissimum
2814 695 3219 765 comprobavit?
3247 693 3382 750 Cum
3439 695 3631 753 futuris

2041 778 2203 839 rebus
2239 799 2365 838 eum
2403 784 2652 841 crederes
2704 785 2907 841 habere
2955 792 3274 852 tractatum;
3307 800 3431 840 nam
3485 787 3627 857 quod

2041 877 2375 947 concepisset
2394 879 2622 943 animus,
2653 877 2916 933 reddebat
2942 879 3157 948 semper
3181 878 3436 942 eﬁectus;
3456 878 3628 934 miro-

2041 982 2145 1036 que
2173 967 2451 1036 sapientize
2476 968 2656 1022 studio
2682 983 2789 1022 non
2829 967 3062 1022 habebat
3091 967 3327 1034 dubium,
3363 968 3507 1036 quod
3536 983 3628 1023 νεο-

2039 1060 2238 1115 raciter
2282 1059 2607 1131 pmvidebat
2659 1075 2779 1115 esse
2823 1067 3127 1114 venturum.
3183 1059 3424 1130 Denique
3463 1075 3526 1114 ex
3574 1069 3628 1116 te

2040 1151 2270 1222 probare
2323 1166 2607 1221 possumus
2657 1151 2912 1206 eximium
2967 1151 3220 1220 principis
3275 1151 3622 1205 institutum:

2039 1259 2199 1314 quem
2245 1245 2556 1314 primmvum
2609 1243 2873 1314 recipiens
2922 1241 2990 1298 ad
3037 1244 3322 1312 quaestoris
3372 1242 3626 1310 cilicium,

2039 1351 2166 1392 mox
2185 1337 2386 1406 reperit
2411 1336 2740 1392 conscientia
2767 1334 3070 1405 praeditum,
3094 1342 3150 1389 et
3168 1335 3346 1404 legum
3371 1335 3628 1390 eruditio-

2039 1445 2108 1486 ne
2134 1437 2423 1484 maturum.
2449 1428 2616 1484 Fuisti
2646 1427 2897 1482 nimirum
2916 1443 3123 1482 summa
3150 1436 3450 1496 temporum
3480 1427 3624 1492 laus;

2038 1529 2099 1575 ut
2127 1521 2274 1574 illum
2311 1520 2390 1574 sic
2417 1518 2483 1573 ad
2506 1519 2684 1573 omnia
2726 1518 3020 1574 sollicitum
3063 1517 3326 1573 inoffensa
3375 1517 3629 1572 redderes

2037 1612 2387 1667 famulatione
2413 1625 2685 1672 securum,
2712 1610 2838 1663 dum
2867 1609 3064 1664 molem
3096 1616 3299 1662 tantam
3322 1608 3520 1676 regalis
3548 1608 3629 1662 in-

2037 1701 2181 1772 genii
2209 1697 2470 1756 facundiae
2501 1707 2601 1754 tute
2629 1698 2832 1753 viribus
2853 1698 3164 1753 sustineres.
3191 1696 3266 1751 Te
3292 1698 3344 1751 in
3375 1696 3628 1751 dictatio-

341 1810 463 1849 nem
495 1793 694 1849 habere
721 1808 879 1864 quem
910 1793 1209 1861 dominum,
1239 1801 1295 1848 et
1313 1794 1453 1850 inter
1474 1800 1555 1848 tot
1583 1793 1783 1848 lumina
1811 1808 1935 1862 pro—
1972 1802 2008 1858 Β
2039 1794 2196 1849 nibus
2223 1807 2516 1859 amoenum,
2547 1799 2600 1847 te
2627 1792 2695 1846 ad
2713 1790 2975 1859 justitiam
3022 1788 3274 1858 rigidum,
3305 1797 3357 1842 te
3383 1787 3569 1842 habuit
3594 1802 3628 1842 a

339 1901 522 1942 cerum
550 1886 890 1954 singulariter
917 1885 1080 1942 fuisse
1107 1884 1401 1940 laudatum.
1447 1884 1580 1940 Nam
1608 1885 1652 1942 si
1684 1885 1927 1942 homines

340 1988 498 2035 ornat
518 1979 684 2036 semel
707 1979 978 2051 accepisse
1005 1977 1316 2048 palmatam,
1345 1977 1472 2048 quid
1515 1977 1606 2034 ille
1629 1975 1927 2032 censendus

338 2078 439 2134 est,
471 2070 563 2140 qui
593 2077 671 2124 tot
699 2076 937 2124 meretur
966 2069 1020 2124 in
1051 2068 1170 2125 ﬁliis
1192 2068 1537 2124 consulatus?
1566 2065 1631 2122 Et
1661 2068 1803 2133 ideo,
1831 2083 1928 2138 pa-

2029 1885 2413 1956 cupiditatlbus
2441 1875 2695 1939 alienum.
2729 1879 2997 1937 Beneﬁcia
3042 1880 3240 1952 quippe
3269 1879 3435 1950 ipsius
3481 1877 3628 1934 nulla

2027 1975 2371 2032 abominabili
2417 1974 2691 2030 taxatione
2728 1972 2995 2028 vendebat;
3019 1971 3083 2036 b;
3115 1980 3174 2025 ut
3203 1971 3378 2026 honor
3420 1971 3518 2024 tibi
3558 1969 3629 2024 ad

2027 2070 2297 2142 opinionis
2317 2069 2528 2124 divitias
2555 2068 2863 2139 proliceret,
2890 2067 3016 2120 dum
3038 2065 3259 2119 minime
3287 2064 3461 2134 pretio
3487 2062 3624 2118 sub-

339 2167 448 2212 tres
476 2158 796 2228 conscripti,
829 2158 1100 2211 alumnum
1141 2165 1374 2212 vestrum
1423 2155 1702 2212 Paulinum
1745 2156 1926 2212 laurea
2022 2162 2251 2232 jaceret.
2295 2160 2432 2217 Hinc
2457 2170 2544 2217 est
2580 2160 2724 2231 quod
2753 2158 3020 2214 videbaris
3045 2157 3350 2227 aequissimo
3389 2155 3622 2226 principi

339 2248 494 2319 illa,
526 2247 711 2319 aurea]
748 2249 1008 2320 dignitate
1041 2251 1329 2317 vestimns;
1378 2258 1438 2305 ut
1482 2250 1739 2320 juventus
1790 2250 1925 2319 ejus,

336 2356 456 2410 qum
487 2340 650 2410 fulget
677 2341 902 2410 meritis,
927 2339 1108 2396 trabea
1132 2355 1346 2410 quoque
1375 2340 1717 2408 resplendeat
1745 2340 1928 2396 trium-

338 2431 504 2501 phali.
527 2430 681 2485 Hunc
707 2431 969 2485 honorem
999 2430 1283 2486 Deciorum
1303 2430 1460 2505 151‘
1477 2430 1678 2486 familia
1703 2446 1810 2486 non
1837 2431 1930 2486 mi-

335 2524 642 2595 ratur,quia
673 2538 858 2580 eorum
887 2523 1049 2596 plena
1074 2533 1200 2581 sunt
1228 2525 1363 2579 atria
1393 2522 1624 2580 fascibus
1652 2526 1922 2581 laureatis.

337 2615 468 2670 Aliis
517 2631 638 2670 rara
675 2615 905 2684 dignitas
925 2616 1025 2672 ista
1051 2617 1333 2688 contingit,
1363 2616 1418 2672 in
1449 2615 1555 2674 hoc
1581 2617 1811 2673 decursu
1831 2632 1928 2687 ge-

335 2705 482 2762 neris
511 2719 651 2776 pene
678 2706 916 2761 nascitur
951 2707 1268 2764 consularis.
1319 2708 1522 2766 Favete
1550 2722 1710 2778 ergo,
1745 2717 1928 2780 patres

335 2797 661 2866 conscripti,
691 2798 889 2853 nostris
927 2799 1259 2868 muneribus,
1285 2809 1342 2856 et
1368 2809 1552 2858 vestro
1581 2802 1929 2865 nihilominus

334 2885 646 2944 candidato.
673 2887 806 2943 Nam
833 2889 958 2946 licet
997 2891 1376 2960 nuncupemini
1405 2892 1655 2948 omnibus
1694 2907 1926 2963 genera-

333 2977 457 3036 liter
485 2986 688 3048 patres,
717 2979 840 3034 huie
859 2979 1023 3035 etiam
1051 2981 1204 3038 estis.
1224 2981 1533 3052 specialiter
1555 2992 1610 3038 et
1651 2991 1924 3054 parentes.

332 3070 539 3127 Nomen
566 3081 802 3128 vestrum
828 3089 860 3128 a
898 3088 1040 3130 curm
1075 3074 1427 3132 similitudine
1468 3075 1766 3135 derivatum
1798 3076 1928 3133 tide-

2028 2255 2262 2326 gloriosa
2288 2253 2578 2309 dilectione
2597 2253 2856 2320 sociatus,
2887 2252 3014 2320 quia
3045 2265 3166 2305 eras
3194 2265 3224 2303 a
3262 2249 3403 2304 vitiis
3425 2249 3626 2319 proba-

2027 2348 2122 2404 bili
2149 2347 2578 2418 sequestratione
2612 2344 2832 2400 divisus.
2863 2340 3318 2414 Interpellantium
3339 2348 3393 2394 te
3417 2338 3626 2409 ponde-

2028 2439 2175 2495 ribus
2199 2413 2625 2508 sapientissi'mus
2662 2433 2862 2488 arbiter
2888 2413 3182 2495 onerabat;
3210 2436 3529 2497 tantumque
3557 2427 3629 2482 de

2030 2530 2191 2585 animi
2223 2530 2299 2584 tui
2325 2529 2539 2597 cognita
2566 2525 2956 2594 disceptatione
2985 2521 3339 2592 praesumpsit,
3365 2528 3424 2574 ut
3453 2521 3504 2574 in
3529 2519 3628 2574 be-

2031 2621 2205 2676 neﬁcii
2235 2620 2411 2676 locum
2443 2627 2588 2672 tuum
2616 2622 2897 2686 praestaret
2923 2612 3272 2667 aestuantibus
3301 2611 3418 2665 sine
3446 2610 3627 2679 aliqua

2030 2711 2375 2768 cunctatione
2410 2707 2686 2779 judicium.
2722 2704 2946 2772 Quoties
2974 2704 3063 2758 ille
3085 2710 3139 2757 te
3166 2701 3466 2772 grandaevis
3493 2715 3626 2770 pro-

2030 2805 2244 2860 ceribus
2274 2801 2576 2872 imputavit,
2606 2799 2734 2853 dum
2757 2813 2864 2852 non
2891 2793 3204 2850 sufﬁcerent
3227 2793 3293 2847 ad
3324 2791 3627 2865 primordia

2030 2905 2144 2963 tua,
2166 2910 2302 2966 quos
2330 2900 2476 2948 tanta
2521 2889 2829 2959 longzevitas
2872 2886 3048 2942 aetatis
3092 2884 3467 2940 instruxerat?
3495 2882 3627 2936 Erat

2030 2988 2190 3060 plane
2221 2984 2365 3056 quod
2402 2985 2455 3038 in
2505 2991 2559 3038 te
2605 2981 2918 3052 praedicaret
2968 2977 3222 3034 eximium
3271 2977 3509 3031 animum
3556 2972 3624 3029 ad

2031 3075 2386 3149 promerenda
2412 3073 2673 3130 beneﬁcia
2702 3071 2963 3141 patulum,
2995 3078 3051 3124 et
3095 3077 3284 3123 contra
3313 3067 3441 3121 vitia
3471 3065 3626 3136 cupi-

331 3161 534 3218 lissima
575 3178 754 3219 rerum
804 3163 1162 3235 appellatione
1203 3164 1341 3239 [Ac.,
1373 3163 1756 3236 applicatione]
1796 3181 1926 3221 con-
1954 3185 1999 3247 ρ
2031 3170 2211 3226 ditatis
2239 3169 2609 3224 obstructum:
2639 3165 2764 3220 dum
2805 3163 2990 3218 nescio
3027 3177 3136 3232 quo
3172 3170 3333 3232 pacto
3379 3175 3503 3214 rara
3540 3165 3623 3214 est

330 3254 511 3309 ﬁrmat
542 3271 555 3307 :
589 3270 696 3310 non
728 3263 756 3292 ι
782 3255 1105 3312 translatitia
1152 3256 1442 3314 usitatione
1483 3258 1771 3324 vocabuli,
1823 3259 1918 3314 sed

333 3345 541 3401 honora
567 3351 719 3400 sorte
741 3344 1018 3402 nascendi.
1038 3345 1246 3404 Cedant
1264 3348 1416 3406 vobis
1442 3347 1584 3405 hanc
1607 3348 1921 3406 felicitatem

331 3433 522 3490 Divina
551 3443 898 3506 perpetuam;
932 3444 990 3490 ut
1034 3435 1162 3492 licet
1205 3437 1430 3504 gratiam
1457 3438 1721 3508 praestetis
1749 3442 1924 3497 exoti-

329 3524 429 3593 cis,
461 3527 613 3597 prole
638 3534 814 3581 vestra
839 3526 1076 3583 vivacius
1102 3528 1399 3601 gaudeatis.

854 3656 1183 3714 EPISTOLA
1234 3659 1422 3717 XXIV.

402 3765 663 3804 SENATORI
694 3766 985 3806 PBEFECTO
1015 3767 1297 3806 PBETOBIO
1325 3767 1689 3807 ATIIALARICUS
1720 3769 1846 3808 REX.

327 3841 616 3897 Enumerat
635 3844 916 3915 dignitates
945 3861 1072 3915 quas
1095 3843 1435 3915 Quasiodorus
1464 3860 1661 3899 summa
1685 3861 1799 3899 cum
1824 3845 1920 3900 lto-

399 3931 528 3968 nore
554 3922 604 3968 et
631 3913 928 3984 integritate
959 3913 1059 3970 sub
1106 3914 1423 3969 Theoderico
1462 3916 1674 3984 ipsoque
1699 3915 1920 3970 Athala-

399 3985 510 4037 rico
551 3983 800 4052 gesserat.
835 3983 964 4037 Tum
1013 3985 1089 4038 illi
1133 3987 1335 4040 eximiis
1375 3983 1613 4040 laudibus
1661 3987 1920 4042 cumulato

401 4054 764 4124 prwfecturqm
795 4054 1163 4123 praetorianam
1192 4057 1410 4126 confert.

398 4165 454 4221 Si
493 4173 546 4221 te
583 4165 830 4220 voluntas
860 4172 1046 4221 nostra
1075 4165 1252 4220 adhuc
1275 4166 1532 4224 latentem
1561 4176 1654 4224 aut
1693 4167 1924 4225 inhono-

327 4272 447 4316 rum
475 4257 700 4317 forsitan
739 4255 1061 4322 invenisset,
1093 4254 1448 4326 gauderemus
1494 4257 1710 4330 quidem
1740 4273 1922 4330 reper-

328 4359 472 4418 tum;
502 4347 598 4404 sed
623 4348 763 4404 bene
785 4347 1153 4405 dubitaremus
1175 4357 1442 4416 acturum,
1458 4349 1582 4421 quia
1609 4364 1732 4420 spes
1753 4350 1922 4418 magis

326 4457 490 4512 quam
521 4439 727 4500 fructus
757 4441 808 4496 in
833 4456 974 4498 novo
1011 4449 1114 4497 est.
1145 4440 1252 4497 Sed
1281 4457 1402 4498 cum
1427 4442 1612 4499 domui
1639 4441 1725 4498 avi
1752 4443 1920 4499 nostri

2029 3263 2084 3318 in
2112 3259 2416 3316 hominibus
2439 3272 2630 3312 manus
2658 3256 2860 3322 clausa,
2885 3262 2942 3310 et
2965 3261 3150 3324 aperta
3169 3252 3397 3322 jnstitia.
3420 3251 3620 3307 Venia-

2026 3365 2146 3404 mus
2171 3348 2239 3403 ad
2268 3347 2626 3416 magisteria-ii
2657 3344 3001 3414 dignitatem,
3027 3357 3190 3413 quam
3240 3357 3347 3396 non
3379 3341 3622 3411 pecunia:

2025 3439 2286 3510 dignitate
2311 3448 2362 3505 ε,
2385 3436 2480 3491 sed
2508 3451 2716 3490 morum
2747 3434 2986 3490 noseeris
3001 3431 3253 3502 suffragio
3274 3440 3620 3498 consecutus,

2025 3545 2134 3601 quo
2171 3529 2294 3584 loco
2325 3527 2530 3598 positus
2557 3541 2772 3595 semper
2816 3525 3175 3595 quaestoribus
3214 3522 3429 3578 affuisti.
3484 3522 3622 3577 Nam

2026 3636 2148 3677 eum
2177 3635 2315 3690 opus
2337 3626 2483 3675 esset
2509 3618 2724 3687 eloquio
2749 3616 3030 3682 defzecato,
3060 3631 3223 3671 causa
3248 3625 3343 3671 tuo
3372 3616 3623 3686 protinus

2027 3711 2346 3767 credebatur
2385 3709 2623 3779 ingenio.
2663 3707 2975 3778 Exigebaris
3018 3723 3050 3762 a
3100 3707 3331 3776 benigno
3374 3707 3622 3779 principe

2023 3801 2168 3872 quod
2194 3817 2255 3858 se
2283 3801 2378 3856 tibi
2407 3809 2634 3856 noverat
2661 3799 2883 3855 minime
2907 3799 3243 3854 commisisse
3268 3816 3282 3865 ;
3305 3808 3360 3854 et
3385 3798 3620 3867 quadam

2024 3893 2196 3962 gratia
2218 3891 2569 3962 praejudiciali
2587 3890 2818 3945 vacabat
2845 3889 2983 3945 alios
3013 3888 3261 3945 laborare
3291 3887 3417 3961 [Με.
3451 3887 3544 3942 Gr.
3570 3897 3622 3944 et

2024 3983 2168 4058 Cuj.,
2191 3983 2416 4056 labore],
2447 3993 2507 4039 ut
2528 3993 2582 4039 te
2604 3985 2884 4040 sententia:
2906 3999 3015 4038 sua
3036 3983 3257 4054 copiosa
3287 3982 3444 4038 laude
3463 3998 3619 4038 com-

2023 4075 2216 4146 pleret.
2251 4075 2368 4130 Non
2391 4074 2534 4130 enim
2565 4073 2815 4145 proprios
2859 4073 2994 4128 ﬁnes
3021 4073 3120 4129 sub
3157 4081 3213 4128 te
3251 4072 3355 4128 ulla
3387 4072 3622 4141 dignitas

2025 4167 2340 4236 custodivit,
2366 4165 2580 4235 quando
2607 4166 2952 4237 conscientia:
2981 4175 3083 4220 tuae
3111 4159 3324 4221 constat
3353 4166 3622 4221 creditum

2024 4256 2168 4328 quod
2193 4272 2223 4311 a
2253 4257 2433 4312 multis
2471 4255 2571 4311 ﬁtit
2598 4257 2914 4327 proceribus
2942 4257 3303 4312 sincerissime
3349 4271 3621 4327 peragen-

2022 4347 2170 4404 dum.
2220 4347 2454 4404 Nescivit
2480 4349 2765 4419 quisquam
2805 4351 2872 4405 de
2899 4358 2953 4405 te
2998 4350 3438 4405 submurmurare
3481 4365 3620 4406 con-

2025 4439 2207 4504 traria,
2240 4455 2361 4495 cum
2392 4449 2574 4495 tamen
2603 4440 2670 4496 de
2699 4441 2980 4512 principali
3009 4442 3180 4511 gratia
3212 4443 3506 4498 sustineres
3537 4444 3621 4497 in-

326 4531 620 4588 innumeris
646 4531 988 4602 provectibns
1008 4545 1313 4602 magnoque
1323 4532 1522 4602 judicio
1546 4533 1809 4602 glorieris,
1839 4534 1921 4588 in-
1951 4572 2002 4632 D
2025 4529 2240 4586 vidiam.
2277 4531 2546 4600 Derogare
2575 4532 2856 4602 cupientes
2900 4533 3028 4588 vicit
3055 4532 3335 4601 integritas
3362 4533 3620 4597 actionis,

327 4619 658 4675 conveniens
689 4635 777 4674 res
817 4628 901 4674 est
938 4620 1313 4690 disceptationi
1344 4621 1594 4685 subdere,
1627 4637 1786 4693 quem
1828 4623 1915 4678 vix

324 4726 612 4781 possumus
637 4710 738 4766 sub
767 4710 1121 4768 admiratione
1167 4713 1480 4782 praedicare.
1533 4713 1692 4769 Tanti
1720 4715 1918 4787 quippe

324 4820 434 4857 non
464 4801 839 4868 examinanda,
870 4801 967 4855 sed
1005 4803 1310 4858 veneranda
1339 4807 1606 4866 sententia
1635 4815 1719 4862 est
1745 4795 1760 4860 Ξ
1791 4807 1916 4876 quia

325 4913 434 4953 non
483 4905 665 4969 potest
691 4898 756 4953 de
786 4896 940 4952 factis
968 4896 1084 4966 ejus
1111 4899 1330 4967 ambigi,
1349 4913 1471 4952 cum
1500 4906 1552 4952 et
1582 4913 1681 4952 nos
1710 4898 1776 4952 ab
1802 4897 1919 4968 ipso

326 5002 720 5058 cognoscamur
740 4988 933 5052 electi;
964 4989 1055 5056 qui
1095 4987 1287 5041 divina:
1308 4985 1682 5057 supplicationi
1705 5001 1922 5057 semper

321 5078 601 5144 assiduus,
626 5077 804 5147 eregit
844 5077 1049 5133 meritis
1090 5084 1147 5131 ut
1192 5076 1279 5130 illa
1309 5075 1513 5133 faceret
1540 5091 1660 5148 quze
1689 5090 1920 5148 superna

399 5266 425 5294 ι
451 5255 850 5312 Translatitiam
880 5251 1252 5320 usitationem,
1269 5250 1541 5318 vulgarem
1564 5257 1918 5320 etassuetam,

321 5338 380 5383 et
399 5327 554 5396 quasi
583 5327 1090 5396 neglectam_vocat.
1123 5321 1212 5378 Sic
1232 5321 1434 5396 Plinius
1460 5321 1551 5376 lib.
1584 5338 1675 5387 vn,
1703 5337 1822 5396 cap.
1854 5319 1917 5396 ξε

322 5390 729 5453 Translatitinm
757 5395 810 5450 in
844 5391 1081 5464 Egypto
1111 5399 1212 5447 est.
1246 5390 1362 5447 Lib.
1382 5409 1565 5464 ixxvn,
1598 5391 1788 5464 cap.72
1821 5409 1832 5444 :
1865 5390 1921 5445 Si

323 5482 515 5524 mensa
544 5466 683 5523 adsit
710 5465 911 5520 nullum
958 5463 1186 5531 ponere,
1229 5463 1606 5518 translatitium
1654 5463 1914 5526 Videmus,

321 5539 487 5592 etiam
517 5535 642 5606 quia
681 5535 877 5606 multas
897 5534 1187 5606 religiones
1203 5533 1916 5606 ipolleremagnifestumrest.

321 5609 418 5662 Sic
471 5601 634 5661 etiam
681 5604 850 5660 nostri
890 5601 1279 5674 iurisconsulti,
1331 5605 1366 5674 l.
1392 5601 1479 5671 55,
1509 5604 1568 5658 Si
1595 5605 1824 5674 patroni,
1854 5601 1916 5655 D.

324 5675 861 5730 Adsenatusconsult.
897 5672 1206 5727 Trebellian.
1241 5673 1347 5728 Sed
1389 5691 1490 5729 nec
1527 5672 1655 5728 illud
1688 5674 1918 5727 transla-

324 5745 453 5801 titie
479 5746 836 5803 amittendum
882 5753 983 5798 est.
1009 5743 1071 5797 L.
1096 5745 1143 5808 l,
1171 5743 1231 5813 Dr.
1265 5743 1342 5798 De
1370 5745 1478 5813 jar.
1530 5755 1762 5813 patron;
1803 5742 1921 5796 Non

305 5815 655 5897 .translatitie
680 5814 902 5885 exsequi
943 5813 1100 5869 debet
1130 5814 1165 5868 l.
1202 5812 1258 5882 l,
1296 5813 1353 5868 D.
1373 5812 1465 5868 ’Ad
1486 5812 1917 5869 sénatuscomull.

2026 4621 2239 4677 adversi
2269 4623 2344 4676 tui
2371 4638 2514 4692 saepe
2545 4623 2706 4678 locuti
2736 4631 2862 4678 sunt
2889 4623 3065 4678 coacti
3094 4624 3240 4692 quod
3271 4625 3481 4679 animus
3509 4641 3624 4680 non

2017 4710 2276 4768 habebat.
2342 4710 2474 4768 Nam
2536 4712 2787 4781 qualibet
2845 4713 3048 4768 malitia
3111 4713 3366 4768 formidat
3430 4724 3624 4770 contra

2026 4799 2303 4856 manifesta
2354 4801 2496 4856 bona
2544 4802 2745 4873 aliquid
2799 4803 3070 4873 proﬁteri,
3100 4803 3225 4858 dum
3277 4805 3625 4873 generalibus

2023 4891 2161 4948 odiis
2190 4900 2406 4948 veretur
2432 4895 2648 4963 exponi.
2697 4892 2858 4964 Egisti
2907 4884 3085 4950 rerum
3115 4895 3338 4952 domino
3382 4895 3625 4967 jndicem

2023 4982 2372 5051 familiarem,
2398 4993 2456 5039 et
2499 4985 2769 5040 internum
2818 5001 3122 5055 procerem.
3157 4986 3290 5042 Nam
3321 5002 3442 5042 cum
3473 4993 3627 5042 esset

2022 5076 2235 5146 publica
2263 5091 2391 5132 cura
2429 5084 2709 5144 vacuatus,
2754 5078 3050 5136 sententias
3096 5077 3422 5147 prudentum
3452 5092 3483 5130 a
3517 5080 3630 5133 tuis

2035 5249 2253 5322 Turpill.
2289 5268 2306 5305 :
2339 5252 2728 5322 Praevaricator
2755 5260 2868 5319 est,
2899 5253 3012 5322 qui,
3040 5251 3363 5308 translatitia
3396 5268 3630 5309 munere

2031 5322 2317 5377 accusandi
2349 5321 2602 5390 fungitur,
2648 5321 2701 5377 id
2750 5331 2858 5387 est,
2900 5321 3274 5392 negligenter,
3320 5339 3428 5377 non
3458 5339 3625 5388 vere,

2032 5407 2134 5464 nec
2161 5392 2435 5464 bonagﬁde
2463 5393 2790 5448 accusatoris
2820 5401 3002 5464 partes
3031 5391 3237 5464 implet.
3264 5391 3454 5464 Bnoss.

2032 5409 2134 5446 nec
2161 5409 2299 5446 nona
2332 5409 2435 5446 nne
2463 5409 2790 5448 accusatoris
2856 5409 3000 5448 artes
3031 5409 3237 5464 unptet.
3264 5409 3454 5448 unoss.

2031 5461 2361 5584 Faliflovell.
2410 5462 2473 5533 8,
2502 5471 2557 5518 et
2583 5477 2775 5534 supra,
2820 5409 2930 5518 ἓοε
2957 5463 3072 5529 lib.,
3121 5465 3282 5534 epist.
3334 5462 3404 5516 15
3450 5472 3507 5517 et
3538 5461 3628 5517 i6.

2074 5547 2176 5587 ORN
2185 5572 2195 5584 .

2105 5615 2124 5642 ο
2161 5601 2295 5676 \lox,
2325 5604 2594 5676 dignitate,
2629 5605 2739 5660 olet
2764 5603 3056 5676 mendum;
3095 5603 3256 5670 forte,
3286 5604 3630 5676 indignitate.

2027 5673 2118 5730 Sic
2146 5675 2340 5728 alicubi
2381 5673 2512 5730 dicit
2541 5675 2746 5731 Seneca
2773 5675 2838 5730 ad
2885 5674 3170 5744 dignitates
3196 5674 3369 5728 veniri
3408 5673 3514 5745 per
3541 5675 3629 5730 in-

2027 5745 2202 5799 digna.
2227 5744 2418 5799 Juner.

2065 5758 2418 5814 rgna.Juner.
