  <div class='ocr_page' id='page_1' title='image "/cluster/home/n/w/nwhite01/storage/ocr_20150623/69/hvd.32044054758727/424.png"; bbox 0 0 3990 6170; ppageno 0'>
   <div class='ocr_carea' id='block_1_1' title="bbox 154 303 261 360">
    <p class='ocr_par' dir='ltr' id='par_1_1' title="bbox 154 303 261 360">
     <span class='ocr_line' id='line_1_1' title="bbox 154 303 261 360; baseline 0.037 -4"><span class='ocrx_word' id='word_1_1' title='bbox 154 303 261 360; x_wconf 69' lang='lat'><strong>793</strong></span> 
     </span>
    </p>
   </div>
   <div class='ocr_carea' id='block_1_2' title="bbox 1411 294 2137 355">
    <p class='ocr_par' dir='ltr' id='par_1_2' title="bbox 1411 294 2137 355">
     <span class='ocr_line' id='line_1_2' title="bbox 1411 294 2137 355; baseline 0.003 -2"><span class='ocrx_word' id='word_1_2' title='bbox 1411 295 1774 353; x_wconf 76' lang='lat' dir='ltr'><strong>VARIARUM</strong></span> <span class='ocrx_word' id='word_1_3' title='bbox 1814 294 2015 352; x_wconf 81' lang='lat' dir='ltr'><strong>LIBER</strong></span> <span class='ocrx_word' id='word_1_4' title='bbox 2051 296 2137 355; x_wconf 77' lang='lat' dir='ltr'><strong>IX.</strong></span> 
     </span>
    </p>
   </div>
   <div class='ocr_carea' id='block_1_3' title="bbox 3327 304 3433 362">
    <p class='ocr_par' dir='ltr' id='par_1_3' title="bbox 3327 304 3433 362">
     <span class='ocr_line' id='line_1_3' title="bbox 3327 304 3433 362; baseline 0.019 -2"><span class='ocrx_word' id='word_1_5' title='bbox 3327 304 3433 362; x_wconf 76' lang='lat' dir='ltr'><strong>79l-</strong></span> 
     </span>
    </p>
   </div>
   <div class='ocr_carea' id='block_1_4' title="bbox 147 409 3433 485">
    <p class='ocr_par' dir='ltr' id='par_1_4' title="bbox 147 409 3433 485">
     <span class='ocr_line' id='line_1_4' title="bbox 147 409 3433 485; baseline -0.002 -9"><span class='ocrx_word' id='word_1_6' title='bbox 147 419 351 478; x_wconf 82' lang='lat' dir='ltr'><strong>fabulis</strong></span> <span class='ocrx_word' id='word_1_7' title='bbox 376 413 625 484; x_wconf 75' lang='lat' dir='ltr'><strong>exigebat</strong></span> <span class='ocrx_word' id='word_1_8' title='bbox 652 421 712 469; x_wconf 91' lang='lat' dir='ltr'><strong>ut</strong></span> <span class='ocrx_word' id='word_1_9' title='bbox 757 411 911 468; x_wconf 87' lang='lat' dir='ltr'><strong>factis</strong></span> <span class='ocrx_word' id='word_1_10' title='bbox 941 411 1168 483; x_wconf 81' lang='lat' dir='ltr'><strong>propriis</strong></span> <span class='ocrx_word' id='word_1_11' title='bbox 1212 427 1272 469; x_wconf 89' lang='lat' dir='ltr'><strong>se</strong></span> <span class='ocrx_word' id='word_1_12' title='bbox 1319 423 1560 483; x_wconf 63' lang='lat' dir='ltr'><strong>aequaret</strong></span> <span class='ocrx_word' id='word_1_13' title='bbox 1603 413 1740 470; x_wconf 86' lang='lat' dir='ltr'><strong>anti-</strong></span> <span class='ocrx_word' id='word_1_14' title='bbox 1768 413 1816 474; x_wconf 74' lang='grc' dir='ltr'><strong>Α</strong></span> <span class='ocrx_word' id='word_1_15' title='bbox 1849 409 2046 476; x_wconf 90' lang='lat' dir='ltr'><strong>ctavit;</strong></span> <span class='ocrx_word' id='word_1_16' title='bbox 2088 420 2143 466; x_wconf 92' lang='lat' dir='ltr'><strong>et</strong></span> <span class='ocrx_word' id='word_1_17' title='bbox 2181 410 2328 466; x_wconf 90' lang='lat' dir='ltr'><strong>nisus</strong></span> <span class='ocrx_word' id='word_1_18' title='bbox 2351 419 2434 468; x_wconf 90' lang='lat' dir='ltr'><strong>est</strong></span> <span class='ocrx_word' id='word_1_19' title='bbox 2455 419 2695 484; x_wconf 86' lang='lat' dir='ltr'><strong>tempora</strong></span> <span class='ocrx_word' id='word_1_20' title='bbox 2722 413 2918 481; x_wconf 88' lang='lat' dir='ltr'><strong>facere,</strong></span> <span class='ocrx_word' id='word_1_21' title='bbox 2949 429 3067 485; x_wconf 67' lang='lat' dir='ltr'><strong>qua:</strong></span> <span class='ocrx_word' id='word_1_22' title='bbox 3092 416 3287 474; x_wconf 90' lang='lat' dir='ltr'><strong>merito</strong></span> <span class='ocrx_word' id='word_1_23' title='bbox 3314 417 3433 472; x_wconf 90' lang='lat' dir='ltr'><strong>lau-</strong></span> 
     </span>
    </p>
   </div>
   <div class='ocr_carea' id='block_1_5' title="bbox 145 504 1744 578">
    <p class='ocr_par' dir='ltr' id='par_1_5' title="bbox 145 504 1744 578">
     <span class='ocr_line' id='line_1_5' title="bbox 145 504 1744 578; baseline -0.003 -14"><span class='ocrx_word' id='word_1_24' title='bbox 145 513 297 578; x_wconf 89' lang='lat' dir='ltr'><strong>qnis.</strong></span> <span class='ocrx_word' id='word_1_25' title='bbox 320 509 609 567; x_wconf 81' lang='lat' dir='ltr'><strong>Stellarum</strong></span> <span class='ocrx_word' id='word_1_26' title='bbox 631 520 836 571; x_wconf 85' lang='lat' dir='ltr'><strong>cursus,</strong></span> <span class='ocrx_word' id='word_1_27' title='bbox 867 506 1032 560; x_wconf 85' lang='lat' dir='ltr'><strong>maris</strong></span> <span class='ocrx_word' id='word_1_28' title='bbox 1056 506 1224 569; x_wconf 88' lang='lat' dir='ltr'><strong>sinus,</strong></span> <span class='ocrx_word' id='word_1_29' title='bbox 1244 504 1465 559; x_wconf 88' lang='lat' dir='ltr'><strong>fontium</strong></span> <span class='ocrx_word' id='word_1_30' title='bbox 1488 505 1744 560; x_wconf 80' lang='lat' dir='ltr'><strong>miracula</strong></span> 
     </span>
    </p>
   </div>
   <div class='ocr_carea' id='block_1_6' title="bbox 150 596 1745 666">
    <p class='ocr_par' dir='ltr' id='par_1_6' title="bbox 150 596 1745 666">
     <span class='ocr_line' id='line_1_6' title="bbox 150 596 1745 666; baseline -0.007 -6"><span class='ocrx_word' id='word_1_31' title='bbox 150 604 389 660; x_wconf 82' lang='lat' dir='ltr'><strong>rimator</strong></span> <span class='ocrx_word' id='word_1_32' title='bbox 415 598 756 656; x_wconf 89' lang='lat' dir='ltr'><strong>acutissimus</strong></span> <span class='ocrx_word' id='word_1_33' title='bbox 785 597 1205 666; x_wconf 88' lang='lat' dir='ltr'><strong>inquirebat,ut,</strong></span> <span class='ocrx_word' id='word_1_34' title='bbox 1225 611 1402 652; x_wconf 87' lang='lat' dir='ltr'><strong>rerum</strong></span> <span class='ocrx_word' id='word_1_35' title='bbox 1433 597 1634 654; x_wconf 88' lang='lat' dir='ltr'><strong>naturis</strong></span> <span class='ocrx_word' id='word_1_36' title='bbox 1662 596 1745 650; x_wconf 92' lang='lat' dir='ltr'><strong>di-</strong></span> 
     </span>
    </p>
   </div>
   <div class='ocr_carea' id='block_1_7' title="bbox 152 685 1746 764">
    <p class='ocr_par' dir='ltr' id='par_1_7' title="bbox 152 685 1746 764">
     <span class='ocr_line' id='line_1_7' title="bbox 152 685 1746 764; baseline -0.006 -14"><span class='ocrx_word' id='word_1_37' title='bbox 152 693 413 764; x_wconf 84' lang='lat' dir='ltr'><strong>ligentius</strong></span> <span class='ocrx_word' id='word_1_38' title='bbox 458 689 806 760; x_wconf 78' lang='lat' dir='ltr'><strong>perscrutatis</strong></span> <span class='ocrx_word' id='word_1_39' title='bbox 824 728 838 752; x_wconf 94' lang='lat'><strong>,</strong></span> <span class='ocrx_word' id='word_1_40' title='bbox 861 686 1075 758; x_wconf 88' lang='lat' dir='ltr'><strong>quidam</strong></span> <span class='ocrx_word' id='word_1_41' title='bbox 1101 695 1127 723; x_wconf 78' lang='grc' dir='ltr'>ἰ</span> <span class='ocrx_word' id='word_1_42' title='bbox 1156 694 1482 758; x_wconf 75' lang='lat' dir='ltr'><strong>purpuratus</strong></span> <span class='ocrx_word' id='word_1_43' title='bbox 1533 685 1746 742; x_wconf 89' lang='lat' dir='ltr'><strong>videre-</strong></span> 
     </span>
    </p>
   </div>
   <div class='ocr_carea' id='block_1_8' title="bbox 153 779 1749 855">
    <p class='ocr_par' dir='ltr' id='par_1_8' title="bbox 153 779 1749 855">
     <span class='ocr_line' id='line_1_8' title="bbox 153 779 1749 855; baseline -0.007 -12"><span class='ocrx_word' id='word_1_44' title='bbox 153 799 248 843; x_wconf 88' lang='lat' dir='ltr'><strong>tur</strong></span> <span class='ocrx_word' id='word_1_45' title='bbox 268 801 385 842; x_wconf 87' lang='lat' dir='ltr'><strong>esse</strong></span> <span class='ocrx_word' id='word_1_46' title='bbox 414 784 786 855; x_wconf 88' lang='lat' dir='ltr'><strong>philosophus.</strong></span> <span class='ocrx_word' id='word_1_47' title='bbox 818 782 998 850; x_wconf 87' lang='lat' dir='ltr'><strong>Longa</strong></span> <span class='ocrx_word' id='word_1_48' title='bbox 1029 780 1179 847; x_wconf 82' lang='lat' dir='ltr'><strong>ﬁunt,</strong></span> <span class='ocrx_word' id='word_1_49' title='bbox 1208 780 1254 834; x_wconf 89' lang='lat' dir='ltr'><strong>si</strong></span> <span class='ocrx_word' id='word_1_50' title='bbox 1281 787 1474 836; x_wconf 89' lang='lat' dir='ltr'><strong>cuncta</strong></span> <span class='ocrx_word' id='word_1_51' title='bbox 1507 779 1749 850; x_wconf 84' lang='lat' dir='ltr'><strong>profera-</strong></span> 
     </span>
    </p>
   </div>
   <div class='ocr_carea' id='block_1_9' title="bbox 155 859 1746 946">
    <p class='ocr_par' dir='ltr' id='par_1_9' title="bbox 155 859 1746 946">
     <span class='ocr_line' id='line_1_9' title="bbox 155 859 1746 946; baseline -0.007 -12"><span class='ocrx_word' id='word_1_52' title='bbox 155 877 477 944; x_wconf 80' lang='lat' dir='ltr'><strong>muszquin</strong></span> <span class='ocrx_word' id='word_1_53' title='bbox 521 876 700 946; x_wconf 78' lang='lat' dir='ltr'><strong>potius</strong></span> <span class='ocrx_word' id='word_1_54' title='bbox 755 873 822 929; x_wconf 87' lang='lat' dir='ltr'><strong>ad</strong></span> <span class='ocrx_word' id='word_1_55' title='bbox 866 859 1124 929; x_wconf 82' lang='lat' dir='ltr'><strong>beneﬁcia</strong></span> <span class='ocrx_word' id='word_1_56' title='bbox 1154 881 1334 926; x_wconf 91' lang='lat' dir='ltr'><strong>nostra</strong></span> <span class='ocrx_word' id='word_1_57' title='bbox 1359 872 1746 935; x_wconf 84' lang='lat' dir='ltr'><strong>convertimur,</strong></span> 
     </span>
    </p>
   </div>
   <div class='ocr_carea' id='block_1_10' title="bbox 154 959 1749 1039">
    <p class='ocr_par' dir='ltr' id='par_1_10' title="bbox 154 959 1749 1039">
     <span class='ocr_line' id='line_1_10' title="bbox 154 959 1749 1039; baseline -0.006 -15"><span class='ocrx_word' id='word_1_58' title='bbox 154 978 219 1024; x_wconf 89' lang='lat' dir='ltr'><strong>ut</strong></span> <span class='ocrx_word' id='word_1_59' title='bbox 249 966 396 1039; x_wconf 91' lang='lat' dir='ltr'><strong>quod</strong></span> <span class='ocrx_word' id='word_1_60' title='bbox 444 966 512 1020; x_wconf 92' lang='lat' dir='ltr'><strong>ab</strong></span> <span class='ocrx_word' id='word_1_61' title='bbox 561 964 653 1019; x_wconf 87' lang='lat' dir='ltr'><strong>illo</strong></span> <span class='ocrx_word' id='word_1_62' title='bbox 698 963 1128 1030; x_wconf 89' lang='lat' dir='ltr'><strong>cognoscebatur</strong></span> <span class='ocrx_word' id='word_1_63' title='bbox 1175 961 1396 1023; x_wconf 85' lang='lat' dir='ltr'><strong>deberi,</strong></span> <span class='ocrx_word' id='word_1_64' title='bbox 1431 960 1498 1014; x_wconf 92' lang='lat' dir='ltr'><strong>ab</strong></span> <span class='ocrx_word' id='word_1_65' title='bbox 1537 959 1749 1015; x_wconf 60' lang='lat' dir='ltr'><strong>haerede</strong></span> 
     </span>
    </p>
   </div>
   <div class='ocr_carea' id='block_1_11' title="bbox 157 1050 1746 1128">
    <p class='ocr_par' dir='ltr' id='par_1_11' title="bbox 157 1050 1746 1128">
     <span class='ocr_line' id='line_1_11' title="bbox 157 1050 1746 1128; baseline -0.006 -15"><span class='ocrx_word' id='word_1_66' title='bbox 157 1057 372 1128; x_wconf 88' lang='lat' dir='ltr'><strong>imperii</strong></span> <span class='ocrx_word' id='word_1_67' title='bbox 435 1056 531 1111; x_wconf 90' lang='lat' dir='ltr'><strong>tibi</strong></span> <span class='ocrx_word' id='word_1_68' title='bbox 595 1055 798 1110; x_wconf 86' lang='lat' dir='ltr'><strong>sentias</strong></span> <span class='ocrx_word' id='word_1_69' title='bbox 856 1053 1000 1122; x_wconf 90' lang='lat' dir='ltr'><strong>juste</strong></span> <span class='ocrx_word' id='word_1_70' title='bbox 1069 1051 1320 1124; x_wconf 82' lang='lat' dir='ltr'><strong>persolvi.</strong></span> <span class='ocrx_word' id='word_1_71' title='bbox 1389 1050 1746 1121; x_wconf 82' lang='lat' dir='ltr'><strong>Quapropter,</strong></span> 
     </span>
    </p>
   </div>
   <div class='ocr_carea' id='block_1_12' title="bbox 152 1142 1747 1217">
    <p class='ocr_par' dir='ltr' id='par_1_12' title="bbox 152 1142 1747 1217">
     <span class='ocr_line' id='line_1_12' title="bbox 152 1142 1747 1217; baseline -0.003 -16"><span class='ocrx_word' id='word_1_72' title='bbox 152 1148 382 1217; x_wconf 87' lang='lat' dir='ltr'><strong>jnvante</strong></span> <span class='ocrx_word' id='word_1_73' title='bbox 430 1148 560 1211; x_wconf 89' lang='lat' dir='ltr'><strong>Deo,</strong></span> <span class='ocrx_word' id='word_1_74' title='bbox 585 1159 693 1214; x_wconf 92' lang='lat' dir='ltr'><strong>quo</strong></span> <span class='ocrx_word' id='word_1_75' title='bbox 737 1151 958 1198; x_wconf 88' lang='lat' dir='ltr'><strong>auctore</strong></span> <span class='ocrx_word' id='word_1_76' title='bbox 1004 1142 1185 1197; x_wconf 87' lang='lat' dir='ltr'><strong>omnia</strong></span> <span class='ocrx_word' id='word_1_77' title='bbox 1226 1148 1647 1212; x_wconf 89' lang='lat' dir='ltr'><strong>prosperantur,</strong></span> <span class='ocrx_word' id='word_1_78' title='bbox 1681 1142 1747 1196; x_wconf 88' lang='lat' dir='ltr'><strong>ab</strong></span> 
     </span>
    </p>
   </div>
   <div class='ocr_carea' id='block_1_13' title="bbox 159 1229 1750 1303">
    <p class='ocr_par' dir='ltr' id='par_1_13' title="bbox 159 1229 1750 1303">
     <span class='ocr_line' id='line_1_13' title="bbox 159 1229 1750 1303; baseline -0.006 -11"><span class='ocrx_word' id='word_1_79' title='bbox 159 1238 458 1292; x_wconf 82' lang='lat' dir='ltr'><strong>indictione</strong></span> <span class='ocrx_word' id='word_1_80' title='bbox 478 1234 791 1290; x_wconf 86' lang='lat' dir='ltr'><strong>duodecima</strong></span> <span class='ocrx_word' id='word_1_81' title='bbox 820 1232 992 1303; x_wconf 79' lang='lat' dir='ltr'><strong>(Anno</strong></span> <span class='ocrx_word' id='word_1_82' title='bbox 1017 1229 1207 1285; x_wconf 80' lang='lat' dir='ltr'><strong>Christi</strong></span> <span class='ocrx_word' id='word_1_83' title='bbox 1229 1229 1354 1301; x_wconf 68' lang='grc'><strong>554)</strong></span> <span class='ocrx_word' id='word_1_84' title='bbox 1388 1231 1438 1285; x_wconf 94' lang='lat' dir='ltr'><strong>in</strong></span> <span class='ocrx_word' id='word_1_85' title='bbox 1470 1231 1750 1300; x_wconf 63' lang='lat' dir='ltr'><strong>praefectu-</strong></span> 
     </span>
    </p>
   </div>
   <div class='ocr_carea' id='block_1_14' title="bbox 161 1321 1752 1397">
    <p class='ocr_par' dir='ltr' id='par_1_14' title="bbox 161 1321 1752 1397">
     <span class='ocr_line' id='line_1_14' title="bbox 161 1321 1752 1397; baseline -0.004 -15"><span class='ocrx_word' id='word_1_86' title='bbox 161 1345 235 1382; x_wconf 69' lang='lat' dir='ltr'><strong>ra:</strong></span> <span class='ocrx_word' id='word_1_87' title='bbox 263 1327 602 1397; x_wconf 65' lang='lat' dir='ltr'><strong>praetoriana:</strong></span> <span class='ocrx_word' id='word_1_88' title='bbox 643 1332 697 1377; x_wconf 91' lang='lat' dir='ltr'><strong>te</strong></span> <span class='ocrx_word' id='word_1_89' title='bbox 724 1333 975 1391; x_wconf 58' lang='lat' dir='ltr'><strong>suggestu</strong></span> <span class='ocrx_word' id='word_1_90' title='bbox 1003 1331 1167 1392; x_wconf 90' lang='lat' dir='ltr'><strong>atque</strong></span> <span class='ocrx_word' id='word_1_91' title='bbox 1197 1321 1491 1390; x_wconf 76' lang='lat' dir='ltr'><strong>insignibus</strong></span> <span class='ocrx_word' id='word_1_92' title='bbox 1519 1321 1752 1376; x_wconf 86' lang='lat' dir='ltr'><strong>colloca-</strong></span> 
     </span>
    </p>
   </div>
   <div class='ocr_carea' id='block_1_15' title="bbox 160 1411 1753 1486">
    <p class='ocr_par' dir='ltr' id='par_1_15' title="bbox 160 1411 1753 1486">
     <span class='ocr_line' id='line_1_15' title="bbox 160 1411 1753 1486; baseline -0.006 -11"><span class='ocrx_word' id='word_1_93' title='bbox 160 1434 317 1480; x_wconf 90' lang='lat' dir='ltr'><strong>mus;</strong></span> <span class='ocrx_word' id='word_1_94' title='bbox 366 1427 424 1473; x_wconf 91' lang='lat' dir='ltr'><strong>ut</strong></span> <span class='ocrx_word' id='word_1_95' title='bbox 447 1417 729 1486; x_wconf 90' lang='lat' dir='ltr'><strong>probatum</strong></span> <span class='ocrx_word' id='word_1_96' title='bbox 750 1413 984 1482; x_wconf 90' lang='lat' dir='ltr'><strong>judicem</strong></span> <span class='ocrx_word' id='word_1_97' title='bbox 1006 1413 1123 1468; x_wconf 90' lang='lat' dir='ltr'><strong>sine</strong></span> <span class='ocrx_word' id='word_1_98' title='bbox 1150 1420 1294 1466; x_wconf 89' lang='lat' dir='ltr'><strong>metu</strong></span> <span class='ocrx_word' id='word_1_99' title='bbox 1323 1411 1609 1482; x_wconf 75' lang='lat' dir='ltr'><strong>provinciae</strong></span> <span class='ocrx_word' id='word_1_100' title='bbox 1635 1428 1753 1466; x_wconf 86' lang='lat' dir='ltr'><strong>sns-</strong></span> 
     </span>
    </p>
   </div>
   <div class='ocr_carea' id='block_1_16' title="bbox 162 1502 1752 1580">
    <p class='ocr_par' dir='ltr' id='par_1_16' title="bbox 162 1502 1752 1580">
     <span class='ocr_line' id='line_1_16' title="bbox 162 1502 1752 1580; baseline -0.004 -16"><span class='ocrx_word' id='word_1_101' title='bbox 162 1510 404 1580; x_wconf 88' lang='lat' dir='ltr'><strong>cipiant,</strong></span> <span class='ocrx_word' id='word_1_102' title='bbox 457 1522 592 1576; x_wconf 90' lang='lat' dir='ltr'><strong>quas</strong></span> <span class='ocrx_word' id='word_1_103' title='bbox 647 1506 909 1560; x_wconf 86' lang='lat' dir='ltr'><strong>hactenus</strong></span> <span class='ocrx_word' id='word_1_104' title='bbox 972 1503 1337 1574; x_wconf 92' lang='lat' dir='ltr'><strong>improborum</strong></span> <span class='ocrx_word' id='word_1_105' title='bbox 1402 1502 1752 1570; x_wconf 79' lang='lat' dir='ltr'><strong>cognovimus</strong></span> 
     </span>
    </p>
   </div>
   <div class='ocr_carea' id='block_1_17' title="bbox 163 1597 1750 1668">
    <p class='ocr_par' dir='ltr' id='par_1_17' title="bbox 163 1597 1750 1668">
     <span class='ocr_line' id='line_1_17' title="bbox 163 1597 1750 1668; baseline -0.005 -11"><span class='ocrx_word' id='word_1_106' title='bbox 163 1603 384 1657; x_wconf 78' lang='lat' dir='ltr'><strong>actione</strong></span> <span class='ocrx_word' id='word_1_107' title='bbox 430 1601 692 1668; x_wconf 88' lang='lat' dir='ltr'><strong>fatigatas.</strong></span> <span class='ocrx_word' id='word_1_108' title='bbox 758 1597 864 1652; x_wconf 90' lang='lat' dir='ltr'><strong>Sed</strong></span> <span class='ocrx_word' id='word_1_109' title='bbox 932 1597 1176 1667; x_wconf 88' lang='lat' dir='ltr'><strong>quamvis</strong></span> <span class='ocrx_word' id='word_1_110' title='bbox 1226 1597 1428 1652; x_wconf 88' lang='lat' dir='ltr'><strong>habeas</strong></span> <span class='ocrx_word' id='word_1_111' title='bbox 1473 1606 1750 1661; x_wconf 89' lang='lat' dir='ltr'><strong>paternam</strong></span> 
     </span>
    </p>
   </div>
   <div class='ocr_carea' id='block_1_18' title="bbox 163 1688 1750 1764">
    <p class='ocr_par' dir='ltr' id='par_1_18' title="bbox 163 1688 1750 1764">
     <span class='ocr_line' id='line_1_18' title="bbox 163 1688 1750 1764; baseline -0.004 -16"><span class='ocrx_word' id='word_1_112' title='bbox 163 1693 538 1764; x_wconf 65' lang='lat' dir='ltr'><strong>praefecturam</strong></span> <span class='ocrx_word' id='word_1_113' title='bbox 582 1691 767 1745; x_wconf 83' lang='lat' dir='ltr'><strong>italico</strong></span> <span class='ocrx_word' id='word_1_114' title='bbox 817 1690 949 1745; x_wconf 92' lang='lat' dir='ltr'><strong>orbe</strong></span> <span class='ocrx_word' id='word_1_115' title='bbox 995 1689 1356 1760; x_wconf 62' lang='lat' dir='ltr'><strong>prmdicatam,</strong></span> <span class='ocrx_word' id='word_1_116' title='bbox 1397 1689 1623 1743; x_wconf 90' lang='lat' dir='ltr'><strong>aliorum</strong></span> <span class='ocrx_word' id='word_1_117' title='bbox 1657 1688 1750 1743; x_wconf 91' lang='lat' dir='ltr'><strong>tibi</strong></span> 
     </span>
    </p>
   </div>
   <div class='ocr_carea' id='block_1_19' title="bbox 165 1778 1755 1851">
    <p class='ocr_par' dir='ltr' id='par_1_19' title="bbox 165 1778 1755 1851">
     <span class='ocr_line' id='line_1_19' title="bbox 165 1778 1755 1851; baseline -0.004 -12"><span class='ocrx_word' id='word_1_118' title='bbox 165 1794 349 1839; x_wconf 90' lang='lat' dir='ltr'><strong>tamen</strong></span> <span class='ocrx_word' id='word_1_119' title='bbox 378 1783 620 1851; x_wconf 69' lang='lat' dir='ltr'><strong>exempta</strong></span> <span class='ocrx_word' id='word_1_120' title='bbox 648 1796 752 1835; x_wconf 89' lang='lat' dir='ltr'><strong>non</strong></span> <span class='ocrx_word' id='word_1_121' title='bbox 782 1781 1028 1850; x_wconf 86' lang='lat' dir='ltr'><strong>ponimus</strong></span> <span class='ocrx_word' id='word_1_122' title='bbox 1060 1798 1072 1833; x_wconf 91' lang='lat'><strong>:</strong></span> <span class='ocrx_word' id='word_1_123' title='bbox 1104 1789 1286 1834; x_wconf 89' lang='lat' dir='ltr'><strong>vetera</strong></span> <span class='ocrx_word' id='word_1_124' title='bbox 1310 1779 1546 1833; x_wconf 92' lang='lat' dir='ltr'><strong>moribus</strong></span> <span class='ocrx_word' id='word_1_125' title='bbox 1575 1778 1678 1833; x_wconf 89' lang='lat' dir='ltr'><strong>tuis</strong></span> <span class='ocrx_word' id='word_1_126' title='bbox 1699 1787 1755 1833; x_wconf 90' lang='lat' dir='ltr'><strong>et</strong></span> 
     </span>
    </p>
   </div>
   <div class='ocr_carea' id='block_1_20' title="bbox 166 1869 1756 1946">
    <p class='ocr_par' dir='ltr' id='par_1_20' title="bbox 166 1869 1756 1946">
     <span class='ocr_line' id='line_1_20' title="bbox 166 1869 1756 1946; baseline -0.003 -17"><span class='ocrx_word' id='word_1_127' title='bbox 166 1875 408 1929; x_wconf 91' lang='lat' dir='ltr'><strong>omnium</strong></span> <span class='ocrx_word' id='word_1_128' title='bbox 461 1882 582 1927; x_wconf 87' lang='lat' dir='ltr'><strong>vota</strong></span> <span class='ocrx_word' id='word_1_129' title='bbox 612 1873 758 1946; x_wconf 62' lang='grc' dir='ltr'><strong>μω,</strong></span> <span class='ocrx_word' id='word_1_130' title='bbox 807 1869 956 1941; x_wconf 88' lang='lat' dir='ltr'><strong>voto]</strong></span> <span class='ocrx_word' id='word_1_131' title='bbox 1007 1870 1308 1940; x_wconf 87' lang='lat' dir='ltr'><strong>complesti.</strong></span> <span class='ocrx_word' id='word_1_132' title='bbox 1362 1869 1648 1935; x_wconf 86' lang='lat' dir='ltr'><strong>Percurre,</strong></span> <span class='ocrx_word' id='word_1_133' title='bbox 1677 1869 1756 1938; x_wconf 88' lang='lat' dir='ltr'><strong>ju-</strong></span> 
     </span>
    </p>
   </div>
   <div class='ocr_carea' id='block_1_21' title="bbox 167 1959 1757 2030">
    <p class='ocr_par' dir='ltr' id='par_1_21' title="bbox 167 1959 1757 2030">
     <span class='ocr_line' id='line_1_21' title="bbox 167 1959 1757 2030; baseline -0.002 -13"><span class='ocrx_word' id='word_1_134' title='bbox 167 1970 331 2017; x_wconf 88' lang='lat' dir='ltr'><strong>vante</strong></span> <span class='ocrx_word' id='word_1_135' title='bbox 355 1960 484 2025; x_wconf 91' lang='lat' dir='ltr'><strong>Deo,</strong></span> <span class='ocrx_word' id='word_1_136' title='bbox 513 1962 694 2028; x_wconf 73' lang='lat' dir='ltr'><strong>gloria:</strong></span> <span class='ocrx_word' id='word_1_137' title='bbox 737 1976 1006 2030; x_wconf 89' lang='lat' dir='ltr'><strong>campum,</strong></span> <span class='ocrx_word' id='word_1_138' title='bbox 1031 1975 1188 2028; x_wconf 86' lang='lat' dir='ltr'><strong>quem</strong></span> <span class='ocrx_word' id='word_1_139' title='bbox 1219 1974 1432 2028; x_wconf 89' lang='lat' dir='ltr'><strong>semper</strong></span> <span class='ocrx_word' id='word_1_140' title='bbox 1459 1973 1489 2013; x_wconf 92' lang='lat' dir='ltr'><strong>a</strong></span> <span class='ocrx_word' id='word_1_141' title='bbox 1521 1969 1575 2016; x_wconf 89' lang='lat' dir='ltr'><strong>te</strong></span> <span class='ocrx_word' id='word_1_142' title='bbox 1604 1959 1757 2014; x_wconf 91' lang='lat' dir='ltr'><strong>novi-</strong></span> 
     </span>
    </p>
   </div>
   <div class='ocr_carea' id='block_1_22' title="bbox 166 2051 1753 2122">
    <p class='ocr_par' dir='ltr' id='par_1_22' title="bbox 166 2051 1753 2122">
     <span class='ocr_line' id='line_1_22' title="bbox 166 2051 1753 2122; baseline -0.003 -13"><span class='ocrx_word' id='word_1_143' title='bbox 166 2071 288 2109; x_wconf 88' lang='lat' dir='ltr'><strong>mus</strong></span> <span class='ocrx_word' id='word_1_144' title='bbox 317 2055 632 2121; x_wconf 80' lang='lat' dir='ltr'><strong>expetitum.</strong></span> <span class='ocrx_word' id='word_1_145' title='bbox 658 2053 790 2106; x_wconf 81' lang='lat' dir='ltr'><strong>Nam</strong></span> <span class='ocrx_word' id='word_1_146' title='bbox 819 2053 862 2105; x_wconf 89' lang='lat' dir='ltr'><strong>si</strong></span> <span class='ocrx_word' id='word_1_147' title='bbox 889 2061 942 2106; x_wconf 90' lang='lat' dir='ltr'><strong>te</strong></span> <span class='ocrx_word' id='word_1_148' title='bbox 961 2053 1325 2108; x_wconf 88' lang='lat' dir='ltr'><strong>continentem</strong></span> <span class='ocrx_word' id='word_1_149' title='bbox 1351 2051 1433 2122; x_wconf 90' lang='lat' dir='ltr'><strong>(ut</strong></span> <span class='ocrx_word' id='word_1_150' title='bbox 1459 2051 1753 2122; x_wconf 89' lang='lat' dir='ltr'><strong>credimus)</strong></span> 
     </span>
    </p>
   </div>
   <div class='ocr_carea' id='block_1_23' title="bbox 168 2141 1756 2212">
    <p class='ocr_par' dir='ltr' id='par_1_23' title="bbox 168 2141 1756 2212">
     <span class='ocr_line' id='line_1_23' title="bbox 168 2141 1756 2212; baseline -0.003 -13"><span class='ocrx_word' id='word_1_151' title='bbox 168 2154 224 2199; x_wconf 92' lang='lat' dir='ltr'><strong>et</strong></span> <span class='ocrx_word' id='word_1_152' title='bbox 252 2144 484 2211; x_wconf 82' lang='lat' dir='ltr'><strong>dignitas</strong></span> <span class='ocrx_word' id='word_1_153' title='bbox 507 2144 606 2196; x_wconf 91' lang='lat' dir='ltr'><strong>ista</strong></span> <span class='ocrx_word' id='word_1_154' title='bbox 637 2143 978 2212; x_wconf 91' lang='lat' dir='ltr'><strong>probaverit,</strong></span> <span class='ocrx_word' id='word_1_155' title='bbox 1009 2142 1113 2196; x_wconf 92' lang='lat' dir='ltr'><strong>hoc</strong></span> <span class='ocrx_word' id='word_1_156' title='bbox 1153 2151 1237 2196; x_wconf 90' lang='lat' dir='ltr'><strong>est</strong></span> <span class='ocrx_word' id='word_1_157' title='bbox 1263 2141 1440 2196; x_wconf 71' lang='lat' dir='ltr'><strong>saeculi</strong></span> <span class='ocrx_word' id='word_1_158' title='bbox 1471 2141 1756 2195; x_wconf 89' lang='lat' dir='ltr'><strong>ambitiosa</strong></span> 
     </span>
    </p>
   </div>
   <div class='ocr_carea' id='block_1_24' title="bbox 168 2228 1754 2304">
    <p class='ocr_par' dir='ltr' id='par_1_24' title="bbox 168 2228 1754 2304">
     <span class='ocr_line' id='line_1_24' title="bbox 168 2228 1754 2304; baseline -0.003 -16"><span class='ocrx_word' id='word_1_159' title='bbox 168 2247 472 2304; x_wconf 87' lang='lat' dir='ltr'><strong>superasse.</strong></span> <span class='ocrx_word' id='word_1_160' title='bbox 515 2231 717 2286; x_wconf 89' lang='lat' dir='ltr'><strong>Solitus</strong></span> <span class='ocrx_word' id='word_1_161' title='bbox 757 2230 908 2303; x_wconf 83' lang='lat' dir='ltr'><strong>[Ms.,</strong></span> <span class='ocrx_word' id='word_1_162' title='bbox 938 2228 1219 2301; x_wconf 88' lang='lat' dir='ltr'><strong>sollicitus]</strong></span> <span class='ocrx_word' id='word_1_163' title='bbox 1250 2245 1308 2285; x_wconf 91' lang='lat' dir='ltr'><strong>es</strong></span> <span class='ocrx_word' id='word_1_164' title='bbox 1352 2231 1568 2298; x_wconf 88' lang='lat' dir='ltr'><strong>quidem</strong></span> <span class='ocrx_word' id='word_1_165' title='bbox 1609 2231 1754 2298; x_wconf 91' lang='lat' dir='ltr'><strong>justa</strong></span> 
     </span>
    </p>
   </div>
   <div class='ocr_carea' id='block_1_25' title="bbox 168 2322 1756 2392">
    <p class='ocr_par' dir='ltr' id='par_1_25' title="bbox 168 2322 1756 2392">
     <span class='ocr_line' id='line_1_25' title="bbox 168 2322 1756 2392; baseline -0.003 -11"><span class='ocrx_word' id='word_1_166' title='bbox 168 2341 278 2381; x_wconf 92' lang='lat' dir='ltr'><strong>non</strong></span> <span class='ocrx_word' id='word_1_167' title='bbox 308 2324 557 2386; x_wconf 85' lang='lat' dir='ltr'><strong>vendere,</strong></span> <span class='ocrx_word' id='word_1_168' title='bbox 591 2323 686 2378; x_wconf 92' lang='lat' dir='ltr'><strong>sed</strong></span> <span class='ocrx_word' id='word_1_169' title='bbox 733 2338 876 2378; x_wconf 91' lang='lat' dir='ltr'><strong>nunc</strong></span> <span class='ocrx_word' id='word_1_170' title='bbox 924 2329 1140 2392; x_wconf 90' lang='lat' dir='ltr'><strong>oportet</strong></span> <span class='ocrx_word' id='word_1_171' title='bbox 1171 2323 1464 2392; x_wconf 86' lang='lat' dir='ltr'><strong>impensius</strong></span> <span class='ocrx_word' id='word_1_172' title='bbox 1491 2322 1632 2376; x_wconf 56' lang='lat' dir='ltr'><strong>laesis</strong></span> <span class='ocrx_word' id='word_1_173' title='bbox 1658 2337 1756 2390; x_wconf 91' lang='lat' dir='ltr'><strong>per</strong></span> 
     </span>
    </p>
   </div>
   <div class='ocr_carea' id='block_1_26' title="bbox 168 2413 1757 2484">
    <p class='ocr_par' dir='ltr' id='par_1_26' title="bbox 168 2413 1757 2484">
     <span class='ocr_line' id='line_1_26' title="bbox 168 2413 1757 2484; baseline -0.001 -14"><span class='ocrx_word' id='word_1_174' title='bbox 168 2415 417 2484; x_wconf 88' lang='lat' dir='ltr'><strong>injuriam</strong></span> <span class='ocrx_word' id='word_1_175' title='bbox 466 2414 770 2468; x_wconf 90' lang='lat' dir='ltr'><strong>subvenire.</strong></span> <span class='ocrx_word' id='word_1_176' title='bbox 819 2413 1063 2482; x_wconf 89' lang='lat' dir='ltr'><strong>lnvigilet</strong></span> <span class='ocrx_word' id='word_1_177' title='bbox 1105 2413 1521 2482; x_wconf 81' lang='lat' dir='ltr'><strong>incorruptibilis</strong></span> <span class='ocrx_word' id='word_1_178' title='bbox 1567 2427 1757 2468; x_wconf 84' lang='lat' dir='ltr'><strong>sensus</strong></span> 
     </span>
    </p>
   </div>
   <div class='ocr_carea' id='block_1_27' title="bbox 167 2503 1757 2572">
    <p class='ocr_par' dir='ltr' id='par_1_27' title="bbox 167 2503 1757 2572">
     <span class='ocr_line' id='line_1_27' title="bbox 167 2503 1757 2572; baseline -0.002 -11"><span class='ocrx_word' id='word_1_179' title='bbox 167 2506 426 2561; x_wconf 66' lang='lat' dir='ltr'><strong>adversus</strong></span> <span class='ocrx_word' id='word_1_180' title='bbox 452 2503 592 2558; x_wconf 89' lang='lat' dir='ltr'><strong>male</strong></span> <span class='ocrx_word' id='word_1_181' title='bbox 611 2512 896 2560; x_wconf 86' lang='lat' dir='ltr'><strong>consuetas</strong></span> <span class='ocrx_word' id='word_1_182' title='bbox 924 2520 1147 2558; x_wconf 72' lang='lat' dir='ltr'><strong>cianus:</strong></span> <span class='ocrx_word' id='word_1_183' title='bbox 1180 2503 1496 2560; x_wconf 78' lang='lat' dir='ltr'><strong>excludatur</strong></span> <span class='ocrx_word' id='word_1_184' title='bbox 1523 2503 1757 2572; x_wconf 89' lang='lat' dir='ltr'><strong>undique</strong></span> 
     </span>
    </p>
   </div>
   <div class='ocr_carea' id='block_1_28' title="bbox 166 2592 1756 2664">
    <p class='ocr_par' dir='ltr' id='par_1_28' title="bbox 166 2592 1756 2664">
     <span class='ocr_line' id='line_1_28' title="bbox 166 2592 1756 2664; baseline -0.005 -10"><span class='ocrx_word' id='word_1_185' title='bbox 166 2597 404 2654; x_wconf 80' lang='lat' dir='ltr'><strong>studium</strong></span> <span class='ocrx_word' id='word_1_186' title='bbox 434 2594 988 2664; x_wconf 85' lang='lat' dir='ltr'><strong>fraudulentum,quia</strong></span> <span class='ocrx_word' id='word_1_187' title='bbox 1014 2593 1118 2648; x_wconf 93' lang='lat' dir='ltr'><strong>hoc</strong></span> <span class='ocrx_word' id='word_1_188' title='bbox 1145 2593 1360 2660; x_wconf 84' lang='lat' dir='ltr'><strong>dignum</strong></span> <span class='ocrx_word' id='word_1_189' title='bbox 1389 2601 1472 2648; x_wconf 90' lang='lat' dir='ltr'><strong>est</strong></span> <span class='ocrx_word' id='word_1_190' title='bbox 1497 2608 1593 2662; x_wconf 90' lang='lat' dir='ltr'><strong>per</strong></span> <span class='ocrx_word' id='word_1_191' title='bbox 1615 2592 1756 2661; x_wconf 88' lang='lat' dir='ltr'><strong>judi-</strong></span> 
     </span>
    </p>
   </div>
   <div class='ocr_carea' id='block_1_29' title="bbox 167 2684 1755 2760">
    <p class='ocr_par' dir='ltr' id='par_1_29' title="bbox 167 2684 1755 2760">
     <span class='ocr_line' id='line_1_29' title="bbox 167 2684 1755 2760; baseline -0.004 -14"><span class='ocrx_word' id='word_1_192' title='bbox 167 2705 288 2746; x_wconf 86' lang='lat' dir='ltr'><strong>cem</strong></span> <span class='ocrx_word' id='word_1_193' title='bbox 321 2689 604 2760; x_wconf 80' lang='lat' dir='ltr'><strong>provenire</strong></span> <span class='ocrx_word' id='word_1_194' title='bbox 631 2688 924 2742; x_wconf 86' lang='lat' dir='ltr'><strong>sincerum.</strong></span> <span class='ocrx_word' id='word_1_195' title='bbox 969 2686 1177 2740; x_wconf 90' lang='lat' dir='ltr'><strong>Diutius</strong></span> <span class='ocrx_word' id='word_1_196' title='bbox 1216 2685 1433 2755; x_wconf 82' lang='lat' dir='ltr'><strong>quidem</strong></span> <span class='ocrx_word' id='word_1_197' title='bbox 1461 2684 1755 2740; x_wconf 69' lang='lat' dir='ltr'><strong>differendo</strong></span> 
     </span>
    </p>
   </div>
   <div class='ocr_carea' id='block_1_30' title="bbox 168 2775 1754 2853">
    <p class='ocr_par' dir='ltr' id='par_1_30' title="bbox 168 2775 1754 2853">
     <span class='ocr_line' id='line_1_30' title="bbox 168 2775 1754 2853; baseline -0.006 -15"><span class='ocrx_word' id='word_1_198' title='bbox 168 2798 267 2853; x_wconf 91' lang='lat' dir='ltr'><strong>pro</strong></span> <span class='ocrx_word' id='word_1_199' title='bbox 302 2790 352 2836; x_wconf 92' lang='lat' dir='ltr'><strong>te</strong></span> <span class='ocrx_word' id='word_1_200' title='bbox 379 2786 701 2835; x_wconf 83' lang='lat' dir='ltr'><strong>cunctorum</strong></span> <span class='ocrx_word' id='word_1_201' title='bbox 723 2786 852 2832; x_wconf 88' lang='lat' dir='ltr'><strong>vota</strong></span> <span class='ocrx_word' id='word_1_202' title='bbox 873 2777 1208 2838; x_wconf 86' lang='lat' dir='ltr'><strong>lassavimus,</strong></span> <span class='ocrx_word' id='word_1_203' title='bbox 1242 2783 1299 2830; x_wconf 91' lang='lat' dir='ltr'><strong>ut</strong></span> <span class='ocrx_word' id='word_1_204' title='bbox 1326 2775 1754 2830; x_wconf 88' lang='lat' dir='ltr'><strong>benevolentiam</strong></span> 
     </span>
    </p>
   </div>
   <div class='ocr_carea' id='block_1_31' title="bbox 167 2867 1757 2944">
    <p class='ocr_par' dir='ltr' id='par_1_31' title="bbox 167 2867 1757 2944">
     <span class='ocr_line' id='line_1_31' title="bbox 167 2867 1757 2944; baseline -0.006 -14"><span class='ocrx_word' id='word_1_205' title='bbox 167 2875 222 2930; x_wconf 89' lang='lat' dir='ltr'><strong>in</strong></span> <span class='ocrx_word' id='word_1_206' title='bbox 253 2883 309 2929; x_wconf 89' lang='lat' dir='ltr'><strong>te</strong></span> <span class='ocrx_word' id='word_1_207' title='bbox 338 2873 494 2944; x_wconf 77' lang='lat'><strong>155</strong></span> <span class='ocrx_word' id='word_1_208' title='bbox 525 2873 874 2942; x_wconf 87' lang='lat' dir='ltr'><strong>probaremus</strong></span> <span class='ocrx_word' id='word_1_209' title='bbox 895 2868 1280 2937; x_wconf 74' lang='lat' dir='ltr'><strong>generalitatis,</strong></span> <span class='ocrx_word' id='word_1_210' title='bbox 1311 2878 1365 2922; x_wconf 92' lang='lat' dir='ltr'><strong>et</strong></span> <span class='ocrx_word' id='word_1_211' title='bbox 1386 2868 1592 2923; x_wconf 91' lang='lat' dir='ltr'><strong>cunctis</strong></span> <span class='ocrx_word' id='word_1_212' title='bbox 1615 2867 1757 2922; x_wconf 87' lang='lat' dir='ltr'><strong>desi-</strong></span> 
     </span>
    </p>
   </div>
   <div class='ocr_carea' id='block_1_32' title="bbox 166 2962 1756 3022">
    <p class='ocr_par' dir='ltr' id='par_1_32' title="bbox 166 2962 1756 3022">
     <span class='ocr_line' id='line_1_32' title="bbox 166 2962 1756 3022; baseline -0.003 0"><span class='ocrx_word' id='word_1_213' title='bbox 166 2967 459 3022; x_wconf 86' lang='lat' dir='ltr'><strong>derabilior</strong></span> <span class='ocrx_word' id='word_1_214' title='bbox 486 2965 785 3020; x_wconf 84' lang='lat' dir='ltr'><strong>advenires.</strong></span> <span class='ocrx_word' id='word_1_215' title='bbox 811 2963 986 3018; x_wconf 81' lang='lat' dir='ltr'><strong>Habet</strong></span> <span class='ocrx_word' id='word_1_216' title='bbox 1012 2963 1117 3018; x_wconf 83' lang='lat' dir='ltr'><strong>hoc</strong></span> <span class='ocrx_word' id='word_1_217' title='bbox 1143 2963 1286 3018; x_wconf 86' lang='lat' dir='ltr'><strong>enim</strong></span> <span class='ocrx_word' id='word_1_218' title='bbox 1308 2963 1542 3017; x_wconf 80' lang='lat' dir='ltr'><strong>humana</strong></span> <span class='ocrx_word' id='word_1_219' title='bbox 1569 2962 1756 3018; x_wconf 83' lang='lat' dir='ltr'><strong>condi-</strong></span> 
     </span>
    </p>
   </div>
   <div class='ocr_carea' id='block_1_33' title="bbox 168 3048 1755 3125">
    <p class='ocr_par' dir='ltr' id='par_1_33' title="bbox 168 3048 1755 3125">
     <span class='ocr_line' id='line_1_33' title="bbox 168 3048 1755 3125; baseline -0.004 -12"><span class='ocrx_word' id='word_1_220' title='bbox 168 3059 263 3122; x_wconf 85' lang='lat' dir='ltr'><strong>tio,</strong></span> <span class='ocrx_word' id='word_1_221' title='bbox 296 3067 356 3112; x_wconf 91' lang='lat' dir='ltr'><strong>ut</strong></span> <span class='ocrx_word' id='word_1_222' title='bbox 377 3056 607 3113; x_wconf 85' lang='lat' dir='ltr'><strong>celerius</strong></span> <span class='ocrx_word' id='word_1_223' title='bbox 632 3055 825 3125; x_wconf 88' lang='lat' dir='ltr'><strong>adepta</strong></span> <span class='ocrx_word' id='word_1_224' title='bbox 853 3053 1072 3109; x_wconf 89' lang='lat' dir='ltr'><strong>fastidio</strong></span> <span class='ocrx_word' id='word_1_225' title='bbox 1098 3048 1205 3108; x_wconf 84' lang='lat' dir='ltr'><strong>sint</strong></span> <span class='ocrx_word' id='word_1_226' title='bbox 1237 3071 1249 3106; x_wconf 93' lang='lat'>:</span> <span class='ocrx_word' id='word_1_227' title='bbox 1283 3054 1408 3108; x_wconf 91' lang='lat' dir='ltr'><strong>dum</strong></span> <span class='ocrx_word' id='word_1_228' title='bbox 1438 3069 1598 3109; x_wconf 90' lang='lat' dir='ltr'><strong>omne</strong></span> <span class='ocrx_word' id='word_1_229' title='bbox 1625 3069 1755 3123; x_wconf 66' lang='lat' dir='ltr'><strong>pre.</strong></span> 
     </span>
    </p>
   </div>
   <div class='ocr_carea' id='block_1_34' title="bbox 167 3143 1750 3213">
    <p class='ocr_par' dir='ltr' id='par_1_34' title="bbox 167 3143 1750 3213">
     <span class='ocr_line' id='line_1_34' title="bbox 167 3143 1750 3213; baseline -0.004 -10"><span class='ocrx_word' id='word_1_230' title='bbox 167 3151 364 3203; x_wconf 88' lang='lat' dir='ltr'><strong>tiosum</strong></span> <span class='ocrx_word' id='word_1_231' title='bbox 396 3147 605 3201; x_wconf 88' lang='lat' dir='ltr'><strong>vilescit</strong></span> <span class='ocrx_word' id='word_1_232' title='bbox 623 3147 898 3212; x_wconf 91' lang='lat' dir='ltr'><strong>oblatum;</strong></span> <span class='ocrx_word' id='word_1_233' title='bbox 936 3153 991 3200; x_wconf 87' lang='lat' dir='ltr'><strong>et</strong></span> <span class='ocrx_word' id='word_1_234' title='bbox 1019 3152 1208 3200; x_wconf 91' lang='lat' dir='ltr'><strong>contra</strong></span> <span class='ocrx_word' id='word_1_235' title='bbox 1237 3143 1447 3200; x_wconf 89' lang='lat' dir='ltr'><strong>dulcius</strong></span> <span class='ocrx_word' id='word_1_236' title='bbox 1473 3144 1750 3213; x_wconf 81' lang='lat' dir='ltr'><strong>accipitur,</strong></span> 
     </span>
    </p>
   </div>
   <div class='ocr_carea' id='block_1_35' title="bbox 161 3235 1752 3308">
    <p class='ocr_par' dir='ltr' id='par_1_35' title="bbox 161 3235 1752 3308">
     <span class='ocr_line' id='line_1_35' title="bbox 161 3235 1752 3308; baseline -0.002 -15"><span class='ocrx_word' id='word_1_237' title='bbox 161 3239 312 3308; x_wconf 81' lang='lat' dir='ltr'><strong>quod</strong></span> <span class='ocrx_word' id='word_1_238' title='bbox 340 3239 444 3293; x_wconf 88' lang='lat' dir='ltr'><strong>sub</strong></span> <span class='ocrx_word' id='word_1_239' title='bbox 473 3238 650 3306; x_wconf 88' lang='lat' dir='ltr'><strong>aliqua</strong></span> <span class='ocrx_word' id='word_1_240' title='bbox 678 3237 937 3292; x_wconf 85' lang='lat' dir='ltr'><strong>dilatione</strong></span> <span class='ocrx_word' id='word_1_241' title='bbox 965 3243 1266 3306; x_wconf 67' lang='lat' dir='ltr'><strong>praestatur.</strong></span> <span class='ocrx_word' id='word_1_242' title='bbox 1298 3235 1403 3290; x_wconf 88' lang='lat' dir='ltr'><strong>Sed</strong></span> <span class='ocrx_word' id='word_1_243' title='bbox 1433 3251 1540 3290; x_wconf 92' lang='lat' dir='ltr'><strong>non</strong></span> <span class='ocrx_word' id='word_1_244' title='bbox 1568 3250 1752 3290; x_wconf 81' lang='lat' dir='ltr'><strong>sumus</strong></span> 
     </span>
    </p>
   </div>
   <div class='ocr_carea' id='block_1_36' title="bbox 167 3324 1752 3396">
    <p class='ocr_par' dir='ltr' id='par_1_36' title="bbox 167 3324 1752 3396">
     <span class='ocr_line' id='line_1_36' title="bbox 167 3324 1752 3396; baseline -0.003 -12"><span class='ocrx_word' id='word_1_245' title='bbox 167 3328 548 3384; x_wconf 77' lang='lat' dir='ltr'><strong>tantummodo</strong></span> <span class='ocrx_word' id='word_1_246' title='bbox 575 3328 643 3383; x_wconf 88' lang='lat' dir='ltr'><strong>de</strong></span> <span class='ocrx_word' id='word_1_247' title='bbox 690 3335 901 3382; x_wconf 83' lang='lat' dir='ltr'><strong>tuorum</strong></span> <span class='ocrx_word' id='word_1_248' title='bbox 933 3335 1234 3396; x_wconf 89' lang='lat' dir='ltr'><strong>temporum</strong></span> <span class='ocrx_word' id='word_1_249' title='bbox 1281 3324 1436 3380; x_wconf 86' lang='lat' dir='ltr'><strong>laude</strong></span> <span class='ocrx_word' id='word_1_250' title='bbox 1473 3325 1752 3392; x_wconf 81' lang='lat' dir='ltr'><strong>contenti;</strong></span> 
     </span>
    </p>
   </div>
   <div class='ocr_carea' id='block_1_37' title="bbox 162 3416 1754 3493">
    <p class='ocr_par' dir='ltr' id='par_1_37' title="bbox 162 3416 1754 3493">
     <span class='ocr_line' id='line_1_37' title="bbox 162 3416 1754 3493; baseline -0.004 -15"><span class='ocrx_word' id='word_1_251' title='bbox 162 3421 422 3493; x_wconf 86' lang='lat' dir='ltr'><strong>perquire</strong></span> <span class='ocrx_word' id='word_1_252' title='bbox 470 3420 650 3474; x_wconf 88' lang='lat' dir='ltr'><strong>omnia</strong></span> <span class='ocrx_word' id='word_1_253' title='bbox 704 3419 770 3473; x_wconf 88' lang='lat' dir='ltr'><strong>ad</strong></span> <span class='ocrx_word' id='word_1_254' title='bbox 812 3418 996 3474; x_wconf 80' lang='lat' dir='ltr'><strong>titulos</strong></span> <span class='ocrx_word' id='word_1_255' title='bbox 1045 3416 1377 3488; x_wconf 73' lang='lat' dir='ltr'><strong>prmfectura:</strong></span> <span class='ocrx_word' id='word_1_256' title='bbox 1421 3418 1754 3487; x_wconf 58' lang='lat' dir='ltr'><strong>praetoriana:</strong></span> 
     </span>
    </p>
   </div>
   <div class='ocr_carea' id='block_1_38' title="bbox 159 3506 1752 3581">
    <p class='ocr_par' dir='ltr' id='par_1_38' title="bbox 159 3506 1752 3581">
     <span class='ocr_line' id='line_1_38' title="bbox 159 3506 1752 3581; baseline -0.003 -15"><span class='ocrx_word' id='word_1_257' title='bbox 159 3511 516 3581; x_wconf 82' lang='lat' dir='ltr'><strong>pertinentia,</strong></span> <span class='ocrx_word' id='word_1_258' title='bbox 541 3524 661 3578; x_wconf 76' lang='lat' dir='ltr'><strong>qua:</strong></span> <span class='ocrx_word' id='word_1_259' title='bbox 684 3508 912 3562; x_wconf 89' lang='lat' dir='ltr'><strong>aliorum</strong></span> <span class='ocrx_word' id='word_1_260' title='bbox 939 3507 1052 3562; x_wconf 89' lang='lat' dir='ltr'><strong>visa</strong></span> <span class='ocrx_word' id='word_1_261' title='bbox 1074 3517 1158 3562; x_wconf 88' lang='lat' dir='ltr'><strong>est</strong></span> <span class='ocrx_word' id='word_1_262' title='bbox 1196 3506 1448 3561; x_wconf 85' lang='lat' dir='ltr'><strong>fraudare</strong></span> <span class='ocrx_word' id='word_1_263' title='bbox 1470 3507 1752 3576; x_wconf 90' lang='lat' dir='ltr'><strong>cupiditas.</strong></span> 
     </span>
    </p>
   </div>
   <div class='ocr_carea' id='block_1_39' title="bbox 159 3597 1756 3668">
    <p class='ocr_par' dir='ltr' id='par_1_39' title="bbox 159 3597 1756 3668">
     <span class='ocr_line' id='line_1_39' title="bbox 159 3597 1756 3668; baseline -0.001 -10"><span class='ocrx_word' id='word_1_264' title='bbox 159 3602 284 3658; x_wconf 71' lang='lat' dir='ltr'><strong>Non</strong></span> <span class='ocrx_word' id='word_1_265' title='bbox 315 3602 480 3657; x_wconf 84' lang='lat' dir='ltr'><strong>liceat</strong></span> <span class='ocrx_word' id='word_1_266' title='bbox 504 3613 826 3668; x_wconf 90' lang='lat' dir='ltr'><strong>quemquam</strong></span> <span class='ocrx_word' id='word_1_267' title='bbox 852 3598 1069 3666; x_wconf 87' lang='lat' dir='ltr'><strong>gloriari</strong></span> <span class='ocrx_word' id='word_1_268' title='bbox 1097 3598 1252 3653; x_wconf 84' lang='lat' dir='ltr'><strong>furtis</strong></span> <span class='ocrx_word' id='word_1_269' title='bbox 1300 3606 1393 3653; x_wconf 91' lang='lat' dir='ltr'><strong>aut</strong></span> <span class='ocrx_word' id='word_1_270' title='bbox 1433 3597 1756 3668; x_wconf 79' lang='lat' dir='ltr'><strong>przcjudiciis</strong></span> 
     </span>
    </p>
   </div>
   <div class='ocr_carea' id='block_1_40' title="bbox 158 3688 1756 3758">
    <p class='ocr_par' dir='ltr' id='par_1_40' title="bbox 158 3688 1756 3758">
     <span class='ocr_line' id='line_1_40' title="bbox 158 3688 1756 3758; baseline -0.003 -11"><span class='ocrx_word' id='word_1_271' title='bbox 158 3693 299 3747; x_wconf 82' lang='lat' dir='ltr'><strong>suis.</strong></span> <span class='ocrx_word' id='word_1_272' title='bbox 332 3691 537 3744; x_wconf 85' lang='lat' dir='ltr'><strong>Lumen</strong></span> <span class='ocrx_word' id='word_1_273' title='bbox 570 3697 622 3743; x_wconf 91' lang='lat' dir='ltr'><strong>te</strong></span> <span class='ocrx_word' id='word_1_274' title='bbox 651 3688 970 3743; x_wconf 86' lang='lat' dir='ltr'><strong>immisimus</strong></span> <span class='ocrx_word' id='word_1_275' title='bbox 991 3689 1151 3744; x_wconf 90' lang='lat' dir='ltr'><strong>rebus</strong></span> <span class='ocrx_word' id='word_1_276' title='bbox 1178 3689 1386 3755; x_wconf 89' lang='lat' dir='ltr'><strong>celatis,</strong></span> <span class='ocrx_word' id='word_1_277' title='bbox 1416 3691 1631 3758; x_wconf 88' lang='lat' dir='ltr'><strong>quando</strong></span> <span class='ocrx_word' id='word_1_278' title='bbox 1657 3704 1756 3748; x_wconf 85' lang='lat' dir='ltr'><strong>nec</strong></span> 
     </span>
    </p>
   </div>
   <div class='ocr_carea' id='block_1_41' title="bbox 157 3777 1756 3852">
    <p class='ocr_par' dir='ltr' id='par_1_41' title="bbox 157 3777 1756 3852">
     <span class='ocr_line' id='line_1_41' title="bbox 157 3777 1756 3852; baseline -0.003 -18"><span class='ocrx_word' id='word_1_279' title='bbox 157 3779 464 3852; x_wconf 64' lang='lat' dir='ltr'><strong>prudentia:</strong></span> <span class='ocrx_word' id='word_1_280' title='bbox 508 3787 611 3833; x_wconf 72' lang='lat' dir='ltr'><strong>tua:</strong></span> <span class='ocrx_word' id='word_1_281' title='bbox 637 3779 920 3846; x_wconf 73' lang='lat' dir='ltr'><strong>quisquam</strong></span> <span class='ocrx_word' id='word_1_282' title='bbox 965 3777 1163 3846; x_wconf 88' lang='lat' dir='ltr'><strong>poterit</strong></span> <span class='ocrx_word' id='word_1_283' title='bbox 1188 3777 1429 3844; x_wconf 88' lang='lat' dir='ltr'><strong>illudere,</strong></span> <span class='ocrx_word' id='word_1_284' title='bbox 1472 3793 1570 3834; x_wconf 89' lang='lat' dir='ltr'><strong>nec</strong></span> <span class='ocrx_word' id='word_1_285' title='bbox 1598 3777 1756 3833; x_wconf 82' lang='lat' dir='ltr'><strong>iidem</strong></span> 
     </span>
    </p>
   </div>
   <div class='ocr_carea' id='block_1_42' title="bbox 154 3867 1754 3941">
    <p class='ocr_par' dir='ltr' id='par_1_42' title="bbox 154 3867 1754 3941">
     <span class='ocr_line' id='line_1_42' title="bbox 154 3867 1754 3941; baseline -0.002 -14"><span class='ocrx_word' id='word_1_286' title='bbox 154 3874 348 3941; x_wconf 80' lang='lat' dir='ltr'><strong>aliqua</strong></span> <span class='ocrx_word' id='word_1_287' title='bbox 379 3871 653 3927; x_wconf 88' lang='lat' dir='ltr'><strong>oblatione</strong></span> <span class='ocrx_word' id='word_1_288' title='bbox 701 3871 928 3925; x_wconf 82' lang='lat' dir='ltr'><strong>lentare.</strong></span> <span class='ocrx_word' id='word_1_289' title='bbox 977 3867 1256 3924; x_wconf 89' lang='lat' dir='ltr'><strong>Constitue</strong></span> <span class='ocrx_word' id='word_1_290' title='bbox 1285 3881 1340 3924; x_wconf 86' lang='lat' dir='ltr'><strong>et</strong></span> <span class='ocrx_word' id='word_1_291' title='bbox 1367 3869 1491 3924; x_wconf 87' lang='lat' dir='ltr'><strong>huic</strong></span> <span class='ocrx_word' id='word_1_292' title='bbox 1518 3869 1754 3938; x_wconf 87' lang='lat' dir='ltr'><strong>regulam</strong></span> 
     </span>
    </p>
   </div>
   <div class='ocr_carea' id='block_1_43' title="bbox 150 3961 1757 4035">
    <p class='ocr_par' dir='ltr' id='par_1_43' title="bbox 150 3961 1757 4035">
     <span class='ocr_line' id='line_1_43' title="bbox 150 3961 1757 4035; baseline -0.002 -15"><span class='ocrx_word' id='word_1_293' title='bbox 150 3965 433 4035; x_wconf 76' lang='lat' dir='ltr'><strong>dignitati,</strong></span> <span class='ocrx_word' id='word_1_294' title='bbox 456 3965 546 4034; x_wconf 90' lang='lat' dir='ltr'><strong>qui</strong></span> <span class='ocrx_word' id='word_1_295' title='bbox 583 3963 844 4018; x_wconf 89' lang='lat' dir='ltr'><strong>anteactis</strong></span> <span class='ocrx_word' id='word_1_296' title='bbox 873 3961 1103 4018; x_wconf 83' lang='lat' dir='ltr'><strong>fascibus</strong></span> <span class='ocrx_word' id='word_1_297' title='bbox 1130 3961 1386 4016; x_wconf 89' lang='lat' dir='ltr'><strong>mirabilis</strong></span> <span class='ocrx_word' id='word_1_298' title='bbox 1413 3963 1757 4017; x_wconf 59' lang='lat' dir='ltr'><strong>continentia</strong></span> 
     </span>
    </p>
   </div>
   <div class='ocr_carea' id='block_1_44' title="bbox 149 4051 1756 4124">
    <p class='ocr_par' dir='ltr' id='par_1_44' title="bbox 149 4051 1756 4124">
     <span class='ocr_line' id='line_1_44' title="bbox 149 4051 1756 4124; baseline -0.002 -13"><span class='ocrx_word' id='word_1_299' title='bbox 149 4055 414 4124; x_wconf 83' lang='lat' dir='ltr'><strong>exempla</strong></span> <span class='ocrx_word' id='word_1_300' title='bbox 461 4053 754 4124; x_wconf 71' lang='lat' dir='ltr'><strong>praebuisti.</strong></span> <span class='ocrx_word' id='word_1_301' title='bbox 784 4052 917 4106; x_wconf 85' lang='lat' dir='ltr'><strong>Nam</strong></span> <span class='ocrx_word' id='word_1_302' title='bbox 963 4051 1089 4107; x_wconf 90' lang='lat' dir='ltr'><strong>licet</strong></span> <span class='ocrx_word' id='word_1_303' title='bbox 1119 4067 1308 4106; x_wconf 88' lang='lat' dir='ltr'><strong>omnes</strong></span> <span class='ocrx_word' id='word_1_304' title='bbox 1353 4067 1492 4122; x_wconf 89' lang='lat' dir='ltr'><strong>pene</strong></span> <span class='ocrx_word' id='word_1_305' title='bbox 1522 4053 1756 4107; x_wconf 80' lang='lat' dir='ltr'><strong>honores</strong></span> 
     </span>
    </p>
   </div>
   <div class='ocr_carea' id='block_1_45' title="bbox 145 4142 1754 4214">
    <p class='ocr_par' dir='ltr' id='par_1_45' title="bbox 145 4142 1754 4214">
     <span class='ocr_line' id='line_1_45' title="bbox 145 4142 1754 4214; baseline -0.004 -11"><span class='ocrx_word' id='word_1_306' title='bbox 145 4159 410 4203; x_wconf 82' lang='lat' dir='ltr'><strong>summos</strong></span> <span class='ocrx_word' id='word_1_307' title='bbox 449 4144 728 4214; x_wconf 60' lang='lat' dir='ltr'><strong>aequaliter</strong></span> <span class='ocrx_word' id='word_1_308' title='bbox 779 4143 985 4211; x_wconf 88' lang='lat' dir='ltr'><strong>egeris,</strong></span> <span class='ocrx_word' id='word_1_309' title='bbox 1037 4143 1204 4198; x_wconf 89' lang='lat' dir='ltr'><strong>babes</strong></span> <span class='ocrx_word' id='word_1_310' title='bbox 1256 4153 1435 4198; x_wconf 85' lang='lat' dir='ltr'><strong>tamen</strong></span> <span class='ocrx_word' id='word_1_311' title='bbox 1481 4142 1754 4212; x_wconf 84' lang='lat' dir='ltr'><strong>proposita</strong></span> 
     </span>
    </p>
   </div>
   <div class='ocr_carea' id='block_1_46' title="bbox 147 4233 1750 4301">
    <p class='ocr_par' dir='ltr' id='par_1_46' title="bbox 147 4233 1750 4301">
     <span class='ocr_line' id='line_1_46' title="bbox 147 4233 1750 4301; baseline -0.004 -10"><span class='ocrx_word' id='word_1_312' title='bbox 147 4235 511 4290; x_wconf 64' lang='lat' dir='ltr'><strong>conscientiae</strong></span> <span class='ocrx_word' id='word_1_313' title='bbox 537 4236 698 4301; x_wconf 90' lang='lat' dir='ltr'><strong>bona,</strong></span> <span class='ocrx_word' id='word_1_314' title='bbox 728 4233 817 4287; x_wconf 93' lang='lat' dir='ltr'><strong>ubi</strong></span> <span class='ocrx_word' id='word_1_315' title='bbox 867 4233 1067 4288; x_wconf 90' lang='lat' dir='ltr'><strong>nullam</strong></span> <span class='ocrx_word' id='word_1_316' title='bbox 1094 4233 1248 4287; x_wconf 88' lang='lat' dir='ltr'><strong>decet</strong></span> <span class='ocrx_word' id='word_1_317' title='bbox 1275 4248 1395 4287; x_wconf 88' lang='lat' dir='ltr'><strong>esse</strong></span> <span class='ocrx_word' id='word_1_318' title='bbox 1424 4247 1750 4286; x_wconf 89' lang='lat' dir='ltr'><strong>mensuram.</strong></span> 
     </span>
    </p>
   </div>
   <div class='ocr_carea' id='block_1_47' title="bbox 147 4324 1754 4382">
    <p class='ocr_par' dir='ltr' id='par_1_47' title="bbox 147 4324 1754 4382">
     <span class='ocr_line' id='line_1_47' title="bbox 147 4324 1754 4382; baseline 0.001 -3"><span class='ocrx_word' id='word_1_319' title='bbox 147 4325 266 4382; x_wconf 77' lang='lat' dir='ltr'><strong>llic</strong></span> <span class='ocrx_word' id='word_1_320' title='bbox 299 4326 440 4381; x_wconf 83' lang='lat' dir='ltr'><strong>enim</strong></span> <span class='ocrx_word' id='word_1_321' title='bbox 468 4326 726 4380; x_wconf 88' lang='lat' dir='ltr'><strong>decorum</strong></span> <span class='ocrx_word' id='word_1_322' title='bbox 767 4333 851 4380; x_wconf 85' lang='lat' dir='ltr'><strong>est</strong></span> <span class='ocrx_word' id='word_1_323' title='bbox 897 4325 1184 4380; x_wconf 89' lang='lat' dir='ltr'><strong>terminum</strong></span> <span class='ocrx_word' id='word_1_324' title='bbox 1232 4339 1340 4379; x_wconf 92' lang='lat' dir='ltr'><strong>non</strong></span> <span class='ocrx_word' id='word_1_325' title='bbox 1393 4324 1591 4378; x_wconf 87' lang='lat' dir='ltr'><strong>habere</strong></span> <span class='ocrx_word' id='word_1_326' title='bbox 1624 4341 1636 4376; x_wconf 86' lang='lat'><strong>:</strong></span> <span class='ocrx_word' id='word_1_327' title='bbox 1668 4325 1754 4380; x_wconf 90' lang='lat' dir='ltr'><strong>hic</strong></span> 
     </span>
    </p>
   </div>
   <div class='ocr_carea' id='block_1_48' title="bbox 142 4414 1753 4486">
    <p class='ocr_par' dir='ltr' id='par_1_48' title="bbox 142 4414 1753 4486">
     <span class='ocr_line' id='line_1_48' title="bbox 142 4414 1753 4486; baseline -0.002 -14"><span class='ocrx_word' id='word_1_328' title='bbox 142 4420 391 4472; x_wconf 87' lang='lat' dir='ltr'><strong>honesta</strong></span> <span class='ocrx_word' id='word_1_329' title='bbox 421 4416 685 4486; x_wconf 84' lang='lat' dir='ltr'><strong>probatur</strong></span> <span class='ocrx_word' id='word_1_330' title='bbox 732 4415 973 4482; x_wconf 89' lang='lat' dir='ltr'><strong>ambitio,</strong></span> <span class='ocrx_word' id='word_1_331' title='bbox 1003 4415 1157 4484; x_wconf 82' lang='lat' dir='ltr'><strong>cujus</strong></span> <span class='ocrx_word' id='word_1_332' title='bbox 1212 4415 1375 4468; x_wconf 91' lang='lat' dir='ltr'><strong>etiam</strong></span> <span class='ocrx_word' id='word_1_333' title='bbox 1404 4422 1459 4469; x_wconf 90' lang='lat' dir='ltr'><strong>et</strong></span> <span class='ocrx_word' id='word_1_334' title='bbox 1505 4414 1753 4469; x_wconf 86' lang='lat' dir='ltr'><strong>nimietas</strong></span> 
     </span>
    </p>
   </div>
   <div class='ocr_carea' id='block_1_49' title="bbox 1849 494 3438 575">
    <p class='ocr_par' dir='ltr' id='par_1_49' title="bbox 1849 494 3438 575">
     <span class='ocr_line' id='line_1_49' title="bbox 1849 494 3438 575; baseline 0.005 -19"><span class='ocrx_word' id='word_1_335' title='bbox 1849 499 2106 556; x_wconf 91' lang='lat' dir='ltr'><strong>darentur</strong></span> <span class='ocrx_word' id='word_1_336' title='bbox 2161 494 2521 574; x_wconf 57' lang='lat' dir='ltr'><strong>in&#39;principe.</strong></span> <span class='ocrx_word' id='word_1_337' title='bbox 2571 503 2839 560; x_wconf 89' lang='lat' dir='ltr'><strong>Trahebat</strong></span> <span class='ocrx_word' id='word_1_338' title='bbox 2886 506 3162 575; x_wconf 88' lang='lat' dir='ltr'><strong>regnantis</strong></span> <span class='ocrx_word' id='word_1_339' title='bbox 3197 507 3438 563; x_wconf 87' lang='lat' dir='ltr'><strong>animum</strong></span> 
     </span>
    </p>
   </div>
   <div class='ocr_carea' id='block_1_50' title="bbox 1849 591 3440 659">
    <p class='ocr_par' dir='ltr' id='par_1_50' title="bbox 1849 591 3440 659">
     <span class='ocr_line' id='line_1_50' title="bbox 1849 591 3440 659; baseline 0.004 -16"><span class='ocrx_word' id='word_1_340' title='bbox 1849 591 2064 656; x_wconf 89' lang='lat' dir='ltr'><strong>veritas,</strong></span> <span class='ocrx_word' id='word_1_341' title='bbox 2098 597 2153 646; x_wconf 92' lang='lat' dir='ltr'><strong>et</strong></span> <span class='ocrx_word' id='word_1_342' title='bbox 2179 591 2495 648; x_wconf 85' lang='lat' dir='ltr'><strong>disertitudo</strong></span> <span class='ocrx_word' id='word_1_343' title='bbox 2521 591 2785 648; x_wconf 90' lang='lat' dir='ltr'><strong>dictorum</strong></span> <span class='ocrx_word' id='word_1_344' title='bbox 2810 610 2826 659; x_wconf 90' lang='lat'><strong>;</strong></span> <span class='ocrx_word' id='word_1_345' title='bbox 2859 593 2944 648; x_wconf 91' lang='lat' dir='ltr'><strong>cui</strong></span> <span class='ocrx_word' id='word_1_346' title='bbox 2967 594 3045 648; x_wconf 87' lang='lat' dir='ltr'><strong>sic</strong></span> <span class='ocrx_word' id='word_1_347' title='bbox 3075 595 3255 648; x_wconf 88' lang='lat' dir='ltr'><strong>omnia</strong></span> <span class='ocrx_word' id='word_1_348' title='bbox 3288 604 3440 651; x_wconf 91' lang='lat' dir='ltr'><strong>retu-</strong></span> 
     </span>
    </p>
   </div>
   <div class='ocr_carea' id='block_1_51' title="bbox 1849 681 3432 756">
    <p class='ocr_par' dir='ltr' id='par_1_51' title="bbox 1849 681 3432 756">
     <span class='ocr_line' id='line_1_51' title="bbox 1849 681 3432 756; baseline 0.005 -21"><span class='ocrx_word' id='word_1_349' title='bbox 1849 681 1930 750; x_wconf 84' lang='lat' dir='ltr'><strong>lit,</strong></span> <span class='ocrx_word' id='word_1_350' title='bbox 1961 690 2020 736; x_wconf 91' lang='lat' dir='ltr'><strong>ut</strong></span> <span class='ocrx_word' id='word_1_351' title='bbox 2049 682 2334 738; x_wconf 88' lang='lat' dir='ltr'><strong>miraretur</strong></span> <span class='ocrx_word' id='word_1_352' title='bbox 2372 683 2487 754; x_wconf 90' lang='lat' dir='ltr'><strong>ipse</strong></span> <span class='ocrx_word' id='word_1_353' title='bbox 2515 684 2605 756; x_wconf 92' lang='lat' dir='ltr'><strong>qui</strong></span> <span class='ocrx_word' id='word_1_354' title='bbox 2632 684 2778 739; x_wconf 89' lang='lat' dir='ltr'><strong>fecit.</strong></span> <span class='ocrx_word' id='word_1_355' title='bbox 2825 685 3087 753; x_wconf 83' lang='lat' dir='ltr'><strong>Allegavit</strong></span> <span class='ocrx_word' id='word_1_356' title='bbox 3113 685 3258 742; x_wconf 88' lang='lat' dir='ltr'><strong>solus</strong></span> <span class='ocrx_word' id='word_1_357' title='bbox 3284 685 3432 754; x_wconf 86' lang='lat' dir='ltr'><strong>quod</strong></span> 
     </span>
    </p>
   </div>
   <div class='ocr_carea' id='block_1_52' title="bbox 1850 772 3438 846">
    <p class='ocr_par' dir='ltr' id='par_1_52' title="bbox 1850 772 3438 846">
     <span class='ocr_line' id='line_1_52' title="bbox 1850 772 3438 846; baseline 0.004 -19"><span class='ocrx_word' id='word_1_358' title='bbox 1850 787 2037 828; x_wconf 79' lang='lat' dir='ltr'><strong>omnes</strong></span> <span class='ocrx_word' id='word_1_359' title='bbox 2057 772 2302 842; x_wconf 90' lang='lat' dir='ltr'><strong>juvaret;</strong></span> <span class='ocrx_word' id='word_1_360' title='bbox 2335 783 2391 829; x_wconf 89' lang='lat' dir='ltr'><strong>et</strong></span> <span class='ocrx_word' id='word_1_361' title='bbox 2417 775 2543 829; x_wconf 89' lang='lat' dir='ltr'><strong>dum</strong></span> <span class='ocrx_word' id='word_1_362' title='bbox 2584 785 2908 846; x_wconf 89' lang='lat' dir='ltr'><strong>purpuratas</strong></span> <span class='ocrx_word' id='word_1_363' title='bbox 2946 775 3177 831; x_wconf 85' lang='lat' dir='ltr'><strong>auditori</strong></span> <span class='ocrx_word' id='word_1_364' title='bbox 3227 792 3326 832; x_wconf 89' lang='lat' dir='ltr'><strong>suo</strong></span> <span class='ocrx_word' id='word_1_365' title='bbox 3355 776 3438 833; x_wconf 84' lang='lat' dir='ltr'><strong>fe-</strong></span> 
     </span>
    </p>
   </div>
   <div class='ocr_carea' id='block_1_53' title="bbox 1849 864 3438 938">
    <p class='ocr_par' dir='ltr' id='par_1_53' title="bbox 1849 864 3438 938">
     <span class='ocr_line' id='line_1_53' title="bbox 1849 864 3438 938; baseline 0.004 -20"><span class='ocrx_word' id='word_1_366' title='bbox 1849 864 2018 918; x_wconf 89' lang='lat' dir='ltr'><strong>rierat</strong></span> <span class='ocrx_word' id='word_1_367' title='bbox 2047 864 2247 930; x_wconf 87' lang='lat' dir='ltr'><strong>laudes,</strong></span> <span class='ocrx_word' id='word_1_368' title='bbox 2289 865 2584 934; x_wconf 88' lang='lat' dir='ltr'><strong>gratiosum</strong></span> <span class='ocrx_word' id='word_1_369' title='bbox 2625 867 2778 923; x_wconf 89' lang='lat' dir='ltr'><strong>vobis</strong></span> <span class='ocrx_word' id='word_1_370' title='bbox 2807 876 3050 922; x_wconf 86' lang='lat' dir='ltr'><strong>nostrum</strong></span> <span class='ocrx_word' id='word_1_371' title='bbox 3091 867 3221 923; x_wconf 87' lang='lat' dir='ltr'><strong>fecit</strong></span> <span class='ocrx_word' id='word_1_372' title='bbox 3265 869 3438 938; x_wconf 87' lang='lat' dir='ltr'><strong>impe—</strong></span> 
     </span>
    </p>
   </div>
   <div class='ocr_carea' id='block_1_54' title="bbox 1850 954 3439 1028">
    <p class='ocr_par' dir='ltr' id='par_1_54' title="bbox 1850 954 3439 1028">
     <span class='ocr_line' id='line_1_54' title="bbox 1850 954 3439 1028; baseline 0.004 -20"><span class='ocrx_word' id='word_1_373' title='bbox 1850 954 2011 1008; x_wconf 90' lang='lat' dir='ltr'><strong>rium.</strong></span> <span class='ocrx_word' id='word_1_374' title='bbox 2042 954 2396 1011; x_wconf 87' lang='lat' dir='ltr'><strong>Commendat</strong></span> <span class='ocrx_word' id='word_1_375' title='bbox 2424 958 2566 1012; x_wconf 88' lang='lat' dir='ltr'><strong>enim</strong></span> <span class='ocrx_word' id='word_1_376' title='bbox 2599 973 2751 1012; x_wconf 90' lang='lat' dir='ltr'><strong>suam</strong></span> <span class='ocrx_word' id='word_1_377' title='bbox 2788 967 3022 1027; x_wconf 88' lang='lat' dir='ltr'><strong>gentem,</strong></span> <span class='ocrx_word' id='word_1_378' title='bbox 3073 960 3164 1028; x_wconf 88' lang='lat' dir='ltr'><strong>qui</strong></span> <span class='ocrx_word' id='word_1_379' title='bbox 3194 959 3439 1014; x_wconf 84' lang='lat' dir='ltr'><strong>oratione</strong></span> 
     </span>
    </p>
   </div>
   <div class='ocr_carea' id='block_1_55' title="bbox 1853 1048 3440 1119">
    <p class='ocr_par' dir='ltr' id='par_1_55' title="bbox 1853 1048 3440 1119">
     <span class='ocr_line' id='line_1_55' title="bbox 1853 1048 3440 1119; baseline 0.004 -19"><span class='ocrx_word' id='word_1_380' title='bbox 1853 1048 2104 1119; x_wconf 89' lang='lat' dir='ltr'><strong>placabili</strong></span> <span class='ocrx_word' id='word_1_381' title='bbox 2131 1049 2430 1119; x_wconf 83' lang='lat' dir='ltr'><strong>permulcet</strong></span> <span class='ocrx_word' id='word_1_382' title='bbox 2472 1051 2675 1118; x_wconf 86' lang='lat' dir='ltr'><strong>regiam</strong></span> <span class='ocrx_word' id='word_1_383' title='bbox 2703 1051 3062 1106; x_wconf 84' lang='lat' dir='ltr'><strong>summitatem</strong></span> <span class='ocrx_word' id='word_1_384' title='bbox 3081 1092 3096 1117; x_wconf 96' lang='lat'><strong>,</strong></span> <span class='ocrx_word' id='word_1_385' title='bbox 3123 1049 3342 1119; x_wconf 90' lang='lat' dir='ltr'><strong>quando</strong></span> <span class='ocrx_word' id='word_1_386' title='bbox 3370 1065 3440 1106; x_wconf 77' lang='lat' dir='ltr'><strong>ex</strong></span> 
     </span>
    </p>
   </div>
   <div class='ocr_carea' id='block_1_56' title="bbox 1851 1140 3439 1212">
    <p class='ocr_par' dir='ltr' id='par_1_56' title="bbox 1851 1140 3439 1212">
     <span class='ocr_line' id='line_1_56' title="bbox 1851 1140 3439 1212; baseline 0.001 -19"><span class='ocrx_word' id='word_1_387' title='bbox 1851 1140 2008 1194; x_wconf 86' lang='lat' dir='ltr'><strong>vobis</strong></span> <span class='ocrx_word' id='word_1_388' title='bbox 2035 1147 2090 1193; x_wconf 91' lang='lat' dir='ltr'><strong>et</strong></span> <span class='ocrx_word' id='word_1_389' title='bbox 2117 1140 2255 1194; x_wconf 89' lang='lat' dir='ltr'><strong>alter</strong></span> <span class='ocrx_word' id='word_1_390' title='bbox 2280 1141 2402 1196; x_wconf 88' lang='lat' dir='ltr'><strong>talis</strong></span> <span class='ocrx_word' id='word_1_391' title='bbox 2427 1141 2684 1206; x_wconf 87' lang='lat' dir='ltr'><strong>creditur,</strong></span> <span class='ocrx_word' id='word_1_392' title='bbox 2716 1158 2746 1196; x_wconf 88' lang='lat' dir='ltr'><strong>a</strong></span> <span class='ocrx_word' id='word_1_393' title='bbox 2773 1157 2880 1212; x_wconf 91' lang='lat' dir='ltr'><strong>quo</strong></span> <span class='ocrx_word' id='word_1_394' title='bbox 2899 1173 2912 1182; x_wconf 85' lang='lat'><strong>-</strong></span> <span class='ocrx_word' id='word_1_395' title='bbox 2931 1142 3122 1196; x_wconf 90' lang='lat' dir='ltr'><strong>similia</strong></span> <span class='ocrx_word' id='word_1_396' title='bbox 3164 1141 3439 1211; x_wconf 90' lang='lat' dir='ltr'><strong>postulen-</strong></span> 
     </span>
    </p>
   </div>
   <div class='ocr_carea' id='block_1_57' title="bbox 1853 1228 3440 1300">
    <p class='ocr_par' dir='ltr' id='par_1_57' title="bbox 1853 1228 3440 1300">
     <span class='ocr_line' id='line_1_57' title="bbox 1853 1228 3440 1300; baseline 0.001 -18"><span class='ocrx_word' id='word_1_397' title='bbox 1853 1237 1958 1283; x_wconf 89' lang='lat' dir='ltr'><strong>tur.</strong></span> <span class='ocrx_word' id='word_1_398' title='bbox 1992 1228 2204 1284; x_wconf 87' lang='lat' dir='ltr'><strong>Patrem</strong></span> <span class='ocrx_word' id='word_1_399' title='bbox 2227 1246 2442 1300; x_wconf 89' lang='lat' dir='ltr'><strong>quoque</strong></span> <span class='ocrx_word' id='word_1_400' title='bbox 2484 1233 2782 1289; x_wconf 71' lang='lat' dir='ltr'><strong>clementiae</strong></span> <span class='ocrx_word' id='word_1_401' title='bbox 2824 1240 3022 1288; x_wconf 68' lang='lat' dir='ltr'><strong>nostrae</strong></span> <span class='ocrx_word' id='word_1_402' title='bbox 3065 1232 3118 1285; x_wconf 89' lang='lat' dir='ltr'><strong>iu</strong></span> <span class='ocrx_word' id='word_1_403' title='bbox 3147 1233 3260 1300; x_wconf 89' lang='lat' dir='ltr'><strong>ipsa</strong></span> <span class='ocrx_word' id='word_1_404' title='bbox 3291 1229 3440 1285; x_wconf 88' lang='lat' dir='ltr'><strong>curia</strong></span> 
     </span>
    </p>
   </div>
   <div class='ocr_carea' id='block_1_58' title="bbox 1853 1319 3438 1390">
    <p class='ocr_par' dir='ltr' id='par_1_58' title="bbox 1853 1319 3438 1390">
     <span class='ocr_line' id='line_1_58' title="bbox 1853 1319 3438 1390; baseline 0.002 -17"><span class='ocrx_word' id='word_1_405' title='bbox 1853 1319 2115 1376; x_wconf 87' lang='lat' dir='ltr'><strong>libertatis</strong></span> <span class='ocrx_word' id='word_1_406' title='bbox 2143 1337 2245 1390; x_wconf 92' lang='lat' dir='ltr'><strong>qua</strong></span> <span class='ocrx_word' id='word_1_407' title='bbox 2277 1322 2648 1386; x_wconf 85' lang='lat' dir='ltr'><strong>disertitudiue</strong></span> <span class='ocrx_word' id='word_1_408' title='bbox 2676 1323 2902 1377; x_wconf 88' lang='lat' dir='ltr'><strong>devotus</strong></span> <span class='ocrx_word' id='word_1_409' title='bbox 2947 1323 3216 1378; x_wconf 74' lang='lat' dir='ltr'><strong>asseruit!</strong></span> <span class='ocrx_word' id='word_1_410' title='bbox 3258 1321 3438 1376; x_wconf 82' lang='lat' dir='ltr'><strong>Reco-</strong></span> 
     </span>
    </p>
   </div>
   <div class='ocr_carea' id='block_1_59' title="bbox 1853 1409 3436 1480">
    <p class='ocr_par' dir='ltr' id='par_1_59' title="bbox 1853 1409 3436 1480">
     <span class='ocr_line' id='line_1_59' title="bbox 1853 1409 3436 1480; baseline -0.001 -17"><span class='ocrx_word' id='word_1_411' title='bbox 1853 1409 1960 1465; x_wconf 89' lang='lat' dir='ltr'><strong>litis</strong></span> <span class='ocrx_word' id='word_1_412' title='bbox 1975 1411 2424 1480; x_wconf 86' lang='lat' dir='ltr'><strong>quemadmodum</strong></span> <span class='ocrx_word' id='word_1_413' title='bbox 2453 1413 2589 1467; x_wconf 86' lang='lat' dir='ltr'><strong>facta</strong></span> <span class='ocrx_word' id='word_1_414' title='bbox 2611 1412 2728 1480; x_wconf 89' lang='lat' dir='ltr'><strong>ejus</strong></span> <span class='ocrx_word' id='word_1_415' title='bbox 2748 1422 2934 1468; x_wconf 91' lang='lat' dir='ltr'><strong>orator</strong></span> <span class='ocrx_word' id='word_1_416' title='bbox 2960 1411 3113 1467; x_wconf 91' lang='lat' dir='ltr'><strong>nobis</strong></span> <span class='ocrx_word' id='word_1_417' title='bbox 3133 1410 3436 1475; x_wconf 79' lang='lat' dir='ltr'><strong>excolebat,</strong></span> 
     </span>
    </p>
   </div>
   <div class='ocr_carea' id='block_1_60' title="bbox 1853 1499 3437 1571">
    <p class='ocr_par' dir='ltr' id='par_1_60' title="bbox 1853 1499 3437 1571">
     <span class='ocr_line' id='line_1_60' title="bbox 1853 1499 3437 1571; baseline -0.001 -17"><span class='ocrx_word' id='word_1_418' title='bbox 1853 1499 2079 1555; x_wconf 87' lang='lat' dir='ltr'><strong>virtutes</strong></span> <span class='ocrx_word' id='word_1_419' title='bbox 2108 1501 2273 1571; x_wconf 88' lang='lat' dir='ltr'><strong>ipsius</strong></span> <span class='ocrx_word' id='word_1_420' title='bbox 2300 1502 2419 1571; x_wconf 88' lang='lat' dir='ltr'><strong>plus</strong></span> <span class='ocrx_word' id='word_1_421' title='bbox 2458 1501 2728 1556; x_wconf 88' lang='lat' dir='ltr'><strong>mirabiles</strong></span> <span class='ocrx_word' id='word_1_422' title='bbox 2770 1501 2971 1557; x_wconf 86' lang='lat' dir='ltr'><strong>faciens</strong></span> <span class='ocrx_word' id='word_1_423' title='bbox 2999 1517 3157 1571; x_wconf 87' lang='lat' dir='ltr'><strong>quam</strong></span> <span class='ocrx_word' id='word_1_424' title='bbox 3186 1504 3437 1556; x_wconf 89' lang='lat' dir='ltr'><strong>honores.</strong></span> 
     </span>
    </p>
   </div>
   <div class='ocr_carea' id='block_1_61' title="bbox 1853 1590 3438 1664">
    <p class='ocr_par' dir='ltr' id='par_1_61' title="bbox 1853 1590 3438 1664">
     <span class='ocr_line' id='line_1_61' title="bbox 1853 1590 3438 1664; baseline -0.002 -18"><span class='ocrx_word' id='word_1_425' title='bbox 1853 1590 1911 1646; x_wconf 89' lang='lat' dir='ltr'><strong>In</strong></span> <span class='ocrx_word' id='word_1_426' title='bbox 1941 1593 2189 1648; x_wconf 89' lang='lat' dir='ltr'><strong>absoluto</strong></span> <span class='ocrx_word' id='word_1_427' title='bbox 2219 1593 2376 1648; x_wconf 91' lang='lat' dir='ltr'><strong>datur</strong></span> <span class='ocrx_word' id='word_1_428' title='bbox 2417 1594 2649 1664; x_wconf 88' lang='lat' dir='ltr'><strong>probare</strong></span> <span class='ocrx_word' id='word_1_429' title='bbox 2679 1593 2822 1663; x_wconf 91' lang='lat' dir='ltr'><strong>quod</strong></span> <span class='ocrx_word' id='word_1_430' title='bbox 2853 1593 3098 1648; x_wconf 88' lang='lat' dir='ltr'><strong>dicimus.</strong></span> <span class='ocrx_word' id='word_1_431' title='bbox 3131 1591 3438 1656; x_wconf 61' lang='lat' dir='ltr'><strong>IEstimate,</strong></span> 
     </span>
    </p>
   </div>
   <div class='ocr_carea' id='block_1_62' title="bbox 1854 1682 3444 1755">
    <p class='ocr_par' dir='ltr' id='par_1_62' title="bbox 1854 1682 3444 1755">
     <span class='ocr_line' id='line_1_62' title="bbox 1854 1682 3444 1755; baseline -0.001 -18"><span class='ocrx_word' id='word_1_432' title='bbox 1854 1692 2037 1754; x_wconf 90' lang='lat' dir='ltr'><strong>patres</strong></span> <span class='ocrx_word' id='word_1_433' title='bbox 2052 1686 2362 1754; x_wconf 87' lang='lat' dir='ltr'><strong>conscripti,</strong></span> <span class='ocrx_word' id='word_1_434' title='bbox 2393 1686 2539 1755; x_wconf 88' lang='lat' dir='ltr'><strong>quali</strong></span> <span class='ocrx_word' id='word_1_435' title='bbox 2566 1685 2736 1754; x_wconf 87' lang='lat' dir='ltr'><strong>gratia</strong></span> <span class='ocrx_word' id='word_1_436' title='bbox 2768 1685 3018 1755; x_wconf 85' lang='lat' dir='ltr'><strong>potuistis</strong></span> <span class='ocrx_word' id='word_1_437' title='bbox 3056 1685 3122 1737; x_wconf 92' lang='lat' dir='ltr'><strong>ab</strong></span> <span class='ocrx_word' id='word_1_438' title='bbox 3153 1683 3243 1738; x_wconf 92' lang='lat' dir='ltr'><strong>illo</strong></span> <span class='ocrx_word' id='word_1_439' title='bbox 3274 1682 3444 1752; x_wconf 89' lang='lat' dir='ltr'><strong>respi-</strong></span> 
     </span>
    </p>
   </div>
   <div class='ocr_carea' id='block_1_63' title="bbox 1784 1773 3446 1847">
    <p class='ocr_par' dir='ltr' id='par_1_63' title="bbox 1784 1773 3446 1847">
     <span class='ocr_line' id='line_1_63' title="bbox 1784 1773 3446 1847; baseline -0.002 -16"><span class='ocrx_word' id='word_1_440' title='bbox 1784 1785 1832 1844; x_wconf 83' lang='lat' dir='ltr'><strong>B</strong></span> <span class='ocrx_word' id='word_1_441' title='bbox 1858 1776 1929 1842; x_wconf 92' lang='lat' dir='ltr'><strong>ci,</strong></span> <span class='ocrx_word' id='word_1_442' title='bbox 1960 1791 1990 1830; x_wconf 91' lang='lat' dir='ltr'><strong>a</strong></span> <span class='ocrx_word' id='word_1_443' title='bbox 2016 1791 2244 1846; x_wconf 90' lang='lat' dir='ltr'><strong>quorum</strong></span> <span class='ocrx_word' id='word_1_444' title='bbox 2272 1792 2331 1832; x_wconf 91' lang='lat' dir='ltr'><strong>se</strong></span> <span class='ocrx_word' id='word_1_445' title='bbox 2354 1792 2582 1847; x_wconf 91' lang='lat' dir='ltr'><strong>corpore</strong></span> <span class='ocrx_word' id='word_1_446' title='bbox 2606 1777 2684 1832; x_wconf 89' lang='lat' dir='ltr'><strong>sic</strong></span> <span class='ocrx_word' id='word_1_447' title='bbox 2711 1776 2927 1831; x_wconf 89' lang='lat' dir='ltr'><strong>videbat</strong></span> <span class='ocrx_word' id='word_1_448' title='bbox 2950 1776 3152 1830; x_wconf 89' lang='lat' dir='ltr'><strong>ornari.</strong></span> <span class='ocrx_word' id='word_1_449' title='bbox 3183 1773 3446 1830; x_wconf 86' lang='lat' dir='ltr'><strong>Gloriosis</strong></span> 
     </span>
    </p>
   </div>
   <div class='ocr_carea' id='block_1_64' title="bbox 1857 1871 3440 1942">
    <p class='ocr_par' dir='ltr' id='par_1_64' title="bbox 1857 1871 3440 1942">
     <span class='ocr_line' id='line_1_64' title="bbox 1857 1871 3440 1942; baseline -0.001 -17"><span class='ocrx_word' id='word_1_450' title='bbox 1857 1872 2054 1941; x_wconf 90' lang='lat' dir='ltr'><strong>quippe</strong></span> <span class='ocrx_word' id='word_1_451' title='bbox 2076 1871 2308 1927; x_wconf 91' lang='lat' dir='ltr'><strong>dominis</strong></span> <span class='ocrx_word' id='word_1_452' title='bbox 2327 1871 2557 1940; x_wconf 89' lang='lat' dir='ltr'><strong>gratiosa</strong></span> <span class='ocrx_word' id='word_1_453' title='bbox 2585 1878 2709 1926; x_wconf 88' lang='lat' dir='ltr'><strong>sunt</strong></span> <span class='ocrx_word' id='word_1_454' title='bbox 2730 1871 2996 1942; x_wconf 60' lang='lat' dir='ltr'><strong>praeconia</strong></span> <span class='ocrx_word' id='word_1_455' title='bbox 3018 1886 3180 1941; x_wconf 85' lang='lat' dir='ltr'><strong>quam</strong></span> <span class='ocrx_word' id='word_1_456' title='bbox 3205 1871 3401 1924; x_wconf 92' lang='lat' dir='ltr'><strong>tributa</strong></span> <span class='ocrx_word' id='word_1_457' title='bbox 3425 1886 3440 1923; x_wconf 89' lang='lat'><strong>:</strong></span> 
     </span>
    </p>
   </div>
   <div class='ocr_carea' id='block_1_65' title="bbox 1856 1962 3445 2034">
    <p class='ocr_par' dir='ltr' id='par_1_65' title="bbox 1856 1962 3445 2034">
     <span class='ocr_line' id='line_1_65' title="bbox 1856 1962 3445 2034; baseline -0.001 -19"><span class='ocrx_word' id='word_1_458' title='bbox 1856 1963 1980 2032; x_wconf 91' lang='lat' dir='ltr'><strong>quia</strong></span> <span class='ocrx_word' id='word_1_459' title='bbox 2028 1963 2352 2032; x_wconf 91' lang='lat' dir='ltr'><strong>stipendium</strong></span> <span class='ocrx_word' id='word_1_460' title='bbox 2404 1971 2460 2018; x_wconf 90' lang='lat' dir='ltr'><strong>et</strong></span> <span class='ocrx_word' id='word_1_461' title='bbox 2513 1969 2742 2034; x_wconf 87' lang='lat' dir='ltr'><strong>tyranno</strong></span> <span class='ocrx_word' id='word_1_462' title='bbox 2805 1963 3074 2032; x_wconf 89' lang='lat' dir='ltr'><strong>penditur,</strong></span> <span class='ocrx_word' id='word_1_463' title='bbox 3134 1962 3445 2032; x_wconf 70' lang='lat' dir='ltr'><strong>praedicatio</strong></span> 
     </span>
    </p>
   </div>
   <div class='ocr_carea' id='block_1_66' title="bbox 1857 2053 3444 2123">
    <p class='ocr_par' dir='ltr' id='par_1_66' title="bbox 1857 2053 3444 2123">
     <span class='ocr_line' id='line_1_66' title="bbox 1857 2053 3444 2123; baseline 0.001 -17"><span class='ocrx_word' id='word_1_464' title='bbox 1857 2061 2034 2107; x_wconf 87' lang='lat' dir='ltr'><strong>autem</strong></span> <span class='ocrx_word' id='word_1_465' title='bbox 2065 2053 2165 2107; x_wconf 87' lang='lat' dir='ltr'><strong>nisi</strong></span> <span class='ocrx_word' id='word_1_466' title='bbox 2189 2054 2332 2108; x_wconf 90' lang='lat' dir='ltr'><strong>bono</strong></span> <span class='ocrx_word' id='word_1_467' title='bbox 2371 2054 2597 2123; x_wconf 90' lang='lat' dir='ltr'><strong>principi</strong></span> <span class='ocrx_word' id='word_1_468' title='bbox 2628 2069 2734 2107; x_wconf 90' lang='lat' dir='ltr'><strong>non</strong></span> <span class='ocrx_word' id='word_1_469' title='bbox 2764 2054 3007 2108; x_wconf 91' lang='lat' dir='ltr'><strong>debetur.</strong></span> <span class='ocrx_word' id='word_1_470' title='bbox 3041 2053 3198 2120; x_wconf 87' lang='lat' dir='ltr'><strong>Quid,</strong></span> <span class='ocrx_word' id='word_1_471' title='bbox 3241 2069 3444 2123; x_wconf 68' lang='lat' dir='ltr'><strong>praeco-</strong></span> 
     </span>
    </p>
   </div>
   <div class='ocr_carea' id='block_1_67' title="bbox 1859 2143 3444 2208">
    <p class='ocr_par' dir='ltr' id='par_1_67' title="bbox 1859 2143 3444 2208">
     <span class='ocr_line' id='line_1_67' title="bbox 1859 2143 3444 2208; baseline 0.002 -12"><span class='ocrx_word' id='word_1_472' title='bbox 1859 2143 2028 2197; x_wconf 90' lang='lat' dir='ltr'><strong>niales</strong></span> <span class='ocrx_word' id='word_1_473' title='bbox 2055 2144 2174 2207; x_wconf 89' lang='lat' dir='ltr'><strong>viri,</strong></span> <span class='ocrx_word' id='word_1_474' title='bbox 2207 2144 2425 2198; x_wconf 91' lang='lat' dir='ltr'><strong>creditis</strong></span> <span class='ocrx_word' id='word_1_475' title='bbox 2471 2143 2554 2198; x_wconf 93' lang='lat' dir='ltr'><strong>bis</strong></span> <span class='ocrx_word' id='word_1_476' title='bbox 2583 2152 2787 2198; x_wconf 88' lang='lat' dir='ltr'><strong>tantum</strong></span> <span class='ocrx_word' id='word_1_477' title='bbox 2818 2145 2979 2200; x_wconf 92' lang='lat' dir='ltr'><strong>fuisse</strong></span> <span class='ocrx_word' id='word_1_478' title='bbox 3008 2152 3317 2199; x_wconf 88' lang='lat' dir='ltr'><strong>contentum</strong></span> <span class='ocrx_word' id='word_1_479' title='bbox 3337 2183 3352 2208; x_wconf 94' lang='lat'><strong>,</strong></span> <span class='ocrx_word' id='word_1_480' title='bbox 3386 2153 3444 2200; x_wconf 90' lang='lat' dir='ltr'><strong>ut</strong></span> 
     </span>
    </p>
   </div>
   <div class='ocr_carea' id='block_1_68' title="bbox 1857 2234 3443 2304">
    <p class='ocr_par' dir='ltr' id='par_1_68' title="bbox 1857 2234 3443 2304">
     <span class='ocr_line' id='line_1_68' title="bbox 1857 2234 3443 2304; baseline -0.001 -15"><span class='ocrx_word' id='word_1_481' title='bbox 1857 2234 2105 2289; x_wconf 90' lang='lat' dir='ltr'><strong>dominos</strong></span> <span class='ocrx_word' id='word_1_482' title='bbox 2137 2235 2399 2289; x_wconf 86' lang='lat' dir='ltr'><strong>niteretur</strong></span> <span class='ocrx_word' id='word_1_483' title='bbox 2425 2234 2645 2289; x_wconf 88' lang='lat' dir='ltr'><strong>laudare</strong></span> <span class='ocrx_word' id='word_1_484' title='bbox 2671 2236 3006 2304; x_wconf 81' lang='lat' dir='ltr'><strong>superstites,</strong></span> <span class='ocrx_word' id='word_1_485' title='bbox 3033 2250 3062 2288; x_wconf 91' lang='lat' dir='ltr'><strong>a</strong></span> <span class='ocrx_word' id='word_1_486' title='bbox 3093 2235 3288 2304; x_wconf 88' lang='lat' dir='ltr'><strong>quibus</strong></span> <span class='ocrx_word' id='word_1_487' title='bbox 3317 2234 3443 2289; x_wconf 88' lang='lat' dir='ltr'><strong>dum</strong></span> 
     </span>
    </p>
   </div>
   <div class='ocr_carea' id='block_1_69' title="bbox 1856 2325 3440 2397">
    <p class='ocr_par' dir='ltr' id='par_1_69' title="bbox 1856 2325 3440 2397">
     <span class='ocr_line' id='line_1_69' title="bbox 1856 2325 3440 2397; baseline -0.001 -17"><span class='ocrx_word' id='word_1_488' title='bbox 1856 2325 2168 2381; x_wconf 85' lang='lat' dir='ltr'><strong>vicissitudo</strong></span> <span class='ocrx_word' id='word_1_489' title='bbox 2194 2327 2537 2397; x_wconf 74' lang='lat' dir='ltr'><strong>praemiorum</strong></span> <span class='ocrx_word' id='word_1_490' title='bbox 2558 2325 2779 2380; x_wconf 79' lang='lat' dir='ltr'><strong>forsitan</strong></span> <span class='ocrx_word' id='word_1_491' title='bbox 2809 2326 3086 2396; x_wconf 62' lang='lat' dir='ltr'><strong>quaeritur,</strong></span> <span class='ocrx_word' id='word_1_492' title='bbox 3120 2325 3319 2380; x_wconf 90' lang='lat' dir='ltr'><strong>laboris</strong></span> <span class='ocrx_word' id='word_1_493' title='bbox 3349 2332 3440 2379; x_wconf 68' lang='lat' dir='ltr'><strong>ta:-</strong></span> 
     </span>
    </p>
   </div>
   <div class='ocr_carea' id='block_1_70' title="bbox 1855 2398 3442 2484">
    <p class='ocr_par' dir='ltr' id='par_1_70' title="bbox 1855 2398 3442 2484">
     <span class='ocr_line' id='line_1_70' title="bbox 1855 2398 3442 2484; baseline -0.001 -14"><span class='ocrx_word' id='word_1_494' title='bbox 1855 2415 1942 2470; x_wconf 91' lang='lat' dir='ltr'><strong>dia</strong></span> <span class='ocrx_word' id='word_1_495' title='bbox 1966 2431 2072 2470; x_wconf 89' lang='lat' dir='ltr'><strong>non</strong></span> <span class='ocrx_word' id='word_1_496' title='bbox 2095 2416 2366 2470; x_wconf 82' lang='lat' dir='ltr'><strong>vitantur?</strong></span> <span class='ocrx_word' id='word_1_497' title='bbox 2391 2415 2640 2470; x_wconf 87' lang='lat' dir='ltr'><strong>Tetendit</strong></span> <span class='ocrx_word' id='word_1_498' title='bbox 2663 2398 2906 2470; x_wconf 28' lang='lat' dir='ltr'><strong>se‘etiam</strong></span> <span class='ocrx_word' id='word_1_499' title='bbox 2933 2416 2986 2469; x_wconf 93' lang='lat' dir='ltr'><strong>in</strong></span> <span class='ocrx_word' id='word_1_500' title='bbox 3015 2415 3290 2483; x_wconf 91' lang='lat' dir='ltr'><strong>antiquam</strong></span> <span class='ocrx_word' id='word_1_501' title='bbox 3318 2429 3442 2484; x_wconf 89' lang='lat' dir='ltr'><strong>pro-</strong></span> 
     </span>
    </p>
   </div>
   <div class='ocr_carea' id='block_1_71' title="bbox 1855 2505 3439 2576">
    <p class='ocr_par' dir='ltr' id='par_1_71' title="bbox 1855 2505 3439 2576">
     <span class='ocr_line' id='line_1_71' title="bbox 1855 2505 3439 2576; baseline -0.001 -16"><span class='ocrx_word' id='word_1_502' title='bbox 1855 2506 2061 2576; x_wconf 89' lang='lat' dir='ltr'><strong>sapiem</strong></span> <span class='ocrx_word' id='word_1_503' title='bbox 2079 2514 2363 2571; x_wconf 90' lang='lat' dir='ltr'><strong>nostram;</strong></span> <span class='ocrx_word' id='word_1_504' title='bbox 2395 2507 2626 2561; x_wconf 90' lang='lat' dir='ltr'><strong>lectione</strong></span> <span class='ocrx_word' id='word_1_505' title='bbox 2654 2507 2864 2561; x_wconf 89' lang='lat' dir='ltr'><strong>discens</strong></span> <span class='ocrx_word' id='word_1_506' title='bbox 2887 2505 3030 2575; x_wconf 91' lang='lat' dir='ltr'><strong>quod</strong></span> <span class='ocrx_word' id='word_1_507' title='bbox 3052 2507 3138 2560; x_wconf 84' lang='lat' dir='ltr'><strong>vix</strong></span> <span class='ocrx_word' id='word_1_508' title='bbox 3171 2505 3439 2574; x_wconf 89' lang='lat' dir='ltr'><strong>majorum</strong></span> 
     </span>
    </p>
   </div>
   <div class='ocr_carea' id='block_1_72' title="bbox 1856 2597 3443 2666">
    <p class='ocr_par' dir='ltr' id='par_1_72' title="bbox 1856 2597 3443 2666">
     <span class='ocr_line' id='line_1_72' title="bbox 1856 2597 3443 2666; baseline -0.003 -12"><span class='ocrx_word' id='word_1_509' title='bbox 1856 2599 2047 2654; x_wconf 86' lang='lat' dir='ltr'><strong>netitia</strong></span> <span class='ocrx_word' id='word_1_510' title='bbox 2096 2614 2230 2654; x_wconf 90' lang='lat' dir='ltr'><strong>cana</strong></span> <span class='ocrx_word' id='word_1_511' title='bbox 2277 2600 2562 2653; x_wconf 90' lang='lat' dir='ltr'><strong>retinebat.</strong></span> <span class='ocrx_word' id='word_1_512' title='bbox 2593 2597 2700 2654; x_wconf 87' lang='lat' dir='ltr'><strong>Iste</strong></span> <span class='ocrx_word' id='word_1_513' title='bbox 2746 2612 2902 2666; x_wconf 84' lang='lat' dir='ltr'><strong>reges</strong></span> <span class='ocrx_word' id='word_1_514' title='bbox 2946 2597 3247 2653; x_wconf 84' lang='lat' dir='ltr'><strong>Gothorum</strong></span> <span class='ocrx_word' id='word_1_515' title='bbox 3285 2598 3443 2665; x_wconf 80' lang='lat' dir='ltr'><strong>longa</strong></span> 
     </span>
    </p>
   </div>
   <div class='ocr_carea' id='block_1_73' title="bbox 1856 2689 3444 2747">
    <p class='ocr_par' dir='ltr' id='par_1_73' title="bbox 1856 2689 3444 2747">
     <span class='ocr_line' id='line_1_73' title="bbox 1856 2689 3444 2747; baseline -0.003 0"><span class='ocrx_word' id='word_1_516' title='bbox 1856 2691 2130 2747; x_wconf 86' lang='lat' dir='ltr'><strong>oblivione</strong></span> <span class='ocrx_word' id='word_1_517' title='bbox 2151 2691 2354 2746; x_wconf 85' lang='lat' dir='ltr'><strong>celatos</strong></span> <span class='ocrx_word' id='word_1_518' title='bbox 2379 2691 2602 2746; x_wconf 91' lang='lat' dir='ltr'><strong>latibulo</strong></span> <span class='ocrx_word' id='word_1_519' title='bbox 2631 2691 2912 2745; x_wconf 86' lang='lat' dir='ltr'><strong>vetustatis</strong></span> <span class='ocrx_word' id='word_1_520' title='bbox 2933 2690 3133 2744; x_wconf 84' lang='lat' dir='ltr'><strong>eduxit.</strong></span> <span class='ocrx_word' id='word_1_521' title='bbox 3161 2689 3264 2743; x_wconf 85' lang='lat' dir='ltr'><strong>Isle</strong></span> <span class='ocrx_word' id='word_1_522' title='bbox 3292 2689 3444 2742; x_wconf 85' lang='lat' dir='ltr'><strong>Ama-</strong></span> 
     </span>
    </p>
   </div>
   <div class='ocr_carea' id='block_1_74' title="bbox 1855 2781 3445 2855">
    <p class='ocr_par' dir='ltr' id='par_1_74' title="bbox 1855 2781 3445 2855">
     <span class='ocr_line' id='line_1_74' title="bbox 1855 2781 3445 2855; baseline -0.003 -14"><span class='ocrx_word' id='word_1_523' title='bbox 1855 2785 1940 2841; x_wconf 89' lang='lat' dir='ltr'><strong>los</strong></span> <span class='ocrx_word' id='word_1_524' title='bbox 1990 2802 2112 2840; x_wconf 91' lang='lat' dir='ltr'><strong>cum</strong></span> <span class='ocrx_word' id='word_1_525' title='bbox 2161 2786 2374 2855; x_wconf 89' lang='lat' dir='ltr'><strong>generis</strong></span> <span class='ocrx_word' id='word_1_526' title='bbox 2423 2785 2508 2840; x_wconf 89' lang='lat' dir='ltr'><strong>sui</strong></span> <span class='ocrx_word' id='word_1_527' title='bbox 2555 2785 2800 2840; x_wconf 86' lang='lat' dir='ltr'><strong>claritate</strong></span> <span class='ocrx_word' id='word_1_528' title='bbox 2851 2783 3107 2847; x_wconf 89' lang='lat' dir='ltr'><strong>restituit,</strong></span> <span class='ocrx_word' id='word_1_529' title='bbox 3165 2781 3445 2836; x_wconf 85' lang='lat' dir='ltr'><strong>evidenter</strong></span> 
     </span>
    </p>
   </div>
   <div class='ocr_carea' id='block_1_75' title="bbox 1855 2875 3442 2947">
    <p class='ocr_par' dir='ltr' id='par_1_75' title="bbox 1855 2875 3442 2947">
     <span class='ocr_line' id='line_1_75' title="bbox 1855 2875 3442 2947; baseline -0.004 -13"><span class='ocrx_word' id='word_1_530' title='bbox 1855 2877 2146 2934; x_wconf 88' lang='lat' dir='ltr'><strong>ostendens</strong></span> <span class='ocrx_word' id='word_1_531' title='bbox 2171 2879 2222 2932; x_wconf 93' lang='lat' dir='ltr'><strong>in</strong></span> <span class='ocrx_word' id='word_1_532' title='bbox 2264 2878 2526 2933; x_wconf 88' lang='lat' dir='ltr'><strong>decimam</strong></span> <span class='ocrx_word' id='word_1_533' title='bbox 2556 2878 2842 2947; x_wconf 86' lang='lat' dir='ltr'><strong>septimam</strong></span> <span class='ocrx_word' id='word_1_534' title='bbox 2885 2876 3192 2945; x_wconf 80' lang='lat' dir='ltr'><strong>progeniem</strong></span> <span class='ocrx_word' id='word_1_535' title='bbox 3220 2875 3442 2943; x_wconf 88' lang='lat' dir='ltr'><strong>stirpem</strong></span> 
     </span>
    </p>
   </div>
   <div class='ocr_carea' id='block_1_76' title="bbox 1805 2965 3442 3040">
    <p class='ocr_par' dir='ltr' id='par_1_76' title="bbox 1805 2965 3442 3040">
     <span class='ocr_line' id='line_1_76' title="bbox 1805 2965 3442 3040; baseline -0.004 -15"><span class='ocrx_word' id='word_1_536' title='bbox 1805 3025 1818 3036; x_wconf 79' lang='grc'><em>,</em></span> <span class='ocrx_word' id='word_1_537' title='bbox 1856 2987 1956 3026; x_wconf 90' lang='lat' dir='ltr'><strong>nos</strong></span> <span class='ocrx_word' id='word_1_538' title='bbox 1980 2971 2182 3026; x_wconf 88' lang='lat' dir='ltr'><strong>habere</strong></span> <span class='ocrx_word' id='word_1_539' title='bbox 2222 2971 2478 3040; x_wconf 89' lang='lat' dir='ltr'><strong>regalem.</strong></span> <span class='ocrx_word' id='word_1_540' title='bbox 2525 2968 2795 3037; x_wconf 84' lang='lat' dir='ltr'><strong>Originem</strong></span> <span class='ocrx_word' id='word_1_541' title='bbox 2842 2966 3126 3022; x_wconf 87' lang='lat' dir='ltr'><strong>Gothicam</strong></span> <span class='ocrx_word' id='word_1_542' title='bbox 3158 2965 3442 3020; x_wconf 91' lang='lat' dir='ltr'><strong>historiam</strong></span> 
     </span>
    </p>
   </div>
   <div class='ocr_carea' id='block_1_77' title="bbox 1857 3058 3444 3130">
    <p class='ocr_par' dir='ltr' id='par_1_77' title="bbox 1857 3058 3444 3130">
     <span class='ocr_line' id='line_1_77' title="bbox 1857 3058 3444 3130; baseline -0.004 -11"><span class='ocrx_word' id='word_1_543' title='bbox 1857 3064 1986 3120; x_wconf 89' lang='lat' dir='ltr'><strong>fecit</strong></span> <span class='ocrx_word' id='word_1_544' title='bbox 2029 3080 2149 3120; x_wconf 90' lang='lat' dir='ltr'><strong>esse</strong></span> <span class='ocrx_word' id='word_1_545' title='bbox 2178 3063 2499 3127; x_wconf 84' lang='lat' dir='ltr'><strong>Romanam,</strong></span> <span class='ocrx_word' id='word_1_546' title='bbox 2545 3063 2804 3130; x_wconf 88' lang='lat' dir='ltr'><strong>colligens</strong></span> <span class='ocrx_word' id='word_1_547' title='bbox 2831 3060 2982 3128; x_wconf 90' lang='lat' dir='ltr'><strong>quasi</strong></span> <span class='ocrx_word' id='word_1_548' title='bbox 3014 3058 3066 3112; x_wconf 92' lang='lat' dir='ltr'><strong>in</strong></span> <span class='ocrx_word' id='word_1_549' title='bbox 3095 3072 3254 3112; x_wconf 89' lang='lat' dir='ltr'><strong>unam</strong></span> <span class='ocrx_word' id='word_1_550' title='bbox 3285 3072 3444 3112; x_wconf 83' lang='lat' dir='ltr'><strong>coro-</strong></span> 
     </span>
    </p>
   </div>
   <div class='ocr_carea' id='block_1_78' title="bbox 1782 3149 3445 3225">
    <p class='ocr_par' dir='ltr' id='par_1_78' title="bbox 1782 3149 3445 3225">
     <span class='ocr_line' id='line_1_78' title="bbox 1782 3149 3445 3225; baseline -0.007 -14"><span class='ocrx_word' id='word_1_551' title='bbox 1782 3149 1826 3212; x_wconf 90' lang='lat' dir='ltr'><strong>C</strong></span> <span class='ocrx_word' id='word_1_552' title='bbox 1858 3171 1980 3210; x_wconf 89' lang='lat' dir='ltr'><strong>nam</strong></span> <span class='ocrx_word' id='word_1_553' title='bbox 2031 3168 2247 3225; x_wconf 90' lang='lat' dir='ltr'><strong>germen</strong></span> <span class='ocrx_word' id='word_1_554' title='bbox 2302 3153 2548 3208; x_wconf 84' lang='lat' dir='ltr'><strong>ﬂoridum</strong></span> <span class='ocrx_word' id='word_1_555' title='bbox 2589 3153 2733 3222; x_wconf 91' lang='lat' dir='ltr'><strong>quod</strong></span> <span class='ocrx_word' id='word_1_556' title='bbox 2784 3167 2882 3222; x_wconf 90' lang='lat' dir='ltr'><strong>per</strong></span> <span class='ocrx_word' id='word_1_557' title='bbox 2915 3151 3171 3204; x_wconf 80' lang='lat' dir='ltr'><strong>librorum</strong></span> <span class='ocrx_word' id='word_1_558' title='bbox 3223 3161 3445 3218; x_wconf 82' lang='lat' dir='ltr'><strong>campos</strong></span> 
     </span>
    </p>
   </div>
   <div class='ocr_carea' id='block_1_79' title="bbox 1855 3240 3443 3319">
    <p class='ocr_par' dir='ltr' id='par_1_79' title="bbox 1855 3240 3443 3319">
     <span class='ocr_line' id='line_1_79' title="bbox 1855 3240 3443 3319; baseline -0.007 -17"><span class='ocrx_word' id='word_1_559' title='bbox 1855 3248 2054 3319; x_wconf 89' lang='lat' dir='ltr'><strong>passim</strong></span> <span class='ocrx_word' id='word_1_560' title='bbox 2084 3247 2255 3301; x_wconf 78' lang='lat' dir='ltr'><strong>fuerat</strong></span> <span class='ocrx_word' id='word_1_561' title='bbox 2281 3254 2407 3300; x_wconf 89' lang='lat' dir='ltr'><strong>ante</strong></span> <span class='ocrx_word' id='word_1_562' title='bbox 2444 3245 2761 3313; x_wconf 90' lang='lat' dir='ltr'><strong>dispersum.</strong></span> <span class='ocrx_word' id='word_1_563' title='bbox 2816 3240 3137 3311; x_wconf 81' lang='lat' dir='ltr'><strong>Perpendite</strong></span> <span class='ocrx_word' id='word_1_564' title='bbox 3184 3247 3443 3308; x_wconf 88' lang='lat' dir='ltr'><strong>quantum</strong></span> 
     </span>
    </p>
   </div>
   <div class='ocr_carea' id='block_1_80' title="bbox 1855 3329 3445 3401">
    <p class='ocr_par' dir='ltr' id='par_1_80' title="bbox 1855 3329 3445 3401">
     <span class='ocr_line' id='line_1_80' title="bbox 1855 3329 3445 3401; baseline -0.007 -9"><span class='ocrx_word' id='word_1_565' title='bbox 1855 3354 1953 3394; x_wconf 91' lang='lat' dir='ltr'><strong>vos</strong></span> <span class='ocrx_word' id='word_1_566' title='bbox 1979 3339 2034 3393; x_wconf 92' lang='lat' dir='ltr'><strong>in</strong></span> <span class='ocrx_word' id='word_1_567' title='bbox 2061 3346 2244 3393; x_wconf 88' lang='lat' dir='ltr'><strong>nostra</strong></span> <span class='ocrx_word' id='word_1_568' title='bbox 2273 3336 2430 3390; x_wconf 90' lang='lat' dir='ltr'><strong>laude</strong></span> <span class='ocrx_word' id='word_1_569' title='bbox 2457 3334 2727 3399; x_wconf 84' lang='lat' dir='ltr'><strong>dilexerit,</strong></span> <span class='ocrx_word' id='word_1_570' title='bbox 2752 3334 2842 3401; x_wconf 88' lang='lat' dir='ltr'><strong>qui</strong></span> <span class='ocrx_word' id='word_1_571' title='bbox 2871 3333 3035 3387; x_wconf 88' lang='lat' dir='ltr'><strong>vestri</strong></span> <span class='ocrx_word' id='word_1_572' title='bbox 3068 3329 3324 3400; x_wconf 77' lang='lat' dir='ltr'><strong>principis</strong></span> <span class='ocrx_word' id='word_1_573' title='bbox 3348 3343 3445 3382; x_wconf 83' lang='lat' dir='ltr'><strong>na-</strong></span> 
     </span>
    </p>
   </div>
   <div class='ocr_carea' id='block_1_81' title="bbox 1857 3419 3446 3493">
    <p class='ocr_par' dir='ltr' id='par_1_81' title="bbox 1857 3419 3446 3493">
     <span class='ocr_line' id='line_1_81' title="bbox 1857 3419 3446 3493; baseline -0.008 -10"><span class='ocrx_word' id='word_1_574' title='bbox 1857 3429 2059 3484; x_wconf 90' lang='lat' dir='ltr'><strong>tionem</strong></span> <span class='ocrx_word' id='word_1_575' title='bbox 2113 3427 2300 3483; x_wconf 90' lang='lat' dir='ltr'><strong>docuit</strong></span> <span class='ocrx_word' id='word_1_576' title='bbox 2355 3427 2422 3481; x_wconf 90' lang='lat' dir='ltr'><strong>ab</strong></span> <span class='ocrx_word' id='word_1_577' title='bbox 2469 3425 2790 3493; x_wconf 87' lang='lat' dir='ltr'><strong>antiquitate</strong></span> <span class='ocrx_word' id='word_1_578' title='bbox 2837 3422 3164 3486; x_wconf 89' lang='lat' dir='ltr'><strong>mirabilem;</strong></span> <span class='ocrx_word' id='word_1_579' title='bbox 3197 3429 3256 3473; x_wconf 91' lang='lat' dir='ltr'><strong>ut</strong></span> <span class='ocrx_word' id='word_1_580' title='bbox 3303 3419 3446 3472; x_wconf 88' lang='lat' dir='ltr'><strong>sicut</strong></span> 
     </span>
    </p>
   </div>
   <div class='ocr_carea' id='block_1_82' title="bbox 1855 3507 3443 3585">
    <p class='ocr_par' dir='ltr' id='par_1_82' title="bbox 1855 3507 3443 3585">
     <span class='ocr_line' id='line_1_82' title="bbox 1855 3507 3443 3585; baseline -0.008 -13"><span class='ocrx_word' id='word_1_581' title='bbox 1855 3517 2032 3572; x_wconf 87' lang='lat' dir='ltr'><strong>fuistis</strong></span> <span class='ocrx_word' id='word_1_582' title='bbox 2053 3532 2083 3570; x_wconf 91' lang='lat' dir='ltr'><strong>a</strong></span> <span class='ocrx_word' id='word_1_583' title='bbox 2113 3516 2405 3585; x_wconf 89' lang='lat' dir='ltr'><strong>majoribus</strong></span> <span class='ocrx_word' id='word_1_584' title='bbox 2434 3514 2628 3569; x_wconf 88' lang='lat' dir='ltr'><strong>vestris</strong></span> <span class='ocrx_word' id='word_1_585' title='bbox 2665 3527 2881 3582; x_wconf 89' lang='lat' dir='ltr'><strong>semper</strong></span> <span class='ocrx_word' id='word_1_586' title='bbox 2920 3511 3128 3565; x_wconf 89' lang='lat' dir='ltr'><strong>nobiles</strong></span> <span class='ocrx_word' id='word_1_587' title='bbox 3154 3507 3401 3562; x_wconf 74' lang='lat' dir='ltr'><strong>mstimati</strong></span> <span class='ocrx_word' id='word_1_588' title='bbox 3425 3547 3443 3574; x_wconf 94' lang='lat'><strong>,</strong></span> 
     </span>
    </p>
   </div>
   <div class='ocr_carea' id='block_1_83' title="bbox 1856 3598 3446 3677">
    <p class='ocr_par' dir='ltr' id='par_1_83' title="bbox 1856 3598 3446 3677">
     <span class='ocr_line' id='line_1_83' title="bbox 1856 3598 3446 3677; baseline -0.008 -12"><span class='ocrx_word' id='word_1_589' title='bbox 1856 3611 1929 3666; x_wconf 88' lang='lat' dir='ltr'><strong>ita</strong></span> <span class='ocrx_word' id='word_1_590' title='bbox 1956 3609 2108 3665; x_wconf 90' lang='lat' dir='ltr'><strong>vobis</strong></span> <span class='ocrx_word' id='word_1_591' title='bbox 2136 3624 2317 3664; x_wconf 89' lang='lat' dir='ltr'><strong>rerum</strong></span> <span class='ocrx_word' id='word_1_592' title='bbox 2347 3607 2565 3676; x_wconf 84' lang='lat' dir='ltr'><strong>antiqua</strong></span> <span class='ocrx_word' id='word_1_593' title='bbox 2595 3606 2879 3677; x_wconf 80' lang='lat' dir='ltr'><strong>progenies</strong></span> <span class='ocrx_word' id='word_1_594' title='bbox 2922 3605 3228 3673; x_wconf 90' lang='lat' dir='ltr'><strong>imperaret.</strong></span> <span class='ocrx_word' id='word_1_595' title='bbox 3257 3598 3446 3654; x_wconf 85' lang='lat' dir='ltr'><strong>Credi-</strong></span> 
     </span>
    </p>
   </div>
   <div class='ocr_carea' id='block_1_84' title="bbox 1855 3693 3439 3773">
    <p class='ocr_par' dir='ltr' id='par_1_84' title="bbox 1855 3693 3439 3773">
     <span class='ocr_line' id='line_1_84' title="bbox 1855 3693 3439 3773; baseline -0.008 -15"><span class='ocrx_word' id='word_1_596' title='bbox 1855 3719 1994 3770; x_wconf 89' lang='lat' dir='ltr'><strong>mus,</strong></span> <span class='ocrx_word' id='word_1_597' title='bbox 2026 3709 2208 3773; x_wconf 90' lang='lat' dir='ltr'><strong>patres</strong></span> <span class='ocrx_word' id='word_1_598' title='bbox 2236 3701 2545 3770; x_wconf 88' lang='lat' dir='ltr'><strong>conscripti,</strong></span> <span class='ocrx_word' id='word_1_599' title='bbox 2578 3700 2702 3754; x_wconf 91' lang='lat' dir='ltr'><strong>etsi</strong></span> <span class='ocrx_word' id='word_1_600' title='bbox 2731 3697 2907 3752; x_wconf 86' lang='lat' dir='ltr'><strong>adhuc</strong></span> <span class='ocrx_word' id='word_1_601' title='bbox 2935 3693 3139 3750; x_wconf 91' lang='lat' dir='ltr'><strong>referre</strong></span> <span class='ocrx_word' id='word_1_602' title='bbox 3174 3693 3439 3756; x_wconf 91' lang='lat' dir='ltr'><strong>volumus,</strong></span> 
     </span>
    </p>
   </div>
   <div class='ocr_carea' id='block_1_85' title="bbox 1855 3781 3441 3861">
    <p class='ocr_par' dir='ltr' id='par_1_85' title="bbox 1855 3781 3441 3861">
     <span class='ocr_line' id='line_1_85' title="bbox 1855 3781 3441 3861; baseline -0.008 -12"><span class='ocrx_word' id='word_1_603' title='bbox 1855 3793 2116 3849; x_wconf 81' lang='lat' dir='ltr'><strong>beneﬁcia</strong></span> <span class='ocrx_word' id='word_1_604' title='bbox 2159 3791 2354 3848; x_wconf 89' lang='lat' dir='ltr'><strong>collata</strong></span> <span class='ocrx_word' id='word_1_605' title='bbox 2383 3797 2726 3861; x_wconf 88' lang='lat' dir='ltr'><strong>superantur.</strong></span> <span class='ocrx_word' id='word_1_606' title='bbox 2759 3787 2966 3842; x_wconf 82' lang='lat' dir='ltr'><strong>Nostris</strong></span> <span class='ocrx_word' id='word_1_607' title='bbox 2991 3799 3210 3854; x_wconf 89' lang='lat' dir='ltr'><strong>quoque</strong></span> <span class='ocrx_word' id='word_1_608' title='bbox 3250 3781 3441 3854; x_wconf 91' lang='lat' dir='ltr'><strong>princi-</strong></span> 
     </span>
    </p>
   </div>
   <div class='ocr_carea' id='block_1_86' title="bbox 1855 3872 3443 3956">
    <p class='ocr_par' dir='ltr' id='par_1_86' title="bbox 1855 3872 3443 3956">
     <span class='ocr_line' id='line_1_86' title="bbox 1855 3872 3443 3956; baseline -0.008 -16"><span class='ocrx_word' id='word_1_609' title='bbox 1855 3885 1960 3956; x_wconf 86' lang='lat' dir='ltr'><strong>piis</strong></span> <span class='ocrx_word' id='word_1_610' title='bbox 1980 3893 2183 3954; x_wconf 84' lang='lat' dir='ltr'><strong>quanto</strong></span> <span class='ocrx_word' id='word_1_611' title='bbox 2211 3898 2272 3937; x_wconf 92' lang='lat' dir='ltr'><strong>se</strong></span> <span class='ocrx_word' id='word_1_612' title='bbox 2301 3883 2486 3936; x_wconf 85' lang='lat' dir='ltr'><strong>labore</strong></span> <span class='ocrx_word' id='word_1_613' title='bbox 2524 3880 2824 3945; x_wconf 87' lang='lat' dir='ltr'><strong>concessit,</strong></span> <span class='ocrx_word' id='word_1_614' title='bbox 2879 3891 3002 3932; x_wconf 90' lang='lat' dir='ltr'><strong>cum</strong></span> <span class='ocrx_word' id='word_1_615' title='bbox 3048 3876 3262 3929; x_wconf 85' lang='lat' dir='ltr'><strong>novitas</strong></span> <span class='ocrx_word' id='word_1_616' title='bbox 3290 3872 3443 3940; x_wconf 82' lang='lat' dir='ltr'><strong>regni</strong></span> 
     </span>
    </p>
   </div>
   <div class='ocr_carea' id='block_1_87' title="bbox 1856 3961 3444 4045">
    <p class='ocr_par' dir='ltr' id='par_1_87' title="bbox 1856 3961 3444 4045">
     <span class='ocr_line' id='line_1_87' title="bbox 1856 3961 3444 4045; baseline -0.01 -15"><span class='ocrx_word' id='word_1_617' title='bbox 1856 3976 2024 4030; x_wconf 88' lang='lat' dir='ltr'><strong>multa</strong></span> <span class='ocrx_word' id='word_1_618' title='bbox 2054 3980 2302 4045; x_wconf 88' lang='lat' dir='ltr'><strong>posceret</strong></span> <span class='ocrx_word' id='word_1_619' title='bbox 2329 3971 2614 4028; x_wconf 81' lang='lat' dir='ltr'><strong>ordinari?</strong></span> <span class='ocrx_word' id='word_1_620' title='bbox 2643 3969 2767 4022; x_wconf 83' lang='lat' dir='ltr'><strong>Erat</strong></span> <span class='ocrx_word' id='word_1_621' title='bbox 2798 3967 2945 4022; x_wconf 90' lang='lat' dir='ltr'><strong>solus</strong></span> <span class='ocrx_word' id='word_1_622' title='bbox 2967 3965 3032 4020; x_wconf 93' lang='lat' dir='ltr'><strong>ad</strong></span> <span class='ocrx_word' id='word_1_623' title='bbox 3063 3964 3308 4019; x_wconf 86' lang='lat' dir='ltr'><strong>universa</strong></span> <span class='ocrx_word' id='word_1_624' title='bbox 3329 3961 3444 4018; x_wconf 88' lang='lat' dir='ltr'><strong>suf-</strong></span> 
     </span>
    </p>
   </div>
   <div class='ocr_carea' id='block_1_88' title="bbox 1857 4056 3442 4136">
    <p class='ocr_par' dir='ltr' id='par_1_88' title="bbox 1857 4056 3442 4136">
     <span class='ocr_line' id='line_1_88' title="bbox 1857 4056 3442 4136; baseline -0.007 -16"><span class='ocrx_word' id='word_1_625' title='bbox 1857 4066 2063 4124; x_wconf 75' lang='lat' dir='ltr'><strong>ﬁciens.</strong></span> <span class='ocrx_word' id='word_1_626' title='bbox 2090 4065 2266 4136; x_wconf 88' lang='lat' dir='ltr'><strong>Ipsum</strong></span> <span class='ocrx_word' id='word_1_627' title='bbox 2297 4064 2518 4120; x_wconf 81' lang='lat' dir='ltr'><strong>dictatio</strong></span> <span class='ocrx_word' id='word_1_628' title='bbox 2543 4061 2776 4132; x_wconf 89' lang='lat' dir='ltr'><strong>publica,</strong></span> <span class='ocrx_word' id='word_1_629' title='bbox 2810 4060 2981 4129; x_wconf 88' lang='lat' dir='ltr'><strong>ipsum</strong></span> <span class='ocrx_word' id='word_1_630' title='bbox 3009 4056 3228 4113; x_wconf 85' lang='lat' dir='ltr'><strong>consilia</strong></span> <span class='ocrx_word' id='word_1_631' title='bbox 3260 4062 3442 4110; x_wconf 83' lang='lat' dir='ltr'><strong>nostra</strong></span> 
     </span>
    </p>
   </div>
   <div class='ocr_carea' id='block_1_89' title="bbox 1855 4143 3444 4226">
    <p class='ocr_par' dir='ltr' id='par_1_89' title="bbox 1855 4143 3444 4226">
     <span class='ocr_line' id='line_1_89' title="bbox 1855 4143 3444 4226; baseline -0.011 -13"><span class='ocrx_word' id='word_1_632' title='bbox 1855 4157 2183 4226; x_wconf 86' lang='lat' dir='ltr'><strong>poscebant;</strong></span> <span class='ocrx_word' id='word_1_633' title='bbox 2209 4162 2264 4210; x_wconf 91' lang='lat' dir='ltr'><strong>et</strong></span> <span class='ocrx_word' id='word_1_634' title='bbox 2286 4153 2470 4208; x_wconf 88' lang='lat' dir='ltr'><strong>labore</strong></span> <span class='ocrx_word' id='word_1_635' title='bbox 2494 4151 2612 4221; x_wconf 87' lang='lat' dir='ltr'><strong>ejus</strong></span> <span class='ocrx_word' id='word_1_636' title='bbox 2635 4158 2816 4206; x_wconf 89' lang='lat' dir='ltr'><strong>actum</strong></span> <span class='ocrx_word' id='word_1_637' title='bbox 2844 4155 2928 4203; x_wconf 89' lang='lat' dir='ltr'><strong>est</strong></span> <span class='ocrx_word' id='word_1_638' title='bbox 2956 4162 3024 4201; x_wconf 91' lang='lat' dir='ltr'><strong>ne</strong></span> <span class='ocrx_word' id='word_1_639' title='bbox 3044 4147 3312 4199; x_wconf 72' lang='lat' dir='ltr'><strong>laboraret</strong></span> <span class='ocrx_word' id='word_1_640' title='bbox 3344 4143 3444 4197; x_wconf 81' lang='lat' dir='ltr'><strong>im-</strong></span> 
     </span>
    </p>
   </div>
   <div class='ocr_carea' id='block_1_90' title="bbox 1855 4236 3445 4319">
    <p class='ocr_par' dir='ltr' id='par_1_90' title="bbox 1855 4236 3445 4319">
     <span class='ocr_line' id='line_1_90' title="bbox 1855 4236 3445 4319; baseline -0.009 -17"><span class='ocrx_word' id='word_1_641' title='bbox 1855 4248 2086 4319; x_wconf 91' lang='lat' dir='ltr'><strong>perium.-</strong></span> <span class='ocrx_word' id='word_1_642' title='bbox 2122 4246 2436 4317; x_wconf 80' lang='lat' dir='ltr'><strong>Reperimus</strong></span> <span class='ocrx_word' id='word_1_643' title='bbox 2457 4258 2582 4298; x_wconf 93' lang='lat' dir='ltr'><strong>eum</strong></span> <span class='ocrx_word' id='word_1_644' title='bbox 2613 4241 2830 4311; x_wconf 88' lang='lat' dir='ltr'><strong>quidem</strong></span> <span class='ocrx_word' id='word_1_645' title='bbox 2860 4239 3192 4307; x_wconf 88' lang='lat' dir='ltr'><strong>magistrum,</strong></span> <span class='ocrx_word' id='word_1_646' title='bbox 3219 4236 3312 4290; x_wconf 89' lang='lat' dir='ltr'><strong>sed</strong></span> <span class='ocrx_word' id='word_1_647' title='bbox 3344 4236 3445 4288; x_wconf 90' lang='lat' dir='ltr'><strong>im-</strong></span> 
     </span>
    </p>
   </div>
   <div class='ocr_carea' id='block_1_91' title="bbox 1856 4323 3440 4408">
    <p class='ocr_par' dir='ltr' id='par_1_91' title="bbox 1856 4323 3440 4408">
     <span class='ocr_line' id='line_1_91' title="bbox 1856 4323 3440 4408; baseline -0.01 -16"><span class='ocrx_word' id='word_1_648' title='bbox 1856 4338 2022 4408; x_wconf 91' lang='lat' dir='ltr'><strong>plevit</strong></span> <span class='ocrx_word' id='word_1_649' title='bbox 2048 4336 2203 4391; x_wconf 90' lang='lat' dir='ltr'><strong>nobis</strong></span> <span class='ocrx_word' id='word_1_650' title='bbox 2230 4334 2513 4404; x_wconf 67' lang='lat' dir='ltr'><strong>quaestoris</strong></span> <span class='ocrx_word' id='word_1_651' title='bbox 2539 4330 2773 4388; x_wconf 77' lang='lat' dir='ltr'><strong>officium</strong></span> <span class='ocrx_word' id='word_1_652' title='bbox 2797 4347 2812 4394; x_wconf 87' lang='lat'><strong>;</strong></span> <span class='ocrx_word' id='word_1_653' title='bbox 2842 4337 2898 4384; x_wconf 90' lang='lat' dir='ltr'><strong>et</strong></span> <span class='ocrx_word' id='word_1_654' title='bbox 2918 4327 3195 4382; x_wconf 88' lang='lat' dir='ltr'><strong>mercedes</strong></span> <span class='ocrx_word' id='word_1_655' title='bbox 3211 4323 3440 4393; x_wconf 87' lang='lat' dir='ltr'><strong>justissi-</strong></span> 
     </span>
    </p>
   </div>
   <div class='ocr_carea' id='block_1_92' title="bbox 1855 4415 3436 4494">
    <p class='ocr_par' dir='ltr' id='par_1_92' title="bbox 1855 4415 3436 4494">
     <span class='ocr_line' id='line_1_92' title="bbox 1855 4415 3436 4494; baseline -0.009 -12"><span class='ocrx_word' id='word_1_656' title='bbox 1855 4444 1941 4482; x_wconf 90' lang='lat' dir='ltr'><strong>ma</strong></span> <span class='ocrx_word' id='word_1_657' title='bbox 1973 4426 2262 4486; x_wconf 83' lang='lat' dir='ltr'><strong>devotione</strong></span> <span class='ocrx_word' id='word_1_658' title='bbox 2289 4424 2622 4494; x_wconf 80' lang='lat' dir='ltr'><strong>persolveus,</strong></span> <span class='ocrx_word' id='word_1_659' title='bbox 2653 4421 2940 4483; x_wconf 87' lang='lat' dir='ltr'><strong>cautelam,</strong></span> <span class='ocrx_word' id='word_1_660' title='bbox 2972 4431 3132 4486; x_wconf 89' lang='lat' dir='ltr'><strong>quam</strong></span> <span class='ocrx_word' id='word_1_661' title='bbox 3163 4415 3230 4468; x_wconf 87' lang='lat' dir='ltr'><strong>ab</strong></span> <span class='ocrx_word' id='word_1_662' title='bbox 3259 4423 3436 4468; x_wconf 83' lang='lat' dir='ltr'><strong>aucto-</strong></span> 
     </span>
    </p>
   </div>
   <div class='ocr_carea' id='block_1_93' title="bbox 139 4504 3438 4580">
    <p class='ocr_par' dir='ltr' id='par_1_93' title="bbox 139 4504 3438 4580">
     <span class='ocr_line' id='line_1_93' title="bbox 139 4504 3438 4580; baseline -0.002 -17"><span class='ocrx_word' id='word_1_663' title='bbox 139 4510 366 4580; x_wconf 83' lang='lat' dir='ltr'><strong>placet.</strong></span> <span class='ocrx_word' id='word_1_664' title='bbox 391 4507 566 4562; x_wconf 86' lang='lat' dir='ltr'><strong>Onme</strong></span> <span class='ocrx_word' id='word_1_665' title='bbox 608 4507 870 4578; x_wconf 85' lang='lat' dir='ltr'><strong>siquidem</strong></span> <span class='ocrx_word' id='word_1_666' title='bbox 901 4506 1297 4577; x_wconf 64' lang='lat' dir='ltr'><strong>praedicandum</strong></span> <span class='ocrx_word' id='word_1_667' title='bbox 1343 4519 1546 4577; x_wconf 88' lang='lat' dir='ltr'><strong>quanto</strong></span> <span class='ocrx_word' id='word_1_668' title='bbox 1571 4507 1752 4578; x_wconf 72' lang='grc' dir='ltr'><strong>ριόΐυ-</strong></span> <span class='ocrx_word' id='word_1_669' title='bbox 1781 4515 1916 4573; x_wconf 86' lang='lat' dir='ltr'><strong>Dre</strong></span> <span class='ocrx_word' id='word_1_670' title='bbox 1956 4525 2142 4571; x_wconf 88' lang='lat' dir='ltr'><strong>nostro</strong></span> <span class='ocrx_word' id='word_1_671' title='bbox 2208 4515 2487 4576; x_wconf 84' lang='lat' dir='ltr'><strong>didicerat,</strong></span> <span class='ocrx_word' id='word_1_672' title='bbox 2543 4513 2773 4567; x_wconf 88' lang='lat' dir='ltr'><strong>libenter</strong></span> <span class='ocrx_word' id='word_1_673' title='bbox 2847 4507 3074 4562; x_wconf 77' lang='lat' dir='ltr'><strong>bteredis</strong></span> <span class='ocrx_word' id='word_1_674' title='bbox 3127 4504 3438 4560; x_wconf 86' lang='lat' dir='ltr'><strong>utilitatibus</strong></span> 
     </span>
    </p>
   </div>
   <div class='ocr_carea' id='block_1_94' title="bbox 133 4597 1398 4669">
    <p class='ocr_par' dir='ltr' id='par_1_94' title="bbox 133 4597 1398 4669">
     <span class='ocr_line' id='line_1_94' title="bbox 133 4597 1398 4669; baseline -0.002 -14"><span class='ocrx_word' id='word_1_675' title='bbox 133 4602 278 4655; x_wconf 72' lang='lat' dir='ltr'><strong>sius</strong></span> <span class='ocrx_word' id='word_1_676' title='bbox 301 4599 584 4669; x_wconf 66' lang='lat' dir='ltr'><strong>quaeritur,</strong></span> <span class='ocrx_word' id='word_1_677' title='bbox 618 4607 768 4652; x_wconf 90' lang='lat' dir='ltr'><strong>tanto</strong></span> <span class='ocrx_word' id='word_1_678' title='bbox 799 4597 1082 4666; x_wconf 88' lang='lat' dir='ltr'><strong>gloriosius</strong></span> <span class='ocrx_word' id='word_1_679' title='bbox 1111 4599 1398 4654; x_wconf 88' lang='lat' dir='ltr'><strong>invenitur.</strong></span> 
     </span>
    </p>
   </div>
   <div class='ocr_carea' id='block_1_95' title="bbox 695 4705 1228 4762">
    <p class='ocr_par' dir='ltr' id='par_1_95' title="bbox 695 4705 1228 4762">
     <span class='ocr_line' id='line_1_95' title="bbox 695 4705 1228 4762; baseline 0.004 -2"><span class='ocrx_word' id='word_1_680' title='bbox 695 4705 1024 4761; x_wconf 82' lang='lat' dir='ltr'><strong>EPISTOLA</strong></span> <span class='ocrx_word' id='word_1_681' title='bbox 1063 4706 1228 4762; x_wconf 79' lang='lat' dir='ltr'><strong>XXV.</strong></span> 
     </span>
    </p>
   </div>
   <div class='ocr_carea' id='block_1_96' title="bbox 376 4813 1511 4854">
    <p class='ocr_par' dir='ltr' id='par_1_96' title="bbox 376 4813 1511 4854">
     <span class='ocr_line' id='line_1_96' title="bbox 376 4813 1511 4854; baseline 0 -2"><span class='ocrx_word' id='word_1_682' title='bbox 376 4813 604 4853; x_wconf 67' lang='grc' dir='ltr'><strong>ΒΕΝΛΤΙΣΙ</strong></span> <span class='ocrx_word' id='word_1_683' title='bbox 637 4814 783 4852; x_wconf 72' lang='lat' dir='ltr'><strong>L&#39;BBIS</strong></span> <span class='ocrx_word' id='word_1_684' title='bbox 815 4814 970 4852; x_wconf 72' lang='grc' dir='ltr'><strong>ΙὶΟΙιᾸΞ</strong></span> <span class='ocrx_word' id='word_1_685' title='bbox 998 4815 1362 4854; x_wconf 71' lang='grc' dir='ltr'><strong>ΑτιιΔιΑιιιωδ</strong></span> <span class='ocrx_word' id='word_1_686' title='bbox 1385 4814 1511 4853; x_wconf 68' lang='grc' dir='ltr'><strong>κει.</strong></span> 
     </span>
    </p>
   </div>
   <div class='ocr_carea' id='block_1_97' title="bbox 131 4890 1753 4962">
    <p class='ocr_par' dir='ltr' id='par_1_97' title="bbox 131 4890 1753 4962">
     <span class='ocr_line' id='line_1_97' title="bbox 131 4890 1753 4962; baseline -0.002 -13"><span class='ocrx_word' id='word_1_687' title='bbox 131 4893 356 4949; x_wconf 75' lang='lat' dir='ltr'><strong>Scribit</strong></span> <span class='ocrx_word' id='word_1_688' title='bbox 402 4909 456 4945; x_wconf 79' lang='lat' dir='ltr'><strong>se</strong></span> <span class='ocrx_word' id='word_1_689' title='bbox 485 4890 817 4954; x_wconf 78' lang='lat' dir='ltr'><strong>Cassiodoro,</strong></span> <span class='ocrx_word' id='word_1_690' title='bbox 851 4907 996 4962; x_wconf 82' lang='lat' dir='ltr'><strong>quem</strong></span> <span class='ocrx_word' id='word_1_691' title='bbox 1054 4909 1366 4961; x_wconf 84' lang='lat' dir='ltr'><strong>magnopere</strong></span> <span class='ocrx_word' id='word_1_692' title='bbox 1409 4893 1753 4957; x_wconf 81' lang='lat' dir='ltr'><strong>commendat,</strong></span> 
     </span>
    </p>
   </div>
   <div class='ocr_carea' id='block_1_98' title="bbox 407 4963 1528 5031">
    <p class='ocr_par' dir='ltr' id='par_1_98' title="bbox 407 4963 1528 5031">
     <span class='ocr_line' id='line_1_98' title="bbox 407 4963 1528 5031; baseline 0 -16"><span class='ocrx_word' id='word_1_693' title='bbox 407 4966 768 5031; x_wconf 52' lang='lat' dir='ltr'><strong>profecturam</strong></span> <span class='ocrx_word' id='word_1_694' title='bbox 800 4963 1173 5031; x_wconf 66' lang='lat' dir='ltr'><strong>prmton’anam</strong></span> <span class='ocrx_word' id='word_1_695' title='bbox 1203 4964 1528 5015; x_wconf 77' lang='lat' dir='ltr'><strong>concessisse.</strong></span> 
     </span>
    </p>
   </div>
   <div class='ocr_carea' id='block_1_99' title="bbox 212 5051 1756 5122">
    <p class='ocr_par' dir='ltr' id='par_1_99' title="bbox 212 5051 1756 5122">
     <span class='ocr_line' id='line_1_99' title="bbox 212 5051 1756 5122; baseline 0.003 -17"><span class='ocrx_word' id='word_1_696' title='bbox 212 5051 642 5106; x_wconf 88' lang='lat' dir='ltr'><strong>Cumulavimus</strong></span> <span class='ocrx_word' id='word_1_697' title='bbox 668 5051 910 5120; x_wconf 88' lang='lat' dir='ltr'><strong>quidem,</strong></span> <span class='ocrx_word' id='word_1_698' title='bbox 942 5060 1122 5121; x_wconf 89' lang='lat' dir='ltr'><strong>patres</strong></span> <span class='ocrx_word' id='word_1_699' title='bbox 1143 5052 1457 5122; x_wconf 87' lang='lat' dir='ltr'><strong>conscripti,</strong></span> <span class='ocrx_word' id='word_1_700' title='bbox 1484 5053 1756 5110; x_wconf 86' lang='lat' dir='ltr'><strong>beneliciis</strong></span> 
     </span>
    </p>
   </div>
   <div class='ocr_carea' id='block_1_100' title="bbox 117 5143 1751 5216">
    <p class='ocr_par' dir='ltr' id='par_1_100' title="bbox 117 5143 1751 5216">
     <span class='ocr_line' id='line_1_100' title="bbox 117 5143 1751 5216; baseline 0.001 -16"><span class='ocrx_word' id='word_1_701' title='bbox 117 5144 360 5202; x_wconf 78' lang='lat' dir='ltr'><strong>nostris</strong></span> <span class='ocrx_word' id='word_1_702' title='bbox 388 5143 668 5212; x_wconf 82' lang='lat' dir='ltr'><strong>copiosum</strong></span> <span class='ocrx_word' id='word_1_703' title='bbox 713 5143 1028 5206; x_wconf 85' lang='lat' dir='ltr'><strong>virtutibus,</strong></span> <span class='ocrx_word' id='word_1_704' title='bbox 1076 5143 1294 5198; x_wconf 89' lang='lat' dir='ltr'><strong>divitem</strong></span> <span class='ocrx_word' id='word_1_705' title='bbox 1339 5145 1593 5211; x_wconf 87' lang='lat' dir='ltr'><strong>moribus,</strong></span> <span class='ocrx_word' id='word_1_706' title='bbox 1643 5147 1751 5216; x_wconf 81' lang='lat' dir='ltr'><strong>ple-</strong></span> 
     </span>
    </p>
   </div>
   <div class='ocr_carea' id='block_1_101' title="bbox 117 5236 1755 5308">
    <p class='ocr_par' dir='ltr' id='par_1_101' title="bbox 117 5236 1755 5308">
     <span class='ocr_line' id='line_1_101' title="bbox 117 5236 1755 5308; baseline 0.004 -17"><span class='ocrx_word' id='word_1_707' title='bbox 117 5253 286 5293; x_wconf 71' lang='lat' dir='ltr'><strong>nam</strong></span> <span class='ocrx_word' id='word_1_708' title='bbox 318 5236 529 5303; x_wconf 84' lang='lat' dir='ltr'><strong>magnis</strong></span> <span class='ocrx_word' id='word_1_709' title='bbox 556 5237 854 5290; x_wconf 88' lang='lat' dir='ltr'><strong>honoribus</strong></span> <span class='ocrx_word' id='word_1_710' title='bbox 896 5245 1203 5292; x_wconf 82' lang='lat' dir='ltr'><strong>senatorem</strong></span> <span class='ocrx_word' id='word_1_711' title='bbox 1235 5255 1248 5290; x_wconf 90' lang='lat'><strong>:</strong></span> <span class='ocrx_word' id='word_1_712' title='bbox 1279 5237 1430 5308; x_wconf 90' lang='lat' dir='ltr'><strong>cujus</strong></span> <span class='ocrx_word' id='word_1_713' title='bbox 1474 5240 1519 5294; x_wconf 90' lang='lat' dir='ltr'><strong>si</strong></span> <span class='ocrx_word' id='word_1_714' title='bbox 1566 5243 1755 5298; x_wconf 89' lang='lat' dir='ltr'><strong>merita</strong></span> 
     </span>
    </p>
   </div>
   <div class='ocr_carea' id='block_1_102' title="bbox 115 5325 1754 5400">
    <p class='ocr_par' dir='ltr' id='par_1_102' title="bbox 115 5325 1754 5400">
     <span class='ocr_line' id='line_1_102' title="bbox 115 5325 1754 5400; baseline 0.003 -17"><span class='ocrx_word' id='word_1_715' title='bbox 115 5325 540 5391; x_wconf 84' lang='lat' dir='ltr'><strong>consideretis,</strong></span> <span class='ocrx_word' id='word_1_716' title='bbox 590 5326 849 5382; x_wconf 88' lang='lat' dir='ltr'><strong>debemus</strong></span> <span class='ocrx_word' id='word_1_717' title='bbox 899 5331 1060 5382; x_wconf 83' lang='lat' dir='ltr'><strong>omne</strong></span> <span class='ocrx_word' id='word_1_718' title='bbox 1111 5328 1255 5398; x_wconf 91' lang='lat' dir='ltr'><strong>quod</strong></span> <span class='ocrx_word' id='word_1_719' title='bbox 1309 5330 1586 5388; x_wconf 90' lang='lat' dir='ltr'><strong>solvimus.</strong></span> <span class='ocrx_word' id='word_1_720' title='bbox 1639 5333 1754 5400; x_wconf 87' lang='lat' dir='ltr'><strong>Qua</strong></span> 
     </span>
    </p>
   </div>
   <div class='ocr_carea' id='block_1_103' title="bbox 113 5418 1756 5491">
    <p class='ocr_par' dir='ltr' id='par_1_103' title="bbox 113 5418 1756 5491">
     <span class='ocr_line' id='line_1_103' title="bbox 113 5418 1756 5491; baseline 0.002 -16"><span class='ocrx_word' id='word_1_721' title='bbox 113 5419 306 5475; x_wconf 83' lang='lat' dir='ltr'><strong>enim</strong></span> <span class='ocrx_word' id='word_1_722' title='bbox 356 5418 800 5485; x_wconf 85' lang='lat' dir='ltr'><strong>compensatione</strong></span> <span class='ocrx_word' id='word_1_723' title='bbox 846 5419 1306 5474; x_wconf 87' lang='lat' dir='ltr'><strong>commendandus</strong></span> <span class='ocrx_word' id='word_1_724' title='bbox 1347 5431 1448 5487; x_wconf 83' lang='lat' dir='ltr'><strong>est,</strong></span> <span class='ocrx_word' id='word_1_725' title='bbox 1479 5424 1574 5491; x_wconf 89' lang='lat' dir='ltr'><strong>qui</strong></span> <span class='ocrx_word' id='word_1_726' title='bbox 1597 5439 1756 5479; x_wconf 86' lang='lat' dir='ltr'><strong>aures</strong></span> 
     </span>
    </p>
   </div>
   <div class='ocr_carea' id='block_1_104' title="bbox 110 5505 1755 5578">
    <p class='ocr_par' dir='ltr' id='par_1_104' title="bbox 110 5505 1755 5578">
     <span class='ocr_line' id='line_1_104' title="bbox 110 5505 1755 5578; baseline 0.002 -14"><span class='ocrx_word' id='word_1_727' title='bbox 110 5506 555 5564; x_wconf 81' lang='lat' dir='ltr'><strong>dominantium</strong></span> <span class='ocrx_word' id='word_1_728' title='bbox 617 5505 884 5562; x_wconf 90' lang='lat' dir='ltr'><strong>luculenta</strong></span> <span class='ocrx_word' id='word_1_729' title='bbox 943 5508 1135 5576; x_wconf 65' lang='lat' dir='ltr'><strong>saepius</strong></span> <span class='ocrx_word' id='word_1_730' title='bbox 1181 5509 1559 5578; x_wconf 67' lang='lat' dir='ltr'><strong>praedicatione</strong></span> <span class='ocrx_word' id='word_1_731' title='bbox 1605 5528 1755 5567; x_wconf 89' lang='lat' dir='ltr'><strong>com-</strong></span> 
     </span>
    </p>
   </div>
   <div class='ocr_carea' id='block_1_105' title="bbox 109 5595 1753 5676">
    <p class='ocr_par' dir='ltr' id='par_1_105' title="bbox 109 5595 1753 5676">
     <span class='ocr_line' id='line_1_105' title="bbox 109 5595 1753 5676; baseline 0.001 -18"><span class='ocrx_word' id='word_1_732' title='bbox 109 5600 370 5674; x_wconf 68' lang='lat' dir='ltr'><strong>plevit?</strong></span> <span class='ocrx_word' id='word_1_733' title='bbox 399 5595 694 5667; x_wconf 82' lang='lat' dir='ltr'><strong>Dignitates</strong></span> <span class='ocrx_word' id='word_1_734' title='bbox 739 5601 839 5656; x_wconf 91' lang='lat' dir='ltr'><strong>sibi</strong></span> <span class='ocrx_word' id='word_1_735' title='bbox 869 5600 1102 5657; x_wconf 85' lang='lat' dir='ltr'><strong>creditas</strong></span> <span class='ocrx_word' id='word_1_736' title='bbox 1127 5603 1324 5660; x_wconf 90' lang='lat' dir='ltr'><strong>eximia</strong></span> <span class='ocrx_word' id='word_1_737' title='bbox 1350 5604 1610 5676; x_wconf 89' lang='lat' dir='ltr'><strong>gravitate</strong></span> <span class='ocrx_word' id='word_1_738' title='bbox 1640 5612 1753 5660; x_wconf 88' lang='lat' dir='ltr'><strong>tra-</strong></span> 
     </span>
    </p>
   </div>
   <div class='ocr_carea' id='block_1_106' title="bbox 1858 4595 3438 4682">
    <p class='ocr_par' dir='ltr' id='par_1_106' title="bbox 1858 4595 3438 4682">
     <span class='ocr_line' id='line_1_106' title="bbox 1858 4595 3438 4682; baseline -0.009 -19"><span class='ocrx_word' id='word_1_739' title='bbox 1858 4608 2166 4682; x_wconf 70' lang='lat' dir='ltr'><strong>exhibepat.</strong></span> <span class='ocrx_word' id='word_1_740' title='bbox 2197 4605 2393 4661; x_wconf 84' lang='lat' dir='ltr'><strong>Verum</strong></span> <span class='ocrx_word' id='word_1_741' title='bbox 2443 4604 2525 4662; x_wconf 89' lang='lat' dir='ltr'><strong>his</strong></span> <span class='ocrx_word' id='word_1_742' title='bbox 2554 4601 2754 4672; x_wconf 89' lang='lat' dir='ltr'><strong>aliquid</strong></span> <span class='ocrx_word' id='word_1_743' title='bbox 2802 4601 2977 4669; x_wconf 88' lang='lat' dir='ltr'><strong>majus</strong></span> <span class='ocrx_word' id='word_1_744' title='bbox 3026 4597 3298 4666; x_wconf 86' lang='lat' dir='ltr'><strong>adjiciens,</strong></span> <span class='ocrx_word' id='word_1_745' title='bbox 3330 4595 3438 4664; x_wconf 86' lang='lat' dir='ltr'><strong>pri-</strong></span> 
     </span>
    </p>
   </div>
   <div class='ocr_carea' id='block_1_107' title="bbox 1858 4686 3432 4766">
    <p class='ocr_par' dir='ltr' id='par_1_107' title="bbox 1858 4686 3432 4766">
     <span class='ocr_line' id='line_1_107' title="bbox 1858 4686 3432 4766; baseline -0.01 -12"><span class='ocrx_word' id='word_1_746' title='bbox 1858 4699 2065 4754; x_wconf 90' lang='lat' dir='ltr'><strong>mordia</strong></span> <span class='ocrx_word' id='word_1_747' title='bbox 2095 4698 2245 4766; x_wconf 86' lang='lat' dir='ltr'><strong>regni</strong></span> <span class='ocrx_word' id='word_1_748' title='bbox 2292 4697 2464 4752; x_wconf 85' lang='lat' dir='ltr'><strong>nostri</strong></span> <span class='ocrx_word' id='word_1_749' title='bbox 2489 4703 2560 4750; x_wconf 89' lang='lat' dir='ltr'><strong>et.</strong></span> <span class='ocrx_word' id='word_1_750' title='bbox 2585 4694 2747 4748; x_wconf 88' lang='lat' dir='ltr'><strong>armis</strong></span> <span class='ocrx_word' id='word_1_751' title='bbox 2797 4692 2936 4760; x_wconf 88' lang='lat' dir='ltr'><strong>juvit</strong></span> <span class='ocrx_word' id='word_1_752' title='bbox 2962 4699 3018 4745; x_wconf 90' lang='lat' dir='ltr'><strong>et</strong></span> <span class='ocrx_word' id='word_1_753' title='bbox 3059 4689 3267 4745; x_wconf 87' lang='lat' dir='ltr'><strong>litteris.</strong></span> <span class='ocrx_word' id='word_1_754' title='bbox 3300 4686 3432 4742; x_wconf 82' lang='lat' dir='ltr'><strong>Nam</strong></span> 
     </span>
    </p>
   </div>
   <div class='ocr_carea' id='block_1_108' title="bbox 1858 4780 3432 4870">
    <p class='ocr_par' dir='ltr' id='par_1_108' title="bbox 1858 4780 3432 4870">
     <span class='ocr_line' id='line_1_108' title="bbox 1858 4780 3432 4870; baseline -0.011 -27"><span class='ocrx_word' id='word_1_755' title='bbox 1858 4789 1982 4844; x_wconf 89' lang='lat' dir='ltr'><strong>dum</strong></span> <span class='ocrx_word' id='word_1_756' title='bbox 2025 4804 2168 4843; x_wconf 75' lang='lat' dir='ltr'><strong>curte</strong></span> <span class='ocrx_word' id='word_1_757' title='bbox 2200 4788 2438 4841; x_wconf 89' lang='lat' dir='ltr'><strong>littorum</strong></span> <span class='ocrx_word' id='word_1_758' title='bbox 2469 4786 2645 4854; x_wconf 80' lang='lat' dir='ltr'><strong>regias</strong></span> <span class='ocrx_word' id='word_1_759' title='bbox 2684 4783 3037 4870; x_wconf 62' lang='lat' dir='ltr'><strong>cogitationes</strong></span> <span class='ocrx_word' id='word_1_760' title='bbox 3084 4780 3432 4839; x_wconf 55' lang='lat' dir='ltr'><strong>iucemerent,</strong></span> 
     </span>
    </p>
   </div>
   <div class='ocr_carea' id='block_1_109' title="bbox 1859 4865 3436 4948">
    <p class='ocr_par' dir='ltr' id='par_1_109' title="bbox 1859 4865 3436 4948">
     <span class='ocr_line' id='line_1_109' title="bbox 1859 4865 3436 4948; baseline -0.011 -10"><span class='ocrx_word' id='word_1_761' title='bbox 1859 4882 2034 4938; x_wconf 88' lang='lat' dir='ltr'><strong>subito</strong></span> <span class='ocrx_word' id='word_1_762' title='bbox 2073 4897 2103 4935; x_wconf 93' lang='lat' dir='ltr'><strong>a</strong></span> <span class='ocrx_word' id='word_1_763' title='bbox 2154 4881 2451 4935; x_wconf 84' lang='lat' dir='ltr'><strong>litterarum</strong></span> <span class='ocrx_word' id='word_1_764' title='bbox 2505 4877 2868 4948; x_wconf 87' lang='lat' dir='ltr'><strong>penetralibus</strong></span> <span class='ocrx_word' id='word_1_765' title='bbox 2898 4865 3122 4942; x_wconf 83' lang='lat' dir='ltr'><strong>ejectus,</strong></span> <span class='ocrx_word' id='word_1_766' title='bbox 3172 4884 3266 4939; x_wconf 82' lang='lat' dir='ltr'><strong>par</strong></span> <span class='ocrx_word' id='word_1_767' title='bbox 3327 4865 3436 4920; x_wconf 90' lang='lat' dir='ltr'><strong>suis</strong></span> 
     </span>
    </p>
   </div>
   <div class='ocr_carea' id='block_1_110' title="bbox 1860 4955 3437 5040">
    <p class='ocr_par' dir='ltr' id='par_1_110' title="bbox 1860 4955 3437 5040">
     <span class='ocr_line' id='line_1_110' title="bbox 1860 4955 3437 5040; baseline -0.011 -16"><span class='ocrx_word' id='word_1_768' title='bbox 1860 4969 2153 5040; x_wconf 87' lang='lat' dir='ltr'><strong>majoribus</strong></span> <span class='ocrx_word' id='word_1_769' title='bbox 2182 4969 2434 5025; x_wconf 86' lang='lat' dir='ltr'><strong>ducatum</strong></span> <span class='ocrx_word' id='word_1_770' title='bbox 2463 4967 2690 5038; x_wconf 88' lang='lat' dir='ltr'><strong>sumpsit</strong></span> <span class='ocrx_word' id='word_1_771' title='bbox 2717 4964 3013 5034; x_wconf 90' lang='lat' dir='ltr'><strong>intrepidus</strong></span> <span class='ocrx_word' id='word_1_772' title='bbox 3037 4979 3050 5014; x_wconf 89' lang='lat'><strong>:</strong></span> <span class='ocrx_word' id='word_1_773' title='bbox 3082 4959 3167 5016; x_wconf 90' lang='lat' dir='ltr'><strong>cui</strong></span> <span class='ocrx_word' id='word_1_774' title='bbox 3196 4956 3315 5027; x_wconf 88' lang='lat' dir='ltr'><strong>quia</strong></span> <span class='ocrx_word' id='word_1_775' title='bbox 3343 4955 3437 5009; x_wconf 90' lang='lat' dir='ltr'><strong>de-</strong></span> 
     </span>
    </p>
   </div>
   <div class='ocr_carea' id='block_1_111' title="bbox 1859 5048 3435 5127">
    <p class='ocr_par' dir='ltr' id='par_1_111' title="bbox 1859 5048 3435 5127">
     <span class='ocr_line' id='line_1_111' title="bbox 1859 5048 3435 5127; baseline -0.009 -13"><span class='ocrx_word' id='word_1_776' title='bbox 1859 5061 1957 5116; x_wconf 91' lang='lat' dir='ltr'><strong>fuit</strong></span> <span class='ocrx_word' id='word_1_777' title='bbox 1978 5062 2166 5125; x_wconf 89' lang='lat' dir='ltr'><strong>hostis,</strong></span> <span class='ocrx_word' id='word_1_778' title='bbox 2199 5061 2439 5115; x_wconf 87' lang='lat' dir='ltr'><strong>moribus</strong></span> <span class='ocrx_word' id='word_1_779' title='bbox 2469 5057 2816 5127; x_wconf 83' lang='lat' dir='ltr'><strong>triumphavit</strong></span> <span class='ocrx_word' id='word_1_780' title='bbox 2843 5053 3074 5109; x_wconf 85' lang='lat' dir='ltr'><strong>eximiis.</strong></span> <span class='ocrx_word' id='word_1_781' title='bbox 3106 5050 3234 5104; x_wconf 82' lang='lat' dir='ltr'><strong>Nam</strong></span> <span class='ocrx_word' id='word_1_782' title='bbox 3263 5048 3435 5116; x_wconf 90' lang='lat' dir='ltr'><strong>depu-</strong></span> 
     </span>
    </p>
   </div>
   <div class='ocr_carea' id='block_1_112' title="bbox 1863 5137 3430 5221">
    <p class='ocr_par' dir='ltr' id='par_1_112' title="bbox 1863 5137 3430 5221">
     <span class='ocr_line' id='line_1_112' title="bbox 1863 5137 3430 5221; baseline -0.01 -16"><span class='ocrx_word' id='word_1_783' title='bbox 1863 5160 2003 5209; x_wconf 80' lang='lat' dir='ltr'><strong>tatas</strong></span> <span class='ocrx_word' id='word_1_784' title='bbox 2039 5151 2246 5207; x_wconf 86' lang='lat' dir='ltr'><strong>Gothos</strong></span> <span class='ocrx_word' id='word_1_785' title='bbox 2274 5150 2504 5221; x_wconf 90' lang='lat' dir='ltr'><strong>propriis</strong></span> <span class='ocrx_word' id='word_1_786' title='bbox 2531 5149 2676 5218; x_wconf 86' lang='lat' dir='ltr'><strong>pavit</strong></span> <span class='ocrx_word' id='word_1_787' title='bbox 2698 5146 2968 5217; x_wconf 87' lang='lat' dir='ltr'><strong>expensis,</strong></span> <span class='ocrx_word' id='word_1_788' title='bbox 3002 5151 3059 5195; x_wconf 88' lang='lat' dir='ltr'><strong>ut</strong></span> <span class='ocrx_word' id='word_1_789' title='bbox 3088 5155 3182 5196; x_wconf 86' lang='lat' dir='ltr'><strong>nec</strong></span> <span class='ocrx_word' id='word_1_790' title='bbox 3211 5137 3430 5210; x_wconf 86' lang='lat' dir='ltr'><strong>provin-</strong></span> 
     </span>
    </p>
   </div>
   <div class='ocr_carea' id='block_1_113' title="bbox 1859 5238 3433 5313">
    <p class='ocr_par' dir='ltr' id='par_1_113' title="bbox 1859 5238 3433 5313">
     <span class='ocr_line' id='line_1_113' title="bbox 1859 5238 3433 5313; baseline -0.011 -14"><span class='ocrx_word' id='word_1_791' title='bbox 1859 5244 2024 5299; x_wconf 90' lang='lat' dir='ltr'><strong>ciales</strong></span> <span class='ocrx_word' id='word_1_792' title='bbox 2052 5241 2385 5313; x_wconf 89' lang='lat' dir='ltr'><strong>percelleret,</strong></span> <span class='ocrx_word' id='word_1_793' title='bbox 2431 5254 2529 5294; x_wconf 91' lang='lat' dir='ltr'><strong>nec</strong></span> <span class='ocrx_word' id='word_1_794' title='bbox 2573 5238 2753 5292; x_wconf 77' lang='lat' dir='ltr'><strong>ﬁscum</strong></span> <span class='ocrx_word' id='word_1_795' title='bbox 2799 5244 3042 5290; x_wconf 89' lang='lat' dir='ltr'><strong>nostrum</strong></span> <span class='ocrx_word' id='word_1_796' title='bbox 3081 5243 3433 5301; x_wconf 78' lang='lat' dir='ltr'><strong>expensarum</strong></span> 
     </span>
    </p>
   </div>
   <div class='ocr_carea' id='block_1_114' title="bbox 1866 5323 3431 5400">
    <p class='ocr_par' dir='ltr' id='par_1_114' title="bbox 1866 5323 3431 5400">
     <span class='ocr_line' id='line_1_114' title="bbox 1866 5323 3431 5400; baseline -0.012 -11"><span class='ocrx_word' id='word_1_797' title='bbox 1866 5335 2118 5389; x_wconf 91' lang='lat' dir='ltr'><strong>oneribus</strong></span> <span class='ocrx_word' id='word_1_798' title='bbox 2147 5331 2468 5400; x_wconf 88' lang='lat' dir='ltr'><strong>ingravaret.</strong></span> <span class='ocrx_word' id='word_1_799' title='bbox 2521 5328 2681 5382; x_wconf 84' lang='lat' dir='ltr'><strong>Arma</strong></span> <span class='ocrx_word' id='word_1_800' title='bbox 2727 5325 2844 5394; x_wconf 89' lang='lat' dir='ltr'><strong>ejus</strong></span> <span class='ocrx_word' id='word_1_801' title='bbox 2891 5323 3034 5378; x_wconf 87' lang='lat' dir='ltr'><strong>nulla</strong></span> <span class='ocrx_word' id='word_1_802' title='bbox 3065 5332 3431 5392; x_wconf 82' lang='lat' dir='ltr'><strong>possessorum</strong></span> 
     </span>
    </p>
   </div>
   <div class='ocr_carea' id='block_1_115' title="bbox 1865 5409 3424 5485">
    <p class='ocr_par' dir='ltr' id='par_1_115' title="bbox 1865 5409 3424 5485">
     <span class='ocr_line' id='line_1_115' title="bbox 1865 5409 3424 5485; baseline -0.009 -7"><span class='ocrx_word' id='word_1_803' title='bbox 1865 5426 2056 5479; x_wconf 86' lang='lat' dir='ltr'><strong>damna</strong></span> <span class='ocrx_word' id='word_1_804' title='bbox 2079 5427 2382 5476; x_wconf 85' lang='lat' dir='ltr'><strong>senserunt.</strong></span> <span class='ocrx_word' id='word_1_805' title='bbox 2411 5419 2533 5472; x_wconf 86' lang='lat' dir='ltr'><strong>Fuit</strong></span> <span class='ocrx_word' id='word_1_806' title='bbox 2561 5417 2807 5471; x_wconf 90' lang='lat' dir='ltr'><strong>nimirum</strong></span> <span class='ocrx_word' id='word_1_807' title='bbox 2846 5414 3237 5485; x_wconf 83' lang='lat' dir='ltr'><strong>provinciarum</strong></span> <span class='ocrx_word' id='word_1_808' title='bbox 3266 5409 3424 5464; x_wconf 87' lang='lat' dir='ltr'><strong>veris-</strong></span> 
     </span>
    </p>
   </div>
   <div class='ocr_carea' id='block_1_116' title="bbox 1861 5499 3438 5574">
    <p class='ocr_par' dir='ltr' id='par_1_116' title="bbox 1861 5499 3438 5574">
     <span class='ocr_line' id='line_1_116' title="bbox 1861 5499 3438 5574; baseline -0.01 -6"><span class='ocrx_word' id='word_1_809' title='bbox 1861 5514 2028 5568; x_wconf 91' lang='lat' dir='ltr'><strong>simus</strong></span> <span class='ocrx_word' id='word_1_810' title='bbox 2079 5519 2279 5566; x_wconf 87' lang='lat' dir='ltr'><strong>custos.</strong></span> <span class='ocrx_word' id='word_1_811' title='bbox 2334 5507 2466 5561; x_wconf 82' lang='lat' dir='ltr'><strong>Nam</strong></span> <span class='ocrx_word' id='word_1_812' title='bbox 2514 5507 2602 5561; x_wconf 92' lang='lat' dir='ltr'><strong>ille</strong></span> <span class='ocrx_word' id='word_1_813' title='bbox 2633 5507 2882 5561; x_wconf 91' lang='lat' dir='ltr'><strong>defensor</strong></span> <span class='ocrx_word' id='word_1_814' title='bbox 2919 5505 3132 5574; x_wconf 90' lang='lat' dir='ltr'><strong>proprie</strong></span> <span class='ocrx_word' id='word_1_815' title='bbox 3180 5499 3438 5556; x_wconf 87' lang='lat' dir='ltr'><strong>dicendus</strong></span> 
     </span>
    </p>
   </div>
   <div class='ocr_carea' id='block_1_117' title="bbox 1862 5588 3439 5673">
    <p class='ocr_par' dir='ltr' id='par_1_117' title="bbox 1862 5588 3439 5673">
     <span class='ocr_line' id='line_1_117' title="bbox 1862 5588 3439 5673; baseline -0.013 -11"><span class='ocrx_word' id='word_1_816' title='bbox 1862 5615 1964 5672; x_wconf 88' lang='lat' dir='ltr'><strong>est,</strong></span> <span class='ocrx_word' id='word_1_817' title='bbox 1993 5604 2084 5673; x_wconf 91' lang='lat' dir='ltr'><strong>qui</strong></span> <span class='ocrx_word' id='word_1_818' title='bbox 2107 5610 2288 5657; x_wconf 88' lang='lat' dir='ltr'><strong>tuetur</strong></span> <span class='ocrx_word' id='word_1_819' title='bbox 2309 5599 2545 5654; x_wconf 84' lang='lat' dir='ltr'><strong>innoxie.</strong></span> <span class='ocrx_word' id='word_1_820' title='bbox 2571 5597 2692 5654; x_wconf 80' lang='lat' dir='ltr'><strong>Mox</strong></span> <span class='ocrx_word' id='word_1_821' title='bbox 2723 5605 2902 5652; x_wconf 91' lang='lat' dir='ltr'><strong>autem</strong></span> <span class='ocrx_word' id='word_1_822' title='bbox 2930 5604 2988 5652; x_wconf 91' lang='lat' dir='ltr'><strong>ut</strong></span> <span class='ocrx_word' id='word_1_823' title='bbox 3012 5605 3218 5666; x_wconf 86' lang='lat' dir='ltr'><strong>tempus</strong></span> <span class='ocrx_word' id='word_1_824' title='bbox 3243 5588 3439 5647; x_wconf 86' lang='lat' dir='ltr'><strong>clausit</strong></span> 
     </span>
    </p>
   </div>
   <div class='ocr_carea' id='block_1_118' title="bbox 193 5777 3000 5862">
    <p class='ocr_par' dir='ltr' id='par_1_118' title="bbox 193 5777 3000 5862">
     <span class='ocr_line' id='line_1_118' title="bbox 193 5777 3000 5862; baseline 0 -26"><span class='ocrx_word' id='word_1_825' title='bbox 193 5801 226 5829; x_wconf 77' lang='grc' dir='ltr'>ι</span> <span class='ocrx_word' id='word_1_826' title='bbox 303 5777 472 5848; x_wconf 83' lang='lat' dir='ltr'><strong>Infra,</strong></span> <span class='ocrx_word' id='word_1_827' title='bbox 519 5781 676 5851; x_wconf 86' lang='lat' dir='ltr'><strong>epist.</strong></span> <span class='ocrx_word' id='word_1_828' title='bbox 722 5797 860 5852; x_wconf 88' lang='lat' dir='ltr'><strong>seq.,</strong></span> <span class='ocrx_word' id='word_1_829' title='bbox 912 5793 1216 5856; x_wconf 67' lang='lat' dir='ltr'><strong>purpurata:</strong></span> <span class='ocrx_word' id='word_1_830' title='bbox 1255 5788 1474 5861; x_wconf 85' lang='lat' dir='ltr'><strong>laudes;</strong></span> <span class='ocrx_word' id='word_1_831' title='bbox 1517 5788 1607 5845; x_wconf 88' lang='lat' dir='ltr'><strong>lib.</strong></span> <span class='ocrx_word' id='word_1_832' title='bbox 1640 5805 1753 5860; x_wconf 80' lang='lat' dir='ltr'><strong>vni,</strong></span> <span class='ocrx_word' id='word_1_833' title='bbox 1792 5789 1948 5862; x_wconf 85' lang='lat' dir='ltr'><strong>epist.</strong></span> <span class='ocrx_word' id='word_1_834' title='bbox 1981 5783 2035 5856; x_wconf 87' lang='lat'><strong>5,</strong></span> <span class='ocrx_word' id='word_1_835' title='bbox 2065 5781 2340 5842; x_wconf 85' lang='lat' dir='ltr'><strong>infantiam</strong></span> <span class='ocrx_word' id='word_1_836' title='bbox 2365 5789 2734 5854; x_wconf 85' lang='lat' dir='ltr'><strong>purpuratam.</strong></span> <span class='ocrx_word' id='word_1_837' title='bbox 2763 5778 3000 5836; x_wconf 72' lang='lat' dir='ltr'><strong>Foansa.</strong></span> 
     </span>
    </p>
   </div>
  </div>
