3990 6170
534 372 639 427 705
723 358 732 367 '

1709 361 1811 415 'M.
1855 357 2131 414 AURELll
2170 353 2566 412 CASSIODORI
3372 412 3375 415 _
3692 351 3771 405 7'35

530 479 744 536 navium
775 485 1159 538 commeatum,
1204 472 1436 543 bellique
1465 487 1591 526 cura
1624 471 1859 526 resoluta
1890 477 1991 534 est,
2024 469 2103 522 in-
2135 471 2187 528 A
2210 466 2426 538 propria
2458 464 2636 534 largus
2657 461 2871 519 offerre.
2903 456 3014 518 llos
3041 463 3201 532 igitur
3230 477 3411 519 mores
3432 462 3591 519 lectio
3620 463 3772 522 divina

532 569 747 640 genium
776 581 931 622 suum
963 565 1137 633 legum
1164 563 1344 632 potius
1370 563 1564 617 ductor
1600 559 1869 623 exercuit,
1920 573 2117 613 sanans

534 661 650 714 sine
690 657 887 712 damno
931 654 1254 724 litigantium
1303 650 1452 726 [Niii.
1498 662 1547 707 et
1592 649 1713 715 (2a.,
1768 651 1985 711 signans
2015 648 2119 703 [tne

535 747 893 817 litigantium;
923 747 1039 811 Λα,
1069 757 1265 800 sanans
1294 741 1400 798 line
1428 738 1773 812 litigantium]
1822 739 1966 809 quod
1994 746 2120 793 ante

537 837 636 893 sub
660 837 831 907 pretio
856 836 1138 891 constabat
1157 848 1277 889 esse
1295 833 1606 887 laceratum.
1632 830 1816 884 Talem
1847 828 2044 884 Metelli
2066 827 2120 882 in

545 927 684 991 Asia,
713 927 874 981 talem
915 925 1137 979 Catonis
1167 924 1219 977 in
1250 921 1502 992 Hispania
1541 921 1768 990 legimus
1808 918 1972 973 fuisse
2020 917 2122 972 du-

542 1024 744 1081 catum,
776 1015 867 1083 qui
918 1015 1039 1084 plus
1078 1013 1145 1067 de
1172 1028 1266 1068 sua
1320 1013 1601 1082 disciplina
1638 1027 1798 1082 quam
1830 1027 1929 1081 per
1974 1025 2120 1064 arma

542 1107 743 1161 laudati
773 1114 898 1161 sunt
923 1122 936 1158 :
969 1122 1075 1160 non
1106 1104 1318 1175 injuria,
1353 1104 1475 1174 quia
1506 1105 1712 1158 hostem
1743 1101 1997 1171 congredi
2026 1117 2123 1155 va-

542 1198 654 1250 rius
680 1210 894 1265 semper
918 1203 1143 1249 eventus
1173 1202 1287 1260 est;
1312 1193 1609 1247 indubitata
1634 1207 1764 1247 vero
1789 1191 1980 1259 gloria,
2010 1206 2126 1245 mo-

545 1304 661 1342 rum
719 1288 1037 1344 custodiisse
1090 1301 1415 1341 mensuram.
1475 1284 1613 1351 Quid
1659 1284 1833 1352 ergo?
1890 1282 2126 1351 nunquid

546 1380 637 1431 tali
684 1379 901 1433 actione
932 1391 1257 1447 prazsumens
1303 1376 1480 1444 aliqua
1510 1388 1569 1430 se
1610 1375 1842 1429 elatione
1866 1372 2123 1445 iactavit“,

549 1468 676 1523 dum
720 1478 801 1523 est
827 1468 1086 1523 familiare
1116 1466 1421 1521 hominibus
1450 1465 1635 1521 extolli
1660 1481 1780 1521 cum
1809 1463 1947 1519 bene
1980 1462 2047 1517 de
2070 1476 2130 1516 se

549 1566 901 1634 cognoverint
948 1564 1239 1621 aestimari?
1273 1561 1462 1617 Nonne
1487 1569 1638 1616 tanta
1664 1576 1726 1616 se
1754 1559 2131 1615 communione

549 1656 799 1711 tractavit
819 1663 877 1709 ut
904 1654 1159 1725 principis
1186 1653 1287 1709 sibi
1306 1653 1533 1720 gratiam
1555 1651 1621 1709 ad
1640 1649 1899 1706 beneﬁcia
1926 1656 2130 1703 tantum

552 1746 798 1802 crederet
825 1761 944 1801 esse
971 1744 1327 1800 concessam?
1355 1742 1657 1797 Benevolus
1690 1740 1917 1804 cunctis,
1946 1740 2133 1794 mode—

2216 559 2489 624 solidavit,
2530 557 2746 627 quando
2774 571 2984 627 semper
3012 555 3163 629 [Ed.,
3202 554 3368 627 saepe]
3410 555 3546 612 bene
3575 558 3774 626 geritur,

2218 650 2263 705 si
2291 649 2527 705 celestis
2571 656 2745 703 metus
2774 646 3019 701 humanis
3048 646 3283 702 motibus
3309 656 3631 718 opponatur.
3664 646 3780 706 Hinc

2219 741 2363 795 enim
2394 739 2652 794 virtutum
2681 737 2918 793 omnium
2962 738 3189 793 sumitur
3216 736 3499 793 manifesta
3529 739 3772 806 cognitio;

2219 832 2346 887 hinc
2370 830 2633 902 sapientia
2666 830 2821 901 156
2844 828 3087 884 veritatis
3112 844 3307 899 sapore
3328 829 3594 885 conditur.
3623 829 3708 887 Sic
3726 831 3781 889 ad

2222 924 2400 979 omnia
2422 923 2665 978 redditur
2692 922 2927 987 humilis,
2957 935 3119 990 quem
3147 921 3338 979 imbuit
3365 922 3611 975 doctrina
3639 922 3783 978 coale-

2222 1016 2339 1071 sxis.
2380 1008 2523 1070 Huic
2549 1028 2708 1083 ergo,
2754 1023 2936 1084 patres
2963 1012 3291 1082 conscripti,
3339 1012 3452 1067 Deo
3496 1013 3779 1082 auspice,a

2224 1104 2540 1162 duodecima
2576 1102 2866 1157 indictione
2896 1102 3069 1173 (Anno
3099 1100 3288 1155 Christi
3327 1099 3451 1171 554)
3482 1097 3786 1171 praefectura:

2225 1195 2555 1268 praetorianae
2576 1192 2867 1262 regendam
2900 1192 3179 1247 tribuimus
3208 1192 3553 1260 dignitatem;
3585 1200 3647 1246 ut
3674 1209 3783 1262 quc-

2225 1289 2369 1343 relas
2396 1302 2586 1342 omnes
2627 1283 2913 1338 infidelium
2941 1284 3325 1337 nundinatione
3347 1284 3486 1355 Ma,
3512 1300 3699 1337 omnes
3721 1285 3787 1338 in-

2229 1374 2517 1446 liciatione]
2556 1374 2841 1439 collectas,
2874 1372 2984 1427 Deo
3012 1362 3298 1441 prmétante
3319 1414 3334 1440 ,
3381 1388 3475 1427 sua
3506 1373 3791 1441 integritate

2229 1474 2518 1537 componat
2551 1484 2565 1519 :
2596 1464 2862 1532 faciatque
2908 1471 3018 1517 tam
3072 1464 3292 1517 nimium
3341 1463 3700 1527 desideratus.
3746 1475 3797 1520 ut

2233 1559 2438 1616 cunctis
2464 1558 2635 1629 possit
2670 1571 2788 1612 esse
2816 1554 3106 1616 beneficus.
3139 1554 3331 1608 Adsint
3357 1554 3605 1624 Superna
3636 1554 3788 1623 dispo

2233 1651 2377 1716 sitis;
2407 1657 2468 1704 ut
2510 1663 2671 1718 quem
2716 1662 2814 1700 nos
2843 1644 3186 1714 probavimus
3213 1644 3367 1712 longa
3407 1643 3795 1698 conversatione

2234 1742 2585 1814 prudentem,
2637 1737 3030 1810 prosperrimus
3076 1736 3209 1800 sibi,
3254 1735 3596 1791 fidelissimus
3628 1735 3795 1800 nobis,

552 1843 699 1889 ratus
743 1836 796 1888 in
825 1833 1129 1904 prosperis,
1164 1834 1417 1901 ignorans
1446 1831 1545 1887 nisi
1576 1830 1810 1900 graviter
1853 1828 2133 1883 lacessitus
2165 1860 2208 1919 Β
2239 1832 2385 1887 utilis
2412 1830 2717 1901 reipublicte
2744 1828 2938 1882 debeat
2967 1827 3227 1894 inveniri;
3259 1837 3314 1882 et
3338 1828 3611 1894 relinquat
3642 1836 3803 1896 poste-
3864 1857 3869 1860 -

555 1924 735 1980 irasci.
767 1923 867 1991 Qui
912 1940 1032 1980 cum
1062 1924 1132 1979 sit
1154 1924 1360 1994 justitia
1389 1922 1621 1992 rigidus,
1673 1921 1741 1976 ad
1787 1920 2131 1975 remissiones

553 2015 751 2071 irarum
778 2030 883 2071 non
908 2016 1163 2086 perdurat
1183 2023 1427 2071 austerus
1458 2031 1471 2067 τ
1504 2027 1718 2068 suarum
1746 2024 1927 2065 rerum
1954 2008 2132 2063 distri-

554 2105 715 2161 butor
732 2105 1004 2177 egregius;
1032 2112 1088 2160 ct
1114 2104 1238 2160 dum
1266 2105 1469 2160 nesciat
1496 2103 1671 2159 aliena
1695 2115 1959 2173 quierere,
1991 2098 2138 2154 novit

2236 1923 2309 1977 ris
2337 1921 2554 1988 famam,
2582 1936 2679 1991 per
2720 1934 2879 1989 quam
2922 1918 3211 1986 gloriosam
3245 1919 3452 1975 seculis
3478 1934 3635 1974 suam
3664 1918 3804 1973 faciat

2238 2028 2357 2068 esse
2383 2011 2656 2066 familiam.
3164 2028 3169 2033 ί

561 2236 2664 2253 ’Μὴ-*ΜΨ-

1699 2312 2037 2391 LIBER
2118 2308 2682 2395 DECIMUS.

2051 2454 2417 2466 υ*-

947 2538 1101 2609 157
1151 2535 1482 2591 EPISTOLA
1521 2536 1753 2592 PRIMA.

558 2643 859 2686 ws'riuisuo
913 2644 1237 2682 IIPEBATOBI
1292 2644 1677 2683 AIALASUNTHA
1725 2626 1879 2699 [Ms.,
1934 2643 2140 2681 sitsu-

767 2732 982 2783 SUINDA;
1014 2718 1127 2784 alii,
1159 2715 1600 2787 ususuemna]
1623 2732 1813 2772 RECINA
1844 2727 1891 2770 η.

562 2827 753 2883 Scribit
779 2842 834 2880 se
843 2837 969 2949 [ost
995 2835 1206 2880 mortem
1232 2825 1518 2878 Athalariri
1558 2826 1612 2877 in
1653 2826 1966 2880 consortium
1995 2827 2140 2897 regni

634 2896 839 2949 Theoda
876 2896 1031 2949 udum
1053 2896 1347 2949 adscivisse.
1369 2905 1419 2949 et
1442 2895 1643 2949 misisse
1668 2896 1864 2949 leaatos
1890 2898 1972 2949 aui
2000 2898 2140 2949 pacis

634 2895 1031 2951 Tlteodaliadum
1053 2896 1347 2960 adscivisse,
1369 2905 1419 2949 et
1442 2895 1643 2949 misisse
1668 2896 1864 2966 legatos
1890 2898 1972 2965 qui
1998 2895 2141 2967 pacis

631 2970 1045 3038 prorogatiouem
1069 2975 1265 3035 petant.

632 3074 816 3143 Adeo,
870 3075 1286 3132 clementissime
1344 3075 1674 3146 principum,
1743 3077 1894 3132 vobis
1957 3093 2143 3134 amore

2248 2534 2318 2587 tis
2347 2533 2597 2601 erigeret.
2631 2531 2847 2601 Jungite
2871 2547 3015 2588 nunc
3038 2538 3164 2599 vota
3188 2529 3396 2596 felicia;
3426 2537 3518 2596 ut,
3555 2528 3697 2584 sicut
3729 2541 3813 2582 nos

2248 2626 2301 2680 in
2335 2626 2559 2694 imperio
2586 2624 2802 2695 pietatis
2825 2632 3017 2679 vestrae
3047 2622 3225 2678 omnia
3251 2620 3365 2676 fieri
3394 2634 3661 2690 prospera
3688 2618 3815 2672 desi-

2245 2715 2499 2770 deranter
2520 2713 2821 2783 expetimus
2841 2712 2953 2784 [Αε.
2966 2755 2981 2782 ,
2999 2711 3352 2783 experimur],
3371 2710 3444 2764 ita
3467 2710 3634 2763 nobis
3657 2707 3816 2762 favere

2246 2814 2480 2862 vestram
2508 2805 2938 2861 benevolentiam
2968 2805 3402 2876 comprobemus.
3451 2804 3687 2859 Peracto
3728 2803 3818 2855 ita-

2248 2914 2355 2971 que
2378 2899 2585 2966 nuntio,
2628 2900 2771 2970 quod
2798 2899 2951 2955 vobis
2978 2915 3076 2969 pro
3108 2898 3343 2967 ingenita
3384 2898 3676 2953 clementia
3716 2912 3819 2951 cre-

2178 3048 2189 3057 _
2244 2989 2421 3043 dimus
2449 3003 2568 3043 esse
2595 2988 2858 3056 votivum,
2885 2988 3134 3043 addimus
3161 2989 3323 3042 etiam
3349 2988 3671 3055 gratissima:
3696 2985 3820 3049 lega-

2244 3080 2406 3135 tionis
2428 3077 2688 3146 ofllcium,
2718 3088 2775 3134 ut
2805 3094 3009 3151 pacem,
3041 3094 3200 3148 quam
3247 3088 3428 3136 mente
3455 3095 3675 3148 semper
3694 3078 3821 3146 geri-

563 3168 887 3232 iuliaasimus,
920 3174 979 3222 ut
1004 3168 1367 3224 distulerimus
1414 3168 1674 3225 hactenus
1714 3169 1954 3226 indicare
1994 3170 2022 3209 ι’
2053 3171 2146 3225 lilii
2173 3172 2219 3234 C
2250 3169 2341 3235 tis,
2390 3170 2553 3225 etiam
2601 3169 2733 3224 mihi
2777 3170 3026 3225 retinetis
3052 3184 3172 3224 esse
3201 3168 3475 3234 collatam,
3534 3167 3824 3237 adjectionc

564 3258 732 3312 nostri
773 3258 1019 3328 gloriosa:
1054 3257 1443 3313 recordationis
1472 3273 1756 3326 occasum;
1800 3274 1869 3314 ne
1914 3261 2144 3316 amantis

564 3350 880 3405 laalereznus
931 3349 1169 3403 animum
1215 3357 1339 3419 post
1376 3349 1563 3405 tristia
1618 3351 1926 3406 nuntiorum
1984 3368 1996 3404 :
2047 3351 2142 3406 sed

565 3457 726 3506 nunc,
752 3440 972 3509 juvante
999 3439 1139 3505 Deo,
1171 3441 1261 3510 qui
1290 3442 1570 3496 consuevit
1615 3458 1775 3497 casus
1822 3458 2046 3512 asperos
2088 3443 2143 3499 in

564 3546 825 3603 prospera
855 3539 1205 3597 commutare,
1235 3530 1325 3585 illa
1350 3532 1520 3601 magis
1545 3533 1803 3601 elegimus
1832 3534 1884 3588 in
1914 3543 2144 3589 vestram

567 3620 775 3678 deferre
816 3622 1089 3687 notitiam,
1117 3621 1184 3676 de
1207 3622 1433 3689 quibus,
1466 3624 1747 3681 nobiscum
1774 3625 1954 3693 positi,
1988 3625 2150 3695 parti-

566 3713 742 3783 cipata
767 3712 1125 3766 exsultatione
1154 3712 1449 3780 gaudeatis.
1479 3712 1635 3767 Juvat
1660 3715 1804 3769 enim
1828 3715 2007 3770 divina
2030 3732 2150 3770 mu-

568 3818 699 3858 nera
727 3802 1069 3870 diligentibus
1109 3800 1369 3856 confiteri.
1425 3801 1777 3858 Perduximus
1823 3804 1891 3857 ad
1936 3813 2150 3875 sceptra

568 3896 741 3950 virum
766 3893 922 3949 nobis
947 3894 1182 3949 fraterna
1216 3904 1236 3933 α
1271 3894 1613 3964 proximitate
1660 3892 2026 3962 conjunetum,
2058 3896 2150 3964 qui

572 3988 774 4056 regiam
803 3985 1119 4053 dignitatem
1147 3988 1417 4041 communi
1446 3986 1722 4042 nobiscum
1750 3986 1959 4041 consilii
1988 3988 2154 4042 robo-

575 4091 636 4131 re
655 4075 976 4140 sustineret;
1007 4084 1067 4130 ut
1093 4084 1149 4131 et
1187 4076 1277 4132 ille
1305 4093 1528 4132 avorum
1567 4092 1786 4132 suorum
1816 4073 1843 4113 ά
1882 4091 2153 4146 purpureo

569 4161 766 4218 decore
804 4161 1049 4230 fulgeret,
1079 4172 1137 4219 et
1163 4164 1374 4220 animos
1402 4174 1617 4222 nostros
1642 4165 1891 4222 solatium
1915 4166 2153 4235 pruden-

643 4330 668 4357 ι
697 4319 1018 4394 Theodorici
1053 4321 1180 4394 filia,
1211 4323 1500 4394 Atligalarici
1521 4332 1722 4394 mater,
1754 4324 1906 4394 cujus
1921 4303 2150 4394 virtutes

573 4390 821 4462 et_anim_i_
846 4391 1261 4459 magnitudinem
1307 4392 1597 4462 Procopius
1635 4390 2021 4449 commemorat
2051 4393 2143 4447 lib.

572 4475 590 4515 ι
615 4460 687 4515 de
723 4459 862 4528 bello
880 4462 1128 4528 Gothico,
1159 4473 1215 4518 et
1243 4463 1335 4518 lib.
1365 4480 1384 4518 ι
1425 4459 1495 4518 de
1533 4463 1681 4518 Bello
1709 4463 2003 4519 Vandalieo
2033 4481 2046 4516 :
2080 4478 2148 4517 ex

2248 3273 2466 3329 quoque
2513 3266 2812 3331 temporum
2855 3259 3154 3330 proteletis.
3204 3259 3336 3313 Nam
3369 3259 3497 3315 licet
3547 3257 3827 3314 concordia

2252 3348 2549 3419 principum
2581 3364 2797 3418 semper
2824 3348 3030 3413 deceat,
3060 3356 3240 3403 vestra
3270 3358 3449 3402 tamen
3479 3349 3731 3403 absolute
3751 3360 3828 3400 me

2254 3440 2535 3505 nobilitat;
2577 3440 2829 3509 quoniam
2874 3439 2964 3495 ille
3008 3438 3249 3494 redditur
3291 3439 3524 3509 amplius
3572 3436 3830 3499 excelsus,

2253 3532 2346 3602 qui
2370 3540 2562 3586 vestra:
2590 3531 2773 3600 gla‘ia:
2798 3530 2957 3586 fuerit
2985 3531 3338 3586 unanimitate
3359 3531 3707 3598 conjunctiis.
3737 3526 3829 3582 Sed

2255 3623 2511 3693 quoniam
2543 3622 2887 3692 epistolarum
2906 3622 3199 3677 'brevitate
3229 3622 3478 3676 universa
3511 3621 3836 3675 sufﬁcienter

2253 3722 2529 3783 nequeunt
2549 3713 2808 3783 expediri,
2830 3714 3126 3768 salutantes
3152 3713 3452 3767 reverentia
3480 3708 3832 3782 competenti.

2256 3804 2499 3873 quaidam
2530 3806 2721 3875 legatis
2751 3806 2947 3861 nostris
2972 3806 3140 3861 verbo
3161 3805 3316 3859 vobis
3337 3805 3671 3860 insinuanda
3701 3817 3836 3858 com-

2256 3896 2532 3962 misimus;
2557 3912 2679 3967 quae
2699 3897 3083 3973 consuetudine
3123 3903 3315 3950 vestrae
3342 3896 3659 3950 serenitatis
3684 3893 3837 3947 liben-

2255 3996 2339 4042 ter
2359 3987 2607 4058 accipite,
2640 3996 2700 4042 ut
2727 3988 2793 4043 ab
2822 3988 3068 4043 omnibus
3096 3987 3373 4042 evidenter
3408 3989 3590 4058 possit
3635 3983 3839 4055 agnosci

2254 4077 2397 4147 quod
2423 4077 2566 4146 juste
2594 4078 2750 4135 nobis
2794 4079 3083 4149 probamus
3111 4078 3178 4133 de
3225 4088 3401 4134 vestra
3432 4077 3840 4134 mansuetudine

2256 4167 2520 4238 polliceri.
2553 4168 2817 4225 Convenit
2860 4170 3003 4225 enim
3030 4169 3097 4224 de
3125 4169 3277 4224 vobis
3306 4168 3690 4223 indubitanter
3716 4178 3842 4236 pra:-

2255 4340 2293 4397 t_
2315 4323 2384 4397 de
2428 4325 2574 4382 Bello
2599 4326 2863 4397 Gothico,
2899 4327 3058 4381 verba
3101 4340 3392 4397 purpurea.
3425 4325 3716 4397 Parysatis
3752 4321 3845 4375 filia

2255 4394 2408 4464 Cyri,
2455 4404 2509 4451 et
2538 4396 2849 4451 Artaxerxis
2888 4405 3080 4461 mater,
3104 4394 3347 4463 ’jubebat
3374 4410 3502 4449 eum
3538 4394 3647 4464 'qui
3674 4407 3847 4462 regem

2258 4464 2473 4520 liberius
2500 4477 2643 4521 esset
2670 4465 3020 4530 allocuturus,
3051 4466 3231 4520 verbis
3262 4464 3622 4519 nitidioribus
3651 4472 3710 4518 et
3736 4477 3847 4530 gra-

560 4530 766 4609 quibus
780 4522 938 4609 libris
966 4522 1129 4587 multa
1151 4534 1217 4588 ad
1233 4534 1569 4609 sequentium
1589 4532 2148 4609 formularum__cogni-
2176 4543 2224 4601 ι)
2252 4535 2405 4609 vibus
2426 4544 2686 4609 uteretur.
2725 4522 3038 4609 Plutarchus
3063 4534 3401 4609 Apopbtheg.
3431 4522 3761 4609 εδεκέᾏςνσξ
3773 4532 3848 4587 τὸν

576 4600 771 4672 tionem
798 4601 932 4672 sumi
961 4612 1201 4672 possunt,
1226 4600 1343 4672 quae
1371 4604 1498 4658 mihi
1522 4603 1807 4659 subseciva
1835 4603 2011 4658 studio
2034 4600 2147 4657 hinc

576 4666 906 4741 festinantius
934 4666 1205 4741 adnotanti
1236 4666 1489 4741 colligere
1517 4689 1625 4728 non
1649 4673 1818 4727 licuit.
1853 4672 2016 4728 Fons.

646 4737 673 4776 δ
703 4737 759 4809 lii
798 4739 901 4809 hoc
929 4738 1035 4793 lilio
1060 4741 1337 4797 educando
1363 4737 1609 4809 magnam
1639 4757 1824 4797 curam
1854 4750 2027 4796 mater
2050 4742 2142 4796 ad-

579 4807 811 4881 hibuisse
835 4807 1064 4881 dicitur
1078 4828 1092 4881 ς
1116 4821 1429 4881 corruptus
1457 4807 1767 4881 tamenufuit
1792 4812 2150 4881 postmodum

578 4878 646 4932 ab
678 4878 986 4946 atqualibiis.
1018 4876 1172 4933 ‘Obiit
1212 4876 1355 4952 anno
1395 4879 1591 4952 Ch_risti
1620 4878 1724 4932 552
1779 4876 1954 4952 (Lege,
1988 4881 2110 4952 55.5)
2134 4924 2149 4950 ,

577 4955 1195 5021 cuiiiregnasset_aniios
1215 4951 1399 5021 decem
1432 4947 1606 5021 (Lege,
1638 4947 1806 5021 octo.)
1838 4947 2003 5021 Fons.

610 5046 626 5089 -_
652 5027 675 5055 ε
706 5015 1118 5089 Tlieodaliadum
1146 5015 1562 5083 cnnsobrinum',
1612 5019 1760 5086 regni
1790 5015 2029 5085 socium;
2060 5020 2151 5089 qui

576 5085 654 5160 ob
677 5086 865 5141 multas
905 5086 1117 5157 rapinas
1146 5090 1213 5142 ab
1240 5105 1302 5143 ea
1345 5089 1649 5160 corripitur.
1685 5085 1803 5160 Sed
1849 5089 2063 5160 tandem
2080 5085 2153 5143 ἰιι

577 5157 722 5211 solus
744 5166 1004 5224 regnaret,
1027 5172 1151 5211 mox
1172 5175 1290 5213 eam
1317 5159 1368 5212 in
1396 5157 1666 5213 carcerem
1694 5159 1936 5221 detrusit,
1961 5159 2153 5213 deinde

579 5225 748 5279 occidi
773 5226 945 5293 jussit,
977 5236 1033 5281 ct
1058 5243 1277 5293 regnum
1302 5230 1454 5283 annis
1476 5230 1712 5296 quinque
1742 5228 1990 5283 obtinuit.
2024 5228 2153 5281 Pro—

580 5296 784 5376 copius,
815 5296 903 5376 lib.
928 5313 944 5349 ι
974 5296 1214 5376 de_l_$ello
1244 5298 1510 5376 Gothico;
1552 5297 1833 5376 Mattlﬁcus
1861 5296 2153 5353 Palmcrius

580 5365 632 5417 iii
659 5365 951 5430 Clironicis,
978 5376 1033 5420 et
1052 5367 1304 5423 Herman.
1331 5369 1670 5423 Contractus.
1698 5367 1866 5422 Fontv.

648 5431 673 5468 ἀ
701 5433 743 5489 Α
766 5436 981 5507 regibus
1006 5446 1144 5490 orto.
1192 5437 1373 5492 Aurel.
1422 5437 1770 5499 Prudentius,
1815 5439 1867 5491 in
1896 5436 2143 5507 Symma-

572 5502 733 5558 chum
764 5502 855 5559 lih.
884 5519 920 5569 ι,
947 5506 1012 5561 de
1036 5507 1177 5561 cultu
1205 5508 1422 5562 Adriani
1452 5516 1507 5562 et
1535 5508 1772 5561 catamiti
1803 5502 1965 5575 ejus':

1078 5597 1211 5647 Nunc
1234 5599 1328 5647 divi
1356 5599 1583 5659 principis
1613 5598 1743 5644 illum

765 5656 1013 5719 Purpureo
1036 5662 1082 5710 in
1108 5662 1296 5720 gremio
1319 5656 1573 5720 spoliatum
1598 5668 1731 5707 sorte
1756 5658 1897 5706 virili.

576 5736 967 5807 Ilieodabadus
1007 5740 1147 5793 enim
1192 5740 1336 5806 regia
1378 5742 1544 5807 stirpe
1583 5747 1734 5793 ortus
1776 5746 1920 5801 erat,
1955 5753 2147 5804 iieinpc

579 5804 893 5863 Theudorici
919 5826 983 5864 ex
1005 5825 1192 5865 sorore
1213 5804 1550 5864 Aiualafrcda
1579 5824 1767 5878 nepos,
1793 5808 2021 5878 l’rucop.
2047 5809 2142 5863 lib.

2254 4606 2468 4681 βασιλέα
2489 4607 2725 4681 {imperat
2749 4608 2878 4681 μετὰ
2899 4605 3564 4681 παρῤησίαςῼᾷεαλὶγερςὸᾳι,
3590 4606 3852 4681 ﬁgmenta;

2256 4672 2499 4753 xioiiaoai'
2531 4672 2761 4753 ρᾐαιζιζ
2789 4672 3147 4753 Piirpu'ratum
3171 4672 3373 4753 _lilium'
3400 4672 3547 4753 dixit
3590 4672 3852 4753 librinse-

2254 4741 2466 4812 liuentis
2496 4741 2653 4815 epist.
2686 4744 2736 4799 1.
2784 4741 3045 4800 Crebrum
3075 4752 3129 4799 et
3171 4745 3295 4815 huic
3323 4744 3541 4798 auctori
3591 4741 3856 4815 familiare

2257 4813 2583 4884 epithetum,
2610 4830 2732 4869 cum
2777 4815 2905 4884 quid
2935 4815 3140 4869 illustre
3185 4814 3502 4884 regium_que
3540 4813 3852 4884 signiticet;

2356 4891 2412 4965 et
2453 4883 2696 4965 [Ennodio
2724 4886 2777 4939 in
2796 4882 3140 4965 panegyrista
3167 4900 3327 4965 quem
3360 4882 3727 4965 Theoderico
3756 4882 3854 4965 regi

2261 4953 2394 5008 dixit
2426 4972 2438 5006 :
2473 4953 2631 5020 Usus,
2672 4953 2861 5023 inquit,
2905 4953 3090 5025 iii_'15

2260 5040 2379 5105 rum
2428 5032 2901 5105 teste_purpurato.
2947 5023 3111 5080 Et’su

3177 4951 3389 5008 tuorum
3422 4953 3597 5007 Iidem
3641 4951 3860 5008 merito-

3195 5022 3352 5077 linem
3390 5041 3403 5075 :
3437 5020 3677 5077 Utinam
3718 5021 3859 5074 aurei

2261 5088 2605 5175 bona_sa3culi
2634 5088 2983 5175 purpuratum
3013 5102 3159 5175 exule
3188 5100 3365 5175 regem
3393 5092 3729 5175 ampliﬁcet.
3754 5088 3859 5175 liti-

2262 5179 2385 5216 nam
2411 5164 2579 5218 haeres
2607 5160 2755 5232 regni
2781 5164 2831 5216 in
2864 5165 2967 5218 tuis
2994 5165 3197 5219 sinibus
3220 5160 3388 5232 ludat,
3412 5160 3552 5227 etc.,
3582 5178 3737 5231 ξιιμ,
3769 5160 3860 5232 lib.

2260 5249 2343 5303 is,
2374 5233 2527 5302 epist.
2584 5230 2691 5298 24,
2715 5242 2770 5303 et
2809 5233 2925 5303 liba
2951 5244 3019 5295 x,‘
3064 5234 3220 5303 epist.
3252 5231 3325 5303 _l.
3371 5230 3722 5303 Procopius,
3767 5230 3864 5286 sub

2261 5300 2422 5357 linem
2443 5303 2531 5357 lib.
2564 5319 2601 5356 ii
2625 5303 2691 5358 de
2718 5302 2866 5358 Bello
2890 5300 3186 5359 Gothorum
3211 5320 3223 5354 :
3252 5300 3704 5359 Theudibaldum
3730 5314 3864 5355 corn

2261 5375 2406 5427 muni
2452 5374 2689 5427 omnium
2718 5373 3015 5429 Gothorum
3042 5386 3303 5429 consensu
3340 5385 3411 5425 ex
3455 5368 3697 5425 Verona
3725 5370 3866 5424 acci-

2254 5452 2368 5497 tum
2398 5452 2454 5497 et
2477 5444 2544 5497 ad
2572 5458 2632 5499 se
2658 5444 2964 5499 venientem
2986 5444 3167 5498 statim
3197 5449 3348 5497 veste
3371 5455 3664 5509 purpurea
3693 5440 3863 5493 dona—

2252 5514 2348 5581 vit,
2375 5527 2665 5581 regemque
2679 5530 2797 5567 cum
2818 5513 3140 5567 adstantium
3164 5510 3563 5579 acclamatione
3583 5520 3647 5565 et
3671 5510 3867 5579 plausu

2252 5580 2481 5637 creavit.
2517 5582 2683 5648 Plin.,
2730 5584 2822 5638 lib.
2856 5597 2985 5645 xxii,
3029 5581 3259 5637 Coccum
3292 5581 3679 5648 imperatoriis
3719 5580 3864 5648 diu-

2254 5660 2366 5707 tum
2398 5651 2787 5721 paludamentis
2808 5652 3023 5716 scribit;
3054 5665 3157 5720 qua
3180 5659 3326 5721 veste
3354 5647 3410 5703 et
3435 5648 3627 5721 duc_es
3659 5647 3867 5702 εχει-(δὶα

2254 5717 2413 5777 ιυιωί
2434 5722 2581 5791 ιιιλίυε
2608 5739 2733 5779 usos
2764 5717 3088 5778 Plutarchus
3107 5720 3160 5776 in
3179 5718 3373 5776 Crasso
3402 5718 3496 5772 ait.
3538 5717 3798 5775 Forsan.
