3990 6170
148 350 262 408 79⁸1

1429 352 1792 412 VARIARUM
1833 351 2036 410 LIBER
2073 354 2142 411 Χ.

3327 366 3436 426 798

150 465 320 529 sumi,
343 466 564 535 quando
588 475 642 522 et
668 482 769 524 nos
792 483 894 539 pro
920 468 1185 528 desiderio
1212 478 1394 527 vestro
1423 470 1475 527 in
1504 470 1589 533 his
1615 480 1752 539 quos
1764 471 1827 529 ,Α
1856 472 2043 523 utnon
2062 466 2313 524 maeroris
2333 468 2413 523 sui
2435 482 2647 537 causas,
2669 466 2763 525 sed
2788 476 2961 526 vestra
2977 470 3159 541 potius
3179 486 3436 543 augmen-

147 559 581 619 commendastis
610 560 736 616 talia
778 560 1002 620 facimus
1027 563 1206 634 qualia
1244 579 1344 621 vos
1383 578 1628 635 sperasse
1655 579 1750 621 co-

148 662 463 718 gnovunus.

737 784 1069 843 EPISTOLA
1105 784 1169 843 ll.

340 888 643 931 JUS'HNIANO
670 892 994 933 ωρεκΑτοιιι
1023 892 1403 935 τιιῑοῡΑΗΑιδυε
1432 886 1577 933 ΒΕΧ(

156 962 447 1035 Signiﬁcat
473 981 529 1019 se
569 965 632 1017 ab
661 964 1040 1039 Amalesuntlm
1066 969 1125 1039 in,
1148 969 1341 1023 socium
1373 971 1519 1039 regni
1548 984 1750 1023 assunt—

445 1045 621 1105 ptum,
652 1046 702 1097 et
731 1038 856 1106 petit
885 1046 943 1090 ut
961 1038 1161 1109 judicio
1186 1054 1278 1092 suo
1307 1038 1497 1111 faveat.

229 1144 399 1201 Novis
425 1146 642 1215 regibus
684 1163 803 1225 mos
824 1158 907 1225 est
951 1157 983 1187 ειη
1008 1128 1107 1219 per
1143 1150 1380 1206 diversas
1405 1156 1592 1220 gentes
1621 1164 1752 1220 pro-

132 1246 355 1294 vectus
403 1239 489 1292 sui
540 1223 735 1307 gaudia
765 1223 1041 1304 nuntiare,
1084 1248 1147 1295 ut
1172 1242 1452 1311 acquirant
1498 1238 1749 1296 allectum

163 1327 426 1398 principis
443 1328 653 1382 externi
669 1328 738 1383 de
760 1328 871 1399 ipsa
896 1318 1275 1408 communione
1296 1330 1573 1400 regnandi.
1596 1328 1752 1396 Quod

162 1420 386 1475 facienti
432 1419 582 1486 mihi,
615 1420 854 1491 piissime
895 1421 1209 1491 imperator,
1238 1423 1407 1476 multo
1437 1422 1628 1477 melius
1657 1421 1751 1475 Di-

159 1509 290 1563 vina
318 1509 619 1564 tribuerunt
650 1527 664 1563 :
695 1510 948 1579 quoniam
1001 1518 1229 1566 vestram
1257 1511 1483 1579 gratiam
1532 1526 1754 1567 securus

162 1608 387 1671 expeto,
418 1615 580 1669 quam
621 1600 1171 1670 prmcellentissimam
1212 1601 1464 1657 domnam
1504 1612 1750 1658 sororem

163 1699 415 1747 nostram
442 1690 596 1746 vobis
625 1689 893 1761 pepigisse
917 1705 1211 1759 cognosco.
1243 1691 1324 1746 Ab
1353 1691 1468 1760 ejus
1495 1692 1639 1746 enim
1663 1690 1752 1761 ju-

132 1784 314 1839 dicio
353 1798 441 1841 me
494 1782 801 1837 nullatenus
838 1783 1054 1838 deviare
1094 1783 1452 1838 certissimum
1496 1790 1598 1849 est,
1629 1798 1749 1853 quae

162 1884 319 1932 tanta
342 1875 618 1946 sapientiae
642 1875 762 1932 luce
788 1876 1126 1946 resplendet,
1169 1885 1229 1931 ut
1254 1884 1308 1931 et
1336 1874 1550 1947 propria
1580 1888 1743 1944 regna

161 1969 399 2025 mirabili
447 1969 798 2039 dispositione
836 1976 1148 2038 componat,
1192 1976 1248 2023 et
1272 1969 1590 2039 promissam
1614 1984 1748 2022 cun-

161 2060 268 2116 ctis
295 2059 522 2127 gratiam
563 2059 784 2114 robusta
813 2055 1065 2113 ﬁrmitate
1091 2058 1381 2131 custodiat.
1433 2057 1562 2113 Ideo
1602 2057 1746 2112 enim

138 2200 141 2203 λ
168 2165 261 2205 me
289 2161 538 2206 curarum
576 2164 796 2205 suarum
822 2149 949 2205 fecit
991 2163 1108 2205 esse
1148 2150 1374 2218 socium,
1403 2157 1666 2219 quatenus
1693 2156 1748 2204 et

164 2255 272 2311 ego
333 2241 454 2295 illos
493 2239 794 2295 desiderem
844 2239 1045 2295 habere
1093 2239 1438 2305 reverendos,
1489 2254 1623 2308 quos
1647 2241 1748 2295 sibi

165 2331 285 2400 ipsa
316 2329 440 2391 fecit
463 2345 585 2385 esse
613 2330 867 2400 paciﬁcos
893 2348 908 2383 :
944 2329 1242 2401 prudentia:
1280 2345 1389 2385 sua:
1417 2345 1568 2384 more
1612 2328 1749 2398 diju—

136 2446 139 2451 -
167 2420 380 2489 dicans,
409 2429 468 2475 ut
496 2421 681 2476 talium
704 2421 967 2477 amicitias
997 2422 1238 2490 eligeret,
1270 2422 1361 2491 qui
1388 2421 1443 2476 in
1472 2430 1588 2476 toto
1615 2423 1749 2477 orbe

165 2512 343 2579 simile
357 2512 432 2567 nil
448 2514 737 2569 haberent.
751 2513 937 2584 Neque
957 2514 1101 2568 enim
1124 2529 1263 2569 nova
1279 2521 1363 2569 est
1380 2515 1477 2569 ista
1502 2513 1746 2581 dilectio;

168 2618 295 2659 nam
315 2605 362 2659 si
388 2605 732 2661 decessurum
760 2613 1066 2661 nostrorum
1088 2604 1237 2677 [Ms.,
1260 2605 1581 2677 vestrorum]
1608 2606 1750 2662 facta

166 2695 444 2760 recolatis,
475 2697 769 2765 agnoscitis
789 2696 1073 2768 quamdam
1102 2712 1220 2753 esse
1241 2696 1645 2753 consuetudinis
1673 2698 1750 2764 le-

166 2801 292 2856 gem
309 2827 325 2849 ,
353 2801 474 2843 cum
525 2788 617 2843 illo
642 2788 870 2858 imperio
926 2789 1213 2843 amicitiam
1241 2789 1266 2828 δ
1296 2789 1513 2844 Amalos
1539 2805 1752 2860 semper

170 2878 444 2933 habuisse.
477 2876 608 2944 Quae
652 2885 803 2934 tanto
844 2879 1060 2945 certior,
1093 2889 1292 2949 quanto
1318 2880 1597 2949 vetustior,
1628 2882 1752 2951 quia

171 2967 330 3023 facile
381 2970 580 3022 mutari
627 2984 733 3024 non
780 2977 961 3040 potest
992 2981 1014 3010 ο
1065 2971 1206 3041 quod
1252 2986 1349 3041 per
1375 2972 1530 3041 longa
1559 2973 1752 3029 saecula

170 3060 487 3115 custoditur.
522 3059 790 3130 Suscipite
820 3062 998 3131 itaque
1039 3061 1344 3117 aﬂ'cctuosis
1390 3065 1658 3119 mentibus
1698 3073 1755 3120 et

171 3158 358 3206 nostra
384 3150 699 3219 primordia,
727 3159 783 3206 et
818 3150 1029 3206 domnae
1057 3153 1257 3208 sororis
1285 3161 1499 3218 nostra},
1526 3154 1608 3208 cui
1639 3154 1752 3208 sin-

170 3239 435 3307 gulariter
462 3240 702 3307 studetis,
729 3239 932 3309 judicio
961 3240 1157 3296 favete.
1179 3242 1310 3297 Nam
1331 3244 1378 3297 si
1402 3259 1488 3297 me
1512 3244 1757 3299 similiter

172 3331 421 3401 diligitis,
474 3344 653 3401 regem
681 3331 1081 3400 quodammodo
1127 3333 1328 3402 pariter
1372 3333 1602 3388 efﬁcitis.
1650 3333 1758 3389 Sed

136 3472 143 3477 .
171 3424 429 3492 quoniam
456 3438 559 3478 nos
583 3424 810 3492 amplius
836 3423 983 3492 loqui
1012 3424 1273 3479 desideria
1305 3426 1558 3479 novitatis
1586 3439 1756 3495 expo-

171 3522 349 3579 scunt,
402 3522 458 3569 et
499 3514 794 3570 litterarius
842 3530 1020 3570 sermo
1068 3531 1288 3571 narrare
1334 3517 1619 3586 plurimum
1649 3533 1758 3573 non

174 3605 405 3675 patitur,
451 3605 574 3660 ideo
601 3606 762 3660 tantis
807 3607 1013 3661 meritis
1044 3606 1203 3678 (sicut
1230 3606 1580 3678 dignum‘est)
1610 3608 1758 3662 salu—

177 3695 403 3750 tationis
427 3695 637 3750 honore
660 3697 955 3767 completo,
977 3697 1167 3751 harum
1196 3698 1546 3767 portitoribus
1574 3698 1760 3767 legatis

176 3788 383 3840 nostris
406 3784 586 3854 aliqua
615 3786 798 3855 pietati
829 3798 1019 3843 vestrae
1040 3787 1407 3855 'delegavlmus
1434 3790 1759 3860 intimanda,

177 3875 305 3946 quia
334 3890 498 3931 nemo
526 3877 709 3933 utilius
739 3886 935 3933 tractat
981 3895 1142 3947 quam
1171 3880 1262 3948 qui
1292 3888 1483 3936 vestrae
1510 3896 1761 3937 mansue-

178 3965 352 4022 tudini
380 3969 719 4026 committere
745 3985 843 4025 sua
870 3978 995 4043 vota
1025 3971 1304 4027 deliberat.

735 4101 1069 4158 EPISTOLA
1105 4104 1192 4159 ΙΙΙ.

363 4206 589 4248 εεωτυι
614 4209 763 4249 UBBIS
790 4210 946 4250 BOIhE
972 4211 1356 4253 AMALASUNTIIA
1383 4214 1593 4255 BEGINA.

182 4280 477 4359 Denuutiqt
498 4300 553 4338 se
578 4286 630 4339 in
662 4282 955 4359 societatem
986 4286 1130 4359 regni
1164 4286 1561 4344 Tlieodalladum
1590 4291 1765 4347 multis

254 4354 548 4426 virtutibus,
595 4357 756 4426 multa
804 4354 1061 4426 supientid
1099 4369 1403 4411 exornatum
1449 4376 1685 4426 vocasse;
1716 4372 1765 4415 et

251 4424 383 4490 petit
400 4434 457 4477 ut
485 4424 581 4477 hac
603 4425 667 4479 de
689 4442 848 4479 causa
867 4424 1075 4497 gratias
1111 4426 1219 4480 Deo
1248 4430 1496 4498 referant.

1858 564 1911 611 ta
1936 559 2216 627 cogitaret.
2262 558 2614 625 Qutesivimus
2638 560 2845 630 regales
2888 576 3043 616 curas
3087 576 3195 631 quo
3242 564 3439 619 solatio

1855 647 2188 704 fulciremus.
2215 648 2321 704 Sed
2351 657 2540 705 auctor
2569 649 2660 705 ille
2686 650 2950 706 castitatis
2975 659 3031 705 et
3054 652 3434 708 misericordia:

1857 741 2169 811 singularis,
2208 741 2302 811 qui
2347 741 2504 797 nobis
2547 741 2861 812 primmvum
2899 742 3270 797 subtracturus
3317 748 3436 799 erat

1854 833 2042 901 lilium,
2069 834 2264 888 maturi
2295 832 2473 888 fratris
2513 833 2807 889 reservavit
2841 832 3112 888 allectum.
3143 831 3431 902 Elegimus,

1853 922 1967 980 Deo
1996 925 2235 994 auspice,
2267 930 2575 979 consortem
2615 923 2766 991 regni
2797 922 3156 978 felicissimum
3185 921 3435 979 Theode—

1852 1012 2049 1066 hadum
2090 1012 2252 1082 (Vide
2279 1012 2474 1067 Baron.
2506 1020 2628 1066 tom.
2663 1011 2752 1066 VII
2779 1012 2997 1078 Annal.,
3033 1028 3154 1082 pag.
3186 1009 3343 1082 2‘26);
3375 1020 3435 1067 ut

1851 1117 1970 1172 qua:
1997 1102 2257 1158 hactenus
2285 1102 2594 1171 reipublica:
2616 1101 2814 1156 molem
2844 1102 3080 1157 solitaria
3108 1102 3435 1170 cogitatione

1854 1192 2191 1262 pertulimus,
2224 1206 2367 1245 nunc
2404 1191 2662 1245 utilitates
2686 1191 2923 1247 omnium
2958 1189 3158 1259 junctis
3199 1190 3434 1246 consiliis

1853 1298 2244 1353 exsequamur;
2274 1291 2542 1353 quatenus
2567 1283 2622 1337 in
2649 1282 2964 1337 tractatibus
2987 1282 3114 1346 duo,
3141 1282 3195 1336 in
3216 1290 3434 1338 senten-

1834 1377 1940 1441 tiis
1978 1393 2115 1432 unus
2137 1393 2258 1433 esse
2300 1378 2595 1433 videamur.
2625 1376 2783 1432 Astra
2822 1378 2935 1448 ipsa
2964 1378 3084 1434 εαξΙὶ
3128 1385 3313 1433 mutuo
3342 1392 3431 1432 re-

1850 1481 2046 1542 guntur
2066 1473 2286 1539 auxilio,
2317 1481 2372 1528 et
2395 1473 2598 1527 vicario
2621 1472 2804 1528 labore
2831 1473 3149 1542 participata
3176 1471 3431 1526 mundum

1851 1563 1963 1619 suis
1990 1563 2278 1621 luminibus
2303 1562 2702 1618 administrant.
2730 1561 2835 1632 Ipsi
2864 1576 3078 1632 quoque
3108 1561 3313 1615 homini
3334 1560 3433 1615 du-

1850 1654 2018 1725 plices
2046 1669 2265 1719 manus,
2312 1654 2485 1709 socias
2514 1667 2700 1715 aures,
2747 1652 2934 1707 oculos
2975 1652 3217 1720 geminos
3247 1651 3432 1704 Divina

1855 1744 2193 1809 tribuerunt;
2241 1751 2300 1798 ut
2347 1743 2621 1798 robustius
2649 1751 2998 1813 perageretur
3025 1740 3258 1797 ofticium
3288 1740 3435 1810 quod

1762 1824 1824 1884 Β
1851 1832 2078 1888 duorum
2129 1832 2304 1886 fuerat
2356 1832 2616 1887 societate
2667 1831 3063 1902 complendum.
3114 1829 3430 1898 Exsultate,

1846 1927 2029 1991 patres
2053 1922 2366 1991 conscripti,
2412 1930 2467 1977 ct
2496 1920 2691 1977 factum
2739 1930 2983 1977 nostrum
3013 1923 3258 1991 supernis
3282 1936 3431 1976 com-

1846 2010 2099 2066 mendate
2120 2013 2422 2067 virtutibus.
2452 2013 2588 2067 Nihil
2615 2013 3036 2084 reprehensibile
3063 2012 3430 2070 desideramus

1848 2113 2037 2169 agere,
2069 2116 2187 2170 quae
2232 2117 2352 2157 cum
2393 2102 2617 2156 consilio
2645 2102 2865 2157 alterius
2903 2109 3095 2157 cuncta
3135 2101 3429 2169 delegimus

1848 2192 2117 2247 ordinare.
2149 2191 2471 2246 Communia
2512 2192 2775 2262 siquidem
2811 2192 2960 2260 regni
2999 2207 3177 2247 mores
3214 2193 3424 2257 asserit,

1848 2282 2064 2351 quando
2094 2282 2375 2351 placabilis
2413 2298 2533 2338 esse
2567 2283 2712 2353 juste
2740 2285 2994 2349 creditur,
3024 2284 3114 2354 qui
3144 2286 3427 2354 potestatis

1848 2388 1960 2429 suae
2004 2373 2204 2429 habere
2242 2374 2558 2445 participem
2604 2375 3004 2444 comprobatur.
3054 2374 3428 2430 Reseravimus

1849 2464 2057 2534 itaque,
2087 2463 2199 2518 Deo
2220 2463 2471 2533 juvante,
2500 2464 2697 2534 palatia
2723 2466 2843 2520 viro
2871 2465 3037 2520 nostri
3065 2464 3280 2533 generis
3318 2464 3428 2520 cla-

1848 2556 2011 2611 ritate
2050 2556 2343 2626 conspicuo
2364 2598 2381 2624 ,
2428 2557 2519 2627 qui
2548 2557 2860 2612 Amalorum
2889 2558 3057 2627 stirpe
3094 2557 3425 2626 progenitus,

1849 2645 2087 2714 regalem
2131 2645 2330 2700 habeat
2373 2646 2426 2699 in
2480 2646 2691 2702 actibus
2737 2646 3092 2716 dignitatem:
3122 2648 3332 2717 patiens
3375 2648 3429 2701 in

1851 2736 2112 2804 adversis,
2141 2737 2453 2792 moderatus
2483 2738 2536 2792 in
2565 2739 2836 2808 prosperis
2861 2756 2875 2805 ;
2906 2747 2981 2804 et,
3010 2738 3155 2809 quod
3181 2738 3429 2794 diilicilli-

1852 2843 1998 2881 mum
2027 2828 2312 2898 potestatis
2350 2842 2519 2896 genus
2546 2837 2650 2898 est,
2681 2830 2809 2885 olim
2848 2838 3031 2885 rector
3053 2830 3156 2884 sui.
3189 2830 3432 2885 Accessit

1851 2917 1936 2973 his
1956 2918 2113 2973 bonis
2136 2918 2506 2977 desiderabilis
2549 2920 2779 2975 eruditio
2825 2922 3146 2985 litterarum,
3198 2937 3319 2992 qua:
3345 2938 3435 2977 na-

1808 3058 1819 3065 .
1852 3017 2027 3063 turam
2049 3007 2370 3064 laudabilem
2390 3011 2585 3067 eximie
2605 3009 2779 3065 reddit
2789 3020 3035 3065 ornatam
3049 3008 3096 3063 ἀ.
3112 3010 3189 3064 Ibi
3203 3012 3435 3080 prudens

1854 3099 2085 3162 invenit,
2136 3099 2277 3156 unde
2321 3100 2617 3170 sapientior
2666 3100 2792 3163 fiat;
2842 3102 2913 3156 ibi
2954 3101 3186 3156 bellator
3211 3092 3441 3173 reperit,

1782 3202 1827 3266 ρ
1858 3191 1998 3245 unde
2028 3191 2190 3244 animi
2221 3191 2419 3247 virtute
2445 3192 2729 3247 roboretnr
2757 3210 2771 3246 :
2801 3192 2925 3248 inde
2951 3195 3198 3264 princeps
3242 3196 3436 3264 accipit

1860 3279 2311 3346 quemadmodum
2365 3280 2592 3352 populos
2637 3281 2737 3337 sub
2776 3282 3083 3353 aequalitate
3111 3294 3434 3354 componat;

1860 3383 1962 3424 nec
1986 3369 2165 3439 aliqua
2193 3369 2246 3423 in
2276 3371 2474 3425 mundo
2497 3378 2674 3439 potest
2700 3387 2818 3428 esse
2843 3373 3073 3438 fortuna,
3103 3389 3266 3443 quam
3295 3376 3439 3430 litte-

1860 3473 2042 3512 rarum
2086 3473 2192 3513 non
2237 3467 2431 3526 augeat
2475 3459 2709 3527 gloriosa
2766 3462 2980 3516 notitia.
3028 3463 3269 3532 Accipite
3296 3465 3439 3533 quod

1862 3545 2037 3614 majus
2063 3547 2428 3614 generalitatis
2457 3556 2581 3602 vota
2608 3559 2941 3606 meruerunt.
2989 3551 3237 3620 Princeps
3262 3560 3440 3606 vester

1864 3636 2025 3690 etiam
2058 3636 2440 3692 ecclesiasticis
2468 3645 2550 3691 est
2579 3637 2772 3691 litteris
2818 3639 3060 3695 eruditus
3092 3650 3114 3678 ε
3143 3657 3155 3694 :
3187 3656 3218 3694 a
3246 3642 3439 3709 quibus

1860 3742 2074 3797 semper
2095 3727 2351 3796 quidquid
2372 3735 2454 3782 est
2480 3742 2579 3798 pro
2608 3728 2827 3783 homine
2854 3728 3002 3801 [Ed.,
3035 3730 3260 3802 honore]
3289 3747 3439 3787 com—

1859 3832 2139 3873 monemur
2169 3836 2180 3869 :
2206 3818 2451 3886 judicare
2480 3827 2647 3885 recte,
2676 3820 2873 3875 bonum
2910 3836 3122 3891 sapere,
3153 3822 3329 3877 divina
3355 3838 3441 3879 ve-

1861 3910 2062 3977 nerari,
2096 3908 2270 3975 futura
2300 3910 2540 3977 cogitare
2582 3908 2802 3980 judicia.
2845 3910 3076 3967 Necesse
3104 3920 3188 3968 est
3209 3912 3352 3967 enim
3381 3922 3440 3967 ut

1838 4008 2111 4075 sequatur
2148 3999 2368 4070 justitia‘.
2412 4002 2726 4071 vestigium,
2771 4003 2861 4071 qui
2912 4002 2980 4057 de
3027 4019 3124 4059 sua
3173 4005 3440 4059 sententia

1863 4106 2081 4147 causam
2108 4107 2167 4146 se
2196 4091 2365 4147 credit
2392 4107 2513 4151 esse
2552 4092 2841 4150 dicturum.
2873 4093 3106 4150 Viderim
3133 4110 3252 4164 quae
3281 4094 3441 4150 lectio

1865 4192 2024 4239 acuat
2046 4185 2338 4252 ingenium,
2369 4185 2549 4240 divina
2576 4201 2788 4255 semper
2814 4187 3028 4243 efﬁcere
3055 4188 3245 4243 nititur
3270 4188 3440 4257 pium.

1872 4273 2157 4329 Veniamus
2183 4274 2252 4328 ad
2276 4274 2421 4329 illam
2444 4277 2662 4345 privatae
2680 4276 2929 4333 Ecclesiae
2953 4278 3304 4346 largissimam
3334 4278 3443 4333 fru-

1864 4366 2137 4435 galitatem
2160 4405 2173 4429 ,
2222 4380 2341 4434 qua:
2370 4373 2572 4420 tantam
2620 4367 2944 4435 procurabat
2983 4367 3138 4421 donis
3164 4366 3445 4421 abundan-

1866 4442 1995 4510 tiam
2011 4495 2025 4518 ,
2058 4455 2316 4510 conviviis
2336 4456 2545 4525 copiam
2562 4493 2576 4517 ,
2624 4464 2683 4509 ut
2711 4456 3051 4511 considerato
3074 4455 3191 4525 ejus
3215 4457 3441 4526 antiquo

258 4531 391 4589 Post
416 4532 647 4590 ﬂebilem
692 4535 785 4592 lilii
827 4540 996 4594 nostri
1027 4538 1161 4593 diva:
1187 4540 1573 4597 recordationis
1601 4559 1760 4599 occa-
1787 4563 1841 4622 D
1863 4547 2039 4605 studio
2071 4547 2200 4600 nihil
2226 4548 2351 4601 novi
2374 4548 2575 4602 habere
2594 4547 2837 4601 videatur
2864 4547 2917 4600 in
2947 4561 3133 4615 regno.
3159 4544 3217 4603 lu
3260 4548 3444 4618 hospi-

179 4638 328 4694 tum,
348 4626 479 4681 vicit
504 4626 740 4682 animum
780 4630 881 4699 pia:
906 4631 1091 4686 matris
1117 4631 1477 4700 generalitatis
1502 4631 1711 4692 allectio
1736 4654 1751 4705 ;

261 4859 289 4888 ι
326 4847 484 4919 Hunc
523 4864 729 4905 morem
773 4857 1002 4905 testatur
1047 4851 1085 4905 l.
1134 4850 1258 4919 ult.,
1307 4850 1387 4904 tit.
1419 4852 1541 4918 ult.,
1569 4850 1664 4907 lib.
1694 4870 1771 4909 xu

183 4918 325 4990 Cod.
362 4917 739 4990 Philostratus,
768 4920 860 4973 lib.
893 4937 920 4972 v
946 4920 1011 4975 de
1040 4907 1310 4990 Apollonii
1338 4920 1478 4987 Vita,
1510 4907 1577 4977 de
1600 4907 1772 4979 uera;

181 4991 274 5046 nis
316 4989 665 5064 inucanendo
682 4989 928 5064 victoria,
960 4989 1222 5064 ερᾳγγᾶια
1246 4994 1407 5064 eaea;
1438 5007 1691 5064 eosensu
1721 4995 1767 5064 ρε

184 5060 581 5131 ζπᾳ-γγὲᾌλοντες
610 5062 704 5131 rei;
736 5063 961 5131 χᾲριτας
990 5058 1238 5131 dicuntur
1258 5074 1305 5114 'a
1346 5058 1687 5117 Theodoreto
1716 5063 1771 5118 in

183 5112 491 5199 mersum
510 5112 776 5199 ίΡΞιιὶιίὶιεῖ
786 5112 1270 5184 assignatam.

259 5197 291 5270 Ρ
320 5196 566 5270 Epistula
584 5198 679 5252 ult.
708 5198 802 5255 lib.
833 5200 1154 5270 superioris;
1186 5200 1276 5253 lib.
1304 5214 1414 5265 τω,
1444 5200 1599 5270 epist.
1632 5198 1684 5267 5,
1717 5208 1774 5255 et

185 5265 479 5340 epist:'seq
527 5265 692 5323 Fons.

266 5336 617 5411 ¢__Certe_non
647 5337 827 5411 debet,
856 5338 895 5392 l.
936 5336 1029 5401 32,
1056 5336 1154 5411 _De
1191 5338 1399 5411 quibus;
1432 5339 1475 5411 l_.
1513 5353 1669 5411 seq.,_
1697 5337 1773 5393 De

469 5406 613 5479 Nam
649 5407 702 5479 in
745 5408 906 5462 rebus
945 5408 1098 5479 novis
1124 5406 1511 5479 constituendis
1555 5406 1775 5479 evidens

189 5476 413 5533 utilitas
433 5490 555 5549 esse
582 5476 760 5541 debet,
792 5486 850 5549 ut
877 5478 1161 5549 recedatur
1184 5479 1251 5532 ab
1279 5492 1345 5532 eo
1362 5478 1485 5547 jure
1510 5479 1653 5549 quod
1680 5478 1770 5549 diu

188 5561 411 5618 Qquum
450 5546 777 5618 visum_est,
811 5547 845 5601 Ι.
877 5546 927 5610 2.
960 5546 1040 5601 De
1080 5557 1242 5618 Const.
1288 5546 1775 5618 princip.7'Concilii

190 5614 400 5695 Ni'qnni
444 5631 569 5695 cap.
626 5616 717 5695 6“:
757 5620 830 5672 τά
878 5622 1085 5692 ἀρχαῖα
1129 5617 1212 5677 ἔθη
1253 5614 1492 5695 apaula.
1511 5617 1774 5674 Locorum

190 5631 400 5675 manu:
447 5631 510 5671 ea
555 5654 569 5668 .
626 5631 661 5669 υ
704 5635 717 5669 :
757 5631 821 5672 Td

190 5687 333 5743 satis
359 5694 491 5741 nota
515 5631 625 5740 rex.
656 5685 821 5741 Fons.

270 5756 297 5794 ά
324 5754 382 5809 in
419 5756 701 5811 consilium
741 5756 971 5809 libenter
1017 5754 1326 5813 admittendi
1363 5767 1489 5815 sunt
1526 5756 1770 5824 litterati,

198 5824 301 5884 sed
325 5824 421 5895 qui
463 5839 572 5881 non
614 5824 721 5880 sint
767 5825 868 5881 hoc
909 5833 1114 5882 tantum
1154 5842 1374 5886 munere
1402 5828 1638 5903 pctediti;
1686 5837 1769 5883 et-

1861 4637 2066 4694 talitate
2092 4645 2392 4708 promptus,
2424 4638 2480 4692 in
2519 4636 2863 4693 miseratione
2886 4637 3188 4707 piissimus;
3218 4639 3296 4696 sic
3321 4655 3444 4695 cum

1875 4857 2018 4929 enim
2048 4858 2138 4929 qui
2163 4858 2277 4913 sola
2307 4866 2363 4914 et
2392 4858 2529 4912 nuda
2569 4858 2666 4929 ista
2706 4857 3005 4915 litterarum
3052 4859 3357 4928 cognitione
3386 4877 3445 4917 se

1869 4926 2098 4995 iactant,
2139 4929 2296 4984 valde
2338 4928 2630 4998 repellendi
2678 4939 2824 4995 sunt,
2860 4945 2962 4984 nec
2990 4926 3284 4986 doctissimi
3330 4931 3447 4998 plc-

1873 5013 2099 5069 rumque
2136 5015 2351 5067 semper
2386 5000 2455 5054 ad
2501 5000 2884 5068 rempublicam
2929 5000 3059 5069 apti.
3106 4999 3335 5055 Necesse
3362 5008 3449 5054 est

1874 5067 2051 5122 adsint
2075 5069 2189 5123 aliae
2210 5069 2371 5123 animi
2398 5069 2574 5136 dotes,
2598 5084 2808 5138 nempe,
2841 5078 2899 5123 ut
2925 5067 3033 5124 sint
3059 5069 3169 5134 lidi,
3196 5069 3308 5125 sive
3336 5070 3445 5124 vita

1873 5138 2049 5207 probi,
2088 5139 2376 5207 prudentes
2414 5140 2661 5207 universe
2706 5146 2760 5192 et
2788 5139 3055 5207 distincte,
3098 5147 3257 5193 actate
3285 5153 3447 5207 grau-

1875 5205 1990 5272 des,
2022 5205 2198 5276 sortis!
2220 5206 2494 5276 utriusque
2522 5208 2703 5276 gnari;
2747 5218 2801 5261 ct
2840 5217 2900 5260 ut
2932 5206 3259 5263 Mithridates
3284 5205 3352 5263 de
3386 5224 3446 5264 sc

1879 5276 1955 5329 ait
1983 5295 1996 5329 :
2024 5276 2148 5331 Mihi
2176 5274 2421 5340 fortuna,
2440 5274 2622 5332 multis
2648 5278 2810 5333 rebus
2855 5278 3074 5343 ereptis,
3116 5293 3270 5333 usum
3297 5279 3447 5335 dedit

1877 5345 2014 5399 bene
2043 5346 2319 5401 suadendi.
2349 5346 2533 5401 Bnoss.
2923 5368 2941 5401 κ

1954 5426 1976 5454 ο
2001 5414 2252 5483 Procop.,
2286 5416 2379 5470 lib.
2406 5433 2442 5480 ι,
2468 5414 2653 5469 scribit
2681 5414 3035 5479 Theodatum,
3077 5431 3171 5472 seu
3194 5417 3444 5473 Theuda-

1880 5485 2096 5548 hadum,
2144 5484 2439 5538 litterarum
2474 5484 2777 5539 Latinarum
2825 5494 2879 5539 et
2920 5484 3316 5541 Platonicorum
3346 5488 3446 5541 do-

1879 5562 2114 5622 gmatum
2143 5555 2372 5622 peritum
2404 5554 2596 5613 fuisse:
2648 5556 2844 5608 nullam
2875 5556 3158 5624 theologia:
3183 5557 3444 5624 cognitio-

1880 5640 2003 5679 nem
2036 5624 2247 5689 tribuit;
2278 5624 2569 5693 disciplina:
2597 5624 2841 5679 militaris
2867 5635 3162 5695 expertem,
3192 5635 3247 5681 et
3282 5642 3445 5694 pecu-

1878 5695 2084 5751 niarum
2123 5695 2485 5766 cogendagum
2523 5704 2577 5749 et
2604 5696 2996 5766 possessionum
3042 5697 3451 5753 accutnulauda-

1878 5779 1995 5821 rum
2025 5762 2341 5821 studiosum.
2372 5763 2541 5821 Fons.
