3990 6170
532 317 636 373 799
1661 275 1672 281 ’
1747 305 1816 359 Μ.
1855 299 2135 358 AUltELll

2255 295 2575 356 tSSlODORl
3703 296 3789 352 800

532 434 699 485 multa
729 427 1078 500 expenderet,
1100 438 1295 481 census
1314 422 1430 494 ejus
1451 419 1660 476 cmlesti
1690 414 2128 473 remuneratione
2161 419 2205 474 Α
2234 421 2451 484 quater.
2501 411 2619 466 Non
2648 409 2908 465 dubitavit
2941 416 3223 480 parentem
3267 407 3417 478 prius
3458 407 3567 477 juri
3603 408 3792 500 publico

532 498 826 574 crescebat.
879 515 1064 571 Talem
1094 514 1416 570 universitas
1442 510 1627 565 debuit
1654 516 1845 578 optare
1862 545 1878 571 ,
1909 505 2148 575 qualem
2233 505 2486 569 subdere,
2514 518 2674 572 quem
2700 501 2863 572 paulo
2884 509 3007 570 post
3029 501 3200 555 voluit
3229 500 3360 570 ipsis
3381 513 3597 570 quoque
3614 498 3793 568 legibus

534 627 632 666 nos
661 609 951 680 probamur
979 607 1236 676 elegisse;
1267 604 1361 674 qui
1407 600 1798 656 rationabiliter
1838 597 2130 666 disponens
2234 596 2522 651 anteferre.
2567 594 2881 665 Exploravit
2928 591 3313 648 conscientiam
3338 633 3352 657 ,
3397 591 3485 646 cui
3514 599 3629 645 erat
3664 594 3794 660 regni

532 699 770 770 propria,
801 713 906 752 non
935 704 1154 767 appetat
1185 695 1378 750 aliena.
1405 692 1637 746 Tollitur
1665 690 1808 744 enim
1841 687 2132 743 necessitas
2237 687 2496 742 traditura
2526 702 2809 742 censuram
2837 703 2852 754 ;
2882 693 2942 740 ut
2960 693 3016 740 et
3042 683 3132 738 illa
3160 683 3377 738 domina
3406 693 3796 750 cognosceretur

534 789 870 858 principibus
917 786 1243 854 excedendi,
1293 785 1507 853 quoties
1546 780 1887 836 assueverint
1916 776 2132 850 propria
2235 794 2356 835 esse
2376 787 2714 847 cunctorum,
2743 787 2798 834 et
2826 791 2914 832 me
2942 775 3223 847 probatum
3255 774 3551 845 perducere
3575 773 3798 840 dignare-

534 873 1501 946 moderari.Laudata159nimirum
1515 871 1800 934 sententia,
1818 884 1937 940 qua:
1951 883 2133 923 rerum
2237 879 2325 926 tur
2359 869 2428 924 ad
2455 883 2697 939 regnum.
2731 868 2961 937 Quando
2989 867 3074 922 his
3103 865 3445 933 muneribus,
3472 864 3683 935 quando
3703 867 3798 920 sol-

537 968 786 1037 praecipit
816 967 1057 1034 modum,
1083 968 1207 1036 quia
1232 966 1453 1020 nimium
1479 980 1583 1020 non
1611 963 1788 1033 placet
1808 963 1967 1017 etiam
1989 959 2134 1028 quod

538 1059 739 1113 bonum
780 1065 1020 1128 putatur.
1053 1057 1292 1112 Gaudete
1324 1071 1496 1123 nunc,
1527 1062 1708 1125 patres
1736 1051 2044 1122 conscripti,
2079 1059 2136 1105 et

542 1163 789 1218 superna:
835 1150 1016 1217 gratia:
1045 1164 1144 1218 pro
1191 1149 1342 1202 nobis
1389 1156 1514 1201 vota
1553 1146 1869 1217 persolvite,
1917 1143 2134 1213 quando

550 1239 730 1293 talem
757 1255 968 1293 mecum
994 1239 1246 1294 cotistitui
1293 1239 1608 1308 principem,
1641 1238 1732 1306 qui
1761 1243 1809 1292 et
1855 1235 1923 1289 de
1952 1240 2136 1289 nostra

537 1331 795 1400 aequitate
816 1331 956 1384 bona
981 1330 1225 1385 faciendo
1249 1330 1462 1400 propria
1487 1345 1595 1384 suae
1616 1328 1833 1398 pietatis
1863 1325 2132 1381 ostendat.

545 1418 698 1474 llune
726 1419 868 1474 enim
909 1427 964 1473 et
990 1419 1252 1487 majorum
1299 1434 1518 1472 suorum
1547 1428 1570 1454 ι
1601 1424 1909 1473 commorat
1931 1415 2135 1479 virtus,

549 1519 606 1565 et
632 1507 663 1560 .b
699 1510 994 1566 avunculus
1016 1508 1310 1566 efﬁcaciter
1337 1511 1538 1565 excitat
1566 1506 1957 1563 Theodericus.

1113 1639 1448 1697 EPISTOLA
1482 1639 1573 1695 iV.

766 1771 992 1810 SENATUI
1013 1770 1162 1810 UﬂBIS
1193 1769 1350 1808 ΠΟΠᾸΞ.
1386 1766 1772 1808 THEODAIIADUS
1797 1766 1922 1805 REX.

549 1865 746 1921 Scribit
773 1883 828 1919 se
853 1865 919 1919 ab
940 1863 1340 1926 Amalasuntha,
1369 1877 1482 1932 qua:
1510 1862 1684 1914 multis
1712 1860 1951 1914 laudibus
1975 1859 2142 1914 extol-

766 1937 922 2000 litur,
953 1936 1022 1988 ad
1049 1936 1348 1989 societatem
1376 1933 1578 2003 imperii
1601 1940 1915 2001 prouectum.

621 2049 806 2104 Divina
837 2048 990 2103 nobis
1017 2046 1278 2102 beneficia
1306 2087 1321 2111 ,
1374 2052 1556 2114 patres
1584 2043 1916 2112 conscripti,
1947 2058 2143 2112 prove-

553 2143 697 2198 nisse
727 2140 952 2195 feliciter
979 2138 1302 2202 nuntiamus,
1333 2135 1605 2190 dominam
1633 2149 1835 2197 rerum,
1869 2142 1984 2189 toto
2009 2134 2144 2189 orbe

547 2234 836 2303 gloriosam
861 2273 878 2299 ,
919 2237 1226 2286 consortem
1254 2243 1342 2282 me
1371 2227 1522 2296 regni
1551 2226 1636 2282 sui
1662 2228 1806 2294 larga
1831 2226 2034 2294 pietate
2062 2224 2141 2282 fe—

549 2329 723 2393 cisse;
746 2333 805 2380 ut
829 2324 1022 2402 nec‘illi
1049 2323 1260 2377 deesset
1287 2320 1443 2376 fidele
1464 2320 1736 2386 selatium,
1769 2326 1824 2373 et
1847 2318 2000 2374 nobis
2028 2318 2144 2372 avi-

553 2426 667 2471 tum
696 2429 933 2484 congrue
961 2419 1303 2484 praestaretur
1325 2409 1629 2482 imperium.
1658 2405 1992 2479 Suscipiatur
2017 2421 2141 2476 gra—

558 2507 762 2562 tissime
788 2504 934 2575 quod
968 2502 1373 2573 generalitatem
1405 2509 1616 2557 constat
1643 2508 1855 2570 optasse
1884 2500 2021 2572 [Ac.,
2054 2514 2144 2554 or-

555 2598 759 2667 nasse].
793 2597 1123 2651 Reserentur
1161 2608 1305 2648 nunc
1325 2593 1442 2647 sine
1467 2599 1614 2646 metu
1639 2598 1766 2644 vota
1795 2597 2142 2655 cunctorum;

555 2694 615 2741 ut
638 2686 778 2741 unde
817 2685 1113 2755 periculum
1153 2682 1384 2752 pertuli,
1427 2679 1552 2735 inde
1595 2694 1682 2735 me
1709 2680 2032 2734 universitas
2055 2695 2149 2734 co-

555 2785 784 2848 gnoscat
803 2776 1004 2833 ornari.
1036 2774 1458 2845 Praesumpsistis
1475 2773 1619 2828 enim
1642 2788 1730 2828 me
1753 2773 2030 2828 inconscio
2053 2791 2147 2830 su-

559 2882 776 2923 surrare
798 2907 812 2932 ,
842 2867 985 2937 quod
1009 2866 1182 2936 palam
1213 2880 1318 2919 non
1342 2864 1599 2935 poteratis
1639 2879 1932 2920 assumere.
1965 2865 2148 2932 Quan-

564 2967 678 3012 tum
706 2957 862 3012 vobis
887 2955 1110 3011 debeam
1151 2944 1275 3011 hinc
1300 2957 1459 3010 datur
1487 2955 1709 3023 intelligi
1732 2995 1747 3022 ,
1777 2965 1837 3010 ut
1864 2955 1995 3010 illud
2021 2956 2150 3010 mihi

539 3043 894 3104 'festinaretis
917 3047 1173 3101 divinitus
1195 3047 1433 3114 evenire,
1464 3046 1609 3116 quod
1637 3059 1790 3103 meus
1810 3049 2021 3103 animus
2043 3065 2150 3104 non

565 3141 794 3196 audebat
821 3150 1096 3211 appetere.
1129 3139 1246 3196 Hoc
1285 3141 1440 3196 nobis
1462 3149 1546 3196 est
1569 3140 1747 3210 potius
1766 3157 1962 3196 novum
1986 3157 2146 3210 quam

563 3231 717 3286 vobis
731 3232 1080 3300 incognitum.
1106 3231 1294 3302 Magna
1315 3246 1444 3300 ergo
1464 3232 1632 3301 gratia
1645 3232 1971 3303 completum
1991 3233 2152 3288 debet

565 3323 738 3394 accipi
756 3363 771 3388 ,
801 3324 946 3394 quod
967 3324 1224 3381 velociter
1247 3339 1408 3395 quam
1437 3324 1724 3395 oportebat
1749 3325 1995 3380 videatur
2022 3340 2151 3396 ape-

566 3415 679 3469 riri.
703 3415 811 3471 Sed
845 3416 889 3470 si
917 3416 1045 3485 quid
1074 3416 1142 3472 de
1169 3417 1323 3471 vobis
1344 3432 1642 3482 meremur,
1674 3432 1798 3472 cum
1829 3423 2006 3472 tamen
2035 3417 2154 3486 plu-

567 3506 759 3560 rimum
789 3506 929 3576 apud
958 3522 1055 3562 vos
1077 3507 1257 3562 valere
1279 3515 1516 3562 nostram
1543 3507 1768 3576 gloriam
1797 3507 2150 3574 confidamus,

566 3597 776 3652 domnae
793 3606 848 3652 et
874 3597 1076 3652 sororis
1104 3605 1300 3653 nostra:
1323 3597 1583 3665 gloriosas
1606 3596 1790 3651 laudes
1811 3595 2010 3666 jugiter
2029 3612 2154 3666 per-

567 3695 759 3744 sonate
791 3705 802 3740 :
834 3703 954 3756 quae
981 3688 1399 3755 magnitudinem
1420 3687 1630 3756 imperii
1657 3687 1741 3742 sui
1781 3697 1960 3742 nostra
1984 3687 2156 3742 voluit

569 3778 980 3847 participatione
1000 3777 1242 3833 roborari
1268 3794 1282 3844 ;
1317 3784 1378 3831 ut
1401 3784 1656 3846 tanquam
1684 3776 1737 3830 in
1768 3776 1977 3832 duobus
1998 3777 2156 3832 lumi-

571 3869 730 3924 nibus
771 3883 910 3924 unus
954 3877 1099 3924 esset
1126 3877 1403 3938 aspectus,
1461 3877 1517 3924 et
1563 3867 1888 3924 concordem
1940 3883 2158 3925 sensum

573 3973 733 4014 nemo
778 3959 1023 4013 crederet
1064 3967 1422 4027 segregatum.
1471 3957 1564 4013 Sic
1608 3966 1734 4015 sunt
1769 3959 1912 4013 enim
1959 3959 2155 4022 simul,

573 4065 712 4119 quos
732 4058 787 4105 et
805 4050 974 4118 gratia
1007 4050 1199 4119 jungit,
1227 4056 1283 4104 et
1309 4050 1585 4120 parentela
1613 4048 1882 4105 conciliat.
1915 4049 2156 4104 Arduum

576 4141 678 4197 sibi
723 4141 827 4197 hoc
873 4141 1099 4196 forsitan
1137 4141 1406 4195 aestiment
1441 4141 1674 4212 impares
1702 4156 1901 4196 mores.
1936 4139 2161 4197 Difllcile

555 4241 659 4288 est
687 4233 806 4288 illos
833 4232 988 4288 aliter
1013 4233 1215 4294 vivere,
1239 4233 1327 4300 qui
1355 4232 1458 4287 sibi
1485 4239 1708 4301 possunt
1726 4232 1988 4286 bonarum
2011 4233 2160 4300 cogi-

579 4326 843 4381 tationum
889 4324 1238 4380 similitudine
1287 4324 1594 4379 convenire.
1626 4322 1921 4378 Consilium
1964 4323 2163 4393 quippe

577 4423 787 4469 mutare
840 4415 1104 4470 detrectat
1151 4413 1510 4484 improvidus;
1558 4414 1877 4484 sapientiam
1915 4426 2045 4469 vero
2075 4413 2163 4468 ille

577 4505 770 4572 quaerit
801 4505 853 4558 in
877 4505 1069 4569 altero,
1099 4519 1264 4574 penes
1280 4517 1438 4572 quem
1460 4512 1541 4559 est
1564 4503 1801 4559 scientiae
1825 4501 2156 4572 magnitudo.
2195 4545 2242 4604 ο

579 4593 684 4647 Sed
708 4594 847 4648 inter
869 4594 1077 4649 diversa
1107 4609 1326 4648 munera
1353 4634 1370 4658 ,
1401 4609 1520 4664 quae
1546 4594 1698 4649 nobis
1721 4608 1842 4648 cum
1871 4594 2020 4664 regia
2049 4608 2163 4648 ma-

574 4685 772 4754 jestate
817 4685 1006 4739 Divina
1037 4687 1373 4752 tribuerunt,
1416 4686 1548 4740 illud
1596 4686 1825 4754 amplius
1863 4674 2166 4756 permulcet

579 4776 817 4829 animum
863 4785 1126 4840 nostrum,
1185 4774 1330 4845 quod
1377 4790 1477 4830 nos
1505 4775 1900 4845 sapientissima
1945 4774 2162 4830 domina

581 4871 778 4921 trutina
806 4874 1010 4934 magum
1038 4865 1440 4934 disceptationis
1462 4865 1625 4933 elegit
1649 4882 1662 4918 :
1697 4863 1850 4934 cujus
1872 4865 2020 4934 prius
2042 4865 2162 4922 ideo

573 4956 835 5026 justitiam
865 4952 1096 5026 pertuli,
1129 4964 1187 5010 ut
1215 4956 1363 5025 prius
1391 4955 1458 5008 ad
1505 4954 1618 5025 ejus
1651 4956 2012 5026 provectionis
2039 4970 2163 5026 gra-

580 5050 707 5103 tiam
744 5049 1100 5120 pervenirem.
1146 5047 1351 5102 Causas
1397 5047 1571 5113 enim,
1597 5055 1655 5101 ut
1676 5046 1841 5108 scitis,
1869 5046 1990 5115 jure
2017 5061 2165 5101 com-

580 5141 727 5193 muni
758 5155 856 5195 nos
879 5139 1004 5194 fecit
1030 5139 1210 5194 dicere
1237 5154 1360 5194 cum
1386 5139 1628 5209 pri-vatis.
1658 5138 1702 5192 Ο
1728 5138 1891 5193 animi
1913 5138 2164 5194 nobilitas

580 5229 890 5296 singularis!
923 5228 1000 5285 En
1045 5229 1272 5298 aequitas
1311 5229 1600 5297 mirabilis,
1632 5243 1794 5299 quam
1823 5229 2054 5284 mundus
2080 5229 2163 5287 lo-

655 5416 680 5442 ⁸
706 5405 784 5460 Ad
810 5406 931 5461 vita:
960 5406 1158 5476 decora
1193 5405 1505 5462 domestica:
1535 5405 1707 5476 laudis
1749 5407 1999 5476 exempla
2028 5421 2158 5475 pro-

584 5492 796 5562 vneare‘
819 5477 1038 5532 debent.
1073 5475 1148 5531 ‘L.
1181 5494 1273 5532 un.
1301 5477 1361 5531 C.
1400 5476 1630 5541 Theod.,
1670 5475 1738 5532 de
1784 5476 1998 5534 emend.
2031 5492 2160 5546 pro-

585 5546 919 5672 Ρηῖιίιιλῧιῗὲῧ·
935 5614 1000 5671 ad
1029 5616 1156 5672 illud
1182 5615 1390 5686 Virgilii
1420 5633 1434 5668 :

712 5707 771 5756 Et
794 5717 932 5770 pater
955 5709 1151 5771 .Eneas,
1179 5720 1230 5760 et
1254 5710 1520 5761 avunculus
1543 5712 1732 5761 excitat
1756 5711 1941 5762 Hector

1650 5788 1835 5843 Junsr.

1681 5806 1835 5846 Clu-31'.

2237 977 2422 1017 vanius
2452 971 2611 1018 tantae
2638 962 2823 1030 gratiae
2842 975 2962 1029 quae
2989 959 3276 1025 debemus;
3308 966 3367 1012 ut
3395 972 3514 1026 qua:
3551 972 3669 1011 cum
3694 973 3800 1026 par-

2235 1053 2361 1108 vulo
2389 1050 2497 1108 ﬁlio
2525 1053 2810 1124 imperavit
2847 1051 2984 1116 sola,
3028 1067 3171 1105 nunc
3199 1065 3412 1105 mecum
3440 1049 3698 1116 delegerit
3729 1065 3800 1104 re-

2236 1158 2401 1216 gnare
2426 1144 2672 1200 sociata?
2700 1143 2757 1198 In
2784 1145 2897 1214 ipsa
2919 1151 3003 1199 est
3030 1142 3174 1200 enim
3201 1143 3368 1197 decus
3389 1155 3676 1208 regnorum
3701 1156 3800 1197 om-

2237 1239 2407 1306 nium,
2437 1239 2490 1293 in
2512 1238 2628 1309 ipsa
2652 1247 2847 1294 nostra:
2875 1238 3098 1306 originis
3123 1237 3223 1293 ﬂos
3241 1238 3524 1292 bonorum.
3559 1235 3806 1305 Quidquid

2237 1328 2522 1398 fulgemus,
2550 1329 2616 1384 ab
2646 1328 2762 1399 ejus
2790 1329 3039 1384 claritate
3085 1328 3445 1396 suscipimus;
3475 1326 3690 1394 quando
3716 1341 3804 1379 non

2238 1420 2412 1475 solum
2442 1419 2750 1489 parentibus
2775 1419 2988 1476 laudem
3010 1419 3258 1483 contulit,
3289 1419 3382 1479 sed
3411 1418 3591 1487 ipsum
3618 1431 3808 1486 quoque

2239 1527 2408 1584 genus
2450 1513 2799 1568 humanitatis
2845 1512 3078 1567 ornavit.
3130 1511 3264 1578 Quis
3292 1510 3465 1580 possit
3501 1508 3808 1565 sufficienter

2240 1604 2457 1662 edicere
2491 1613 2693 1673 quanta
2731 1605 2950 1674 pietate.
2983 1611 3189 1672 quanto
3214 1617 3424 1657 morum
3466 1601 3707 1671 pondere
3729 1601 3812 1656 de-

2240 1697 2491 1752 coretur?
2513 1696 2790 1752 Discerent
2819 1695 3061 1764 profecto
3087 1710 3225 1749 nova
3257 1694 3587 1763 philosophi,
3613 1695 3657 1748 si
3684 1693 3810 1749 vive-

2169 1795 2216 1855 Β
2243 1799 2396 1857 rent;
2426 1799 2482 1846 et
2507 1792 2714 1846 minora
2743 1791 2894 1848 libris
2920 1791 3030 1846 suis
3073 1789 3370 1849 faterentur
3409 1789 3633 1846 condita
3671 1804 3810 1858 quam

2241 1885 2366 1942 huic
2393 1893 2781 1956 cognoscerent
2807 1886 3082 1944 attributa.
3113 1885 3171 1940 ln
3193 1886 3508 1942 tractatibus
3538 1893 3714 1949 acuta,
3733 1883 3813 1940 sed

2242 1977 2312 2035 ad
2354 1978 2684 2047 loquendum
2713 1995 2919 2034 summa
2948 1979 3319 2036 moderatione
3346 1979 3680 2048 gravissima.
3709 1978 3814 2034 Hac

2243 2079 2326 2121 est
2369 2067 2565 2136 regalis
2612 2068 2966 2136 proculdubio
3011 2068 3200 2134 virtus,
3254 2068 3484 2124 celerius
3528 2070 3813 2124 necessaria

2244 2159 2462 2222 sentire,
2495 2167 2549 2213 et
2578 2160 2780 2215 tardius
2810 2160 2864 2213 in
2892 2159 3053 2214 verba
3075 2175 3453 2230 prorumpere.
3477 2160 3666 2215 Nescit
3686 2159 3806 2214 enim

2245 2249 2552 2318 ptenitenda
2584 2249 2758 2318 loqui,
2803 2251 2896 2321 qui
2947 2251 3266 2320 proferenda
3313 2252 3460 2321 prius
3487 2267 3597 2305 suo
3627 2251 3816 2304 tradidit

2247 2340 2500 2395 examini.
2544 2339 2681 2396 llinc
2724 2349 2808 2396 est
2834 2340 2978 2411 quod
3020 2341 3137 2410 ejus
3177 2341 3422 2396 doctrina
3448 2342 3712 2397 mirabilis
3736 2356 3816 2410 per

2247 2431 2566 2500 multiplices
2595 2431 2801 2501 linguas
2826 2443 3016 2500 magna
3044 2434 3290 2488 ubertate
3315 2433 3668 2499 diffunditur;
3689 2433 3816 2501 cujus

2248 2520 2520 2590 ingenium
2546 2522 2619 2576 ita
2655 2530 2899 2592 paratum
2927 2524 3194 2592 reperitur
3231 2524 3298 2578 ad
3341 2525 3586 2580 abitum
3605 2567 3622 2592 ,
3649 2533 3706 2578 ut
3728 2539 3816 2579 non

2249 2621 2465 2684 putetur
2486 2628 2606 2670 esse
2633 2624 2926 2670 terrenum.
2950 2614 3006 2668 ln
3035 2615 3184 2670 libris
3209 2615 3412 2686 Regum
3434 2618 3628 2685 regina
3664 2618 3817 2672 Austri

2249 2704 2458 2758 venisse
2487 2705 2679 2775 legitur
2701 2705 2768 2758 ad
2795 2705 3104 2762 discendam
3147 2708 3468 2776 sapientiam
3499 2706 3818 2770 Salomonis,

2251 2795 2339 2849 hic
2364 2795 2635 2864 principes
2661 2795 2884 2850 audiant
2911 2797 3054 2865 quod
3083 2799 3184 2852 sub
3231 2798 3595 2854 admiratione
3644 2813 3819 2868 cogno-

2250 2894 2422 2941 scant.
2480 2884 2670 2941 Paucis
2699 2887 2875 2942 verbis
2921 2902 3112 2943 sensus
3165 2888 3434 2944 clauditur
3471 2889 3737 2954 inﬁnitus;
3776 2898 3821 2943 et

2253 2991 2460 3029 summa
2489 2974 2742 3030 facilitate
2770 2977 3132 3045 componitur,
3163 2977 3312 3047 quod
3339 2979 3408 3032 ab
3435 2978 3563 3033 aliis
3591 2995 3723 3034 nunc
3738 2979 3820 3032 sub

2253 3065 2412 3134 longa
2458 3065 2849 3122 deliberatione
2873 3069 3155 3124 formatur.
3183 3068 3348 3123 Beata
3388 3071 3696 3139 respublica
3720 3083 3822 3136 qum

2178 3177 2223 3240 ε
2257 3163 2417 3210 tantae
2440 3155 2671 3210 dominae
2713 3157 3103 3224 gubernatione
3142 3160 3425 3227 gloriatur.
3456 3160 3638 3216 Minos
3665 3161 3754 3215 fuit
3777 3169 3824 3213 ut

2255 3247 2576 3318 generalitas
2601 3249 2704 3303 sub
2723 3249 2972 3304 libertate
2997 3251 3264 3305 ser-viret:
3305 3250 3560 3306 additum
3577 3260 3660 3306 est
3686 3250 3824 3305 tantis

2256 3338 2494 3404 meritis,
2551 3347 2610 3392 ut
2649 3339 2702 3395 ei
2753 3339 3072 3396 subderetur
3099 3349 3154 3396 et
3183 3343 3482 3396 reverentia
3518 3340 3823 3412 principalis.

2259 3431 2375 3488 Hoc
2397 3433 2539 3488 enim
2561 3432 2820 3502 obsequio
2849 3434 3170 3503 dignissime
3184 3434 3552 3490 dominamur.
3580 3435 3706 3489 Nam
3724 3448 3823 3489 cum

2261 3533 2420 3579 tanta:
2448 3524 2744 3594 prudentia:
2765 3540 2948 3595 pareo,
2977 3527 3181 3582 cunctis
3203 3528 3491 3582 virtutibus
3514 3525 3821 3585 ebeecundo.

2259 3614 2370 3669 Sub
2394 3614 2483 3668 tali
2511 3614 2775 3685 siquidem
2803 3616 3077 3670 monitore
3104 3617 3254 3685 regni
3291 3615 3547 3685 pondere
3577 3632 3680 3671 non
3723 3627 3823 3683 gn-

2261 3721 2476 3774 vamur,
2503 3705 2629 3760 dum
2659 3706 2705 3762 si
2730 3706 2856 3776 quid
2882 3707 2952 3762 sit
2978 3723 3077 3778 pro
3103 3709 3344 3763 novitate
3373 3709 3734 3778 incognitum,
3755 3704 3828 3758 ﬁet

2259 3797 2416 3853 nobis
2462 3797 2578 3865 ejus
2606 3797 2960 3853 instructione
2987 3798 3369 3853 certissimum.
3403 3796 3486 3852 Ad
3523 3797 3724 3852 bonum
3748 3810 3826 3865 pu-

2261 3889 2457 3944 blicum
2500 3890 2782 3947 veritatem
2830 3903 2937 3946 non
2990 3889 3155 3958 pudet
3201 3888 3468 3944 confiteri.
3525 3887 3825 3958 Agnoscitt.

2263 3968 2532 4054 principes
2562 3985 2695 4050 viri,
2727 3983 3136 4054 sapientissime
3181 3998 3300 4040 esse
3348 3982 3590 4038 domina:
3633 3982 3761 4052 quod
3787 3979 3828 4030 in

2262 4077 2418 4132 nobis
2443 4077 2676 4147 potuerit
2707 4077 2827 4148 plus
2865 4077 3097 4146 placere.
3130 4074 3278 4129 Illam
3310 4075 3454 4130 enim
3485 4085 3587 4131 aut
3625 4075 3825 4130 interro-

2262 4167 2438 4238 gando
2467 4166 2655 4220 melius
2682 4167 2943 4221 sentimus
2965 4205 2981 4231 ,
3029 4173 3120 4220 aut
3157 4165 3272 4235 ejus
3303 4165 3616 4222 imitatione
3643 4161 3829 4235 prolici-

2263 4275 2402 4316 mus.
2459 4259 2633 4316 Vivite
2685 4277 2830 4318 nunc
2883 4261 3094 4328 felices;
3125 4262 3319 4325 vivite,
3373 4261 3488 4320 Deo
3543 4261 3834 4322 auxiliante,

2265 4350 2594 4418 concordes;
2625 4361 2680 4406 et
2705 4353 3030 4407 mmulamini
3058 4353 3315 4421 gratiam,
3345 4366 3514 4423 quam
3539 4353 3738 4422 regiam
3757 4363 3835 4402 co-

2266 4443 2523 4512 gnoscitis
2553 4451 2739 4499 tenere
2769 4444 3130 4500 concordiam.

2834 4537 3166 4594 EPISTOLA
3203 4538 3269 4594 V.

2428 4647 2720 4687 TIIEODOSIO
2749 4646 2933 4686 HOMINI
2962 4646 3059 4685 SUO
3095 4642 3118 4669 θ
3149 4646 3542 4685 THEODAHADUS
3572 4646 3700 4684 REX.

2275 4729 2429 4783 Vetat
2467 4729 2734 4802 quominus
2764 4727 3031 4802 domestici
3077 4725 3185 4802 sui_
3211 4725 3470 4779 ullatenus
3513 4726 3840 4802 incalescunt,

2338 4793 2666 4922 prwciplilque
2702 4806 2758 4849 ut
2805 4796 3053 4852 modestia
3075 4805 3126 4849 et
3167 4796 3334 4867 legum
3371 4798 3616 4851 custodia
3657 4793 3838 4861 reliquit

2339 4887 2518 4924 ereum
2541 4886 2570 4922 ο
2589 4871 2712 4922 sint.

2485 4886 2570 4938 pte
2589 4886 2712 4922 amt.

2340 4958 2627 5014 Potestatis
2650 4967 2846 5013 nostra:
2860 4971 3142 5012 censuram
3153 4971 3335 5012 rerum
3347 4955 3607 5010 volumus
3622 4965 3844 5009 esseme-

2273 5050 2526 5115 destiam;
2566 5057 2626 5102 ut
2651 5056 2910 5117 quantum
2940 5047 3118 5102 divina
3139 5046 3401 5102 beneficia
3438 5047 3608 5116 130
3635 5040 3844 5114 percepi-

2273 5155 2412 5206 mus,
2443 5147 2648 5194 tantum
2676 5138 2957 5208 mquabilia
2985 5138 3105 5208 plus
3144 5153 3405 5193 amemus.
3437 5136 3660 5192 Privata
3697 5132 3848 5201 siqui-

2274 5230 2396 5286 dem
2431 5230 2605 5285 studia
2633 5245 2664 5284 a
2693 5237 2878 5286 nostro
2905 5229 3086 5285 animo
3113 5229 3412 5300 probantur
3433 5229 3661 5284 exclusa
3695 5243 3708 5278 :
3735 5222 3844 5293 quia

2349 5416 2371 5446 ο
2398 5407 2611 5462 Homini
2652 5423 2764 5470 suo,
2796 5406 2848 5460 id
2894 5414 2997 5470 est,
3049 5405 3348 5461 domestico
3390 5414 3447 5460 ct
3490 5403 3703 5467 clienti,
3735 5401 3772 5452 l.
3802 5397 3847 5460 4,

2271 5478 2334 5533 C.
2361 5477 2439 5531 De
2460 5478 2682 5548 dignit.;
2712 5477 2746 5529 Ι.
2781 5492 2908 5549 pen.
2930 5476 3000 5549 C.
3025 5475 3250 5549 Tlieod"
3285 5476 3353 5549 de
3375 5475 3699 5549 censitorib.
3737 5484 3848 5549 per-

2267 5558 2466 5629 mquat.
2509 5544 2565 5602 et
2595 5544 2853 5615 inspeci.;
2898 5547 2934 5600 l.
2981 5547 3034 5614 1,
3066 5546 3133 5600 de
3179 5546 3563 5601 eonductorib.
3599 5554 3655 5598 et
3685 5544 3846 5596 bomi-

2273 5618 2382 5672 mb.
2415 5618 2604 5673 domus
2646 5617 2916 5685 Augustae,
2956 5615 3017 5672 C.
3071 5615 3311 5682 Theod.;
3347 5617 3380 5670 l.
3414 5614 3467 5682 5,
3519 5615 3594 5671 de
3626 5617 3843 5685 reparat-

2273 5615 2382 5672 nib.
2415 5618 2604 5673 domus
2646 5617 2916 5686 Augustae,
2956 5615 3017 5672 C.
3071 5615 3311 5682 Theod.;
3347 5617 3380 5670 l.
3414 5615 3467 5682 5,

2273 5689 2492 5758 appell.,
2521 5687 2583 5742 (3.
2608 5687 2730 5743 cod.
2762 5687 2928 5743 Folia.
