3990 6170
46 6070 51 6139 i

557 289 664 346 sos
1168 278 1171 281 ‘
1753 287 1823 343 Μ.
1864 285 2137 343 suasca
2175 242 2575 345 CASSIODORI
2822 264 2833 270 ’
3690 291 3772 355 seu

553 405 659 472 tis;
689 419 816 470 non,
860 400 1005 473 quod
1050 398 1291 470 plerique
1334 398 1558 464 faciunt,
1584 400 1795 455 vacavit
1821 399 2031 470 injuriis
2062 408 2086 435 ⁸
2117 417 2131 466 ;
2163 408 2215 464 Α

555 497 648 565 qui
676 496 753 550 sic
779 492 1051 564 peroravit
1073 505 1261 547 causas
1290 491 1389 546 sub
1419 490 1829 560 tranquillitate,
1854 499 1915 545 ut
1956 506 2135 546 mores

555 585 805 655 proprios
849 596 1062 651 semper
1106 586 1393 636 assereret.
1440 579 1795 636 Contendisse
1833 580 2130 650 siquidem,

556 690 665 729 non
684 674 922 741 litigasse
949 679 1193 741 repertus
1223 678 1321 725 est.
1357 670 1601 724 Alienam
1633 671 1775 724 enim
1815 684 2031 724 causam
2053 668 2136 723 fa-

556 764 734 818 ciebat
760 778 909 817 suam
935 762 1086 833 161
1108 761 1356 829 gloriam.
1386 758 1519 814 Nam
1548 759 1625 814 sic
1652 759 1899 828 cognitus
1924 768 2006 815 est
2032 759 2140 813 vin-

557 870 702 919 cere,
726 861 783 907 ut
807 854 1127 924 probaretur
1154 851 1486 907 contrarium
1516 850 1749 904 animum
1774 864 1882 903 non
1915 848 2136 923 laesisse.

559 946 741 1002 Talem
773 947 952 1015 itaque
978 945 1161 998 \virum
1195 959 1299 997 non
1329 943 1508 998 decuit
1536 941 1734 996 diutius
1758 939 2017 1009 justitiam
2045 955 2140 1010 pe-

558 1046 693 1101 tere,
744 1036 837 1090 sed
867 1035 1084 1100 docere;
1116 1033 1239 1102 quia
1268 1031 1549 1100 judiciaria
1578 1030 1750 1085 virtus
1798 1038 1899 1095 est,
1944 1028 2139 1097 lingua:

560 1127 717 1181 bonis
745 1105 1037 1191 abundare,
1070 1130 1126 1177 et
1161 1122 1354 1175 mentis
1382 1120 1793 1189 temperantiam
1839 1119 2131 1173 custodire.

560 1214 904 1283 Cognoscite,
952 1220 1133 1282 patres
1183 1212 1494 1280 conscripti,
1546 1210 1670 1279 quid
1727 1209 1839 1264 ﬁeri
1884 1210 2140 1278 velimus,

563 1306 776 1376 quando
807 1306 859 1359 in
898 1304 1165 1373 judicibus
1205 1302 1437 1372 primum
1475 1315 1654 1355 mores
1681 1301 1959 1368 elegimus,
1990 1299 2042 1353 in
2078 1313 2143 1354 ea

566 1400 735 1468 magis
782 1398 1041 1467 dignitate
1086 1411 1205 1464 quae
1241 1395 1363 1464 jura
1411 1393 1692 1449 consuevit
1738 1392 1968 1447 edicere.
2026 1390 2144 1445 Non

564 1490 706 1544 enim
739 1488 1068 1557 temporibus
1097 1486 1292 1540 nostris
1328 1491 1596 1554 potestate
1636 1483 1781 1552 regia
1830 1489 1911 1537 est
1940 1488 2146 1536 armata

565 1588 854 1647 (IULIZSlUl‘a,
885 1577 977 1632 sed
1002 1577 1209 1644 legibus
1238 1575 1497 1645 probatur
1516 1589 1634 1628 esse
1654 1574 1974 1644 composita.
1995 1572 2148 1628 Velle

568 1678 806 1723 nostrum
838 1668 1180 1735 antiquorum
1208 1666 1509 1735 principum
1535 1671 1618 1719 est
1639 1663 1907 1728 voluntas,
1932 1678 2069 1732 quos
2091 1664 2146 1717 in

2804 400 3133 458 EPISTOLA
3171 401 3260 457 IX.

2453 507 2756 551 JUS‘TINIANO
2793 508 3028 550 AUGUSTO
3064 507 3451 551 THEODABADUS
3476 509 3597 549 REX.

2238 579 2381 635 Petit
2421 591 2475 635 ut
2515 583 2655 637 sinat
2700 583 2753 636 in
2798 581 3010 637 Italiam
3054 584 3329 654 transferri
3358 599 3470 655 qua:
3497 585 3773 654 Calageaitus

2920 662 3132 707 emerat.

2312 761 2549 833 Equum
2578 770 2680 825 est.
2707 763 3101 833 sapientissime
3128 763 3438 833 imperator,
3470 773 3529 819 ut
3557 765 3633 821 illa
3655 771 3777 829 nobis

2242 853 2427 909 libenti
2475 854 2651 909 animo
2698 853 2909 908 faciatis
2958 853 3213 923 impendi,
3243 853 3311 908 ad
3338 868 3457 923 quae
3496 855 3540 909 si
3581 872 3782 918 esseutus

2243 945 2479 1011 desides,
2502 961 2533 999 a
2558 953 2734 1021 vestra
2757 944 2937 1015 potius
2958 944 3242 999 clementia
3262 943 3577 1000 deberemus
3596 948 3779 1005 hortari.

2244 1035 2408 1092 Vobis
2436 1039 2578 1092 enim
2622 1045 2830 1106 gratum
2871 1051 2992 1091 esse
3034 1051 3140 1090 non
3186 1036 3405 1090 dubium
3452 1043 3535 1091 est
3570 1040 3786 1109 quidquid

2244 1143 2342 1197 per
2369 1144 2468 1183 nos
2495 1128 2561 1182 ad
2591 1127 2755 1181 Italiae
2782 1128 3033 1181 decorem
3073 1126 3359 1197 contigerit
3393 1128 3627 1198 expediri
3650 1147 3662 1183 :
3686 1132 3786 1200 quia

2245 1217 2489 1271 laudibus
2514 1217 2704 1272 vestris
2725 1216 2846 1285 jure
2868 1216 3096 1287 proiicit,
3118 1216 3333 1286 quando
3356 1218 3562 1273 videtur
3586 1235 3792 1278 crescere

2246 1307 2390 1375 quod
2419 1306 2486 1363 ad
2518 1314 2715 1361 nostra:
2741 1306 3049 1380 reipublica:
3081 1315 3259 1375 potest
3285 1307 3507 1376 gloriam
3541 1311 3789 1378 pertinere.

2247 1394 2587 1466 Quapropter
2611 1395 2870 1449 exhibens
2898 1394 3220 1464 principatui
3250 1402 3429 1449 vestro
3458 1399 3791 1454 reverentissi-

2249 1499 2394 1537 mum
2423 1483 2759 1537 salutationis
2787 1482 3057 1548 all'ectum,
3088 1482 3278 1536 barum
3311 1483 3621 1553 portitorem
3647 1486 3793 1542 adilla

2250 1570 2542 1626 direximus
2570 1568 2892 1638 exhibenda,
2922 1570 2987 1623 ad
3025 1584 3143 1640 qua:
3189 1570 3458 1640 quondam
3491 1570 3794 1641 Calogenitus

2252 1658 2426 1715 fuerat
2467 1660 2797 1726 destinatus;
2836 1669 2931 1724 ut,
2964 1660 3067 1713 'etsi
3117 1674 3346 1728 persona
3387 1661 3548 1714 rebus
3588 1661 3797 1720 humanis

569 1770 773 1815 tantum
805 1760 1170 1814 desideramus
1201 1757 1419 1822 imitari,
1472 1763 1731 1824 quantum
1776 1755 1850 1808 illi
1886 1754 2147 1823 justitiam
2184 1780 2226 1837 Β
2252 1735 2526 1803 subtracta
2572 1756 2673 1812 est,
2715 1747 2972 1802 beneﬁcia
3024 1755 3201 1802 tamen
3249 1755 3423 1802 vestra
3465 1749 3535 1803 ad
3575 1766 3683 1815 nos,
3707 1751 3796 1808 Deo

568 1858 691 1903 sunt
717 1849 907 1903 secuti.
938 1846 1033 1900 llla
1063 1853 1145 1901 est
1191 1846 1333 1900 enim
1363 1844 1656 1900 reverenda
1685 1844 1921 1921 priorum
1961 1852 2146 1898 aucto-

570 1941 721 2004 ritas,
753 1955 873 2008 qua:
915 1954 944 1992 a
989 1946 1140 1992 recto
1170 1937 1386 1991 tramite
1433 1951 1541 1990 non
1585 1934 1835 1990 declinat.
1882 1933 2150 2005 Sequenili

569 2030 710 2085 enim
759 2029 1133 2084 necessitatem
1177 2027 1392 2097 reliquit
1432 2027 1683 2097 posteris,
1743 2026 1832 2095 qui
1883 2026 2146 2095 justitiam

569 2121 681 2176 suis
726 2119 999 2173 miscuerit
1023 2119 1348 2173 constitutis.
1403 2117 1470 2170 Et
1514 2118 1655 2182 ideo,
1688 2126 1868 2189 patres
1909 2118 2152 2173 conscri-

570 2211 666 2279 pti,
696 2226 793 2279 per
830 2208 1088 2263 decimam
1120 2208 1330 2262 tertiam
1375 2206 1719 2262 indictionem
1749 2208 1919 2274 (Anno
1957 2205 2153 2262 Christi

568 2297 695 2369 535)
727 2298 919 2352 illustri
961 2295 1196 2352 Patricio
1244 2305 1525 2366 quiesturzn
1572 2297 1895 2352 contulimus
1922 2296 2150 2365 dignita-

571 2395 711 2452 tem;
745 2395 802 2439 ut
829 2384 919 2454 qui
959 2392 1043 2439 est
1072 2385 1246 2441 clarus
1277 2385 1512 2452 nomine,
1544 2385 1855 2454 magniﬁcus
1880 2386 2042 2441 etiam
2079 2386 2150 2441 sit

569 2476 792 2530 honore.
825 2474 1026 2530 Fovete
1055 2476 1108 2529 in
1138 2491 1259 2529 eum
1306 2485 1487 2530 nostra
1508 2475 1745 2545 judicia;
1777 2485 1835 2532 ut
1862 2477 2007 2547 quod
2048 2494 2149 2534 nos

568 2566 926 2635 praestitimus,
956 2566 1108 2621 vobis
1135 2567 1387 2635 placitum
1421 2567 1766 2623 nihilominus
1790 2567 2074 2624 sentiatur.

1112 2784 1440 2839 EPISTULA
1477 2786 1607 2841 Vill.

729 2911 1029 2951 JUSTINIANO
1057 2911 1294 2950 AUGUSTO
1324 2912 1706 2951 AIALASUNTHA
1736 2914 1948 2954 BBGINA.
1972 2896 2000 2936 δ

567 3007 737 3080 Rogat
762 3015 816 3062 ut
844 3024 1101 3061 marmora
1124 3009 1332 3083 uetialia
1355 3011 1665 3083 necessaria,
1687 3027 1799 3082 qua:
1819 3009 2145 3083 Culogcnitus

710 3085 1115 3148 comparaverat,
1131 3077 1308 3148 jubeat
1338 3080 1406 3131 ad
1434 3082 1669 3149 reginam
1698 3077 1997 3137 transmitti.

634 3209 712 3263 Ita
744 3223 841 3263 nos
868 3208 1037 3276 gratia
1065 3217 1256 3264 vestra:
1281 3209 1495 3280 pietatis
1522 3212 1779 3278 oblectat,
1807 3220 1867 3268 ut
1895 3215 2147 3285 quidquid

563 3299 630 3353 ad
658 3299 907 3354 decorem
935 3307 1174 3353 nostrum
1205 3308 1383 3369 potest
1411 3301 1693 3372 prolicere,
1726 3304 1957 3360 libenter
1984 3322 2014 3361 a
2049 3322 2145 3362 ve-

563 3392 688 3448 stris
729 3392 957 3448 velimus
1000 3393 1242 3463 partibus
1284 3397 1559 3465 postulare
1597 3416 1610 3451 :
1652 3399 1776 3468 quia
1819 3401 1946 3456 talia
1995 3403 2146 3459 vobis

563 3485 681 3558 (ms.
714 3493 763 3539 et
792 3485 910 3551 Ac.,
941 3484 1117 3555 nobis]
1157 3485 1344 3541 Divina
1378 3488 1699 3557 tribuerunt,
1724 3500 1784 3546 ut
1811 3501 1867 3548 et
1892 3508 1990 3549 vos
2028 3494 2146 3564 ejus

562 3572 844 3631 afﬂuenter
870 3576 1185 3630 muneribus
1204 3577 1505 3645 abundetis,
1535 3588 1591 3634 et
1617 3583 1956 3650 sperantibus
1990 3584 2143 3638 beni-

560 3678 665 3733 gno
695 3664 874 3718 animo
901 3678 1019 3733 quas
1059 3671 1183 3719 sunt
1220 3666 1522 3719 necessaria
1550 3668 1874 3725 concedatis.
1919 3668 1984 3723 Et
2022 3670 2142 3727 ideo

561 3753 1021 3808 mansuetudinem
1052 3762 1286 3808 vestram
1323 3763 1634 3810 reverenter
1661 3757 1919 3826 salutans,
1953 3760 2139 3817 harum

560 3842 874 3910 portitorem
906 3842 1051 3896 illum
1083 3840 1150 3895 ad
1180 3843 1516 3898 excellentia;
1542 3852 1736 3898 vestrae
1764 3845 2021 3902 beneﬁcia
2043 3848 2141 3905 dc-

556 3931 770 4001 stinavi,
803 3939 863 3986 ut
890 3947 1180 3995 marmora,
1212 3932 1298 3988 vel
1335 3932 1439 3988 alia
1468 3936 1789 4000 necessaria,
1817 3952 1936 4006 qua:
1963 3953 2139 4007 quon-

557 4016 680 4072 dam
709 4018 1075 4087 Calogenitum
1103 4034 1419 4089 comparare
1438 4020 1758 4091 feceramus,
1787 4039 1881 4094 per
1905 4040 2139 4095 praesen—

557 4110 689 4163 tium
719 4110 859 4181 [Ac.,
890 4108 1060 4180 pium]
1090 4111 1405 4178 portitorem
1448 4111 1515 4167 ad
1557 4128 1654 4168 nos
1698 4118 1998 4186 pervenire,
2032 4120 2141 4174 Do-

554 4199 700 4253 mino
722 4197 950 4266 favente,
975 4199 1236 4268 jubeatis;
1260 4209 1318 4256 ut
1345 4217 1733 4273 cognoscamus
1761 4222 1859 4264 nos
1880 4223 1909 4262 a
1939 4210 2138 4281 pietate

553 4299 730 4345 vestra
778 4307 966 4347 revera
1009 4293 1177 4362 diligi,
1209 4309 1437 4365 quorum
1481 4295 1656 4354 facitis
1701 4307 1823 4355 vota
1853 4301 2130 4370 compleri.

553 4380 742 4436 Vestra
770 4384 912 4438 enim
941 4382 1110 4453 gloria
1149 4393 1233 4441 est
1274 4393 1457 4442 noster
1498 4397 1738 4454 ornatus,
1781 4391 1996 4459 quando
2036 4406 2136 4447 vos

552 4472 860 4542 przcstitisse
886 4475 1226 4542 cognoscitur
1250 4476 1395 4547 quod
1430 4480 1627 4534 nostris
1672 4480 1918 4536 laudibus
1957 4482 2132 4552 appli-

551 4569 720 4615 catur.
752 4562 918 4617 Decet
944 4565 1086 4619 enim
1123 4575 1182 4621 ut
1222 4576 1279 4622 et
1306 4568 1451 4624 orbis
1479 4569 1581 4625 iste
1608 4570 1877 4626 Romanus
1912 4582 1934 4611 ο
1970 4571 2127 4640 juva-

549 4650 691 4705 mine
719 4661 898 4794 lvestro
926 4656 1286 4727 resplendeat,
1317 4674 1475 4730 quem
1511 4675 1663 4717 amor
1698 4669 1892 4717 vestrae
1920 4660 2127 4718 sereni-

550 4741 675 4794 tatis
702 4742 717 4794 i
741 4741 948 4794 lustrat.

550 4741 675 4796 tatis
702 4741 948 4797 illustrat.

617 5010 643 5039 ι
672 5002 939 5076 Laudatur
966 5003 1056 5063 hic
1091 5013 1325 5076 qumslor
1350 5020 1416 5060 ex
1447 5020 1513 5061 eo
1540 5005 1684 5076 quod
1722 5005 1775 5060 in
1817 5004 2036 5075 agendis
2063 5014 2120 5062 et

542 5073 1057 5150 perorandiscausis
1082 5073 1148 5150 ab
1175 5075 1378 5144 injuriis
1402 5076 1503 5150 sibi
1529 5073 1748 5150 omnino
1776 5073 2115 5145 temperare.

542 5142 641 5213 rit;
672 5142 1001 5213 turpissimus
1031 5145 1171 5199 enim
1195 5142 1275 5200 est
1298 5146 1625 5200 conviciandi
1650 5162 1788 5213 mos,
1811 5142 2117 5213 attestatur

540 5209 943 5285 Valentinianus
969 5215 1159 5285 imper.
1192 5217 1244 5270 in
1272 5216 1306 5269 l.
1337 5213 1597 5285 Quisquis,
1622 5216 1680 5270 Ο.
1706 5209 1785 5269 De
1805 5225 1938 5285 post.
1967 5211 2112 5285 [frte-

541 5283 987 5356 terea_9ratioiies
1016 5283 1121 5356 non
1158 5293 1285 5341 sunt
1328 5283 1584 5356 comic-iis
1627 5283 1928 5356 implendas.
1980 5283 2112 5339 Vide

506 5349 661 5401 “Am.
694 5346 1078 5419 Marcellinum,
1107 5353 1202 5410 lib.
1234 5371 1365 5409 xxx.
1394 5353 1586 5408 Bnoss.
1626 5368 1629 5369 '

2246 1836 2485 1904 juvante,
2535 1836 2866 1906 perveniant,
2918 1851 2985 1890 ne
3036 1844 3276 1891 cassetur
3318 1837 3635 1893 desiderium
3676 1842 3797 1910 quod

2250 1929 2634 1984 convenienter
2680 1937 2763 1983 est
2808 1926 2876 1983 de
2919 1937 3096 1983 vestra
3137 1928 3553 1998 prrsumptione
3586 1945 3798 1985 securum

2250 2021 2378 2095 [ed.,
2411 2020 2696 2091 secutum].

2818 2150 3150 2207 EPISTOLA
3186 2151 3251 2207 Χ.

2392 2261 2691 2300 'rnsononaa
2723 2260 2977 2299 aususve
3008 2242 3035 2280 ά
3065 2258 3449 2299 ΛυΑιΑδυμτηΑ
3478 2258 3682 2299 ηειδελ.

2253 2332 2422 2406 Rogat
2460 2342 2514 2386 ut
2563 2334 2626 2386 de
2669 2334 2916 2401 sospitate
2950 2347 3046 2406 sua
3075 2349 3165 2401 per
3185 2332 3385 2406 legatos
3413 2348 3544 2403 quos
3571 2332 3637 2386 ad
3657 2331 3798 2385 Justi-

2656 2405 2870 2456 nianum
2895 2403 3103 2455 miserat
3126 2402 3421 2456 admoneat.

2323 2493 2455 2547 Dum
2484 2493 2743 2562 propositi
2774 2491 2943 2546 nostri
2970 2492 3040 2545 sit
3066 2491 3155 2545 illa
3183 2506 3422 2560 quzerere
3450 2507 3575 2562 quae
3600 2492 3801 2562 proban-

2249 2593 2337 2639 tur
2359 2585 2426 2639 ad
2452 2585 2675 2652 gloriam
2702 2583 2775 2652 pii
2801 2582 3055 2652 principis
3078 2582 3367 2652 pertinere,
3397 2583 3615 2653 dignum
3633 2596 3707 2640 eat
3723 2598 3801 2639 vos

2248 2691 2497 2733 sermone
2518 2674 2760 2730 venerari
2781 2688 2915 2745 quos
2940 2672 3095 2727 bonis
3118 2673 3363 2727 omnibus
3382 2682 3599 2728 constat
3619 2688 3803 2742 semper

2250 2767 2451 2835 augeri.
2483 2763 2779 2820 Concordia
2809 2777 2917 2817 non
2937 2771 3019 2819 est
3046 2762 3157 2818 sola
3188 2763 3535 2832 praesentium
3559 2764 3800 2834 :quinimo

2249 2856 2323 2911 illi
2352 2871 2411 2911 se
2439 2856 2631 2912 melius
2669 2855 2981 2925 respiciunt,
3011 2855 3100 2925 qui
3128 2856 3292 2910 animi
3318 2855 3589 2912 cbaritate
3613 2871 3668 2912 se
3692 2871 3802 2911 con-

2242 2948 2490 3017 jungunt.
2541 2944 2715 3015 Atque
2763 2945 2887 3001 ideo
2941 2945 3175 3001 reddens
3224 2955 3468 3015 augustas
3523 2947 3801 3003 reverentia:

2246 3036 2583 3093 salutationis
2623 3036 2893 3103 atl‘eCtum,
2938 3050 3099 3106 spero
3143 3044 3203 3091 ut
3247 3036 3602 3095 redeuntibus
3644 3037 3803 3106 legatis

2173 3128 2219 3222 α
2250 3131 2467 3194 nostris,
2499 3144 2635 3199 quos
2675 3128 2741 3182 ad
2785 3129 3257 3184 clementissimum
3292 3138 3349 3184 et
3385 3129 3802 3199 gloriosissimum

2246 3221 2543 3293 principem
2567 3219 2967 3285 destinavimus,
2997 3219 3064 3273 de
3090 3227 3266 3276 vestra
3294 3237 3394 3277 nos
3420 3221 3633 3278 faciatis
3657 3219 3808 3289 sospi-

2247 3322 2358 3370 tate
2402 3314 2664 3385 gaudere;
2707 3313 2834 3383 quia
2877 3328 3132 3384 prospera
3170 3324 3344 3370 vestra
3386 3314 3465 3370 ita
3503 3315 3652 3371 nobis
3675 3320 3805 3383 grata

2245 3404 2512 3471 videntur,
2540 3413 2599 3459 ut
2626 3404 2874 3475 propria;
2905 3411 2958 3457 et
2986 3418 3205 3461 necesse
3233 3415 3317 3463 est
3343 3409 3661 3478 sospitatem
3682 3403 3808 3460 desi-

2244 3499 2495 3556 deranter
2515 3501 2809 3570 suscipere,
2838 3492 2999 3567 quam
3024 3515 3121 3556 nos
3143 3501 3341 3570 jugiter
3368 3511 3591 3558 constat
3621 3507 3804 3571 optare.

2801 3614 3130 3689 EPISTULA
3170 3632 3256 3687 x1.

2243 3735 2446 3776 multo
2467 3735 2589 3776 νιηο
2624 3720 2886 3786 ILLus'rnt,
2930 3736 3242 3786 uoussrtco,
3262 3737 3674 3797 ,rnsommoos
3700 3735 3805 3773 arx.

2242 3808 2527 3883 Maximum
2571 3826 2635 3866 ea:
2675 3812 2972 3883 Aniciorum
3003 3812 3222 3883 fomitio,
3257 3829 3371 3882 qua:
3399 3814 3585 3866 multis
3619 3819 3810 3883 ornatur

2254 3882 2263 3885 ’
2310 3882 2572 3945 encomiis,
2615 3882 2910 3947 oriundum,
2952 3881 3010 3936 et
3034 3883 3184 3936 uxori
3232 3881 3387 3952 regia:
3423 3885 3614 3952 stirpis
3646 3881 3806 3934 matri-

2311 3954 2482 4006 monio
2498 3952 2735 4024 junctum
2759 3952 2827 4006 ad
2847 3952 3269 4023 primiceﬂamm,
3288 3954 3392 4007 sive
3409 3953 3805 4010 domesticum,

2307 4031 2584 4090 promovet.

2256 4140 2265 4171 :
2316 4117 2469 4187 162
2502 4115 2558 4171 Si
2594 4116 2764 4186 gloria
2792 4124 2875 4173 est
2901 4117 3166 4173 bonorum
3194 4116 3504 4186 principum
3536 4110 3807 4181 incognitas

2238 4205 2528 4261 honoribus
2556 4204 2850 4262 clariﬁcare
2876 4220 3134 4276 personas
3165 4205 3311 4276 (dum
3338 4201 3612 4274 quidquid
3649 4215 3678 4252 a
3709 4198 3812 4253 sub-

2229 4294 2389 4364 jectis
2432 4296 2707 4365 proficitur
2755 4296 3092 4364 regnantium
3146 4295 3393 4350 laudibus
3454 4287 3804 4363 applicatur).

2233 4394 2435 4455 quanto
2457 4387 2612 4442 nobis
2637 4390 2974 4456 prtestanttus
2995 4397 3077 4442 est
3101 4386 3451 4441 nobilissima:
3471 4382 3685 4437 familia
3705 4377 3812 4432 red-

2233 4474 2361 4530 dere
2406 4475 2549 4545 quod
2594 4491 2713 4530 eam
2760 4476 3136 4545 cognoscimus
3175 4475 3337 4530 etiam
3380 4470 3646 4528 nascendi
3680 4475 3808 4522 sorte

2220 4552 2493 4625 meruisse
2523 4568 2644 4631 tSic
2670 4570 2811 4625 enim
2836 4570 3103 4639 justitiam‘
3129 4570 3430 4640 sequimur,
3465 4568 3513 4624 si
3546 4563 3698 4622 bonis
3723 4561 3812 4615 luc-

2229 4659 2444 4714 redibus
2472 4667 2752 4729 parentum
2777 4661 2993 4731 praemia
3023 4675 3128 4714 non
3169 4673 3449 4728 negemus.
3486 4657 3657 4711 Decet
3681 4650 3807 4705 enim

2228 4748 2387 4803 etiam
2416 4750 2627 4819 priores
2652 4764 2779 4805 suos
2808 4749 3040 4816 vincere,
3069 4750 3161 4818 qui
3191 4746 3260 4804 ad
3286 4756 3480 4803 nostra
3512 4744 3814 4802 meruerunt

2224 5005 2491 5083 Gothico;
2505 5003 2670 5062 Fons.

2296 5110 2320 5138 ο
2360 5098 2419 5152 L.
2453 5098 2540 5165 l7,
2588 5098 2652 5153 In
2698 5097 2819 5152 orbe
2861 5097 3117 5163 Romano,
3149 5097 3216 5152 de
3259 5103 3403 5151 statu
3456 5097 3613 5152 hom.
3657 5093 3808 5153 Plin..

2221 5168 2312 5225 lib.
2334 5184 2461 5229 xvn,
2480 5184 2529 5223 c.
2552 5168 2644 5233 ης
2678 5168 2768 5222 lib.
2798 5184 2984 5232 xxxiii,
3017 5183 3136 5237 cap.
3157 5165 3210 5219 4.
3243 5165 3381 5237 Male
3402 5168 3584 5234 prius,
3610 5168 3662 5221 in
3689 5165 3806 5237 uibc

2220 5237 2478 5303 Romana,
2518 5239 2809 5306 legebatur,
2856 5238 2909 5292 d.
2943 5239 2976 5291 Ι.
3012 5233 3099 5301 l7;
3129 5233 3465 5306 quodeditio
3499 5234 3805 5306 Florentius

2220 5308 2397 5376 arguit
2428 5324 2441 5360 :
2468 5301 2528 5362 et
2548 5301 2657 5374 jam
2687 5307 2904 5373 Alciat.,
2936 5308 3028 5361 lib.
3060 5301 3242 5376 nic'ap.
3270 5304 3340 5358 22
3371 5304 3691 5376 Dispunct.J
3721 5301 3809 5376 sil-

2218 5371 2449 5439 noiarat,
2492 5371 2576 5431 cui
2612 5386 2665 5431 et
2712 5378 2798 5432 hic
2841 5371 2993 5432 locus
3021 5371 3359 5445 suﬂ’ragatur,
3388 5384 3455 5430 et
3479 5371 3524 5429 l.
3560 5379 3612 5441 l,
3638 5374 3705 5429 C.
3736 5371 3808 5425 De

608 5436 962 5512 Advocatiin
992 5443 1303 5512 poi-orandis
1337 5443 1513 5512 causis
1560 5451 1859 5512 temperare
1887 5444 1987 5498 sibi
2016 5442 2112 5498 de-
2209 5436 2474 5499 eunuchis.
2507 5446 2673 5502 Fons.

537 5506 664 5582 ben}
686 5521 716 5561 a
741 5506 1177 5582 conviciis}__Vide
1204 5513 1238 5565 l.
1274 5528 1343 5575 vt,
1371 5511 1430 5582 C.
1455 5512 1546 5582 De
1578 5506 1921 5582 postulando;
1952 5522 2109 5568 notas

537 5575 603 5628 ad
632 5574 963 5646 Symmach.,
993 5578 1083 5632 lib.
1116 5595 1191 5646 rx,
1221 5583 1377 5651 epist.
1408 5581 1496 5636 28.
1521 5574 1713 5637 luitur.

2258 5532 2904 5619 4““1‘Iteodorwflugu'yw,
2943 5535 3225 5617 Iustiniani
3259 5534 3515 5619 conjungi,
3549 5536 3622 5591 de
3658 5533 3805 5619 cuius

2206 5604 2518 5661 fortitudine
2562 5604 2745 5661 animi'
2772 5606 3069 5676 Procopius
3106 5605 3371 5676 meminit.
3409 5605 3517 5676 Ad
3556 5610 3803 5676 eamdem

605 5664 632 5749 lt
670 5666 1046 5749 Ama'lasuntba
1067 5672 1321 5749 cogitavit
1341 5673 1408 5727 ab
1428 5672 1573 5749 l_talia
1588 5672 2105 5749 Constantinopolim
2204 5676 2455 5732 scribitur
2480 5676 2636 5743 infra,
2667 5677 2824 5749 epist.
2855 5664 3059 5747 20;”,
3095 5674 3188 5744 25,
3218 5676 3371 5747 hujus
3408 5674 3568 5731 libri.
3602 5673 3767 5731 Fons.

531 5747 704 5804 usque
726 5739 871 5796 adire
894 5738 1250 5797 Justiuianum
1275 5743 1403 5811 imp.
1435 5740 1663 5814 Procop.
1694 5744 1784 5798 lib.
1817 5758 1834 5798 ι
1860 5742 1927 5799 de
1943 5738 2102 5800 'Bcllo
