3990 6170
160 231 274 288 805

1483 229 1843 288 VAltlARUM
1886 231 2085 289 LIBER
2135 232 2200 289 Χ.

3346 248 3451 304 ϐυϐ

157 358 413 419 tempora
443 351 745 419 pervenire.
778 351 998 410 Anicius
1025 351 1242 422 quidem
1269 367 1409 425 pene
1436 349 1764 425 principibus
1792 349 1840 409 Α
1868 356 2019 404 turus
2045 351 2186 406 nulla
2217 350 2490 407 vrderet‘ur
2519 368 2750 420 sumere,
2781 358 2869 426 qui
2910 358 3194 429 primaavus
3229 366 3451 421 emerita

157 455 327 508 pares
352 451 484 497 tetas
512 444 687 511 prisca
718 443 1004 512 progenuit
1035 460 1049 496 :
1080 457 1309 513 quorum
1335 441 1567 498 nominis
1591 441 1765 511 digni-

156 538 250 586 tas
279 531 347 585 ad
383 540 437 587 te
475 533 752 601 sanguinis
774 533 923 589 fonte
950 533 1239 603 perducta,
1270 534 1512 591 collectis
1538 533 1760 596 viribus,

158 618 397 675 hilarior
424 621 723 677 instaurata
751 624 1006 679 rutilavit.
1036 624 1169 691 Quis
1196 640 1326 694 ergo
1356 625 1683 696 relinqueret
1709 624 1763 680 in

160 711 406 781 posteris
440 712 617 767 minus
658 714 895 769 honores
941 714 1068 787 [ed.,
1114 712 1379 785 honoris],
1410 729 1549 784 quos
1578 714 1764 769 tandiu

163 811 390 859 constat
428 802 593 860 fuisse
633 806 970 875 prmcipuos?
993 804 1386 862 Accusarentur
1413 808 1608 862 sarcula
1642 815 1690 871 α,
1719 808 1763 862 si

162 897 295 953 talis
335 897 599 968 potuisset
643 897 815 954 latere
860 896 1080 953 familia.
1136 900 1311 968 Atque
1357 900 1560 953 utinam
1610 899 1766 954 nobis

163 985 371 1042 Marios
403 987 485 1041 vel
511 986 773 1042 Corvinos
799 988 1056 1043 annosior
1094 988 1200 1042 vita
1239 988 1530 1045 servasset!
1563 989 1650 1042 vix
1679 1004 1768 1043 sa-

50 1076 65 1089 ’
165 1079 399 1133 tiaretur
425 1078 679 1148 principis
704 1085 909 1141 votum,
941 1078 985 1133 si
1019 1079 1480 1147 noscontingerct
1510 1093 1767 1147 personas

167 1169 293 1223 illas
344 1169 531 1223 talium
578 1167 860 1237 possidere
914 1168 1253 1223 meritorum.
1303 1167 1766 1234 Quemadmodum

168 1277 315 1317 nunc
358 1262 606 1331 profecto
646 1261 977 1329 negligamus
1011 1261 1248 1327 inventa,
1280 1260 1371 1330 qui
1402 1260 1767 1316 desideramus

167 1352 377 1408 habere
402 1351 671 1421 prmterita
698 1353 712 1407 l
738 1350 914 1420 Atque
944 1348 1069 1405 ideo
1100 1350 1265 1421 (quod
1307 1349 1536 1406 feliciter
1563 1352 1764 1407 dictum

166 1440 261 1512 sit)
321 1442 735 1512 primiceriatus,
777 1443 868 1511 qui
905 1449 963 1497 et
1005 1441 1392 1497 domesticatus
1435 1443 1762 1509 nominatur,

173 1535 246 1589 ab
298 1534 591 1590 indictione
616 1534 824 1590 decima
863 1544 1057 1603 quarta
1089 1534 1260 1605 (Anno
1291 1535 1482 1591 Christi
1512 1534 1637 1605 556)
1669 1535 1764 1590 tibi

169 1625 506 1680 conferimus
532 1625 865 1693 dignitatem.
904 1624 1105 1681 Usurus
1128 1641 1188 1681 es
1210 1627 1458 1681 omnibus
1482 1627 1648 1682 titulis
1674 1628 1763 1696 qni

1866 442 2210 510 cognoscitur
2235 444 2527 513 accepisse.
2559 445 2718 502 Avari
2748 440 2946 519 quippe
2973 452 3227 524 principis
3255 463 3375 512 erat
3396 458 3451 514 in

1866 548 1975 588 uno
2018 534 2226 590 honore
2265 536 2437 605 spatia
2477 538 2598 591 vitae
2645 547 2753 593 tam
2793 556 2983 612 magna
3024 547 3366 617 concludere,
3397 558 3455 606 et

1866 623 1989 680 ideo
2033 624 2202 693 magis
2248 626 2381 680 nihil
2430 636 2707 697 praestare,
2754 631 2876 699 quia
2918 634 3064 703 prius
3112 641 3455 706 cognoscitur

1865 730 2072 774 summa
2140 720 2403 775 meruisse
2450 737 2462 772 :
2515 722 2643 789 quin
2701 725 2878 791 potius
2925 729 3105 782 omnia
3150 734 3453 799 promiscue

1866 807 2245 863 concedamus.
2306 809 2460 864 Nulla
2505 810 2737 879 dignitas
2786 816 2962 870 minor
3005 827 3106 883 est,
3150 836 3273 875 cum
3315 822 3452 879 bene

1866 898 2089 966 geritur,
2119 900 2333 968 quando
2361 904 2713 958 reverentiam
2743 907 3057 978 plerumque
3078 912 3219 967 actio
3243 915 3455 972 videtur

1868 988 2115 1057 accipere
2141 990 2210 1044 de
2239 990 2487 1047 claritate
2516 1008 2780 1062 pet-sonte.
2814 994 2938 1052 Ihec
2965 1006 3141 1055 autem
3173 1010 3302 1059 tunc
3329 1016 3454 1060 sunt

1867 1078 2121 1146 gradibus
2156 1080 2429 1150 distincta,
2470 1099 2593 1138 cum
2640 1085 3106 1144 diversis-fuerint
3150 1091 3449 1150 distributa.

1866 1168 1999 1223 Nam
2027 1170 2291 1225 honorem
2322 1187 2477 1227 suum
2507 1188 2720 1244 semper
2746 1177 3023 1246 mqualiter
3049 1181 3265 1251 retinet,
3299 1186 3456 1254 quid—

1867 1259 1995 1328 quid
2025 1261 2194 1330 probe
2224 1263 2454 1331 gesserit
2488 1266 2805 1323 consularis.
2846 1267 2934 1324 Sic
2971 1272 3235 1328 minorum
3279 1276 3453 1333 flumi-

1868 1365 1996 1404 num
2043 1352 2306 1407 vocabula
2352 1354 2525 1423 major
2563 1358 2735 1412 amnis
2783 1359 3067 1428 absorbet;
3119 1370 3174 1418 et
3210 1370 3455 1435 quamvis
3516 1426 3528 1436 ,

1866 1442 2095 1512 plurima
2126 1441 2324 1498 ﬂuenta
2352 1444 2558 1501 Tiberis
2588 1457 2765 1504 vcstcr
2787 1452 3033 1523 accipiat,
3066 1463 3242 1511 tamen
3270 1474 3298 1512 a
3329 1476 3455 1529 pro-

1868 1535 1987 1602 prio
2016 1534 2232 1589 nomine
2260 1552 2368 1591 non
2398 1537 2648 1593 declinat.
2682 1539 2749 1594 Et
2778 1542 2919 1609 ideo,
2947 1546 3089 1612 quod
3122 1546 3346 1604 feliciter
3368 1550 3454 1606 di-

1869 1635 2014 1680 ctum
2043 1628 2132 1691 sit,
2165 1627 2355 1682 illustri
2384 1629 2501 1683 viro
2532 1638 2691 1701 atque
2724 1634 3006 1701 magnifico
3035 1637 3258 1705 patricio
3286 1639 3456 1697 Maxi-
3516 1682 3523 1697 .

168 1718 241 1771 ad
262 1716 385 1783 ejus
404 1717 676 1785 pertinent
711 1717 998 1771 actionem.
1030 1714 1128 1770 llic
1149 1716 1320 1770 honor
1340 1716 1584 1785 quamvis
1608 1716 1769 1771 tantis
1804 1722 1842 1779 Β
1872 1729 1961 1770 ιιιο
1990 1716 2401 1785 primiceriatus,
2444 1720 2534 1788 qui
2575 1728 2629 1776 et
2663 1721 3044 1780 domesticatus
3070 1729 3396 1800 nominatur,
3424 1748 3455 1787 a

171 1807 450 1862 natalibus
500 1806 745 1862 videatur
792 1806 1031 1872 inferior,
1062 1808 1271 1861 cunctis
1314 1817 1493 1861 tamen
1531 1805 1766 1861 fascibus

173 1902 287 1956 tuis
333 1901 544 1957 videtur
586 1915 706 1956 esse
754 1899 991 1967 felicior;
1029 1898 1183 1968 cujus
1229 1906 1473 1968 tempore
1521 1898 1765 1953 meruisti

172 1992 462 2062 conjugem
486 1991 645 2061 regis
686 1992 869 2062 stirpis
902 1993 1170 2062 accipere,
1200 2007 1358 2061 quam
1390 1992 1443 2045 in
1474 1990 1577 2045 tuis
1606 2006 1766 2045 curu-

174 2085 320 2142 libus
346 2084 462 2159 [δι’.
494 2095 544 2140 et
569 2083 711 2156 Cuj.,
742 2093 835 2141 tuo
872 2082 1177 2156 consulatu]
1208 2099 1308 2139 nec
1337 2082 1766 2153 prtusumpsisses

174 2186 391 2247 optare.
420 2176 533 2246 Age
562 2192 723 2242 nunc,
754 2184 813 2232 ut
840 2176 981 2231 sicut
1009 2174 1102 2229 tibi
1136 2181 1219 2230 est
1249 2174 1479 2240 votivus,
1509 2173 1581 2227 ita
1611 2172 1767 2227 nobis

174 2270 433 2325 reddatur
473 2277 745 2339 acceptus.
788 2267 1085 2323 Considera
1126 2266 1253 2336 quid
1292 2264 1575 2332 merueris,
1605 2272 1661 2319 et
1684 2264 1767 2319 di-

173 2374 342 2428 gnum
373 2367 426 2413 te
452 2368 635 2415 nostra
660 2357 922 2414 affinitate
949 2355 1223 2413 tractabis.
1257 2355 1392 2410 Nam
1426 2356 1518 2425 qui
1552 2355 1766 2410 familiai

176 2451 458 2521 regnantis
499 2450 821 2519 adjungitur,
858 2451 913 2504 iu
957 2448 1172 2504 laudum
1211 2447 1419 2517 gremio
1446 2446 1762 2503 collocatur.

177 2542 336 2596 Nunc
365 2542 535 2611 major
571 2557 734 2612 opera
773 2539 1173 2597 mansuetudini
1194 2537 1383 2605 detur;
1416 2553 1559 2592 nunc
1592 2538 1769 2592 omni—

178 2635 285 2688 bus
322 2632 628 2687 communio
670 2630 899 2699 benigna
927 2628 1259 2699 prmbeatur;
1289 2636 1349 2682 ut
1378 2628 1535 2681 talem
1568 2626 1768 2695 probe-

179 2737 308 2787 mur
334 2720 575 2792 elegisse,
609 2736 768 2790 quem
816 2719 960 2774 nulla
1006 2717 1177 2789 possit
1217 2717 1545 2788 prosperitas
1572 2718 1768 2772 immu-

179 2823 321 2871 tare.
351 2813 575 2868 llumilis
605 2827 704 2881 age
746 2829 861 2868 rem
889 2811 1091 2881 glorias,
1116 2811 1241 2880 quia
1267 2809 1334 2866 de
1367 2810 1628 2866 modestia
1656 2810 1771 2864 laus

179 2906 433 2973 sumitur,
458 2905 528 2959 de
563 2904 798 2973 elatione
836 2904 1016 2959 odium
1058 2902 1381 2961 concitatur.
1420 2900 1772 2957 Provectibus

178 2994 403 3066 quidem
433 2994 677 3063 proxima
707 3001 792 3048 est
835 2992 1197 3048 indubitanter
1238 2989 1466 3055 invidia;
1507 2989 1602 3046 sed
1630 2989 1770 3045 tole-

1875 1814 2064 1874 quarta
2096 1806 2301 1862 decima
2345 1809 2635 1867 indictione
2667 1812 2839 1882 (Anno
2880 1814 3072 1871 Christi
3110 1816 3234 1889 5'56)
3262 1833 3456 1889 geren-

1871 1896 1995 1951 dam
2041 1899 2324 1955 tribuimus
2365 1900 2698 1970 dignitatem,
2741 1913 2799 1959 ut
2845 1905 3187 1964 mediocritas
3235 1910 3457 1969 honoris

1869 1988 2079 2044 merito
2110 2001 2381 2047 cresceret
2430 1994 2783 2063 prtesidentis.
2830 1996 3013 2067 Neque
3058 2000 3198 2054 enim
3246 2001 3327 2059 fas
3375 2010 3458 2059 est

1867 2078 2069 2136 humile
2107 2081 2213 2137 dici
2250 2083 2394 2154 quod
2437 2087 2577 2155 gerit
2617 2085 2835 2144 Anicius
2867 2107 2881 2142 :
2913 2089 3109 2145 familia
3160 2101 3275 2150 toto
3324 2096 3457 2153 orbe

1868 2172 2177 2241 prrodicata,
2209 2190 2328 2245 quae
2374 2191 2503 2231 vere
2548 2178 2744 2233 dicitur
2782 2180 2998 2249 nobilis,
3032 2186 3244 2253 quando
3283 2189 3351 2244 ab
3388 2205 3451 2246 ea

1869 2262 2098 2317 actionis
2125 2264 2366 2333 probitas
2396 2280 2501 2321 non
2531 2268 2753 2323 recedit.
2777 2268 2883 2324 Sed
2910 2270 2988 2326 his
3013 2272 3169 2328 bonis
3190 2274 3449 2344 addimus,

1867 2360 2050 2421 patres
2079 2355 2388 2424 conscripti,
2419 2363 2477 2410 ut
2505 2366 2702 2413 nostra:
2739 2358 2985 2416 aftinitati
3014 2364 3279 2432 praecelsa:
3307 2367 3453 2423 clara

1867 2439 2081 2496 familiae
2110 2451 2299 2498 vestra:
2317 2444 2488 2513 gratia
2512 2446 2819 2502 misceatur.
2852 2447 3047 2505 Verum
3070 2451 3207 2509 hanc
3229 2455 3452 2523 gloriam

1868 2546 1976 2587 non
2018 2533 2118 2590 sibi
2165 2542 2372 2589 tantum
2418 2545 2600 2607 potest
2640 2552 2778 2594 unus
2825 2554 3118 2609 assumere,
3158 2559 3319 2615 quam
3359 2563 3455 2603 nos

1867 2623 2162 2695 probamur
2190 2625 2434 2681 Romano
2481 2628 2684 2683 nomini
2724 2631 3035 2688 contulisse.
3071 2632 3299 2691 Reddite
3327 2635 3456 2693 affe-

1867 2715 1978 2770 ctui
2006 2730 2127 2771 meo
2157 2717 2518 2787 plenissimam
2548 2719 2887 2775 charitatem.
2922 2719 3046 2777 Plus
3086 2734 3171 2779 est
3198 2726 3456 2785 amandus

1871 2821 1900 2860 a
1926 2806 2169 2873 domino,
2198 2809 2290 2879 qui
2317 2810 2557 2880 parentis
2585 2825 2780 2866 nomen
2814 2812 3067 2882 dignatus
3095 2824 3175 2872 est
3202 2826 3456 2888 prmstare

1871 2896 2134 2966 subjecto.
2163 2898 2271 2955 Sed
2297 2915 2510 2971 tequum
2539 2910 2639 2968 est,
2680 2911 2861 2972 patres
2896 2908 3206 2977 conscripti,
3239 2917 3297 2963 ut
3322 2911 3453 2965 cha-

1872 3003 1964 3043 rus
1990 2990 2208 3057 existat,
2240 3004 2337 3061 per
2362 3006 2523 3062 quem
2552 2993 2704 3047 vobis
2743 3002 2854 3049 tam
2891 2995 3065 3052 felicia
3093 2999 3452 3069 contigerunt.

180 3083 360 3138 rantia
400 3082 590 3137 melius
620 3081 869 3148 vincitur,
900 3095 1021 3150 qua:
1050 3080 1396 3136 contentione
1428 3094 1643 3149 semper
1670 3094 1768 3134 au-
1797 3085 1843 3148 ς,
1874 3078 2151 3137 Exsultate
2180 3082 2521 3151 generaliter,
2548 3092 2604 3139 et
2638 3085 2736 3140 has
2771 3086 2984 3156 nuptias
3013 3087 3199 3144 lzctitia
3237 3090 3457 3160 profusa

177 3184 360 3244 getur.
392 3174 564 3246 Supra
593 3182 818 3229 ceteras
845 3173 989 3229 enim
1022 3174 1242 3230 virtutes
1263 3173 1489 3228 amicam
1512 3172 1770 3242 sapienti-

177 3267 280 3321 bus
317 3282 440 3319 ama
483 3264 794 3336 patientiam
825 3282 838 3317 :
876 3272 1089 3319 erectus
1128 3278 1196 3318 cx
1242 3264 1415 3327 nobis,
1459 3260 1771 3317 sustinendo

181 3359 364 3429 potius
391 3373 554 3426 quam
583 3355 905 3411 vindicando
939 3355 1260 3410 laudaberis.
1300 3353 1437 3408 Iram
1465 3354 1642 3417 vince,
1674 3352 1772 3407 be-

180 3449 344 3517 nigna
383 3447 567 3516 dilige,
598 3462 729 3502 cave
774 3461 843 3501 ne
883 3444 1056 3514 major
1096 3444 1342 3499 videatur
1387 3458 1507 3498 esse
1546 3440 1773 3497 felicitas

182 3539 427 3593 moribus
452 3538 593 3605 tuis;
619 3537 714 3593 sed
735 3536 828 3608 qui
857 3536 1041 3591 nastro
1066 3535 1307 3606 jungeris
1342 3534 1546 3603 generi,
1588 3533 1771 3603 proxi-

181 3644 302 3684 mus
328 3629 583 3698 gloriosis
611 3628 913 3684 actionibus
957 3626 1344 3697 comproberis.
1389 3623 1614 3680 Laudati
1648 3633 1777 3679 sunt

181 3720 448 3775 hactenus
495 3727 750 3789 parentes
790 3718 888 3782 tui,
919 3717 1012 3772 sed
1056 3724 1203 3770 tanta
1248 3731 1356 3770 non
1393 3722 1518 3769 sunt
1544 3712 1773 3782 conjun-

181 3810 369 3869 ctione
408 3808 668 3863 decorati.
720 3806 983 3863 Nobilitas
1031 3815 1119 3860 tua
1172 3821 1278 3860 non
1320 3813 1405 3859 est
1447 3804 1585 3857 ultra
1629 3800 1773 3871 quod

182 3910 413 3959 crescat.
468 3899 737 3970 Quidquid
813 3897 1208 3971 prteconialitcr
1279 3895 1488 3965 egeris,
1553 3894 1773 3965 proprio

118 4012 147 4049 ι
181 3991 536 4047 matrimonio
563 3988 910 4057 dignissimus
936 3987 1219 4043 :estimaris
1246 3984 1296 4041 ι’.

742 4103 1071 4161 EPISTOLA
1110 4103 1223 4161 XII.

403 4215 629 4255 SENATUI
659 4213 809 4254 URBIS
833 4213 992 4253 ιιοιυε
1022 4210 1407 4251 τηεουλιιΑυυε
1433 4211 1558 4249 REX.

183 4291 385 4349 Scribit
416 4308 470 4344 se
500 4289 733 4344 Maximo
771 4290 895 4343 olim
935 4286 1133 4342 consuli
1166 4286 1541 4357 primiceriatus
1566 4301 1653 4340 seu
1683 4286 1778 4340 do-

256 4363 560 4417 mesticam:
588 4363 888 4431 dignitatem
928 4368 977 4431 et
1014 4373 1226 4431 uxorem
1253 4357 1616 4431 regiw‘stirpis
1652 4371 1777 4431 con-

257 4435 503 4555 misisse,
554 4439 603 4484 et
642 4427 782 4501 'petit
822 4438 877 4482 ut
925 4429 1020 4483 leas
1074 4427 1282 4499 nuptias
1331 4427 1523 4481 lwtitia'
1563 4427 1779 4498 profusa

258 4518 363 4555 cae
403 4510 535 4554 rent.

256 4592 338 4648 Ne
354 4594 478 4662 quis
501 4605 622 4659 nos,
644 4599 830 4662 patres
856 4588 1165 4658 conscripti,
1194 4587 1245 4642 in
1270 4585 1563 4642 hoaoribus
1588 4585 1778 4643 dandis

181 4700 297 4740 non
325 4683 561 4738 aestimet
600 4680 850 4736 habuisse
896 4680 1177 4741 rationem,
1208 4676 1353 4747 quod
1391 4683 1515 4746 post
1552 4675 1777 4746 insignia

178 4774 506 4830 consulatus
525 4771 734 4825 minora
761 4771 928 4838 magis
948 4769 1214 4840 posterius
1234 4766 1590 4824 conferamus.
1613 4767 1780 4837 Quin-

177 4867 300 4922 imo
325 4871 621 4920 suaserunt
667 4862 822 4918 nobis
859 4863 1051 4917 merita
1098 4860 1389 4925 candidati,
1430 4876 1499 4916 ne
1521 4861 1629 4931 jam
1666 4878 1780 4918 ma-

259 5028 289 5055 ι
321 5016 615 5086 Disciplina
647 5024 949 5086 temporum
977 5022 1032 5070 et
1061 5014 1240 5086 steculi
1270 5012 1494 5086 felicitas
1523 5014 1776 5086 ειμι-ξιιςί-

219 5091 347 5144 ibus
384 5083 733 5157 pra—:dicat‘ur,
762 5083 865 5157 lib.
903 5099 949 5157 At,
986 5083 1145 5157 epist.
1178 5083 1371 5157 5;Al_ih._
1394 5097 1451 5144 ιι.
1478 5083 1645 5157 epist.
1677 5083 1774 5151 t3;

200 5161 283 5214 ὠ.
319 5151 403 5223 iv,
425 5157 587 5226 epist.
632 5153 726 5222 1ος
770 5155 873 5226 hoc
901 5151 1034 5220 lib.,_
1048 5155 1207 5224 epist.
1240 5153 1337 5226 18;
1362 5151 1418 5208 'et
1444 5151 1576 5226 alias
1602 5168 1776 5226 smpe-

178 5221 651 5286 numer‘oCFonx.
705 5221 779 5269 μ
822 5224 1024 5279 Plinius
1074 5221 1182 5279 non
1233 5223 1457 5278 multum
1505 5221 1780 5279 dissimilia

220 5299 418 5353 retulit
449 5297 504 5351 in
536 5296 865 5368 Panegyrico
882 5294 1057 5368 desui
1085 5293 1267 5368 saeculi
1291 5292 1546 5368 felicitate
1574 5307 1737 5368 agens
1763 5309 1777 5346 :

198 5372 351 5426 Salva
384 5376 467 5422 est
493 5362 741 5421 omnibus
760 5366 888 5431 vita,
921 5365 1015 5431 ait,
1044 5373 1099 5420 et
1125 5364 1355 5433 dignitas
1378 5363 1520 5425 vitae,
1551 5378 1651 5417 nec
1668 5362 1778 5432 jam

179 5438 571 5495 consideratus
591 5452 655 5491 ac
678 5437 910 5507 sapiens,
934 5436 1025 5504 qui
1052 5443 1273 5507 mtatem
1299 5434 1351 5488 in
1375 5433 1611 5507 tenebris
1632 5434 1739 5502 agit
1765 5450 1778 5486 :

181 5510 387 5583 eadem
418 5508 619 5578 quippe
662 5503 761 5583 sub
800 5503 1041 5583 pripcipe
1076 5504 1361 5583 virtutibus
1395 5503 1629 5583 prmmia,
1663 5518 1784 5583 qua:

178 5583 242 5637 in
278 5573 569 5640 libertate;
605 5592 705 5632 nec
744 5573 1039 5635 benefactis
1085 5581 1291 5630 tantum
1340 5573 1407 5629 ex
1450 5573 1782 5629 conscientia

178 5664 429 5711 merces,
453 5646 551 5701 sed
576 5648 734 5701 etiam
762 5646 977 5717 praemia
1004 5654 1152 5717 sunt.
1183 5644 1372 5700 Bnoss.

265 5722 294 5760 δ
341 5718 539 5773 Vetere
566 5726 620 5773 et
647 5714 875 5786 eleganti
904 5714 1157 5784 loquendi
1184 5730 1351 5784 more,
1379 5714 1597 5791 propria
1624 5727 1781 5769 uxor.

1806 4453 1862 4513 D

1873 3171 2163 3227 celebrate.
2187 3171 2341 3228 Unde
2368 3173 2580 3243 prolicit
2600 3191 2797 3231 nomen
2824 3178 3083 3248 omnium,
3109 3190 3233 3236 vota
3260 3182 3460 3240 debent

1874 3275 1996 3318 esse
2022 3271 2358 3319 cunctorum.
2381 3264 2512 3331 Qum
2537 3281 2726 3336 preces
2752 3283 2783 3323 a
2811 3283 2899 3325 me
2923 3271 3140 3341 exigere
3165 3281 3459 3346 potuerunt

1874 3353 2020 3423 quod
2056 3369 2210 3411 meus
2250 3355 2460 3411 animus
2497 3365 2793 3426 spontanea
2820 3358 3206 3420 deliberatione
3234 3379 3461 3423 conces-

1874 3438 1977 3514 sit,
2008 3452 2068 3499 ut
2092 3446 2255 3508 vestri
2297 3446 2504 3501 ordinis
2541 3448 2686 3503 viros
2721 3458 2973 3519 parentes
3017 3467 3146 3509 vere
3187 3455 3460 3525 appellare

1876 3539 2159 3608 possimus,
2175 3539 2267 3608 qui
2290 3539 2448 3594 nobis
2467 3537 2741 3596 affinitatis
2761 3541 3005 3598 claritate
3020 3543 3279 3614 jungendi
3300 3558 3454 3603 sunt.

2411 3669 2747 3726 EPISTOLA
2783 3671 2918 3728 XIII.

2087 3799 2313 3839 SENATUI
2342 3799 2488 3839 URBIS
2517 3799 2677 3839 ROIlt'E
2710 3799 3093 3842 TIIEODAIIADUS
3120 3803 3244 3842 ιιεκ.

1877 3899 2161 3971 Senatores
2177 3898 2514 3971 reprehendit
2540 3898 2677 3971 quod
2704 3897 2867 3971 plebis
2893 3900 3087 3971 levitati
3115 3911 3165 3955 et
3201 3904 3347 3956 vanis
3374 3919 3463 3957 su-

1946 3969 2260 4051 spiriouibus
2282 3971 2336 4023 in
2365 3970 2490 4041 ipsis
2515 3969 2658 4041 regni
2683 3969 2795 4040 ejus
2821 3970 3120 4039 primordiis
3149 3988 3254 4028 non
3281 3989 3464 4028 occur-

1947 4048 2129 4093 rerint.

1950 4128 2238 4201 Postquam
2272 4128 2604 4187 venerabiles
2630 4130 2774 4187 viros
2798 4130 3084 4202 episcopos
3110 4133 3288 4201 agnita
3315 4132 3465 4203 lega-

1880 4223 2027 4278 tione
2074 4221 2400 4287 remisimus,
2424 4236 2546 4277 nee
2590 4222 2938 4293 petitionibus
2973 4223 3189 4292 vestris,
3221 4226 3468 4295 quamvis

1878 4320 2058 4369 essent
2085 4311 2329 4383 qumdam
2360 4312 2819 4382 reprehensibilia,
2861 4313 3013 4383 133
3044 4322 3226 4368 noster
3254 4315 3465 4369 animus

1883 4403 2156 4459 obviasset
2186 4421 2199 4455 :
2225 4403 2503 4457 venientes
2527 4400 2594 4456 ad
2624 4417 2724 4457 nos
2753 4402 2918 4472 aliqui
2949 4403 3249 4457 retulerunt
3276 4404 3468 4460 civita-

1885 4503 1993 4550 tem
2023 4493 2320 4550 Romanam
2362 4492 2538 4547 adhuc
2576 4493 2758 4563 inepta
2797 4492 3155 4549 sollicitudine
3197 4494 3466 4562 laborare,

1885 4595 1940 4643 et
1968 4586 2021 4642 id
2049 4600 2209 4655 agere
2239 4594 2296 4641 ut
2323 4585 2422 4640 nisi
2461 4594 2658 4640 nostrae
2700 4585 3123 4641 mansuetudinis
3159 4588 3466 4650 interesset,

1884 4680 2125 4753 pericula
2173 4678 2276 4735 sibi
2320 4677 2501 4749 potius
2548 4684 2693 4733 certa
2739 4692 2805 4733 ex
2854 4677 3028 4733 dubiis
3076 4677 3469 4749 suspicionibus

1885 4772 2203 4830 concitaret.
2252 4768 2404 4826 Unde
2448 4770 2712 4825 aestimate
2766 4768 2851 4825 cui
2906 4768 3101 4825 debeat
3149 4770 3469 4842 populorum

1885 4863 2061 4920 inanis
2086 4862 2281 4919 levitas
2309 4859 2583 4932 imputari,
2614 4859 2717 4915 nisi
2748 4866 2929 4915 vestro
2958 4858 3153 4925 ordini,
3179 4876 3209 4914 a
3235 4876 3342 4931 quo
3370 4859 3469 4916 de-

1879 5016 2035 5072 Serv.
2066 5015 2393 5077 Honoratus,
2419 5014 2475 5070 in
2503 5011 2631 5069 illud
2658 5011 2847 5083 Virgil.
2879 5010 2971 5067 lib.
3002 5027 3019 5066 ι
3046 5018 3103 5064 et
3126 5025 3177 5064 tv
3206 5006 3425 5064 Eneid.
3454 5026 3468 5063 :

1973 5105 2227 5157 connubio
2244 5106 2446 5167 jungam
2471 5102 2653 5162 stabili,
2685 5104 3025 5165 propriamque
3049 5100 3242 5150 dicabo.

1881 5188 2126 5269 IIersiliae
2155 5187 2393 5269 precatio
2417 5186 2560 5269 apud
2583 5186 2703 5269 ᾼιιι.
2726 5184 2888 5267 Gell.,
2913 5183 3004 5269 lib.
3032 5198 3146 5269 xm,
3175 5198 3224 5269 c.
3244 5181 3319 5265 ﬁl
3356 5200 3370 5269 ς
3403 5181 3476 5269 Ut

1883 5260 2043 5314 liccat
2065 5260 2266 5328 nuptiis
2291 5260 2522 5328 propriis
2546 5265 2604 5311 et
2624 5260 2895 5328 prosperis
2918 5260 3025 5319 uti;
3051 5267 3151 5307 nec
3172 5260 3313 5328 enim
3337 5268 3475 5328 uxor

1884 5330 1952 5385 ad
1982 5323 2213 5399 tempus,
2244 5323 2337 5399 sed
2364 5323 2415 5399 in
2447 5323 2721 5399 perpetua:
2747 5323 2870 5399 vita;
2899 5323 3343 5399 consuetudinem
3374 5323 3474 5399 du-

1886 5401 2044 5483 citur.
2077 5391 2135 5453 IL.
2168 5398 2219 5463 l,
2250 5391 2644 5483 de‘ritfnuptz,
2677 5395 2705 5466 ᾗ
2746 5393 3147 5483 ludepatrim,
3162 5402 3362 5483 potest.
3392 5391 3475 5446 in-

1884 5471 2082 5537 stitut.,
2112 5462 2233 5535 cap.
2254 5467 2384 5549 .ult.,
2417 5462 2570 5520 extra
2585 5465 2666 5547 _de
2680 5462 2854 5547 'cond.
2886 5478 3074 5546 appos.
3108 5462 3273 5518 Fons.

1956 5539 2089 5594 Vide
2202 5535 2538 5618 Ilieronym.,
2564 5536 2714 5618 libari
2737 5551 2788 5589 ιιι
2816 5532 3084 5618 ξογιιιιειιι.
3112 5550 3129 5618 ξ
3152 5532 3305 5618 Nulla
3327 5530 3473 5618 apud

1884 5607 2204 5679 eos_conjux
2243 5601 2458 5679 propria
2500 5614 2604 5676 est,
2632 5614 2761 5673 etc.;
2791 5613 2845 5661 et
2874 5604 3054 5659 Altim.
3100 5601 3336 5669 Avitum,
3368 5601 3478 5660 lib.
3558 5618 3567 5625 ·

1883 5694 1939 5734 ιι.
1971 5677 2164 5734 ιιιιιετ.
