3990 6170
471 262 576 318 807

1678 252 1748 307 Μ.
1791 247 2068 308 AURELII
2105 247 2508 307 cxssronom
3321 223 3335 232 ’
3629 240 3737 308 .808

470 380 696 430 onerant
730 379 920 428 cuncta
955 365 1226 437 componi.
1261 365 1362 421 Per
1388 373 1621 423 vestram
1663 365 1928 435 siquidem
1960 379 2050 419 sa-
2082 367 2125 423 Α
2155 364 2505 433 reperiamus,
2535 363 2680 434 quod
2709 363 2901 418 nostris
2924 360 3376 431 indignationibus
3401 377 3524 419 esse
3568 364 3741 434 possit

468 464 727 537 pientiam
765 458 1039 515 admoneri
1068 457 1372 526 provincias
1401 455 1641 526 oportuit
1670 455 1968 521 universas,
1995 461 2057 507 ut

473 555 598 610 talia
631 552 988 622 probarentur
1027 562 1303 603 assumere
1331 561 1450 616 qua:
1479 544 1734 615 principis
1761 542 2054 614 primordia

469 643 781 698 viderentur
808 653 1024 694 ornare.
1059 639 1253 694 Verum
1279 651 1399 706 quae
1426 636 1614 692 civitas
1642 651 1750 689 non
1780 636 1872 688 liat
1889 635 2056 688 excu-

470 733 675 797 sabilis,
712 731 757 786 si
801 731 970 783 Roma
1009 727 1328 798 deliquerit?
1370 726 1486 781 Rex
1527 727 1704 780 minor
1731 725 1796 779 ad
1826 723 2056 793 potioris

471 824 641 878 currit
665 821 992 889 exemplum,
1023 826 1080 872 et
1107 817 1265 871 alieni
1297 816 1423 871 facti
1457 815 1577 884 jure
1607 815 1856 869 invidiam
1896 813 2058 868 susti-

473 923 586 983 net,
628 929 748 982 qua:
792 912 1026 981 peccatis
1069 918 1288 979 praestat
1332 909 1654 978 exemplum.
1705 907 1812 962 Sed
1857 906 2057 975 gratias

473 1003 750 1058 Divinitati
798 1000 1105 1065 referimus,
1147 1013 1267 1068 qua:
1312 997 1454 1052 dona
1499 1012 1594 1052 sua
1645 996 1835 1050 vestris
1878 995 2059 1065 potius

475 1094 688 1150 ornavit
724 1089 1049 1146 excessibus.
1099 1087 1239 1143 Ecce
1289 1089 1438 1158 prius
1480 1087 1665 1156 culpas
1712 1086 2056 1154 ignoscimus,

474 1202 633 1258 quam
658 1184 972 1239 devotiones
997 1181 1203 1249 aliquas
1239 1181 1552 1235 sentiamus.
1585 1178 1665 1232 Nil
1694 1177 1970 1240 debemus,
2003 1183 2061 1230 et

474 1277 729 1333 solvimus
755 1293 766 1328 :
797 1283 922 1328 ante
949 1269 1174 1326 benefici
1204 1264 1410 1338 sumus,
1435 1279 1493 1324 ut
1513 1278 1699 1340 postea
1727 1268 2060 1338 gratissimos

475 1369 718 1423 invenire
765 1366 1048 1436 possimus.
1094 1362 1203 1417 Sed
1255 1363 1382 1419 licet
1428 1362 1481 1416 in
1532 1363 1632 1416 hac
1671 1368 1824 1433 parte
1863 1368 2062 1414 nostra:

475 1457 752 1512 modestiae
799 1455 1034 1523 gravitas
1079 1461 1369 1538 asseratur,
1426 1452 1676 1507 nolumus
1727 1460 1907 1506 tamen
1961 1465 2061 1505 nos

476 1557 682 1603 tantum
713 1544 1008 1616 prmdicari,
1029 1543 1143 1623 nisi
1174 1550 1231 1598 ut
1267 1551 1322 1596 et
1347 1542 1654 1598 devotionis
1686 1542 1939 1597 Romanae
1967 1543 2063 1597 be-

475 1639 708 1708 nignitas
744 1637 915 1706 possit
955 1634 1186 1690 ostendi.
1231 1632 1356 1689 Plus
1401 1635 1545 1690 enim
1585 1642 1768 1688 vestra
1809 1633 2064 1704 opinione

2155 453 2424 508 idoneum.
2461 453 2618 508 Fides
2640 463 2836 516 vestra.
2866 469 2984 523 qum
3015 470 3112 509 vos
3157 454 3418 508 hactenus
3466 453 3701 510 asseruit
3722 491 3740 515 ,

2158 545 2320 600 modo
2347 545 2526 616 potius
2547 545 2822 600 evidenter
2849 545 3094 600 ostendat
3124 543 3200 617 [N
3207 546 3271 598 iv.
3307 555 3357 598 et
3385 541 3509 610 6a.,
3557 553 3746 600 osten-

2156 635 2354 707 datur].
2385 635 2501 689 Non
2532 636 2736 690 varium
2767 634 2892 709 [Ed.
2925 633 3162 708 vanum],
3206 651 3313 690 non
3337 635 3609 700 dolosam,
3644 653 3744 692 nec

2155 726 2506 782 seditionibus
2536 726 2754 796 plenum
2784 727 3037 797 populum
3066 727 3221 782 decet
3245 743 3363 783 esse
3413 728 3738 784 Romanum.

2155 813 2278 868 Mali
2327 829 2506 870 mores
2555 823 2734 869 vestro
2776 815 2978 868 nomini
3010 815 3306 884 probantur
3350 815 3587 872 adversi.
3639 817 3744 873 Sed

2155 904 2263 959 hoc
2298 919 2511 975 quoque
2541 906 2786 961 mirabile
2813 914 2914 971 est,
2959 905 3105 974 quod
3149 907 3467 975 gravitatem
3509 918 3744 963 vestram

2157 997 2398 1066 cogimur
2425 997 2734 1063 admonere,
2758 1014 2920 1068 quam
2947 1007 3160 1054 constat
3187 1015 3403 1072 semper
3429 998 3628 1072 sponte
3656 1019 3746 1060 sa-

2157 1087 2358 1157 puisse.
2391 1087 2560 1143 Nullas
2579 1103 2679 1144 vos
2726 1089 2921 1159 ineptae
2943 1091 3295 1160 suspiciones,
3342 1093 3487 1148 nulla
3535 1094 3746 1150 timoris

2158 1181 2344 1235 umbra
2368 1179 2661 1236 deterreat.
2694 1180 2913 1236 Habetis
2940 1183 3240 1253 principem
3265 1185 3357 1254 qui
3382 1185 3601 1255 pietatis
3627 1195 3744 1242 stti-

2157 1269 2248 1326 dio
2283 1278 2436 1340 optet
2487 1271 2543 1325 in
2571 1272 2724 1326 vobis
2746 1273 2986 1328 invenire
3036 1274 3181 1344 quod
3231 1275 3433 1344 diligat.
3488 1277 3748 1334 Hostibus

2158 1361 2371 1426 vestris,
2409 1377 2517 1419 non
2543 1359 2913 1418 defensoribus
2936 1362 3184 1418 obvietis.
3216 1363 3470 1431 invitare,
3513 1382 3625 1422 non
3652 1384 3747 1423 ex-

2160 1449 2377 1506 cludere
2405 1451 2666 1506 debuistis
2693 1452 2972 1506 auxilium.
3004 1451 3112 1527 Sed
3150 1468 3343 1508 sensus
3369 1456 3472 1510 iste
3499 1456 3750 1512 fortassis

2163 1555 2352 1596 eorum
2381 1548 2468 1597 est
2499 1542 2591 1611 qui
2632 1541 2812 1596 minus
2852 1543 3149 1612 proba-stur
3177 1545 3476 1614 intelligere
3504 1562 3627 1616 quae
3655 1563 3750 1618 ge-

2164 1630 2420 1686 neraliter
2445 1638 2696 1700 poterant
2741 1633 3014 1702 expedire.
3062 1633 3144 1688 Ad
3171 1643 3410 1691 vestrum
3451 1639 3634 1707 potius
3662 1655 3750 1694 re-

477 1729 768 1800 pascimur,
797 1741 956 1796 quam
999 1727 1045 1782 si
1090 1726 1159 1782 de
1204 1734 1386 1780 nostra
1423 1741 1638 1796 semper
1674 1726 2059 1796 tranquillitate
2090 1749 2138 1807 B
2165 1719 2274 1775 dite
2301 1721 2601 1776 consilium.
2632 1721 2882 1792 Nunquid
2910 1739 3006 1778 vos
3052 1740 3191 1780 nova
3236 1728 3410 1795 gentis
3439 1728 3606 1788 facies
3635 1731 3743 1785 ulla

479 1820 838 1874 laudaremur.
881 1815 1140 1870 Amovete
1177 1816 1512 1886 suspiciones
1546 1817 1613 1870 ab
1647 1817 1837 1870 ordine
1878 1823 2061 1870 vestro

479 1925 694 1979 semper
720 1915 1024 1962 extraneas.
1056 1905 1173 1959 Non
1202 1905 1356 1961 decet
1391 1915 1636 1960 senatum
1663 1905 1856 1972 corrigi
1891 1913 1937 1969 ι,
1970 1903 2063 1972 qui

483 1998 644 2054 debet
677 1999 810 2052 alios
837 2007 1061 2069 paterna
1099 1995 1475 2050 exhortatione
1515 1994 1802 2049 moderari.
1835 1994 1967 2048 Nam
1995 2008 2064 2048 ex

479 2090 675 2160 quibus
703 2089 976 2144 habebunt
997 2088 1212 2158 genium
1243 2103 1438 2154 mores,
1469 2088 1514 2143 si
1546 2096 1795 2158 parentes
1823 2087 2066 2156 publicos

479 2181 716 2236 minores
738 2180 1024 2248 contigerit
1046 2182 1306 2236 inveniri?
1329 2177 1610 2237 Sufficiunt
1635 2179 1749 2234 haec
1771 2178 2060 2242 nobilibus,

479 2271 752 2327 sufﬁciunt
796 2271 898 2326 ista
941 2272 1282 2341 verecundis,
1322 2281 1382 2328 ut
1430 2272 1498 2328 ad
1541 2271 1776 2330 studium
1815 2269 2065 2340 perfecta:

479 2363 781 2419 devotionis
808 2362 1113 2432 incitemus,
1141 2380 1279 2434 quos
1304 2365 1577 2439 paululum
1605 2366 1671 2420 de
1699 2377 1862 2437 prava
1891 2361 2067 2431 suspi-

481 2455 636 2510 cione
679 2454 1030 2524 cuipavimus.
1065 2454 1174 2510 Nos
1214 2457 1378 2522 enim,
1417 2458 1561 2526 quod
1600 2458 1937 2528 praesentiam
1967 2469 2063 2512 νϐ·-

482 2552 649 2598 stram
693 2545 1080 2612 expetivimus,
1134 2561 1240 2599 non
1289 2548 1590 2602 vexationis
1644 2548 1916 2616 iniuriam,
1967 2549 2064 2604 sed

483 2632 728 2685 utilitatis
755 2640 948 2686 vestrm
975 2647 1165 2688 causas
1204 2635 1466 2704 profunda
1495 2635 1821 2704 cogitatione
1860 2645 2061 2691 tracta-

481 2721 682 2786 vimus;
710 2729 767 2776 ut
790 2722 920 2776 illud
948 2724 1118 2792 magis
1137 2724 1458 2781 debuissetis
1485 2726 1716 2794 efﬁcere,
1739 2729 1885 2798 quod
1910 2729 2062 2784 vobis

481 2811 831 2880 cognovimus
857 2814 1134 2883 expedire.
1163 2815 1321 2872 Certe
1366 2833 1560 2874 munus
1593 2826 1676 2874 est
1702 2821 1883 2875 videre
1911 2823 2062 2892 prin-

482 2901 677 2970 cipem.
707 2901 820 2957 Hoc
845 2918 878 2956 a
906 2904 1059 2959 vobis
1087 2920 1184 2974 pro
1214 2906 1522 2977 reipublicae
1563 2909 1791 2965 utilitate
1814 2911 2063 2968 volumus

482 2990 617 3055 fieri,
650 2993 793 3061 quod
831 2995 1062 3063 prmmiis
1106 2995 1315 3051 solebat
1351 2998 1547 3067 cptari.
1590 2997 1699 3054 Sed
1739 3015 1808 3055 ne
1835 3001 1948 3071 ipsa
1976 3017 2063 3057 re-

483 3085 659 3139 media
691 3086 741 3139 in
772 3086 946 3155 aliqua
987 3096 1142 3156 parte
1180 3089 1486 3145 viderentur
1531 3101 1765 3157 austera,
1807 3109 1928 3148 cum
1975 3110 2062 3150 res

482 3178 821 3245 poposcerit,
859 3177 1068 3245 aliquos
1104 3178 1172 3233 ad
1219 3196 1318 3234 nos
1359 3181 1695 3250 praecipimus
1733 3185 1974 3250 evocari,
2005 3195 2066 3240 ut

486 3279 587 3318 nec
637 3264 808 3319 Roma
853 3267 964 3321 suis
1001 3268 1206 3324 civibus
1231 3271 1514 3338 enudetur,
1548 3281 1602 3328 et
1639 3283 1821 3328 nostra
1846 3277 2066 3332 consilia

488 3353 618 3407 viris
647 3353 995 3423 prudentibus
1035 3358 1373 3428 adiuventur.
1411 3361 1603 3418 Redite
1635 3379 1765 3434 ergo
1803 3367 1857 3421 in
1885 3369 2068 3437 pristi-

485 3457 612 3498 nam
657 3445 1024 3514 devotionem,
1067 3458 1126 3503 ut
1164 3451 1554 3509 sollicitudines
1601 3471 1757 3524 meae,
1797 3473 1932 3527 quas
1967 3476 2066 3531 pro

485 3538 836 3606 generalitate
863 3543 1122 3610 sustineo,
1153 3557 1334 3602 vestro
1364 3550 1542 3616 potius
1569 3551 1894 3619 adiuventur
1920 3556 2067 3623 inge-

487 3624 578 3678 nio
603 3643 615 3678 :
647 3628 767 3696 quia
799 3634 901 3685 hoc
927 3633 1080 3687 vobis
1106 3650 1320 3706 semper
1347 3638 1562 3694 insitum
1594 3641 1710 3707 fuit,
1740 3645 2067 3714 principibus

487 3717 682 3770 vestris
719 3728 903 3775 votum
947 3725 1193 3791 puritatis
1229 3725 1449 3795 offerre;
1481 3747 1581 3787 nec
1611 3749 1801 3802 parere
1830 3739 2065 3793 necessi-

487 3810 597 3860 tate
626 3809 865 3874 terroris,
902 3813 996 3866 sed
1027 3815 1203 3884 potius
1247 3832 1432 3874 arnore
1459 3821 1800 3880 dominantis.
1838 3825 2066 3898 Reliqua

485 3910 584 3965 per
611 3897 756 3954 illum
786 3901 976 3958 barum
1008 3907 1322 3974 portitorem
1351 3913 1518 3968 verbo
1543 3914 1766 3970 dicenda
1795 3897 2070 3974 commisi-

485 4000 636 4052 mus,
677 3997 733 4042 ut
781 3993 1043 4050 submotis
1085 3999 1500 4065 cogitationibus
1542 4005 1824 4078 ambiguis,
1868 4013 2067 4067 nostris

486 4075 940 4138 admonitionibus
964 4087 1184 4142 credere
1212 4089 1472 4148 debeatis.

1028 4219 1355 4278 EPISTOLA
1393 4225 1529 4283 XIV.

753 4324 955 4368 MPULO
992 4329 1200 4372 ROIANO
1239 4335 1617 4380 TREODMMDUS
1654 4341 1778 4382 REX.

483 4392 742 4467 Populum
778 4401 848 4454 ad
873 4402 1030 4470 [idem
1071 4408 1181 4476 regi
1196 4412 1512 4488 servandum
1540 4423 1591 4467 et
1617 4415 1687 4468 ad
1718 4415 2063 4488 abjiciendam

853 4489 1039 4528 vanam
1065 4479 1403 4542 suspicionem
1429 4483 1681 4539 hortatur.

555 4554 704 4611 Licet
725 4560 879 4616 vobis
892 4563 960 4616 sit
986 4565 1202 4621 insitum
1232 4568 1479 4628 dominos
1492 4587 1698 4632 vestros
1727 4595 1858 4648 pura
1882 4592 2062 4639 mente

482 4641 723 4712 diligere,
747 4656 802 4701 et
831 4650 1101 4721 obsequiis
1131 4657 1182 4710 id
1212 4672 1390 4727 agere,
1435 4672 1492 4718 ut
1515 4641 1785 4734 regnantis
1823 4672 2059 4728 animum

481 4738 697 4807 possitis
738 4739 939 4799 habere
987 4748 1304 4816 placabilem
1346 4773 1359 4808 :
1414 4758 1518 4814 hoc
1567 4770 1743 4820 tamen
1794 4768 2062 4837 majorum

479 4841 779 4886 vestrorum
808 4849 1021 4905 semper
1047 4843 1321 4910 proprium
1353 4843 1468 4914 fuit,
1502 4857 1562 4904 ut
1600 4859 1850 4922 tanquam
1885 4875 2060 4916 mem-

479 4919 576 4975 bra
606 4924 788 4994 capiti,
830 4925 904 4980 ita
956 4930 1066 4984 suis
1106 4932 1435 5004 principibus
1457 4919 1766 4998 viderentur
1810 4947 2050 5019 adjungi.

479 5010 650 5077 Quam
679 5016 822 5069 enim
851 5018 1274 5078 vicissitudinem
1315 5027 1524 5095 reddat,
1569 5033 1663 5100 qui
1714 5010 1949 5094 maxime
1978 5010 2056 5095 la-

476 5102 610 5158 bore
637 5103 968 5175 defenditur,
1003 5111 1152 5181 uritis
1181 5130 1280 5184 per
1305 5116 1420 5172 dies
1446 5121 1680 5190 singulos
1705 5126 1932 5183 civilitas
1957 5146 2052 5185 cu-

474 5195 724 5292 stoditur,
754 5200 856 5256 nisi
879 5210 937 5256 ut
965 5203 1084 5260 illos
1121 5205 1309 5276 diligat
1353 5226 1518 5281 supra
1567 5217 1764 5283 omnia,
1795 5234 1893 5288 per
1919 5237 2054 5292 quos

477 5285 672 5342 habere
695 5292 952 5358 probatur
991 5297 1237 5353 universa
1285 5299 1453 5374 [Λα.
1511 5301 1770 5363 itmnensa
1799 5285 1852 5383 j?
1902 5285 2056 5369 A-bsit

472 5378 615 5433 enim
644 5395 675 5434 a
706 5386 1036 5454 temporibus
1083 5391 1284 5448 nostris
1331 5403 1388 5449 ut
1424 5395 1480 5450 in
1510 5397 1660 5454 vobis
1700 5378 1900 5470 aliquid
1947 5406 2054 5461 tale

544 5581 748 5668 ‘mQrdo
773 5599 1078 5668 senatorum
1107 5610 1293 5668 carere
1330 5599 1473 5668 omni
1497 5600 1626 5655 vitio
1653 5599 1833 5657 debet.
1863 5600 1923 5656 L.
1957 5603 2043 5668 τι,

473 5647 802 5740 Elaeam,-
827 5660 893 5713 de
926 5647 1126 5740 Decur.
1152 5681 1163 5715 :
1508 5647 1787 5740 5611:3de
1954 5647 2046 5740 of):

473 5721 702 5788 probi-iis
737 5725 1014 5802 laborent,
1058 5721 1385 5803 amplissimo
1432 5721 2044 5810 ordine.indigni—vindi-

2164 1813 2462 1868 deterruit?
2487 1813 2597 1871 Cur
2640 1816 2960 1885 expavistis,
2999 1833 3138 1886 quos
3181 1829 3434 1890 parentes
3481 1822 3750 1879 hactenus

2164 1904 2514 1959 nominastis?
2545 1903 2646 1971 Qui
2669 1905 2870 1960 relictis
2894 1905 3109 1963 familiis
3136 1909 3204 1962 ad
3227 1925 3323 1965 vos
3335 1912 3518 1966 venire
3547 1929 3749 1983 prope-

2162 1991 2372 2058 rabant,
2401 1992 2468 2047 de
2514 2004 2692 2049 vestra
2740 2004 2894 2049 erant
2940 1998 3120 2066 potius
3171 2000 3464 2057 securitate
3507 2004 3746 2058 solliciti.

2162 2086 2408 2153 Quando,
2439 2101 2603 2156 rogo,
2636 2088 2759 2144 talis
2807 2089 2876 2143 ab
2923 2091 3014 2146 illo
3040 2091 3350 2149 vicissitudo
3391 2103 3610 2166 recepta
3640 2106 3746 2158 est,

2164 2179 2249 2233 cui
2277 2179 2467 2236 salutis
2490 2181 2709 2251 prmmia
2729 2181 3103 2238 debebantur?
3135 2184 3270 2239 Illud
3307 2187 3473 2254 enim,
3504 2188 3650 2256 quod
3678 2190 3748 2242 ad

2165 2286 2263 2326 nos
2289 2271 2500 2336 attinet,
2517 2272 2655 2326 scire
2676 2270 2958 2340 debuistis,
3006 2275 3131 2344 quia
3159 2275 3246 2331 die
3276 2287 3550 2348 noctuque
3572 2279 3748 2334 inces-

2163 2370 2347 2416 santer
2373 2371 2620 2433 optamus
2647 2373 2709 2418 ut
2733 2363 2876 2433 quod
2902 2375 3184 2435 parentum
3206 2379 3512 2423 nostrorum
3535 2379 3748 2440 tempo-

2163 2457 2314 2512 ribus
2353 2466 2567 2512 constat
2607 2459 2922 2528 enutritum,
2972 2459 3073 2514 sub
3117 2460 3273 2516 nobis
3322 2463 3501 2532 potius
3555 2463 3755 2518 divinis

2167 2545 2376 2601 auxiliis
2405 2555 2682 2617 augeatur.
2718 2546 2817 2602 Ubi
2857 2549 3000 2604 enim
3048 2549 3187 2605 fama
3231 2554 3506 2620 regnantis
3535 2555 3658 2621 erit,
3705 2557 3754 2610 si

2161 2657 2260 2696 vos
2286 2639 2451 2712 (quod
2482 2641 2640 2709 absit)
2669 2642 2936 2710 patiamur
2963 2644 3242 2698 imminui?
3270 2646 3446 2700 Nolite
3493 2649 3622 2722 talia
3653 2665 3754 2704 co-

2162 2731 2365 2800 gitare,
2416 2730 2594 2802 qualia
2642 2746 2742 2786 nos
2791 2733 3012 2789 minimc
3051 2735 3246 2791 videtis
3301 2751 3598 2794 assumere.
3640 2739 3757 2794 lmo

2163 2822 2354 2890 magis,
2383 2823 2428 2879 si
2455 2825 2577 2893 quis
2605 2826 2780 2897 aliqua
2812 2824 3092 2900 iniquitate
3125 2826 3418 2898 depressus
3463 2837 3571 2896 est,
3601 2846 3754 2901 spem

2163 2913 2233 2970 de
2254 2914 2398 2970 bona
2424 2919 2753 2976 conscientia
2773 2938 2879 2978 non
2909 2922 3141 2995 amittat,
3185 2923 3440 2990 quoniam
3470 2923 3758 2979 sublevare

2165 3007 2409 3076 cupimus
2432 3023 2571 3078 quos
2599 3011 2878 3070 intendere
2923 3019 3107 3086 probis
3135 3018 3374 3077 moribus
3426 3015 3754 3072 invenimus.

2093 3127 2137 3190 ρ
2167 3096 2358 3167 "Aliqua
2387 3100 2548 3155 etiam
2569 3103 2722 3158 vobis
2763 3121 2860 3176 per
2886 3107 3035 3162 illum
3077 3108 3302 3165 dicenda
3342 3115 3753 3182 commisimus;

2170 3195 2229 3242 nt
2255 3197 2500 3244 nostrum
2528 3193 2672 3248 circa
2705 3210 2800 3250 vos
2825 3197 2879 3251 in
2907 3199 3055 3252 omni
3095 3210 3247 3269 parte
3294 3203 3531 3258 animum
3561 3207 3757 3274 propi-

2168 3278 2301 3333 tium
2329 3281 2642 3349 sentientes,
2671 3283 2888 3354 iugibus
2926 3289 3090 3359 (sicut
3133 3292 3372 3364 oportet)
3399 3294 3675 3364 obsequiis
3701 3304 3760 3350 et

2168 3373 2415 3430 oratione
2443 3375 2653 3431 sincera
2679 3377 2860 3434 devoti
2887 3395 3009 3437 esse
3045 3382 3304 3439 debeatis.

2721 3529 3056 3589 EPISTOLA
3091 3535 3204 3590 XV.

2332 3635 2635 3678 JUSTINIANO
2671 3639 2995 3682 lﬂPl-ZRATORI
3035 3645 3417 3688 TIEODAIADUS
3455 3650 3583 3690 κει.

2169 3708 2233 3764 Ei
2275 3713 2598 3788 commendat
2621 3718 2892 3788 quemdam
2917 3737 3012 3788 pro
3042 3720 3290 3777 Ecclesia:
3312 3724 3632 3782 [iuuantis
3660 3747 3764 3784 tre-

2487 3784 2642 3854 gatio
2667 3784 3167 3860 Constantinopolim
3196 3796 3426 3850 missum.

2237 3895 2462 3952 Constat
2488 3897 2812 3954 desiderium
2835 3911 3032 3958 nostris
3053 3905 3344 3961 voluntatis
3365 3909 3595 3978 expleri,
3625 3927 3767 3980 quo-

2169 3986 2268 4041 ties
2295 3987 2365 4041 ad
2393 3990 2644 4058 pietatem
2673 4002 2904 4048 vestram
2933 3995 3236 4053 salutiferos
3265 4002 3446 4069 apices
3465 4005 3766 4073 contigerit
3819 4015 3826 4024 '

2167 4078 2445 4147 destinari,
2497 4083 2622 4152 quia
2668 4099 2882 4156 semper
2929 4086 3068 4144 felici
3123 4091 3317 4158 gaudio
3348 4094 3614 4163 repletur,
3659 4098 3764 4165 qui

2167 4171 2442 4228 vobiscum
2470 4174 2679 4230 sincera
2703 4186 2883 4234 mente
2910 4180 3255 4250 colloquitur.
3273 4183 3341 4238 Et
3361 4185 3484 4242 ideo
3513 4188 3768 4246 salutans

2166 4261 2506 4320 clementiam
2539 4276 2772 4322 vestram
2809 4269 3217 4327 honorificentia
3261 4278 3613 4345 competenti,
3656 4279 3768 4334 ba-

2166 4369 2283 4409 rum
2309 4357 2627 4425 portitorem
2653 4375 2752 4429 pro
2775 4363 2990 4430 negotio
3019 4363 3347 4421 Ravennatis
3377 4366 3636 4424 Ecclesia
3663 4388 3765 4427 ve-

2087 4489 2141 4549 Β
2167 4443 2403 4500 nientem
2464 4450 2765 4517 gratissima
2813 4454 2967 4508 vobis
3039 4458 3301 4526 petitione
3356 4463 3685 4520 commendo
3747 4485 3763 4519 :

2166 4537 2381 4608 quando
2430 4540 2550 4596 talis
2589 4541 2811 4598 oﬂ'ertur
2855 4560 3013 4600 causa
3063 4551 3370 4618 praestandi,
3406 4552 3493 4607 ubi
3543 4570 3764 4612 merces

2165 4629 2410 4686 videatur
2435 4635 2656 4702 acquiri,
2704 4651 2862 4706 quam
2889 4654 2988 4692 vos
3035 4638 3212 4694 facere
3249 4656 3467 4712 semper
3490 4655 3761 4716 exoptant

2163 4722 2253 4790 qui
2294 4725 2637 4781 serenitatem
2661 4736 2894 4782 vestram
2934 4728 3126 4787 florere
3167 4731 3492 4790 desiderant.
3525 4736 3649 4794 Non
3677 4750 3761 4794 est

2162 4814 2303 4868 enim
2330 4815 2546 4872 dubium
2578 4819 2802 4875 meliora
2832 4821 3094 4890 recipere,
3126 4839 3262 4893 quos
3301 4827 3571 4896 contingit
3607 4829 3768 4899 justa

2158 4916 2431 4978 praestare.

2599 5065 2756 5138 ιςε
2780 5065 3112 5123 EPISTULA
3148 5067 3286 5124 xvr.

2347 5173 2573 5212 εεΝΑτυι
2610 5174 2758 5213 υηιε
2794 5175 2952 5215 ιοιιε
2991 5177 3378 5219 τιεουληλυυε
3415 5181 3545 5220 ηπ.

2159 5246 2353 5303 Scribit
2381 5265 2434 5302 se
2460 5249 2661 5304 misisse
2700 5250 2898 5321 aliquos
2921 5252 2990 5331 ad
3020 5265 3347 5308 sacrammla
3375 5261 3586 5312 senatui
3615 5278 3754 5331 prc-

2829 5323 3037 5375 stando.

2226 5407 2519 5480 Imperiosa
2542 5413 2764 5469 nimium
2794 5430 2880 5470 res
2905 5424 3009 5482 est,
3033 5425 3212 5486 patres
3231 5419 3551 5491 conscripti,
3579 5424 3763 5493 pietas

2151 5617 2358 5697 fallitur,
2389 5611 2510 5697 quia
2543 5611 2764 5697 famosis
2793 5615 3125 5697 dignitatum
3156 5630 3332 5697 porte
3374 5641 3485 5680 non
3531 5636 3753 5697 patent.

2150 5676 2281 5734 Vide
2308 5676 2524 5736 Cornel.
2559 5681 2760 5753 Tacit.,
2792 5676 2892 5741 un?
2917 5705 2972 5744 ιι
3000 5676 3191 5746 Annal.
3235 5676 3428 5750 cross.
