3990 6170
254 230 365 283 bili)

1549 217 1902 281 \‘Al’diltliil
1948 205 2144 281 tanta
2192 228 2251 283 Χ.

3444 235 3545 295 Siti

252 351 464 408 nostra,
493 337 708 408 quanio
739 338 953 408 propria
989 339 1261 393 voluntate
1288 339 1567 402 vincimur,
1592 339 1683 408 qui
1713 338 1845 391 alic-
1881 342 1921 400 Α
1953 351 2133 395 mente
2163 342 2507 397 tractavimus
2537 343 3088 415 [cd.,transmisimns
3117 380 3155 419 λ,
3183 364 3295 406 non
3321 350 3551 407 sinimus

251 433 339 487 nis
368 429 767 486 conditionibus
798 444 902 481 non
934 437 1195 482 tenemur.
1230 429 1362 484 Nam
1397 446 1517 484 cum
1552 430 1687 493 (Deo
1725 445 1864 497 pra:-

249 529 453 589 stante)
487 520 754 589 possimus
794 520 995 584 uinuia,
1034 520 1147 574 sola
1180 520 1333 574 nobis
1381 521 1549 575 licere
1592 520 1861 574 credimus

259 611 554 666 laudanda.
587 611 944 679 Cuguuscitis,
969 611 1261 682 prudentes
1286 612 1405 677 viri,
1435 612 1599 667 verba
1628 627 1745 682 quae
1778 612 1858 665 lu-

248 704 490 773 qnimur,
522 702 604 755 vel
636 718 779 756 nunc
812 703 1155 757 clementiam
1188 718 1348 774 quam
1397 703 1550 757 vobis
1577 710 1703 755 ante
1732 717 1858 771 pro-

251 796 473 847 mittere
503 791 761 845 debuistis
793 792 1088 859 agnoscite.
1122 791 1260 847 Ecce
1299 808 1399 847 nec
1428 792 1691 847 sollicitos
1719 792 1856 861 pati-

249 903 397 951 mur,
428 887 621 954 quilms
652 884 843 939 infensi
875 899 994 939 esse
1036 886 1380 955 putabamur.
1426 884 1516 939 Sic
1544 893 1628 939 est
1655 900 1682 937 a
1714 884 1856 953 prin-

248 979 373 1046 cipe
403 976 577 1044 gravis
608 975 869 1029 vincenda
898 975 1164 1043 suspicio;
1197 976 1276 1029 sic
1305 990 1497 1030 curare
1525 975 1730 1038 debuit,
1761 976 1853 1043 qui

249 1068 451 1122 noxius
485 1081 605 1120 esse
650 1082 756 1119 non
800 1065 986 1118 voluit.
1035 1065 1310 1121 I‘ostulata
1355 1064 1619 1134 siquidem
1668 1080 1853 1118 sacra-

249 1173 435 1215 menta
464 1160 619 1215 vobis
641 1160 708 1213 ab
740 1160 831 1213 illo
858 1166 1020 1227 atque
1043 1152 1135 1212 illo
1166 1158 1409 1228 prmstari
1444 1166 1628 1211 nostra
1662 1156 1850 1210 decre—

248 1252 331 1304 vit
360 1251 684 1315 auctoritas;
715 1249 861 1317 quod
892 1249 1030 1303 bene
1060 1249 1392 1318 imperaturo
1443 1264 1549 1301 non
1599 1254 1683 1303 est
1711 1245 1848 1301 diffi-

247 1345 356 1399 cile
384 1359 663 1413 pcrsnasu,
691 1344 815 1411 quia
845 1343 924 1397 sic
953 1342 1101 1396 vobis
1130 1342 1472 1397 securitatem
1503 1340 1768 1404 dedimus,
1790 1354 1849 1392 ut

249 1435 386 1488 nihil
415 1445 599 1488 nostro
632 1435 907 1504 proposito
931 1434 1128 1488 addere
1150 1433 1473 1488 videremur.
1500 1431 1648 1486 Talia
1681 1432 1848 1500 siqui-

247 1525 379 1581 dem
408 1526 583 1594 qualia
614 1525 977 1594 promittimus
1005 1539 1219 1578 eramus
1239 1522 1431 1587 acturi,
1463 1521 1589 1591 quia
1618 1521 1728 1575 Deo
1759 1521 1847 1575 de-

247 1616 442 1670 bemus
471 1617 589 1681 ista,
616 1632 723 1670 non
754 1616 976 1670 homini.
1016 1615 1151 1670 Nam
1199 1615 1290 1684 qui
1341 1629 1438 1684 per
1466 1613 1726 1668 lectiones
1752 1628 1842 1667 sa-

1970 432 2120 486 vobis
2163 432 2276 488 fieri
2318 434 2508 488 acerba
2558 436 2862 504 suspicione
2901 441 3263 513 contrarium;
3301 444 3426 513 quia
3454 445 3547 500 lae-

1965 521 2131 575 sionis
2177 523 2348 578 instar
2384 531 2465 578 est
2513 524 2725 579 occulte
2772 527 3075 592 consulere,
3131 537 3185 583 ct
3239 530 3380 586 aliud
3405 533 3548 589 vello

1963 623 2283 668 muastrare.
2316 613 2637 684 Cognoscite
2666 616 2845 685 itaque
2866 634 3015 673 arma
3048 630 3228 676 nostra
3254 638 3353 693 pro
3374 626 3549 680 salute

1963 711 2140 757 vestra
2169 704 2348 773 potius
2374 703 2676 772 destinata;
2710 714 2768 760 ut
2793 710 2885 776 qui
2910 725 3006 764 vos
3027 713 3354 767 tentaverint
3382 730 3550 785 appe-

1964 802 2095 857 tere,
2130 794 2311 849 divino
2339 796 2537 851 auxilio
2568 814 2758 855 manus
2788 801 2869 856 eis
2914 799 3213 857 Gothorum
3243 804 3440 861 debeat
3463 809 3548 860 oh-

1958 884 2125 939 viare.
2153 884 2284 938 Nam
2311 887 2353 940 si
2384 887 2606 944 insidias
2635 890 2811 958 gregis
2850 899 3101 946 strenuus
3146 904 3334 963 pastor
3362 897 3544 951 exclu-

1957 973 2060 1037 dit,
2112 974 2157 1026 si
2209 977 2595 1042 paterfamilias
2641 979 2868 1046 diligens
2922 981 3314 1050 decipientibus
3365 985 3543 1040 locum

1955 1066 2317 1134 subreptionis
2348 1068 2637 1139 intercipit,
2663 1085 2768 1139 qua
2795 1087 2892 1125 nos
2912 1074 3164 1127 convenit
3191 1076 3398 1130 cautela
3430 1075 3540 1131 Ru-

1956 1170 2094 1207 mam
2122 1156 2427 1221 defendere,
2449 1173 2611 1227 quaut
2642 1169 2857 1215 constat
2886 1162 2937 1216 in
2967 1163 3168 1217 mundo
3209 1166 3384 1221 simile
3411 1167 3543 1221 nihil

1954 1244 2192 1300 habere?
2222 1246 2438 1301 Summa
2472 1265 2579 1303 non
2611 1252 2898 1306 mittuntur
2928 1253 2979 1307 in
3010 1269 3158 1320 casu,
3188 1256 3313 1326 quia
3344 1258 3542 1327 proba-

1952 1341 2040 1388 tur
2063 1337 2238 1393 minus
2267 1338 2507 1408 diligere,
2538 1342 2629 1410 qui
2657 1344 2876 1412 negligit
2899 1346 3121 1401 adversa
3154 1355 3404 1404 tractare.
3431 1349 3538 1405 Sed

1951 1442 2018 1479 ne
2047 1426 2098 1481 in
2130 1429 2310 1496 aliquo
2341 1430 2493 1484 vobis
2522 1434 2702 1499 gravis
2732 1433 2989 1489 existeret
3014 1436 3099 1490 vel
3130 1437 3244 1507 ipsa
3274 1438 3535 1507 defensio,

1950 1521 2211 1573 exercitui
2243 1520 2536 1592 destinato,
2568 1524 2853 1580 ordinante
2886 1527 2999 1592 illo,
3046 1543 3290 1583 annonas
3314 1527 3538 1586 fecimus

1949 1610 2245 1666 secundum
2283 1612 2458 1667 forum
2503 1630 2683 1670 rerum
2721 1618 2990 1672 venalium
3039 1621 3339 1690 computari
3383 1620 3536 1693 [ed.,

247 1721 377 1761 cras
421 1706 634 1775 antiqua
681 1720 844 1774 regna
887 1705 1240 1769 cucurrimus,
1290 1704 1417 1772 quid
1464 1703 1608 1757 aliud
1655 1709 1845 1772 uptare
1877 1711 1923 1769 Β
1950 1701 2275 1774 comparari]
2295 1746 2309 1769 ,
2340 1712 2397 1758 ut
2426 1712 2481 1759 et
2514 1705 2619 1761 illis
2650 1708 2934 1763 tolleretur
2962 1712 3257 1766 necessitas
3281 1712 3539 1769 exceden-

247 1812 557 1870 possumus,
590 1797 691 1850 nisi
717 1796 861 1865 quod
890 1795 1166 1851 Divinitati
1194 1796 1246 1850 in
1277 1796 1396 1851 aliis
1427 1795 1689 1864 placuisse
1719 1810 1843 1849 scn-

248 1890 454 1943 timus?
481 1887 598 1958 Ipse
626 1888 770 1943 enim
794 1897 1169 1942 remuneratur
1196 1893 1279 1941 est
1307 1887 1569 1940 bonorum
1600 1885 1840 1939 omnium

248 1980 425 2044 Dens,
457 1995 578 2034 nam
609 1978 868 2049 quidquid
896 1979 949 2033 in
989 1978 1260 2047 subjectos
1305 1978 1522 2047 pietatis
1552 1975 1838 2043 efﬁcimus,

249 2072 406 2126 illum
439 2071 592 2126 nobis
638 2083 931 2142 repensare
977 2069 1096 2124 sine
1134 2068 1299 2123 dubio
1324 2068 1646 2138 judieamus.
1695 2066 1840 2133 Qua-

247 2172 477 2234 propter
503 2162 885 2218 conscientiam
915 2160 1123 2216 fidelem
1146 2161 1339 2232 adepta
1361 2160 1653 2215 securitate
1683 2175 1839 2213 mon—

246 2264 453 2322 strate;
497 2256 620 2325 quia
671 2263 793 2324 post
842 2254 966 2309 talia
1015 2252 1256 2309 redditur
1301 2252 1599 2307 clementia:
1643 2260 1839 2305 nostrae

250 2348 439 2419 potius
468 2362 628 2417 quam
668 2345 890 2402 oll‘erlur
920 2344 1161 2401 allectus.

781 2495 1114 2557 EPISTOLA
1149 2498 1308 2554 XVII.

519 2609 723 2648 I‘OI‘ULO
764 2608 974 2647 ROIANO
1015 2605 1404 2647 TIIEODAIIADUS
1441 2605 1565 2643 REX.

246 2684 448 2740 Scribit
477 2701 532 2738 se
577 2685 775 2754 aliqua;
826 2681 1045 2805 Romzpt
1098 2681 1319 2803 "risisse,
1372 2679 1458 2751 φιὶ
1502 2679 1634 2751 regis
1679 2676 1839 2749 ﬁdem

929 2771 958 2805 ο
1016 2768 1126 2805 mea
1157 2790 1170 2803 .

929 2768 1170 2823 aurigam.

321 2843 668 2913 Cognoscite,
683 2842 938 2910 Quirites,
970 2842 1115 2912 quali
1146 2857 1243 2897 vos
1270 2842 1520 2912 princeps
1547 2846 1731 2896 vester
1758 2838 1843 2897 lir-

244 2937 443 2991 mitate
470 2935 738 3001 dilexerit,
785 2942 845 2989 ut
891 2942 1127 2990 tentatus
1166 2932 1371 3003 asperis
1405 2933 1566 2989 rebus
1606 2947 1712 2987 non
1742 2946 1841 2986 vos

244 3037 531 3102 pateretur
558 3043 675 3083 esse
699 3027 961 3083 sollicitos
994 3046 1007 3079 :
1045 3042 1146 3082 nec
1174 3027 1422 3081 volumus
1456 3024 1686 3096 amplius
1713 3031 1839 3079 vota

241 3129 432 3178 vestra
463 3119 682 3186 dill‘erri,
711 3135 849 3190 quos
874 3133 1088 3189 semper
1115 3126 1364 3189 optamus
1393 3117 1446 3171 in
1488 3131 1695 3175 summa
1727 3114 1837 3170 rui-

239 3213 482 3285 publica:
504 3211 817 3266 celebritate
844 3209 1029 3264 laetari.
1059 3207 1252 3263 Vestra
1277 3208 1420 3262 enim
1449 3206 1710 3261 securitas
1738 3219 1837 3259 no-

237 3313 362 3359 sier
391 3311 617 3358 ornatus
653 3311 765 3367 est;
809 3309 865 3356 et
902 3302 1006 3355 huc
1034 3315 1162 3355 vere
1202 3306 1478 3367 gratanter
1521 3296 1830 3367 accipimus,

239 3410 369 3448 cum
400 3393 595 3461 gaudia
615 3407 713 3447 vos
740 3392 944 3447 habere
991 3390 1271 3445 sentimus.
1319 3388 1677 3459 Quaprupter.
1712 3386 1834 3442 flexi

237 3484 600 3557 petitionibus
622 3483 844 3547 vestris,
875 3484 971 3553 per
1000 3482 1146 3536 illum
1194 3487 1356 3551 atque
1402 3479 1548 3533 illum
1593 3478 1848 3550 prmstari.

237 3576 402 3631 vobis
428 3584 770 3629 sacramenta
800 3574 1204 3644 censuimus,ut
1231 3572 1374 3641 regis
1402 3571 1568 3627 vestri
1598 3571 1831 3627 animum

238 3683 354 3723 non
386 3667 633 3722 habeatis
660 3666 990 3734 incognitum
1025 3682 1039 3718 :
1087 3679 1187 3719 nee
1214 3665 1376 3719 liceat
1408 3663 1557 3719 falsis
1580 3664 1836 3735 suspiciu-

238 3761 407 3815 nibus
430 3771 636 3823 etrare,
666 3756 792 3811 dum
837 3753 1121 3810 manifeste
1162 3762 1407 3809 teneatur
1440 3754 1583 3823 quod
1613 3754 1834 3810 creditis

238 3853 295 3907 in
317 3850 586 3921 principe.
619 3847 909 3902 A‘Zstimate
951 3846 1077 3916 quid
1107 3847 1259 3902 vobis
1285 3847 1629 3916 benignitatis
1660 3846 1835 3901 videa-

236 3950 330 3996 tur
359 3940 620 4010 impendi,
649 3939 865 4008 quando
893 3938 982 3992 ille
1005 3938 1174 4007 jnrat,
1197 3939 1286 4007 qui
1316 3954 1423 3992 non
1469 3945 1647 4008 potest
1689 3937 1831 4006 cogi.

234 4034 460 4089 Scimus
506 4031 648 4085 enim
699 4046 796 4101 pro
838 4029 1079 4085 remedio
1128 4046 1229 4085 nos
1258 4030 1415 4084 datos
1455 4044 1575 4085 csse
1612 4037 1834 4084 cunctu-

232 4140 362 4180 rnm
392 4141 406 4178 :
432 4139 541 4178 non
563 4124 887 4193 despicimus
914 4138 1108 4178 sanare
1130 4122 1435 4192 subjectos;
1465 4130 1519 4177 et
1541 4123 1684 4189 ideo,
1709 4122 1836 4177 licet

230 4214 472 4269 culmini
502 4222 689 4269 nostro
717 4214 989 4269 videretur
1034 4214 1422 4282 incongruum,
1477 4212 1708 4268 libenter
1752 4228 1837 4269 ac-

228 4305 550 4379 quievimus
577 4304 757 4359 facere
793 4306 936 4375 quod
965 4304 1374 4374 generalitatem
1418 4303 1710 4373 probamus
1734 4316 1833 4372 op-

228 4407 406 4452 tasse.
434 4394 722 4464 Intelligite
746 4404 1004 4466 quantum
1038 4395 1191 4451 vobis
1237 4395 1515 4465 imponere
1545 4401 1722 4449 vester
1748 4394 1832 4448 vi-

1947 1793 2021 1857 di,
2055 1804 2110 1849 et
2139 1795 2293 1851 vobis
2343 1798 2643 1854 auferretur
2689 1814 2853 1856 causa
2900 1802 3182 1872 dispendii.
3231 1803 3327 1859 llis
3372 1806 3534 1861 etiam

1947 1883 2283 1953 praefecimus
2312 1886 2571 1956 majorem
2619 1888 2815 1945 domus
2852 1901 3052 1949 nostra:
3078 1894 3409 1961 Vaccenem,
3442 1898 3532 1966 qui

1945 1990 2043 2046 pro
2069 1990 2282 2030 suarum
2313 1979 2571 2046 qualitate
2598 1980 2853 2035 virtutum
2883 1981 3232 2039 bellatoribus
3254 1994 3397 2040 esset
3411 1986 3534 2055 jnrc

1945 2068 2304 2134 reverendus;
2336 2069 2489 2139 cujus
2533 2071 2783 2140 exemplo
2813 2081 2868 2127 et
2915 2088 3171 2129 excessus
3198 2076 3447 2144 vitarent,
3478 2087 3535 2133 ct

1943 2156 2272 2213 fortitudinis
2318 2159 2674 2215 instrumenta
2709 2162 3104 2232 perquirerent.
3154 2164 3303 2231 Quos
3348 2172 3529 2222 tamen

1945 2247 2076 2302 locis
2104 2248 2244 2318 aptis
2273 2250 2609 2319 prmcipimus'
2646 2252 2941 2316 immorari,
2976 2261 3033 2307 ttt
3060 2250 3193 2309 furis
3221 2256 3289 2310 sit
3319 2266 3527 2311 armata

1943 2335 2204 2404 defensio,
2241 2337 2387 2393 intus
2417 2338 2569 2394 vobis
2616 2342 2904 2412 tranquilla
2943 2343 3193 2400 civilitas.
3244 2344 3530 2414 Intelligite

1943 2424 2069 2493 quid
2095 2427 2483 2496 excogitaverit
2513 2430 2936 2485 consolaturium
2964 2432 3223 2503 principis
3251 2450 3350 2504 pro
3378 2434 3530 2491 vobis

1944 2517 2214 2586 ingenium
2249 2537 2263 2574 :
2296 2519 2537 2576 defensio
2563 2534 2661 2578 vos
2701 2522 2913 2578 obsidet
2934 2564 2949 2591 ,
2999 2540 3068 2579 ne
3096 2540 3285 2582 manus
3315 2527 3529 2583 inimica

1945 2608 2273 2677 circumdet;
2303 2618 2359 2667 et
2385 2627 2416 2665 a
2444 2614 2694 2683 periculis
2708 2615 3038 2685 excepimus,
3058 2632 3194 2687 quos
3222 2625 3530 2676 nostrorum

1941 2702 2201 2771 sanguine
2227 2703 2581 2760 vindicamus.
2606 2705 2761 2760 Absit
2790 2706 2933 2762 enim
2962 2716 3020 2762 tit
3044 2704 3069 2745 ⁸
3092 2710 3289 2765 nostris
3317 2716 3529 2780 tempo~

1943 2792 2092 2848 ribus
2124 2791 2264 2849 Urbs
2299 2794 2388 2850 illa
2419 2796 2587 2851 muris
2606 2796 2851 2852 videatur
2876 2800 3106 2868 protegi,
3129 2816 3290 2870 quam
3318 2812 3529 2859 constat

1944 2886 2191 2953 gentibus
2223 2888 2306 2942 vel
2335 2888 2448 2942 sola
2470 2888 2724 2959 opinione
2750 2888 2914 2944 fuisse
2941 2892 3153 2946 terrori.
3187 2892 3266 2947 Ita
3294 2894 3437 2949 enim
3462 2895 3529 2951 de

1946 2976 2128 3033 divino
2156 2993 2436 3048 speramus
2470 2980 2694 3047 auxilio,
2724 2989 2784 3036 ut
2805 2996 2924 3050 qua:
2969 2997 3186 3053 semper
3212 2983 3312 3040 fuit
3339 2982 3525 3051 libera,

1867 3084 1917 3148 ο
1946 3068 2143 3125 nullius
2156 3070 2260 3126 incl
2267 3070 2470 3127 usionis
2484 3070 2821 3128 deculeretur
2834 3071 3299 3149 [F.deculuretur]
3313 3076 3525 3147 injuria.

2475 3224 2801 3282 EPISTULA
2841 3228 2979 3285 XIX.

2108 3310 2410 3372 .IUSTINIANO
2451 3333 2770 3374 IMPERATORI
2811 3337 3193 3379 TREODAIIADUS
3230 3340 3355 3380 REX.

1943 3405 2150 3484 Laudat
2191 3412 2571 3484 imperatorem,
2614 3412 2742 3484 petit
2782 3413 2933 3484 pacis
2961 3413 3429 3484 conservationem;
3476 3430 3527 3475 et

2013 3480 2224 3560 remittit
2246 3480 2744 3551 Constantinopolim
2770 3481 2979 3537 Petrum
3005 3484 3249 3556 legatum,
3279 3480 3526 3560 adjuncto

2012 3552 2057 3604 ei
2080 3567 2172 3604 suo
2203 3551 2392 3622 legato.

2011 3659 2515 3715 GratiaS'Divinitati
2542 3660 2840 3726 referimus,
2875 3664 2961 3718 eui
2989 3672 3073 3718 est
3101 3677 3285 3734 regum
3313 3681 3528 3739 semper

1941 3760 2161 3822 accepta
2198 3753 2574 3821 tranquillitas,
2606 3751 2751 3824 quod
2796 3765 3109 3823 provectum
3157 3764 3399 3812 nostrum
3427 3760 3526 3815 εἰει

1940 3846 2153 3900 mentite
2181 3854 2373 3899 vestrm
2402 3844 2760 3913 gratissimum
2791 3859 2910 3901 esse
2937 3846 3272 3906 declarastis.
3301 3847 3525 3909 Constat

1939 3939 2081 3993 enim
2109 3953 2293 3993 amare
2323 3954 2421 3994 vos
2443 3954 2623 4009 posse,
2657 3954 2816 4010 quem
2848 3941 3092 4009 gaudetis
3127 3944 3194 3997 ad
3224 3947 3377 4013 regni
3421 3947 3527 4002 eul-

1938 4029 2080 4083 mina
2112 4030 2437 4098 pcrvenissc.
2484 4028 2575 4084 Sic
2618 4029 2799 4085 decuit
2843 4032 3040 4101 suscipi
3085 4034 3265 4101 quise
3306 4051 3405 4107 per
3434 4053 3527 4092 vos

1939 4119 2278 4189 pnesumpsit
2319 4121 2522 4189 augeri.
2584 4121 2841 4176 I’rzestate
2887 4123 3050 4193 igitur
3094 4126 3297 4180 mundo
3333 4137 3526 4183 vestra:

1936 4210 2279 4279 benignitatis
2306 4211 2634 4280 exemplum,
2685 4220 2745 4266 ut
2788 4211 2947 4266 detur
2994 4213 3217 4282 intelligi
3263 4225 3524 4284 quantum

1935 4309 2321 4372 promoventur
2349 4301 2441 4370 qui
2471 4316 2530 4357 se
2572 4316 2706 4370 pura
2732 4301 2885 4357 vobis
2930 4301 3217 4359 affectione
3243 4320 3520 4363 counncn~

1937 4395 2047 4449 dat.
2078 4394 2194 4450 Non
2225 4394 2367 4449 enim
2392 4394 2537 4449 rixas
2565 4395 2718 4465 165
2743 4394 2877 4449 viles
2902 4410 2999 4465 per
3018 4410 3180 4465 regna
3209 4399 3482 4468 requiritis
3506 4422 3522 4467 -,

223 4489 436 4545 deatur
459 4461 685 4543 allectus
737 4461 780 4541 τ-
800 4485 906 4544 ﬁde
945 4488 1102 4544 vobis
1150 4461 1596 4555 constringimur,
1628 4485 1719 4557 qui
1745 4487 1833 4542 vel
1860 4461 1910 4520 υ
1939 4500 2047 4541 non
2076 4500 2175 4541 vos
2204 4484 2399 4554 iniusta
2429 4461 2748 4549 certandae,
2777 4461 3052 4555 quat-sunt
3083 4461 3257 4544 bonis
3283 4461 3523 4548 muribus

222 4581 356 4637 solo
382 4578 553 4634 verbo
580 4579 841 4649 promissa
867 4594 1086 4635 servare
1119 4579 1286 4636 sacris
1309 4578 1632 4634 lectionibus
1654 4578 1835 4634 admm

220 4684 456 4726 nemur.
487 4668 765 4725 Ostendite
792 4686 935 4727 nunc
972 4670 1316 4726 devotionem
1343 4677 1617 4737 vestram;
1645 4684 1834 4740 snper-

220 4774 318 4819 us
339 4762 614 4832 majestati
631 4763 1159 4836 jugitersupplicate,
1176 4773 1236 4819 nt
1251 4764 1536 4835 tranquilla
1566 4773 1828 4834 tempora,

217 4871 357 4927 qua:
385 4871 487 4911 vos
528 4856 730 4912 habere
775 4857 1058 4928 cupimus,
1105 4856 1311 4913 caelesti
1360 4868 1589 4912 munere
1632 4869 1830 4911 conce-

216 4948 461 5002 dantur.

766 5079 1095 5136 EPISTOLA
1133 5079 1316 5137 XVIII.

437 5184 664 5227 SENATUI
695 5188 843 5227 URBIS
882 5188 1037 5228 κοιλ]
1078 5186 1464 5229 τηεοοΑιιθιῡυε
1502 5191 1632 5230 “EX.

214 5261 435 5336 Scribit
478 5278 533 5315 se
558 5264 838 5336 eqqcitum
860 5264 928 5316 ad
950 5263 1305 5336 Romanorum
1339 5267 1687 5336 defensionem
1728 5269 1829 5321 mi-

300 5334 459 5413 sisse,
491 5341 541 5384 ct
561 5334 607 5386 ei
641 5328 923 5387 Vaccenem
965 5335 1215 5406 majorem
1246 5328 1428 5390 domus
1452 5339 1607 5408 regia:
1645 5340 1834 5409 prtere-

301 5416 462 5455 tim.

304 5489 635 5547 Remedium
662 5493 805 5563 quod
841 5509 941 5565 pro
967 5496 1118 5551 vobis
1142 5537 1155 5563 ,
1187 5506 1369 5568 patres
1397 5500 1709 5570 conseripti,
1742 5501 1830 5570 pia

307 5682 335 5711 ⁸
366 5670 672 5747 Idemidem
702 5673 804 5728 hoc
852 5674 1173 5747 inculcatum
1213 5680 1343 5735 satis
1390 5678 1589 5736 indicat
1625 5687 1826 5747 quanta

202 5744 405 5801 fuerit
430 5745 761 5815 principibus
782 5759 910 5797 cura
943 5745 1094 5797 fama:
1116 5748 1194 5799 sui
1218 5753 1419 5826 sreeuli,
1448 5744 1825 5825 Sttpt‘a,-Cpist.

685 5836 954 5897 Ρλτιιοι.
997 5833 1225 5898 LXIX.

1938 4576 2175 4641 inimica,
2205 4573 2477 4630 delectant
2521 4593 2533 4628 :
2563 4575 2689 4645 quia
2731 4574 2861 4629 nihil
2900 4574 3044 4631 aliud
3069 4591 3169 4633 vos
3196 4586 3408 4633 constat
3437 4596 3522 4650 ap-

1936 4674 2147 4738 petere,
2172 4666 2276 4720 nisi
2306 4665 2452 4735 quod
2492 4665 2804 4735 opinionem
2829 4673 3063 4720 vestram
3106 4668 3280 4737 possit
3305 4683 3519 4723 ornare.

1938 4759 2402 4828 Quemadmodum
2430 4759 2573 4813 enim
2604 4773 2790 4833 pacem
2839 4758 3049 4813 exorati
3095 4758 3329 4828 abjicere
3372 4769 3520 4830 puteo

1937 4854 2250 4922 ritis,qnam
2275 4866 2376 4921 pro
2394 4850 2628 4920 ingenita
2652 4849 2856 4920 pietate
2880 4857 2937 4903 et
2977 4848 3248 4904 iracundis
3274 4849 3522 4918 gentibus

1941 4945 2297 5004 Consuevistis
2327 4944 2641 5014 imponere?
2668 4941 2816 4998 Bona
2845 4942 3059 5012 quidem
3083 4949 3273 4997 vestra:
3297 4957 3521 4998 concor.

1941 5039 2041 5094 ditc
2070 5052 2177 5092 non
2210 5044 2469 5090 tacemus.
2500 5032 2695 5089 Totum
2718 5030 2954 5088 creditur
2971 5029 3247 5101 eximium,
3267 5031 3467 5101 quidqu
3491 5034 3521 5085 d

1941 5129 2093 5186 vobis
2138 5127 2300 5181 fuerit
2348 5123 2676 5195 przedicabili
2706 5122 2973 5179 charitate
2999 5122 3281 5178 sociatum.
3332 5121 3439 5178 Sed
3470 5134 3521 5177 et

1945 5222 2113 5286 rubis,
2138 5219 2361 5287 gloriosi
2386 5217 2678 5289 principes,
2710 5231 2832 5271 eum
2875 5216 2993 5272 sitis
3036 5215 3279 5272 absolute
3309 5216 3518 5271 mirabi-

1942 5316 2037 5379 les,
2071 5311 2267 5380 aliquid
2298 5318 2476 5364 tamen
2500 5308 2735 5374 additur,
2769 5324 2890 5362 cum
2922 5322 3020 5363 vos
3042 5308 3221 5362 omnia
3247 5324 3407 5377 regna
3434 5325 3521 5363 ve-

1941 5412 2217 5461 ncrantur.
2253 5402 2383 5456 Nam
2409 5414 2695 5454 commune
2722 5409 2804 5453 est
2832 5400 3040 5454 cunctis
3061 5398 3115 5451 in
3144 5400 3255 5453 suis
3285 5399 3520 5468 imperiis

1941 5494 2217 5568 praedicari
2246 5512 2257 5547 :
2292 5491 2387 5548 sed
2412 5490 2541 5547 illud
2571 5498 2657 5546 est
2686 5490 3009 5546 omnimodis
3029 5488 3320 5557 singulare,
3355 5490 3406 5545 in
3426 5505 3520 5545 ex-

1937 5676 2027 5741 “;
2059 5674 2216 5744 hujus
2244 5672 2525 5744 librcpist.
2551 5670 2613 5739 5;
2637 5670 2730 5727 lib.
2762 5687 2778 5727 ι
2806 5670 2965 5740 epist.
2994 5666 3096 5733 I3;
3119 5665 3211 5721 lib.
3242 5682 3315 5723 vn
3341 5679 3397 5722 et
3428 5665 3520 5722 lib-

1938 5764 1990 5804 ιν
2019 5743 2177 5818 epist.
2208 5746 2293 5802 i2.
2324 5743 2488 5800 Fons.
2968 5827 3048 5890 26
