3990 6170
411 284 505 342 Bil
1628 283 1694 336 Μ.
1741 281 2014 336 Αυιιωι
2056 281 2451 337 (ἱΑΞὸιοῦθῐῖΙ
3581 277 3642 331 8i
3659 272 3690 329 Ξ

408 404 594 453 tranea
626 406 782 466 gente
814 396 1002 452 laudes
1031 396 1278 466 preprias
1303 395 1577 461 invenire;
1611 395 1733 465 quia
1768 394 1839 448 ibi
1870 402 1993 447 sunt
2024 398 2067 453 Α
2100 401 2339 447 nostrum
2371 394 2476 447 tale
2523 403 2623 459 est,
2658 403 2711 447 ut
2753 396 3144 450 interveniente
3170 394 3338 463 gratia
3369 409 3479 448 non
3509 396 3690 452 minus

411 505 533 545 vera
560 489 778 558 judicia,
814 487 902 542 ubi
928 487 1199 543 neminem
1230 486 1538 556 comprimit
1559 486 1665 540 ulla
1711 484 1985 539 timiditas.
2099 483 2151 537 in
2197 497 2363 551 regno
2410 492 2595 538 nostro
2640 499 2799 552 quam
2847 487 2899 539 in
2927 495 3109 540 vestro
3152 485 3385 554 jubeatis
3435 486 3683 554 imperio.

412 577 652 647 Diligeris
679 576 914 645 Quidem,
946 576 1183 646 piissime
1211 576 1525 646 imperator,
1556 576 1610 630 in
1645 577 1878 646 propriis
1902 590 1990 630 re-
2099 574 2472 643 Signilicamus
2517 576 2698 643 itaque
2727 577 3089 646 supradiclum
3121 584 3244 630 ante
3284 591 3383 631 nos
3412 590 3443 630 a
3464 590 3688 632 venera-

408 668 525 738 gnis
557 687 569 721 :
602 667 694 723 sed
718 677 921 735 quanto
949 669 1289 740 prmstautius
1321 668 1373 722 in
1404 667 1569 722 Italia:
1610 668 1847 738 partibus
1876 667 1993 735 plus
2098 663 2191 717 bili
2221 664 2334 718 viro
2379 678 2518 735 papa
2550 666 2731 733 egredi
2778 667 2991 733 fecisse,
3042 682 3203 736 quam
3250 675 3430 721 vester
3483 666 3691 735 legatus

411 759 597 824 amari,
632 758 771 813 unde
801 774 997 814 nomen
1027 759 1329 815 Romanum
1374 775 1470 829 per
1500 761 1686 816 orbem
1731 770 1992 814 terrarum
2100 754 2290 809 barum
2317 756 2551 825 portitor
2578 757 2645 812 de
2686 758 2819 814 urbe
2861 759 3031 813 Roma
3080 760 3346 831 potuisset
3396 760 3571 826 exire,
3625 776 3691 813 ne

411 860 625 909 constat
648 867 765 905 esse
795 850 1075 908 diffusum!
1109 851 1335 923 Oportet
1361 866 1490 922 ergo
1538 862 1775 907 nostram
1804 864 1992 921 pacem
2100 843 2298 914 aliquid
2329 847 2608 902 accederet
2637 850 2779 917 quod
2802 851 2994 905 vestris
3022 851 3214 905 animis
3242 849 3507 905 obviaret.
3547 852 3691 916 Qna-

412 945 634 1011 servari,
659 960 776 1015 quae
800 944 949 1000 vobis
964 945 1191 999 contulit
1217 946 1455 1014 gloriosa
1483 944 1705 999 exordia
1722 942 1988 997 vocabuli.
2098 945 2319 1007 propter
2350 939 2643 994 salutantes
2670 942 3017 996 veneratione
3042 957 3162 1012 qua:
3191 940 3354 994 tantis
3383 941 3546 995 debet
3575 957 3691 993 me-

413 1034 517 1089 Sul
550 1043 608 1088 ut
634 1034 802 1089 sacris
830 1033 1076 1089 aﬂatibus
1106 1034 1295 1089 ordine
1336 1033 1667 1103 respondere
1695 1032 1991 1095 videamur,
2099 1028 2214 1082 ritis
2242 1028 2501 1094 exhiberi,
2531 1030 2703 1084 virum
2733 1030 3097 1085 venerabilem
3144 1030 3313 1094 illum,
3347 1040 3398 1083 et
3448 1030 3690 1083 moribus

415 1128 844 1181 reverentissima
875 1126 1198 1181 salutatione
1228 1126 1472 1192 decursa,
1506 1126 1604 1196 piis
1634 1123 1879 1180 sensibus
1910 1123 1992 1176 in-
2099 1119 2450 1188 doctrinaque
2478 1121 2785 1190 pollentem,
2818 1121 3119 1175 sanctitatis
3157 1121 3320 1174 etiam
3349 1118 3562 1173 honore
3595 1134 3679 1171 re-

415 1220 670 1285 dicamus,
714 1219 1080 1273 beatissimum
1116 1233 1308 1289 papam
1350 1218 1498 1272 urbis
1527 1216 1731 1282 Roma),
1761 1217 1843 1270 vel
1883 1233 1997 1271 am-
2100 1212 2408 1276 verendum,
2442 1211 2512 1267 ad
2539 1222 2774 1268 vestram
2815 1212 3154 1267 clementiam
3195 1209 3478 1277 legationis
3508 1208 3692 1264 oﬂicio

416 1311 709 1375 piissimum
732 1320 978 1366 senatum
1016 1320 1198 1365 nostra
1230 1312 1588 1381 prmceptione
1617 1311 1994 1373 commonitos,
2099 1306 2443 1376 peculiariter
2493 1307 2799 1361 curavimus
2868 1303 3285 1359 destinanduni:
3341 1302 3465 1371 quia
3512 1310 3692 1369 gratas

418 1412 474 1454 nt
504 1402 583 1454 vir
610 1401 1083 1470 eloquentissimus
1112 1399 1303 1456 Petrus
1348 1402 1557 1470 legatus
1584 1402 1890 1459 serenitatis
1915 1416 1998 1455 ve-
2100 1397 2251 1451 vobis
2280 1397 2398 1451 illas
2442 1396 2711 1451 credimus
2744 1411 2863 1450 esse
2892 1409 3168 1465 personas,
3200 1407 3333 1462 quas
3361 1390 3559 1446 divinis
3584 1386 3690 1441 mi-

417 1500 557 1557 stne,
588 1493 903 1547 etdoctrina
951 1508 1209 1558 summus,
1258 1502 1314 1548 et
1362 1493 1708 1549 conscientia:
1754 1493 1999 1548 claritate
2101 1488 2656 1557 nisteriisjudicamus
2685 1494 2955 1557 acceptas.

420 1583 759 1651 prtccipuns,
811 1582 929 1637 sine
977 1582 1154 1651 aliqua
1204 1582 1461 1639 dilatione
1504 1584 1869 1653 competentia
1910 1598 1997 1637 re-

418 1686 616 1742 sponsa
667 1673 952 1742 reciperet,
1001 1688 1098 1728 nec
1153 1682 1340 1729 contra
1388 1674 1718 1729 voluntatem
1766 1684 1997 1729 vestram

358 1791 360 1794 ν
419 1780 600 1820 moras
625 1765 950 1833 incongruas
978 1766 1287 1830 sustineret,
1338 1766 1460 1837 quia
1500 1775 1670 1822 totum
1700 1765 1832 1835 illud
1858 1766 2000 1822 desi-
2033 1779 2076 1836 ιι

356 1888 365 1893 -
422 1858 673 1913 iteramus
694 1855 927 1923 efﬁcere,
962 1858 1102 1926 quod
1132 1867 1313 1912 vestro
1336 1867 1568 1927 nequeat
1588 1858 1790 1927 judicio
1811 1859 1999 1928 diSpli-

422 1964 544 2003 cere
577 1967 588 2000 :
621 1947 834 2018 quando
862 1956 916 2005 et
962 1950 1217 2019 pietatem
1247 1956 1477 2003 vestram
1508 1949 1612 2003 boc
1647 1949 1865 2003 stu-lere
1905 1966 1996 2003 co-

422 2041 746 2107 gnoscimus,
770 2039 910 2108 quod
942 2041 1095 2093 nobis
1117 2054 1213 2108 per
1234 2040 1413 2094 omnia
1437 2040 1692 2109 prodesse
1718 2038 1999 2093 sentimus.

423 2132 518 2185 Cui
551 2132 718 2186 virum
749 2132 1107 2186 venerabilem
1138 2130 1306 2194 illum,
1351 2131 1584 2200 legatum
1615 2139 1874 2195 nostrum,
1908 2130 2005 2184 ad—

425 2225 747 2295 iungendum
780 2240 897 2280 esse
928 2224 1284 2290 credidimus,
1320 2234 1375 2278 ut
1404 2240 1512 2278 non
1545 2240 1640 2294 per
1668 2224 2005 2279 occasionem

426 2317 706 2385 legationis
750 2325 967 2381 vestrm,
1018 2316 1109 2370 sed
1160 2315 1377 2386 propria
1424 2316 1603 2386 potius
1646 2315 2007 2371 destinatione

426 2417 604 2462 nostra
629 2408 843 2479 possitis
858 2416 986 2462 vota
1013 2421 1357 2475 cognoscere.

966 2537 1295 2593 EPISTOLA
1339 2538 1452 2594 ΧΧ.

640 2647 940 2685 THI‘ZODURI‘J
980 2645 1235 2685 AUGUST/E
1274 2642 1537 2684 CUDELINA
1577 2644 1789 2685 REGINA.

430 2719 637 2773 Gratias
658 2721 767 2789 agit
806 2721 866 2771 de
895 2721 1063 2789 legato
1092 2726 1139 2772 et
1181 2720 1411 2788 epistolis
1456 2721 1600 2789 ejus;
1642 2719 1915 2789 scribitque
1959 2736 2011 2772 se

498 2791 750 2859 riu-arissc
779 2800 833 2841 ut
864 2806 997 2857 papa
1023 2799 1326 2859 senatusque
1361 2789 1439 2842 illi
1469 2805 1557 2856 per
1573 2790 1771 2842 litteras
1792 2805 2008 2859 respon-

498 2861 670 2913 deant.
705 2858 832 2911 Tum
864 2860 933 2911 dit
952 2859 989 2909 it
1016 2875 1070 2912 se
1091 2859 1158 2911 ad
1188 2858 1331 2913 illam
1357 2859 1558 2915 misisse
1582 2859 1808 2929 legatum
1835 2858 2012 2913 multis

497 2930 770 2982 virtutibus
801 2938 849 2982 et
880 2930 1116 2983 doctrina
1148 2929 1441 2999 prwditum.

501 3041 731 3095 Litteras
790 3040 1007 3111 pietatis
1053 3049 1243 3095 vestrae
1295 3041 1500 3109 gratia,
1556 3056 1662 3111 qua
1714 3042 2011 3098 desiderata

422 3148 645 3204 semper
674 3141 976 3197 sumuntur,
1026 3134 1242 3203 accepi;
1291 3141 1346 3187 ct
1390 3135 1655 3205 colloquia
1684 3135 1793 3193 oris
1823 3137 2006 3201 vestri,
2038 3144 2080 3207 ε

432 3225 743 3280 muneribus
773 3225 1022 3279 omnibus
1048 3225 1295 3293 celsiora,
1322 3225 1754 3282 reverentissima
1776 3225 2013 3296 gratulao

418 3319 578 3368 sione
624 3314 935 3383 promerui:
977 3322 1169 3368 cuncta
1211 3316 1338 3369 mibi
1369 3315 1436 3370 dc
1478 3324 1585 3369 tam
1613 3331 1806 3371 sereno
1836 3317 2013 3372 animo

435 3404 772 3473 promittens,
815 3403 1029 3472 quando
1058 3404 1315 3474 quidquid
1346 3414 1536 3476 optare
1580 3408 1753 3476 potui,
1802 3408 1855 3461 in
1906 3416 2014 3462 tam

433 3495 658 3564 benigna
713 3495 1077 3550 collocutione
1129 3496 1360 3566 suscepi.
1416 3495 1716 3553 Hortamini
1771 3500 1910 3553 enim
1958 3507 2017 3553 ut

433 3588 685 3657 quidquid
715 3588 1073 3657 eXpetendum
1106 3604 1137 3642 a
1172 3589 1476 3657 triumphali
1526 3589 1769 3659 principe
1814 3590 2015 3645 domno

435 3680 595 3747 jugali
626 3686 811 3732 nostro
841 3677 1129 3743 credimus,
1166 3678 1357 3732 vestris
1406 3687 1531 3734 ante
1577 3679 1820 3734 sensibus
1868 3680 2019 3748 inge-

438 3785 639 3823 ramus.
691 3769 821 3834 Quis
871 3766 982 3836 jam
1039 3767 1245 3821 dubitet
1289 3767 1356 3820 ad
1412 3766 2013 3838 effectum-pervenire,

436 3859 579 3929 quod
608 3859 725 3912 talis
752 3866 991 3928 potestas
1017 3856 1324 3925 dignabitur
1347 3857 1616 3925 allegare?
1638 3857 1777 3913 Ante
1799 3858 2019 3927 quidem

437 3951 505 4004 de
551 3963 831 4004 causarum
881 3954 1186 4002 nostrarum
1236 3947 1491 4016 aequitate
1539 3949 2013 4018 prmsumpsimus,

437 4036 532 4090 sed
580 4052 723 4090 nunc
751 4037 979 4105 amplius
1023 4035 1090 4091 de
1120 4044 1295 4090 vestra
1349 4037 1703 4106 promissione
1750 4037 2013 4093 lintamur.

441 4129 555 4182 Non
587 4129 728 4183 eiiim
753 4137 1004 4198 poterunt
1022 4136 1144 4183 vota
1169 4138 1351 4183 nostra
1368 4128 1588 4192 dill'erri,
1614 4129 1831 4197 quando
1850 4130 2018 4185 inter-

436 4229 537 4285 est,
571 4235 690 4289 qua:
727 4227 1001 4274 merentur
1058 4217 1251 4274 audiri.
1282 4216 1433 4272 Nunc
1460 4217 1680 4287 implete
1712 4219 1977 4288 promissa
2002 4259 2016 4285 ,

438 4323 496 4363 ut
525 4326 637 4365 rem
671 4320 853 4365 tenere
881 4308 1107 4375 faciatis,
1135 4310 1223 4365 cui
1251 4324 1402 4379 spem
1442 4310 1800 4366 certissimam
1830 4312 2021 4365 contu-

438 4404 591 4458 listis.
623 4403 874 4457 Additum
905 4412 988 4457 est
1010 4403 1173 4457 etiam
1202 4401 1394 4471 gaudio
1424 4417 1546 4457 meo
1574 4402 1717 4471 quod
1748 4403 1912 4458 talem
1943 4404 2021 4458 vi-

2649 1636 2978 1693 EPISTOLA
3017 1634 3155 1693 XXl.

2322 1746 2618 1786 THEODORE
2656 1745 2910 1785 AUGUSTJ!
2949 1745 3208 1795 ϐυυειιικλ
3258 1743 3471 1783 ΒΕΕΙΝΔ.

2108 1824 2315 1877 Iudicat
2334 1839 2390 1875 se
2416 1831 2465 1875 et
2495 1820 2897 1874 Theodahadum
2929 1820 3154 1890 gratiam
3177 1819 3286 1887 ejus
3314 1818 3519 1872 enixius
3546 1830 3685 1890 quic-

2177 1910 2322 1960 rere,
2352 1902 2400 1945 et
2438 1901 2586 1961 rogat
2614 1899 2669 1943 ut
2696 1892 2749 1944 in
2779 1891 2959 1961 gloria:
2990 1889 3100 1959 ejus
3132 1890 3431 1946 societatem
3462 1889 3691 1940 veniant.

2178 1980 2468 2035 [Estimare
2497 1987 2548 2035 te
2575 1980 2845 2043 convenit,
2873 1986 3216 2047 augustarum
3247 1976 3685 2047 prudentissima,

2105 2072 2319 2142 quantis
2365 2070 2577 2141 cupiam
2632 2070 2835 2125 nisibus
2871 2067 3098 2137 gratiam
3145 2075 3378 2120 vestram
3422 2080 3688 2134 quaerere.

2108 2171 2163 2218 et
2191 2162 2418 2218 domnus
2442 2160 2638 2231 jugalis
2659 2176 2813 2216 meus
2833 2174 3030 2229 magno
3060 2157 3237 2214 studio
3265 2157 3532 2212 desiderat
3554 2156 3689 2216 obti-

2110 2271 2257 2311 nere.
2288 2255 2422 2310 Nam
2452 2254 2576 2309 licet
2596 2254 2700 2310 boe
2729 2254 2803 2308 illi
2829 2253 2898 2309 sit
2927 2251 3250 2308 omnimodis
3272 2251 3514 2314 cbarum,
3559 2248 3690 2302 mibi

2112 2356 2293 2402 tamen
2349 2344 2694 2414 cognoscitur
2742 2357 2861 2398 esse
2920 2342 3279 2413 prrccipuum;
3329 2337 3546 2407 quando
3605 2352 3692 2390 me

2110 2445 2271 2491 tanta:
2299 2434 2528 2490 domina:
2556 2434 2630 2487 ita
2656 2440 2832 2503 potest
2875 2447 3028 2487 amor
3054 2431 3281 2498 erigere,
3314 2436 3373 2483 ut
3410 2442 3574 2497 supra
3610 2441 3691 2481 re-

2110 2541 2270 2596 gnnm
2300 2539 2596 2593 cognoscar
2630 2523 2801 2592 majus
2830 2521 3026 2591 aliquid
3065 2520 3328 2575 invenire.
3375 2517 3517 2585 Quid
3550 2518 3693 2572 enim

2111 2619 2313 2690 gratius
2343 2632 2505 2686 quam
2530 2614 2574 2672 si
2619 2615 2801 2684 gloriae
2829 2623 3020 2668 vestra:
3048 2612 3235 2666 videar
3261 2612 3539 2667 cbaritatis
3568 2625 3693 2679 par-

2113 2712 2425 2784 ticipatione
2461 2703 2704 2774 sociari,~
2755 2715 2813 2762 ut
2866 2707 2992 2776 quia
3045 2721 3144 2760 vos
3195 2702 3408 2758 abunde
3461 2702 3697 2773 fulgetis,

2111 2802 2265 2858 nobis
2293 2802 2521 2856 libenter
2539 2799 2606 2854 de
2633 2797 2852 2869 proprio
2882 2794 3168 2866 splendore
3196 2792 3537 2859 mutuemini,
3568 2806 3693 2846 cum

2112 2893 2365 2949 damnum
2390 2907 2497 2947 non
2525 2898 2606 2946 est
2650 2887 2856 2954 lumini,
2887 2888 3042 2942 alteri
3082 2886 3151 2941 de
3187 2900 3285 2940 sua
3314 2884 3563 2939 claritate
3591 2883 3699 2937 lar-

2113 2988 2246 3057 giri?
2274 2985 2478 3043 Fovete
2506 2984 2769 3041 desideria
2798 2991 3003 3050 nostra,
3032 2996 3152 3051 quas
3177 2980 3503 3048 cognoscitis
3523 2979 3699 3035 since-

2114 3081 2274 3135 ritate
2304 3078 2592 3150 przccipua.
2625 3074 2811 3132 Gratia
2840 3083 3018 3130 vestra
3065 3089 3164 3144 per
3188 3072 3369 3128 omnia
3400 3087 3498 3127 nos
3535 3085 3699 3141 regna

2115 3170 2473 3229 commendet.
2506 3166 2723 3229 Debetis
2751 3164 2894 3222 enim
2941 3179 3040 3220 nos
3083 3164 3258 3219 claros
3307 3161 3558 3230 reddere,
3608 3161 3703 3231 qui

2114 3262 2180 3318 de
2208 3269 2382 3316 vestra
2413 3258 2659 3314 volumus
2687 3257 2807 3311 luce
2849 3256 3073 3324 fulgere.
3103 3251 3463 3324 Quapropter,
3489 3252 3704 3307 sereni-

2120 3352 2213 3408 tati
2243 3359 2435 3405 vestrm
2481 3346 2849 3402 reverentiam
2886 3344 3222 3401 salutationis
3261 3343 3592 3415 impertiens,
3623 3342 3706 3395 af-

2116 3441 2356 3496 fcctuosa
2402 3454 2489 3493 me
2532 3437 2726 3492 animis
2754 3436 2946 3492 vestris
2993 3435 3407 3505 praesumptione
3436 3448 3711 3488 commen-

2116 3533 2186 3588 do
2212 3548 2233 3595 ;¹
2259 3544 2482 3601 sperans
2510 3536 2570 3582 ut
2596 3528 2673 3582 sic
2695 3527 2877 3583 omnia
2926 3524 3182 3580 mirabilis
3210 3524 3497 3595 prudentia
3526 3534 3707 3580 vestra

2117 3628 2422 3692 componat,
2463 3626 2728 3688 quatenus
2770 3616 2962 3672 ﬁducia
2987 3631 3105 3688 qua:
3134 3615 3288 3670 nobis
3315 3615 3383 3670 de
3402 3615 3586 3670 animo
3615 3631 3710 3669 ve.

2117 3723 2230 3768 stro
2277 3710 2404 3766 data
2459 3717 2542 3766 est
2590 3709 2811 3766 uberius
2864 3717 3142 3779 augeatur.
3172 3706 3307 3762 Nam
3336 3723 3458 3763 cum
3508 3707 3713 3762 nullam

2120 3801 2259 3857 inter
2286 3800 2530 3855 Romana
2566 3812 2731 3868 regna
2766 3799 2958 3855 deceat
2985 3813 3104 3854 esse
3145 3797 3486 3863 discordiam,
3536 3812 3716 3853 emer-

2118 3891 2189 3947 sit
2217 3899 2394 3945 tamen
2425 3898 2481 3945 et
2507 3889 2739 3959 qualitas
2766 3889 2863 3956 rei,
2888 3903 3010 3958 quae
3051 3904 3149 3943 nos
3188 3887 3406 3943 el‘ticere
3430 3889 3720 3943 cbariorcs

2133 3991 2326 4039 vestrm
2350 3982 2545 4038 debeat
2568 3982 2831 4052 aequitati.

2546 4135 2704 4205 me
2739 4130 3073 4190 EPISTOLA
3112 4132 3270 4190 xxn.

2291 4239 2598 4280 JUSTINIANO
2635 4240 2961 4280 IMPERATORI
2998 4241 3382 4281 THEODABADUS
3416 4241 3539 4283 REX.

2129 4313 2318 4369 Pacem
2370 4314 2434 4367 ab
2473 4330 2533 4385 eo
2562 4315 2688 4383 petit
2720 4330 2810 4385 per
2838 4315 3067 4385 legatum
3114 4317 3412 4370 sacerdotio
3441 4316 3647 4369 clarum
3672 4327 3725 4371 et

2499 4383 2755 4439 doctrina:
2783 4383 2936 4438 laude
2974 4388 3327 4456 conspicuum.

438 4511 552 4573 runt
580 4501 754 4548 vestra
785 4493 1047 4547 serenitas
1069 4492 1374 4560 destinavit,
1404 4493 1617 4563 qualem
1639 4501 1695 4547 et
1725 4501 1870 4547 tanta
1898 4494 2015 4562 glo—
2048 4519 2102 4579 D
2195 4496 2476 4561 Rctinetis,
2510 4497 2904 4568 sapientissime
2944 4499 3268 4570 principum,
3302 4515 3357 4557 et
3386 4518 3481 4573 per
3510 4503 3727 4571 legatos

440 4587 515 4638 tia
546 4584 728 4638 debuit
751 4586 980 4650 mittere,
1012 4598 1066 4640 et
1094 4594 1271 4640 vestra
1296 4585 1451 4639 decet
1479 4584 1736 4653 obsequia
1761 4586 2017 4640 retinere.

443 4677 665 4730 Dubium
694 4677 837 4730 enim
868 4692 974 4733 non
1002 4686 1086 4733 est
1112 4678 1254 4732 illam
1305 4692 1484 4735 mores
1522 4678 1652 4734 dare
1707 4678 1835 4750 [ed.,
1888 4680 2020 4733 reti-

441 4767 611 4838 nere},
643 4768 727 4823 cui
756 4768 1071 4821 observatur
1115 4769 1295 4841 [Jur.:
1336 4768 1529 4833 Forte,
1568 4767 1906 4841 obversatur]
1937 4785 2023 4825 as-

439 4858 610 4923 sidue,
643 4855 774 4910 dum
813 4863 1027 4909 constat
1053 4855 1299 4911 defmcari
1346 4858 1584 4912 animum
1625 4858 1782 4913 bonis
1823 4874 2022 4928 praece-

442 4950 712 5019 ptiouibus
742 4947 1062 5000 institutum.
1097 4945 1233 5001 llinc
1253 4947 1524 5015 estquod,
1559 4955 1736 5003 vestra
1763 4963 2019 5003 reveren-

441 5043 509 5093 tia
549 5038 882 5103 commoniti,
913 5036 1161 5093 duximus
1190 5036 1545 5091 ordinandum
1594 5044 1654 5091 ut
1677 5037 1791 5092 sive
1816 5037 2021 5093 beatis-

439 5133 605 5186 simus
628 5146 787 5201 papa,
815 5131 927 5186 sive
948 5136 1167 5184 senatus
1193 5128 1552 5199 amplissimus
1587 5129 1704 5184 sine
1729 5129 1907 5198 aliqua
1936 5129 2020 5184 di-

441 5223 641 5276 latione
670 5220 1050 5291 respondeant,
1082 5219 1225 5288 quod
1254 5218 1322 5273 ab
1370 5219 1449 5274 eis
1494 5220 1852 5291 expetendum
1902 5236 2023 5277 esse

439 5311 745 5378 indicastis;
777 5326 844 5366 ne
865 5310 1034 5379 gloria
1060 5319 1235 5365 vestra
1259 5310 1433 5364 minus
1455 5311 1748 5366 reverenda
1781 5319 2019 5381 putetur,

442 5401 524 5454 cui
551 5402 783 5457 studium
804 5402 1074 5457 dilationis
1101 5403 1412 5473 opponitur,
1445 5401 1540 5457 sed
1578 5403 1757 5473 potius
1784 5403 1852 5458 de
1880 5403 2023 5459 cele—

439 5493 597 5547 ritate
620 5491 745 5549 facti
772 5494 952 5548 votiva
980 5493 1148 5563 gratia
1190 5492 1361 5563 possit
1415 5493 1616 5560 augeri.
1673 5493 1806 5549 Nam
1872 5493 2021 5548 etde

440 5581 529 5634 illa
560 5596 813 5651 persona,
840 5582 907 5637 de
934 5598 1037 5651 qua
1059 5581 1129 5636 ad
1178 5599 1276 5638 nos
1319 5583 1521 5652 aliquid
1563 5583 1729 5639 verbo
1770 5584 2020 5638 titillante

439 5673 705 5740 pervenit,
747 5673 852 5727 boc
885 5673 1186 5728 ordinatum
1212 5690 1334 5730 esse
1372 5676 1701 5743 cognoscite,
1749 5675 1892 5745 quod
1921 5690 2016 5731 ve-

409 5821 417 5828 _
439 5761 565 5814 stris
592 5762 914 5817 credidimus
941 5762 1132 5826 annuis
1159 5764 1469 5822 convenire.
1511 5764 1844 5822 Desid‘crium
1871 5767 2016 5822 enim

2126 4596 2368 4656 nostros,
2415 4595 2471 4643 et
2509 4602 2608 4658 per
2636 4589 2805 4643 virum
2848 4589 3254 4646 disertissimum
3285 4591 3524 4659 Petrum,
3557 4609 3725 4662 quem

2121 4694 2291 4749 nuper
2317 4679 2384 4734 ad
2435 4694 2533 4734 nos
2559 4688 2734 4734 vestra
2777 4680 2950 4750 pietas
3000 4681 3329 4749 destinavit,
3384 4699 3492 4753 quo
3543 4686 3729 4741 studio

2123 4769 2465 4823 concordiam
2508 4776 2749 4838 angusta:
2793 4770 3100 4825 serenitatis
3147 4780 3416 4841 optemus.
3467 4770 3536 4828 Et
3582 4790 3731 4831 nunc

2126 4858 2321 4913 iterum
2346 4872 2445 4928 per
2464 4858 2612 4913 illum
2639 4858 2813 4914 virum
2842 4860 3237 4915 sanctissimum
3266 4861 3459 4916 eadem
3487 4864 3729 4919 credidi-

2125 4965 2244 5006 mus
2270 4966 2388 5005 esse
2416 4950 2725 5020 repetenda,
2757 4959 2816 5005 ut
2845 4966 2971 5007 vera
2999 4960 3159 5022 atque
3187 4953 3480 5009 aﬂ'cctuosa
3508 4956 3727 5023 judice-

2125 5041 2195 5095 tis
2214 5055 2333 5110 qua:
2359 5040 2665 5109 frequenter
2692 5042 2928 5110 expetita
2955 5044 3297 5109 cognoscitis.
3326 5043 3525 5100 Pacem
3548 5048 3723 5117 siqui-

2128 5132 2249 5185 dem
2281 5131 2379 5185 sub
2405 5130 2551 5185 omni
2579 5130 2885 5184 sinceritate
2913 5132 3162 5201 petimus,
3190 5132 3281 5200 qui
3310 5149 3504 5189 causas
3536 5147 3725 5191 certa-

2131 5222 2290 5277 minis
2345 5238 2451 5277 non
2483 5224 2759 5278 habemus.
2794 5223 2938 5279 Talis
2984 5238 3112 5293 ergo
3159 5224 3229 5279 ad
3272 5242 3371 5281 nos
3396 5231 3606 5297 veniat,
3651 5233 3734 5288 sic

2129 5316 2444 5385 composita,
2502 5316 2579 5370 sic
2623 5316 2838 5377 decora,
2894 5323 2952 5369 ut
2992 5332 3110 5369 eam
3142 5320 3302 5372 tantis
3328 5320 3472 5374 votis
3523 5325 3729 5377 merito

2127 5406 2405 5475 quaesiisse
2456 5406 2753 5460 videamur.
2810 5407 2963 5461 Absit
3016 5416 3198 5463 autem
3246 5418 3303 5463 ut
3355 5412 3505 5481 quod
3567 5392 3730 5468 nobis

2128 5496 2483 5552 committitur
2505 5496 2701 5550 debeat
2728 5496 3027 5564 ingravare.
3063 5495 3168 5551 Pro
3198 5500 3353 5554 nobis
3394 5499 3547 5572 [Gr.,
3597 5502 3729 5556 Nic.

2125 5597 2174 5641 et
2198 5584 2323 5652 6a.,
2355 5583 2531 5657 vobis]
2572 5586 2749 5656 potius
2777 5592 3003 5639 tractatc
3032 5586 3176 5656 quod
3213 5591 3490 5644 convenit.
3528 5591 3731 5648 Trahi-

2127 5685 2216 5732 tur
2256 5678 2399 5733 enitn
2429 5676 2499 5731 ad
2527 5676 2810 5739 benevola,
2843 5676 2929 5732 cui
2953 5692 3113 5732 causa
3144 5680 3385 5735 creditur
3412 5685 3724 5742 rationabi-

2122 5769 2245 5825 liter
2272 5768 2596 5837 ordinanda;
2637 5784 2739 5826 nec
2780 5776 2960 5838 potest
2991 5769 3273 5827 utilitatem
3303 5775 3595 5844 propriam
3624 5794 3719 5832 ai;-
