3990 6170
281 270 388 325 813

1589 241 1950 321 matiam
1994 241 2193 318 LIBER
2235 252 2295 318 x.

3456 246 3559 320 sn

283 386 500 448 tefcrrc,
534 384 620 439 cui
671 383 841 453 magis
881 379 1138 440 decorum
1170 393 1252 439 est
1301 382 1539 439 credenti
1589 380 1869 450 profutura
1903 382 1949 438 Λ
1976 378 2065 431 dio
2111 378 2294 448 opinio
2314 386 2493 433 vestra
2523 378 2839 433 cunctorum
2889 352 3246 434 admiratione
3294 379 3554 436 Inudctut‘i

282 488 561 551 prmstare.
638 478 991 534 Considerate
1034 480 1223 546 etiam,
1276 478 1545 549 principes
1601 475 1767 541 docti,
1820 483 1874 527 ct

279 573 440 627 abavi
470 571 633 627 vestri
672 571 924 625 historica
949 572 1276 625 monimenta
1324 570 1565 633 recolite,
1615 576 1873 636 quantum

286 669 602 724 decessorcs
630 664 794 717 vestri
833 663 1137 718 studuerint
1175 662 1243 718 de
1266 677 1364 717 suo
1387 661 1512 729 jure
1545 659 1872 727 relinquere,

286 765 349 807 ut
399 754 478 810 eis
542 761 829 822 parentum
899 760 1205 806 nostrorum
1257 749 1457 806 fcedera
1510 746 1875 818 provenirent.

290 844 579 899 ﬁstimate
607 857 712 911 qua
734 843 904 910 gratia
935 842 1134 896 debent
1161 841 1338 895 oblata
1366 838 1583 908 suscipi,
1606 852 1727 907 qua:
1752 852 1881 890 con-

289 940 580 988 sueverant
626 933 908 1002 postulari.
939 932 1055 987 Non
1112 940 1426 1000 arrogantér
1472 929 1761 997 loquimur,
1791 929 1881 997 qui

292 1025 578 1079 veritatem
605 1022 851 1078 fatemur.
875 1021 1072 1077 Gloria:
1090 1030 1278 1077 vestra:
1298 1021 1480 1091 potius
1499 1017 1713 1088 prolicit
1740 1016 1885 1086 quod

291 1115 669 1169 demonstrare
700 1112 1094 1172 contendimus.
1126 1112 1341 1181 quando
1383 1117 1524 1169 nunc
1549 1113 1625 1168 illi
1654 1119 1883 1167 vestiam

293 1202 526 1270 gratiam
557 1202 699 1256 ultro
721 1209 986 1271 quaerunt,
1024 1201 1114 1269 qui
1141 1200 1252 1256 suis
1288 1202 1601 1271 parentibus
1637 1200 1889 1254 meliores

294 1308 355 1348 se
398 1307 519 1347 esse
563 1300 917 1361 cognoscunt.
968 1292 1320 1347 Associentur
1366 1290 1601 1346 amicitia
1656 1288 1887 1358 gratuita

296 1384 496 1439 vestris
541 1384 756 1446 animis,
812 1399 949 1453 quos
998 1385 1147 1453 prius
1194 1384 1344 1439 vobis
1392 1383 1657 1453 largitatis
1710 1381 1888 1436 studio

295 1472 620 1542 jungebatis,
645 1489 712 1527 nc
740 1472 882 1528 bona
906 1479 1114 1527 tantum
1147 1473 1361 1528 illorum
1394 1487 1696 1543 temporum
1726 1470 1890 1526 fuisse

297 1562 591 1618 credantur
612 1601 627 1624 ,
658 1577 777 1631 qua:
804 1577 902 1617 vos
930 1571 985 1617 ct
1030 1564 1250 1633 copiosa
1289 1564 1620 1632 benignitate
1656 1562 1890 1629 vincitis,

300 1660 358 1706 et
380 1651 620 1706 alﬂuenti
647 1666 870 1706 munere
898 1652 1185 1722 superatis.
1211 1652 1384 1721 Atque
1407 1653 1528 1707 ideo
1556 1651 1893 1707 salutationis

1982 468 2335 523 l"amiliariter
2355 483 2453 524 vos
2475 472 2530 522 et
2552 467 2861 538 frequenter
2890 457 3067 523 videat
3093 470 3282 524 harmn
3313 466 3563 539 portitor,

1979 574 2138 627 quem
2168 558 2373 628 direxi,
2399 568 2667 627 quatenus
2694 558 2945 615 effectum
2977 560 3146 630 possit
3174 559 3409 615 celerem
3440 570 3568 631 ιιι-α·

1980 649 2198 714 mereri,
2232 650 2323 718 qui
2355 649 2424 703 ad
2466 652 2844 720 praesumptam
2885 651 3112 719 gratiam
3158 650 3305 706 visus
3350 644 3436 707 est
3481 650 3576 705 des

1981 737 2190 792 stinari.
2233 738 2530 808 Speramus
2576 731 2737 793 enim'
2752 740 2916 808 justa,
2948 756 3055 794 non
3086 740 3300 808 gravia,
3332 750 3457 795 cum
3497 744 3579 794 ta.

1984 844 2107 883 men
2171 829 2301 883 nihil
2350 830 2595 884 videatur
2639 830 2999 900 impossibile,
3056 822 3201 901 quod
3259 838 3357 901 per
3410 830 3580 887 talem

1984 922 2210 988 gloriam
2242 921 2621 989 cognoscimus
2649 922 2905 989 allegare.

2510 1047 2838 1107 EPISTULA
2877 1049 3062 1106 XXIV.

2164 1183 2468 1223 JUSTINIANO
2505 1182 2829 1224 IIPERA'I'ORI
2876 1182 3141 1223 GUDELINA
3188 1181 3400 1224 REGINA.

1991 1280 2202 1335 Iudicat
2248 1297 2303 1334 se
2329 1281 2383 1352 ei
2423 1281 2828 1351 scripsisse-per
2870 1279 3203 1352 Theodaliadi
3235 1279 3482 1352 legatum,
3528 1280 3585 1333 ut

2063 1353 2262 1404 rediens
2304 1350 2494 1419 a/ferat
2530 1350 2743 1421 litteras
2776 1351 3104 1421 imperatoris
3133 1350 3503 1404 incolumitatis
3533 1360 3582 1405 et

2062 1422 2247 1492 gratia:
2273 1438 2394 1492 erga
2423 1425 2589 1492 ipsam
2612 1419 2925 1475 Cudelinam
2956 1429 3005 1474 ct
3036 1422 3275 1474 maritum
3300 1422 3472 1474 testes.

2065 1535 2329 1590 Veniente
2360 1534 2475 1589 viro
2507 1533 2906 1603 sapientissimo
2953 1530 3133 1595 Petro,
3185 1531 3261 1585 ita
3300 1545 3399 1586 nos
3427 1538 3582 1585 amor

1996 1636 2188 1684 vestrae
2217 1627 2520 1682 serenitatis
2566 1626 2823 1696 explevit,
2873 1634 2934 1679 ut
2974 1625 3170 1680 vidisse
3207 1640 3306 1679 nos
3348 1624 3582 1679 aestimet-

302 1740 776 1795 honoriﬁcentiam
804 1740 1100 1811 praelocuti,
1133 1742 1278 1795 illum
1305 1742 1479 1797 virum
1509 1741 1887 1801 venerabilem,

2010 1733 2132 1783 nus,
2164 1716 2316 1785 cujus
2346 1716 2617 1784 colloquia
2637 1716 2867 1785 benigne
2894 1715 3247 1786 suscepimus.
3279 1712 3409 1780 Quis
3437 1713 3581 1768 enim

300 1831 608 1885 sacerdotio
649 1831 873 1898 clarum,
929 1831 1189 1887 doctrinm
1220 1831 1378 1888 laude
1415 1832 1787 1902 conspicuum,
1818 1832 1896 1887 le-

300 1921 535 1989 gationis
576 1929 773 1978 ucstra:
820 1922 885 1975 ad
926 1923 1181 1993 pietatem
1212 1933 1444 1978 vestram
1500 1924 1725 1979 fecimus
1767 1932 1894 1978 vota

300 2010 535 2066 deferre.
564 2011 895 2067 Coiiﬁdimus
922 2014 1064 2069 enim
1107 2016 1159 2068 in
1191 2015 1388 2069 virtute
1434 2015 1614 2068 divina
1659 2013 1802 2083 quod
1841 2022 1897 2069 et

302 2104 417 2158 suis
446 2105 651 2159 meritis
675 2105 831 2159 vobis
851 2105 1061 2160 abunde
1087 2104 1315 2175 placeat,
1341 2114 1396 2160 et
1417 2105 1683 2160 desideria
1711 2105 1896 2175 proba

305 2194 584 2263 petitionis
610 2194 872 2261 obtineat,
922 2206 1204 2265 sperantes
1251 2204 1310 2250 ut
1360 2211 1483 2250 eum
1532 2211 1653 2250 cum
1702 2196 1895 2251 ell'cctu

306 2281 438 2352 [ed.,
459 2282 678 2354 all‘ectuj
708 2299 888 2338 rerum
915 2285 1144 2339 celerius
1174 2285 1416 2355 recipere
1445 2284 1763 2340 debeamus.
1791 2285 1896 2340 Sed

303 2374 431 2443 quia
457 2374 762 2443 epistolaris
808 2376 974 2430 series
1016 2375 1295 2431 continere
1350 2390 1455 2430 non
1505 2383 1723 2444 poterat
1775 2375 1889 2429 uni-

303 2479 501 2528 versa,
551 2464 729 2533 aliqua
804 2465 971 2520 sacris
1043 2465 1287 2519 sensibus
1343 2464 1509 2518 verbo
1578 2464 1896 2520 insinuanda

305 2556 693 2624 commisimus,
718 2573 785 2613 ne
812 2556 1085 2612 fastidium
1116 2557 1266 2613 vobis
1294 2555 1495 2612 faceret
1514 2556 1675 2613 lectio
1704 2555 1895 2612 dill'usa

308 2647 640 2703 chartarum.

819 2774 1154 2835 EPISTOLA
1191 2774 1379 2833 XXIII.

524 2868 821 2926 rumpens;
858 2886 1110 2927 accessa:
1149 2886 1412 2927 cuosuxa
1451 2886 1664 2928 assist.

305 2962 508 3016 Scribit
531 2977 587 3015 se
613 2963 877 3031 excepisse
902 2963 1130 3032 gratanti
1160 2963 1336 3016 animo
1369 2961 1579 3016 Petrum
1612 2961 1723 3033 ejus
1749 2960 1897 3033 lega-

381 3041 511 3097 tum,
538 3039 589 3086 et
612 3049 703 3102 per
730 3034 913 3097 uirum,
943 3049 1089 3104 quem
1110 3033 1179 3086 ad
1201 3048 1314 3086 eum
1350 3035 1522 3097 mittit,
1554 3033 1698 3103 pacis
1726 3032 1899 3101 ﬁrmi-

388 3112 545 3155 tatem
573 3103 708 3155 inter
736 3103 1008 3172 utrumque
1034 3103 1307 3173 imperium
1335 3111 1505 3175 rogat.

383 3191 753 3263 Suscipicntes
789 3193 1022 3263 legatum
1055 3203 1287 3250 vestrum
1316 3195 1488 3249 virum
1520 3195 1902 3264 eloquentissi-

309 3302 466 3343 mum
491 3284 735 3354 Petrum,
763 3296 837 3351 ct,
869 3285 1012 3355 quod
1046 3296 1129 3342 est
1158 3286 1288 3357 ipsis
1309 3287 1657 3356 dignitatibus
1671 3289 1907 3344 honora-

309 3376 497 3443 bilius,
538 3376 732 3431 vestris
777 3376 1049 3446 obsequiis
1097 3376 1467 3443 inhaerentem,
1519 3387 1704 3449 optata
1754 3380 1907 3435 nobis

311 3480 560 3539 augusta:
587 3470 773 3538 gratia:
795 3477 1145 3525 monumenta
1187 3478 1215 3508 ⁸
1245 3468 1528 3535 fulserunt,
1561 3479 1622 3526 ut
1648 3486 1744 3541 per
1782 3486 1907 3527 cum

311 3562 653 3617 disceremus
680 3568 960 3630 acceptum
990 3560 1143 3616 vobis
1189 3575 1308 3617 esse
1334 3561 1479 3631 quod
1508 3562 1560 3616 in
1601 3552 1708 3619 hac
1748 3574 1909 3634 repu-

311 3640 459 3707 blica
489 3658 703 3705 constat
730 3650 995 3705 evenisse.
1026 3648 1344 3708 ostendistis
1374 3668 1471 3708 vos
1498 3652 1722 3723 diligere
1747 3654 1908 3724 quid-

313 3743 449 3813 quid
478 3741 545 3796 ad
563 3742 830 3811 justitiam
850 3743 1195 3812 cognoscitur
1221 3745 1514 3814 pertinere,
1545 3744 1781 3815 quando,
1813 3760 1912 3816 per

314 3834 558 3890 divinam
588 3834 976 3904 providentiam
1014 3840 1162 3889 omni
1207 3833 1515 3903 suspicione
1542 3834 1780 3900 detersa,
1808 3835 1907 3891 de-

316 3923 625 3981 siderabilis
650 3931 829 3994 potest
872 3924 1199 3979 unanimitas
1244 3940 1584 3995 permanere.
1626 3924 1776 3981 Nunc
1828 3934 1913 3983 est

322 4015 509 4086 potius
535 4014 682 4085 quod
710 4029 876 4084 regna
904 4015 1493 4087 conjungatpromissio
1522 4016 1629 4072 lixa
1657 4028 1710 4072 et
1729 4018 1910 4074 votiva

317 4105 633 4161 concordia.
681 4103 750 4159 Et
777 4105 900 4162 ideo
929 4106 1077 4160 illum
1103 4106 1276 4161 virum
1307 4108 1689 4173 venerabilem,
1722 4109 1914 4164 vestris

321 4198 706 4268 conspectibus
732 4214 862 4255 vere
889 4200 1279 4267 dignissimum,
1312 4201 1544 4270 legatum
1574 4211 1817 4257 nostrum
1844 4201 1913 4256 ad

323 4306 422 4346 vos
450 4290 760 4362 specialiter
786 4291 1110 4347 credidimus
1149 4307 1269 4347 esse
1313 4282 1668 4361 dirigentium,
1698 4301 1775 4355 ut,
1816 4308 1914 4347 vo-

319 4382 406 4438 bis
434 4383 814 4447 annuentibus,
844 4384 1174 4439 sereniosimi
1195 4384 1395 4452 jugalis
1422 4385 1592 4439 nostri
1619 4386 1769 4454 pacis
1792 4399 1915 4454 gra-

1999 1816 2147 1862 tanta
2194 1807 2509 1863 atl‘abilitate
2548 1815 2801 1877 suscepta
2853 1822 2962 1862 non
3008 1805 3198 1861 reddat
3223 1804 3586 1860 venerationis

1996 1900 2212 1963 eximia,
2242 1900 2329 1953 cui
2366 1908 2493 1953 ante
2519 1899 2843 1966 dignationis
2872 1898 3145 1965 eloquium
3169 1897 3292 1966 jure
3318 1897 3387 1951 ab
3412 1898 3586 1954 omnis

1993 1989 2095 2043 bus
2123 1981 2609 2044 commendationis
2638 2003 2747 2042 sua:
2777 1986 3007 2042 debetur
3033 1985 3310 2042 oﬂicium?
3355 1986 3425 2041 Et
3462 1988 3585 2042 ideo

1997 2095 2094 2150 per
2117 2080 2265 2133 illum
2291 2080 2466 2132 virum
2498 2078 2884 2145 venerabilem,
2931 2077 3165 2146 legatum
3188 2076 3373 2149 domni
3392 2076 3587 2146 jugalis

1999 2170 2186 2235 nostri,
2219 2169 2285 2223 ad
2317 2184 2411 2224 vos
2439 2168 2746 2238 specialiter
2784 2167 3071 2234 directum,
3120 2165 3429 2222 salutiferas
3466 2167 3584 2236 apis

1998 2277 2089 2317 ces
2117 2261 2423 2316 curavimus
2452 2258 2827 2325 destinandos,
2870 2266 2931 2312 ut
2968 2273 3256 2313 recurrens
3279 2266 3473 2312 vestra:
3500 2272 3587 2312 see

1998 2351 2239 2407 rcnitatis
2265 2351 2476 2417 allatus,
2507 2359 2562 2405 et
2588 2349 2656 2406 de
2701 2358 2887 2421 optata
2918 2348 3290 2404 incolumitate
3327 2346 3584 2411 lmtiﬁcet,

2000 2456 2056 2499 ct
2083 2444 2149 2500 de
2178 2443 2497 2499 firmissima:
2521 2445 2705 2513 gratia:
2735 2460 2834 2498 nos
2874 2442 3038 2499 faciat
3074 2430 3433 2498 exsultatione
3458 2456 3587 2511 gau‘

1999 2537 2146 2592 dere.
2175 2534 2291 2591 Tali
2320 2538 2464 2596 enim
2507 2536 2830 2606 compendio
2859 2551 3142 2607 causarum
3173 2536 3311 2590 bene
3347 2534 3590 2603 disponi~

2004 2636 2091 2682 tur
2118 2627 2271 2692 ordo,
2302 2635 2355 2682 et
2384 2636 2583 2683 nostra:
2633 2627 3035 2697 tranquillitatis
3078 2627 3351 2697 geminata
3396 2627 3592 2681 crescit

2002 2711 2237 2776 aliectio.
2278 2719 2642 2790 Suscipiamus
2669 2734 2799 2789 ergo
2842 2721 3007 2775 vestri
3037 2720 3202 2774 animi
3248 2719 3391 2775 bona
3423 2737 3437 2773 :
3464 2719 3590 2788 quia

2002 2806 2108 2869 hoc
2154 2822 2238 2868 est
2289 2827 2417 2868 vere
2470 2813 2652 2882 regale
2698 2813 3064 2884 prepositum,
3115 2811 3351 2880 gloriose
3406 2810 3588 2865 vivere

2003 2918 2189 2960 amore
2216 2912 2550 2959 cunctorum.
2587 2903 2844 2970 Qumdam
2871 2903 3025 2958 vobis
3067 2917 3165 2972 per
3191 2904 3381 2958 harum
3421 2902 3592 2972 portis

2005 3004 2178 3051 torem
2209 2996 2371 3050 verbo
2397 2994 2730 3065 suggerenda
2776 2995 3164 3060 commisimus,
3213 3010 3337 3064 qua:
3383 3010 3481 3065 pro
3509 2994 3592 3048 in~

1923 3104 1970 3164 ο
2001 3088 2181 3158 genita
2209 3088 2618 3143 mansuetudine
2659 3095 2715 3143 et
2739 3086 2969 3142 libenter
3011 3087 3260 3157 accipite,
3304 3096 3361 3143 et
3402 3084 3592 3143 enica.

2007 3183 2160 3247 citer,
2188 3179 2298 3236 Deo
2326 3180 2640 3246 auxiliante,
2672 3187 2941 3250 praestate.

2445 3315 2598 3387 167
2630 3311 2961 3368 EPISTULA
2999 3311 3157 3367 xxv.

2185 3422 2485 3466 JUJTINIASO
2524 3420 2843 3463 ιδιρειιλτοιῐι
2876 3424 3259 3465 τιιεοοΑιιΑυυε
3288 3427 3410 3465 IIl-2X.

2013 3501 2287 3574 Signiﬁcat
2322 3501 2677 3574 ser‘accepisgse
2716 3500 2926 3574 litteras
2959 3503 3286 3571 imperatoris
3327 3503 3391 3556 ab
3418 3502 3596 3557 Hera:

2079 3571 2289 3645 eleauo,
2304 3571 2484 3641 quibus
2504 3571 2678 3645 statim
2702 3571 2998 3645 respondet,
3023 3575 3269 3626 nuntians
3294 3588 3350 3627 se
3368 3590 3463 3642 pro
3485 3575 3598 3645 ejus

2085 3654 2201 3697 vo.‘o
2222 3644 2291 3695 ad
2318 3654 2509 3711 papam
2528 3643 2818 3712 scripsisse.

2034 3808 2037 3811 η
2086 3734 2189 3790 Per
2212 3734 2577 3791 venerabilem
2604 3735 2777 3789 virum
2816 3732 3207 3791 Heracleanum
3230 3734 3372 3809 [ϐω
3396 3736 3514 3809 Cuj.
3546 3748 3597 3792 et

2012 3827 2169 3893 For.,
2200 3825 2538 3898 I'Jracemum]
2568 3826 2942 3898 presbyterum
2966 3836 3191 3897 augusta
3220 3830 3376 3884 nobis
3403 3831 3598 3899 pagina

2012 3920 2208 3975 vestrae
2248 3914 2554 3973 serenitatis
2582 3918 2780 3987 illuxit,
2814 3919 3042 3988 gratiam
3068 3921 3333 3979 sermonis
3369 3920 3603 3992 benigne

2015 4014 2274 4079 tribuens,
2307 4022 2363 4069 et
2389 4021 2514 4085 apte
2533 4027 2759 4067 munera
2799 4012 3138 4074 salutationis
3166 4013 3511 4085 impertiens;
3541 4023 3604 4070 ut

2015 4123 2203 4163 revera
2233 4118 2487 4178 magnum
2529 4108 2600 4161 sit
2626 4104 2945 4163 beneﬁcium
2983 4112 3094 4163 tam
3133 4124 3299 4165 suave
3343 4112 3600 4183 principis

2015 4201 2277 4257 meruisse
2296 4201 2647 4271 colloquium.
2687 4199 2788 4255 Cui
2816 4200 3107 4264 reddimus,
3136 4211 3339 4271 quanta
3358 4205 3603 4261 valemus

2017 4295 2300 4360 cbaritate,
2334 4309 2674 4364 responsum,
2705 4302 2961 4364 optantes
2991 4304 3047 4350 ut
3075 4304 3130 4350 et
3149 4298 3465 4366 sospitatem
3508 4304 3606 4355 ve-

2017 4393 2183 4440 stram
2210 4382 2407 4452 saapius
2430 4398 2531 4437 nos
2559 4382 2742 4437 audire
2766 4383 3063 4451 contingat,
3087 4392 3143 4438 et
3164 4384 3315 4453 regni
3344 4387 3507 4442 vestri
3537 4388 3610 4445 fe-

322 4474 400 4527 tia
428 4472 712 4541 solidetur,
744 4483 1010 4543 quatenus
1049 4474 1379 4541 generalitas
1421 4474 1702 4530 evidenter
1740 4489 1910 4544 agnos
1944 4472 1990 4530 D
2016 4476 2192 4532 licitas
2218 4488 2434 4545 semper
2460 4481 2773 4528 accrescat:
2807 4474 2930 4543 quia
2973 4474 3078 4529 tale
3108 4482 3291 4529 votum
3323 4484 3423 4533 nas
3452 4477 3611 4537 decet

318 4570 440 4619 scat
489 4565 685 4620 merito
728 4565 940 4620 venisse
986 4580 1086 4620 nos
1113 4564 1178 4619 ad
1227 4567 1545 4620 suavitatem
1576 4564 1791 4622 fmderis
1819 4581 1917 4636 per

321 4652 432 4708 tale
460 4653 732 4708 vinculum
759 4654 1056 4710 charitatis.
1089 4650 1158 4709 Et
1206 4657 1332 4723 quia
1384 4656 1551 4711 semel
1598 4658 1736 4711 bene
1785 4656 1916 4712 inita

318 4745 471 4800 nulla
499 4745 701 4801 debent
737 4748 1008 4802 contraria
1049 4748 1337 4804 occasione
1373 4749 1649 4818 suspendi,
1700 4749 1746 4803 si
1788 4750 1917 4819 quid

317 4847 405 4893 cst
435 4837 585 4908 quod
629 4835 947 4894 difﬁcultate
984 4841 1067 4896 sui
1097 4839 1253 4896 nobis
1281 4856 1389 4895 non
1434 4849 1651 4911 oportet
1692 4841 1917 4910 imponi,

316 4922 606 4998 sapientia:
634 4939 826 4986 vestra:
855 4931 1228 4987 moderatione
1256 4932 1550 5001 mitigetur,
1582 4941 1642 4987 ut
1665 4932 1912 4989 all‘cctum

317 5036 488 5090 quem
517 5021 662 5076 circa
705 5035 931 5090 regnum
961 5031 1199 5079 vestrum
1229 5023 1431 5079 habere
1459 5023 1739 5093 cmpimus,
1768 5024 1915 5094 jugi-

319 5112 421 5166 bus
449 5110 642 5166 studiis
668 5119 979 5180 augeamus.
1006 5113 1347 5183 Quapropter
1384 5113 1582 5182 exigite
1609 5121 1804 5167 vestra:
1830 5129 1919 5168 sa-

318 5202 543 5274 pientize
567 5200 893 5266 firmitatem,
926 5211 981 5258 et
1008 5203 1147 5259 hanc
1174 5203 1328 5258 vobis
1350 5203 1582 5273 palmam
1610 5203 1916 5259 concordia:

318 5292 637 5363 specialiter
660 5291 954 5359 vindicate;
981 5301 1040 5347 ut
1066 5293 1206 5349 sicut
1236 5293 1638 5348 clementissimi
1678 5294 1915 5365 impera-

320 5385 459 5440 toris
484 5381 629 5438 fama
657 5382 711 5438 in
740 5384 936 5453 praeliis
963 5382 1162 5455 inclyta
1186 5382 1405 5452 dicitur,
1433 5384 1506 5439 ita
1536 5384 1588 5440 in
1616 5385 1765 5455 pacis
1797 5393 1914 5442 stu-

398 5584 426 5612 ⁸
465 5572 668 5631 Gratia
710 5583 1079 5638 monumenta,
1128 5572 1268 5628 forte
1294 5581 1586 5638 momenta,
1634 5580 1695 5627 ut
1747 5574 1904 5638 infra,

315 5646 418 5704 lib.
448 5661 540 5714 sl,
581 5646 737 5715 epist.
788 5644 876 5709 23,
925 5645 1080 5715 dixit,
1127 5653 1403 5715 momenta
1455 5645 1803 5711 integritatis;
1855 5653 1911 5698 et

318 5712 531 5787 supra,
564 5712 656 5769 lib.
704 5715 929 5787 κονίει.
960 5712 994 5766 4
1022 5723 1076 5768 et
1119 5712 1230 5787 I9,_
1257 5725 1526 5771 momenta
1573 5715 1824 5787 justitiac;
1857 5720 1912 5767 et

321 5783 417 5844 lib.
454 5802 528 5854 tv,
557 5795 713 5855 epist.
743 5784 776 5837 ὅ
798 5783 1066 5840 momenta
1094 5785 1391 5853 :equitatis;
1416 5795 1468 5841 ct
1494 5788 1651 5856 t'pisl.
1680 5783 1767 5851 4i,
1801 5801 1914 5840 mo-

2020 4569 2243 4635 habere,
2289 4566 2434 4636 quod
2481 4566 2708 4635 gloriam
2753 4565 3090 4635 salutemque
3130 4576 3369 4624 vestram
3409 4571 3611 4642 jugiter

2020 4660 2193 4730 possit
2220 4656 2530 4714 extendere.
2558 4656 2933 4725 Significamus
2953 4656 3118 4711 etiam
3146 4674 3247 4730 pro
3268 4671 3449 4715 vestro
3480 4670 3610 4716 voto

2020 4749 2087 4803 ad
2122 4763 2314 4818 papam
2361 4747 2510 4803 urbis
2550 4746 2737 4801 Roma:
2784 4761 2884 4801 nos
2936 4745 3143 4803 litteras
3189 4747 3508 4817 destinasse,
3553 4761 3605 4804 ut

2023 4839 2361 4912 praesentium
2393 4839 2582 4909 gerulo
2621 4839 2918 4894 litterarum
2961 4840 3079 4895 sine
3124 4839 3303 4909 aliqua
3346 4840 3610 4898 dilatione

2022 4931 2367 5001 respondeat,
2396 4940 2660 5000 quatenus
2688 4930 2833 4999 quia
2858 4930 3014 4985 vobis
3039 4929 3194 4997 dirigi
3218 4932 3434 4999 meruit,
3462 4933 3606 4988 cele-

2019 5023 2196 5078 ritatis
2248 5022 2475 5091 gratiam
2526 5028 2910 5090 consequatur.
2960 5019 3139 5074 Nostri
3194 5021 3338 5074 enim
3376 5023 3486 5077 voti
3523 5028 3609 5079 est

2019 5129 2213 5169 causas
2232 5125 2514 5181 emergere
2539 5113 2592 5166 in
2620 5111 2815 5181 quibus
2836 5110 3103 5180 possimus
3121 5111 3314 5165 vestris
3328 5111 3608 5168 desideriis

2020 5202 2243 5259 obedire
2272 5222 2284 5255 :
2310 5203 2435 5271 quia
2460 5203 2541 5258 sic
2568 5216 2668 5256 nos
2691 5200 2762 5255 ad
2799 5199 3124 5255 reddendam
3151 5199 3499 5258 dilectionem
3528 5198 3611 5259 cl-

2022 5295 2263 5349 licaciter
2291 5308 2721 5356 commonemus,
2774 5292 2821 5347 si
2848 5290 3002 5347 vobis
3040 5292 3096 5347 in
3123 5292 3300 5362 aliqua
3330 5305 3481 5365 parte
3509 5306 3611 5373 ρει.

2018 5401 2252 5442 reamus.

2013 5585 2192 5630 menta
2222 5573 2429 5645 gratiae.
2458 5571 2551 5628 Sic
2573 5571 2715 5643 apud
2741 5570 3079 5644 Symmach.,
3100 5545 3328 5645 _lib._'m,
3359 5578 3518 5645 epist.
3549 5577 3605 5645 ι.

2018 5646 2192 5701 meriti
2214 5642 2439 5717 angusta
2464 5652 2763 5717 momenta,
2788 5642 2890 5713 pro
2907 5655 3018 5710 quo
3036 5643 3151 5699 sola
3171 5642 3340 5699 editio
3367 5642 3606 5706 [διοικοιᾶ

2022 5723 2091 5775 nii
2124 5711 2466 5777 nimiunn-uta
2500 5719 2680 5772 habet.
2713 5711 2830 5767 Jun.
