3990 6170
339 284 440 339 815

846 387 1174 443 EPIS'I'OLA
1215 384 1377 438 XXVI
1389 427 1400 438 .

508 494 805 537 IUSTINIANO
846 493 1167 531 HIPERATORI
1210 491 1590 530 TIIEODAUADUS
1627 491 1750 528 REX.

341 592 477 648 Dicit
515 608 570 646 se
609 589 830 659 jussisse
883 587 1188 659 Senators-nt
1215 587 1529 659 lpra'fectum
1567 586 1810 659 praetorio
1858 584 1926 659 ait

410 648 664 730 prwdiu'm
711 658 1052 726 quarumdam
1095 648 1396 708 moui-alium
1443 648 1720 730 accedere;
1763 663 1838 730 ut,
1879 655 1923 706 si

411 724 533 800 quid
571 731 614 781 ei
664 724 874 800 injuria:
921 743 1171 800 aquarum
1210 727 1437 800 intulerit
1475 724 1926 800 illurics,_tribut_a

409 793 637 870 (ibt-eget.
676 793 802 848 Tum
831 793 1101 864 respondet
1132 797 1195 848 iis
1227 812 1340 865 qua:
1376 796 1438 847 de
1475 793 1763 848 Veranilda
1798 795 1927 846 scri-

413 879 608 939 pserat.

414 959 767 1028 Inlclligimus
795 956 1105 1012 serenitatis
1147 964 1336 1010 vestra:
1363 956 1588 1025 gratiam
1620 957 1932 1010 muneribus

342 1053 593 1109 omnibus
622 1049 892 1111 ditiorem,
925 1049 1142 1116 quando
1186 1047 1272 1101 illa
1303 1063 1399 1102 nos
1440 1048 1726 1102 hortamini
1757 1048 1934 1102 facere

344 1157 464 1216 qua:
485 1140 551 1195 ad
579 1138 880 1193 mercedem
913 1146 1151 1191 nostram
1177 1139 1382 1208 possint
1411 1138 1734 1194 omnimodis
1763 1138 1932 1208 perti-

348 1248 496 1289 nere.
531 1231 662 1286 Tale
693 1230 957 1299 siquidem
1002 1235 1185 1284 votum
1223 1245 1441 1300 semper
1472 1231 1702 1284 amantis
1742 1238 1842 1295 est,
1878 1237 1937 1283 ut

346 1340 541 1382 causas
567 1337 668 1378 nos
698 1321 1079 1378 misericordia:
1109 1321 1284 1376 velitis
1312 1336 1491 1390 agere,
1521 1337 1639 1392 qua:
1668 1337 1767 1376 nos
1795 1321 1934 1375 divi-

347 1431 428 1470 n:e
449 1414 657 1486 possint
685 1411 1072 1467 commendare
1102 1413 1378 1482 potentize.
1412 1411 1477 1466 Et
1508 1414 1627 1468 ideo
1657 1413 1935 1482 signiﬁca-

349 1522 468 1560 tnus
518 1504 701 1573 gloriae
747 1512 941 1556 vestr-.e
993 1503 1381 1558 monasterium
1439 1502 1756 1558 famularum
1809 1504 1936 1572 Dei,

350 1593 496 1663 quod
538 1592 692 1647 vobis
733 1591 1059 1644 insinuatum
1107 1598 1210 1657 est,
1241 1591 1564 1645 tributorum
1609 1591 1760 1660 gravi
1789 1598 1940 1646 sorte

352 1686 618 1747 laborare,
659 1697 725 1736 eo
751 1679 899 1750 quod
943 1694 1070 1749 ager
1108 1681 1225 1749 ejus
1255 1681 1415 1735 nimia
1444 1682 1790 1737 inundatione
1817 1698 1940 1752 per-

1568 271 1635 324 Μ.
1679 267 1954 324 AURELII
1996 268 2393 324 CASSIODORI

1949 386 1995 441 Α
2025 385 2232 452 stiluta,
2269 398 2325 440 ut
2346 389 2411 441 de
2443 391 2689 458 repositis
2724 392 2892 462 c0piis
2924 392 3183 462 p0pulum
3214 403 3461 449 saturare
3488 409 3619 465 pos-

3505 276 3612 333 Mi)

2033 479 2178 541 setis,
2232 477 2532 547 Liguribus,
2581 497 2716 550 quos
2764 491 2939 538 tamen
2993 484 3231 550 indigere
3269 488 3618 553 cognoscitis,

2035 569 2244 622 tertiam
2295 573 2599 639 portionem
2631 589 2695 628 ex
2755 575 2959 629 horreis
3021 575 3401 630 Ticinensibus
3457 588 3623 646 atque

2033 660 2452 718 Dertouensibus
2510 681 2606 733 per
2653 665 2883 720 solidum
2930 667 3116 734 viginti
3177 667 3317 738 [Cuj.
3361 678 3412 720 et
3463 667 3618 733 Fon,

2032 753 2365 824 quindecim]
2405 756 2640 826 quinque
2688 757 2908 811 modios
2943 757 3163 810 distrahi
3199 759 3482 812 cen'~itote.
3520 759 3624 813 Ve-

2034 846 2172 899 netis
2203 855 2380 900 autem
2429 862 2494 901 ex
2527 847 2806 903 Tarvisino
2846 857 3008 916 atque
3058 847 3371 903 Tridentino
3415 851 3626 904 horreis

2033 935 2100 988 ad
2141 935 2414 990 deﬁnitam
2465 941 2710 1007 superius
2759 939 3118 1007 quantitatem
3161 942 3287 994 item
3319 939 3437 994 dari
3467 940 3626 995 facite

2035 1028 2250 1082 tertiam
2302 1029 2634 1098 portionem;
2693 1039 2750 1084 ut
2798 1031 3054 1085 miserata
3105 1031 3364 1086 Divinitas
3413 1033 3624 1102 cOpiam

2036 1118 2214 1186 largiri
2242 1121 2431 1188 possit,
2459 1136 2622 1189 quam
2650 1122 2898 1177 homines
2929 1123 2980 1176 in
3008 1138 3066 1176 se
3095 1125 3402 1178 exercuisse
3425 1139 3628 1194 cogno—

2035 1211 2162 1265 scit.
2215 1210 2281 1263 Et
2311 1210 2435 1266 ideo
2467 1213 2602 1266 tales
2643 1212 2790 1266 viros
2837 1212 2920 1268 his
2961 1213 3426 1269 distributionibus
3469 1215 3624 1269 adhi-

2035 1305 2180 1372 bete,
2212 1315 2270 1359 ut
2299 1305 2628 1374 indulgentia
2679 1315 2863 1360 nostra
2905 1308 3140 1362 maxime
3182 1307 3249 1361 ad
3278 1307 3404 1362 illos
3430 1322 3624 1378 perve-

2039 1398 2153 1452 niat
2180 1398 2270 1466 qui
2300 1397 2411 1453 suis
2441 1398 2644 1453 viribus
2673 1399 2819 1468 pasci
2851 1399 3070 1453 minime
3101 1407 3414 1470 potuerunt.

2530 1551 2859 1608 EPISTOLA
2889 1552 3124 1607 XXVIII.

2112 1685 2370 1724 SENATORI
2400 1684 2690 1724 ΡΒᾸΞΡΕΕΤΟ
2721 1683 2994 1724 ΡΒΕΤΟΙΠΟ
3023 1683 3403 1724 τηεουλιιλυυς
3431 1686 3559 1725 REX.

353 1777 528 1842 fusus,
557 1773 856 1829 sterilitatis
882 1772 1012 1825 vitia
1041 1771 1107 1826 de
1130 1771 1345 1826 inimica
1370 1773 1768 1828 humectatione
1806 1789 1937 1828 eou-
1973 1760 2014 1818 Β
2044 1760 2334 1831 Conﬁrmat
2361 1761 2608 1842 φξίςίιίαεᾴ
2636 1759 2978 1842 ςαξείοάρτυε
3003 1763 3140 1842 viret}
3174 1763 3409 1842 (ξηαπ-θος
3449 1779 3620 1842 prora

359 1869 620 1933 traxerit;
654 1867 720 1922 ad
747 1867 920 1922 virum
947 1866 1430 1922 eminentissimum
1463 1866 1783 1922 Senatorem
1806 1883 1944 1938 prm-

358 1960 557 2017 fectum
573 1958 835 2029 praztorio
863 1957 1076 2012 dedisse
1103 1973 1204 2012 nos
1244 1958 1596 2013 nihilominus
1619 1959 1943 2028 jussionem,

356 2068 414 2113 ut
439 2057 555 2126 ejus
577 2055 850 2112 ordinatio
879 2053 1103 2126 provida
1132 2054 1200 2109 ad
1223 2055 1479 2126 prtedium
1503 2055 1571 2110 de
1595 2071 1701 2125 quo
1726 2056 1944 2125 querela

354 2161 437 2207 cst
481 2149 705 2218 diligens
753 2149 1025 2218 inspector
1067 2147 1307 2214 accedat,
1341 2156 1418 2214 et,
1465 2148 1627 2202 rebus
1668 2147 1946 2202 moderata

357 2237 706 2309 inquisitione
746 2238 1036 2305 trutinatis,
1084 2237 1342 2309 quidquid
1398 2239 1723 2308 gravaminis
1768 2245 1946 2308 potest

357 2335 562 2390 habere
615 2329 908 2401 possessio,
961 2329 1353 2383 rationabiliter
1391 2329 1713 2398 abrogetur;
1768 2329 1840 2382 ita
1889 2335 1947 2382 ut

357 2431 674 2494 competens
702 2428 863 2491 atque
893 2418 1164 2476 sufﬁciens
1193 2419 1426 2475 dominis
1465 2435 1747 2476 remanere
1781 2420 1948 2490 possit

359 2514 582 2582 utilitas,
611 2514 734 2582 quia
768 2527 894 2567 vere
942 2513 1096 2567 nobis
1138 2511 1342 2567 lucrum
1383 2513 1830 2581 pretiosissimum
1853 2513 1943 2582 ju—

359 2610 620 2676 dicamus,
669 2606 814 2675 quod
861 2620 959 2675 pro
997 2605 1423 2659 mansuetudinis
1451 2614 1643 2660 vestrm
1674 2605 1804 2678 [ed.,
1845 2621 1946 2660 no-

359 2698 505 2770 strae]
529 2699 805 2754 voluntate
824 2698 1188 2752 concedimus.
1209 2697 1508 2752 Veranildm
1529 2711 1743 2768 quoque
1762 2713 1945 2766 causa,

361 2788 504 2843 unde
547 2797 727 2842 vestra
767 2789 1030 2842 serenitas
1065 2803 1156 2842 me
1197 2802 1543 2843 commonere
1586 2789 1802 2857 dignata
1841 2797 1944 2854 est,

359 2883 603 2952 quamvis
633 2890 757 2937 ante
801 2882 1018 2950 longum
1048 2890 1260 2951 tempus
1299 2881 1398 2936 sub
1427 2889 1704 2951 parentum
1735 2890 1950 2937 nostro-

359 2989 477 3027 rum
525 2985 694 3040 regno
724 2972 1028 3040 contigerit,
1080 2981 1258 3026 tamen
1293 2988 1514 3028 necesse
1544 2973 1697 3028 nobis
1725 2973 1825 3028 fuit
1856 2989 1950 3028 oe-

361 3064 564 3131 gotium
593 3063 661 3118 de
691 3065 906 3134 propria
939 3063 1187 3134 largitate
1209 3078 1561 3134 componere,
1600 3073 1657 3119 ut
1687 3065 1777 3120 tali
1806 3065 1947 3121 facto

2124 1843 2324 1898 gatores
2355 1833 2529 1893 tritici,
2556 1833 2657 1884 vini
2685 1840 2734 1885 et
2755 1833 2910 1895 casei,
2943 1832 3284 1892 macellarios.
3314 1841 3433 1892 etc.,
3459 1835 3513 1885 in
3538 1849 3605 1885 ur

2121 1890 2266 1955 bibus
2297 1901 2483 1965 Roma,
2519 1890 2792 1967 Ravenna,
2834 1890 3011 1955 Ticino
3040 1911 3089 1955 et
3125 1890 3397 1955 Placentia
3424 1890 3630 1957 consti-

2121 1981 2308 2026 tuerat.
2373 1971 2500 2025 Tum
2549 1979 2683 2024 vetat
2724 1973 2814 2024 sub
2853 1973 2998 2040 gravi
3039 1989 3187 2040 pmna
3236 1989 3299 2024 ne
3343 1973 3454 2040 quis
3493 1974 3634 2025 intra

2119 2042 2519 2166 quinpuenuium
2558 2041 2685 2110 ipsis
2730 2042 2988 2095 succedat.
3037 2041 3268 2111 Denique
3289 2041 3432 2112 jubet
3473 2053 3530 2094 ut
3570 2041 3634 2095 ob

2121 2116 2242 2166 steri
2268 2114 2408 2166 italis
2443 2113 2634 2166 damna
2665 2113 2830 2166 pretia
2855 2128 3025 2165 rerum
3048 2121 3311 2166 temperet.

2121 2113 2408 2167 sterilitatis
2443 2113 2634 2166 damna
2664 2113 2830 2184 pretia
2855 2128 3025 2165 rerum
3048 2121 3311 2182 temperet.

2135 2227 2290 2298 168
2316 2223 2482 2279 Decet
2509 2223 2710 2292 regiam
2728 2223 2989 2291 justitiam
3021 2222 3289 2278 custodire
3318 2223 3461 2292 quod
3493 2240 3523 2278 a
3549 2224 3634 2293 ju-

2049 2317 2255 2372 dicibus
2303 2317 2440 2370 bene
2488 2315 2770 2383 agentibus
2820 2314 2980 2369 fuerit
3019 2314 3342 2377 ordinatum,
3392 2317 3634 2370 maxime

2051 2421 2279 2476 quorum
2323 2406 2652 2461 conscientia
2698 2406 2777 2460 sic
2821 2413 2950 2458 nota
2999 2413 3104 2471 est,
3133 2413 3190 2458 ut
3221 2405 3350 2459 nihil
3396 2406 3633 2473 incaute,

2051 2497 2182 2552 nihil
2215 2497 2523 2551 venalitatis
2551 2496 2724 2550 studio
2755 2495 2942 2550 fecisse
2969 2496 3267 2550 videantur.
3301 2494 3363 2548 Et
3394 2496 3514 2550 ideo
3545 2511 3635 2549 ar-

2050 2589 2226 2644 carios
2265 2596 2644 2658 prorogatores
2691 2588 2874 2652 tritici,
2918 2587 3027 2641 vini
3074 2597 3128 2642 et
3183 2588 3346 2651 casei,
3391 2587 3648 2642 macella-

2057 2679 2188 2744 rios,
2222 2679 2478 2744 vinarios,
2531 2678 2878 2746 capitularios
2919 2679 3314 2733 horreariorum
3357 2685 3413 2733 et
3453 2678 3636 2732 taber-

2053 2771 2347 2834 nariorum,
2402 2769 2700 2825 fenerarios
2755 2777 2810 2824 et
2846 2769 3137 2834 cellaritas,
3187 2769 3278 2838 qui
3327 2767 3396 2821 ad
3447 2771 3637 2824 urbem

2054 2860 2370 2925 Romanam,
2406 2861 2490 2914 vel
2537 2859 2604 2914 ad
2646 2861 2980 2914 mansionem
3031 2861 3303 2931 pertinent
3342 2861 3638 2916 Ravenna~

2053 2959 2181 3018 tem,
2203 2951 2294 3006 sed
2314 2962 2368 3005 et
2388 2966 2482 3005 eos
2505 2951 2594 3020 qui
2619 2952 2788 3020 ripam
2811 2950 3146 3006 Ticincnsem
3169 2961 3223 3007 et
3245 2951 3637 3022 Placentinam,

2054 3041 2168 3096 sive
2197 3056 2292 3111 per
2321 3041 2421 3094 alia
2468 3041 2583 3096 loca
2630 3041 2934 3110 quicunque
2962 3041 3206 3109 publicos
3256 3040 3438 3095 titulos
3467 3043 3636 3096 admi-

361 3167 478 3206 eam
509 3169 615 3208 non
643 3154 948 3223 pmniterct,
989 3162 1196 3207 mutata
1241 3155 1520 3224 religione.
1558 3154 1755 3209 Earum
1783 3158 1941 3226 siqui-

2059 3135 2289 3189 nistrare
2328 3143 2643 3199 noscuntur,
2673 3148 2808 3203 quos
2849 3147 2876 3185 a
2907 3134 3059 3187 vobis
3106 3133 3466 3202 comperimus
3497 3133 3638 3188 ordi-

363 3244 481 3298 dem
511 3259 688 3298 rerum
713 3244 970 3313 judicium
1004 3247 1110 3299 non
1143 3247 1536 3314 pra-sumimus,
1558 3245 1702 3301 unde
1732 3247 1951 3300 manda-

363 3344 474 3398 tum
515 3335 822 3405 specialiter
850 3351 957 3390 non
1001 3335 1281 3390 habemus.
1314 3336 1446 3390 Nam
1473 3347 1496 3373 η
1531 3352 1651 3392 cum
1695 3338 1952 3392 Divi..itas

363 3424 598 3494 patiatur
625 3423 862 3479 diversas
891 3425 1179 3495 religiones
1207 3441 1345 3491 esse,
1395 3443 1492 3481 nos
1515 3444 1674 3484 unam
1719 3445 1824 3482 non
1857 3443 1952 3481 au-

363 3515 550 3570 demus
575 3515 870 3585 imponere.
906 3515 1220 3573 Retinemus
1241 3520 1381 3574 enim
1408 3520 1602 3588 legisse
1630 3536 1728 3574 nos
1760 3521 1952 3576 volun-

364 3611 500 3664 tarie
521 3610 932 3667 sacrilicandum
957 3627 1076 3668 esse
1107 3612 1356 3676 Domino,
1385 3630 1491 3667 non
1516 3615 1832 3682 cujusquam
1858 3631 1950 3668 co-

365 3701 535 3766 gentis
579 3701 825 3770 imperio.
871 3700 1024 3767 Quod
1075 3703 1168 3771 qui
1215 3704 1372 3757 aliter
1420 3702 1600 3758 facere
1641 3706 1949 3770 tentaverit,

363 3790 640 3846 evidenter
697 3791 1006 3846 cmlestibus
1043 3791 1374 3861 jussionibus
1436 3793 1694 3848 obviavit.
1760 3794 1950 3850 Merito

363 3898 492 3952 ergo
517 3885 690 3954 pictas
712 3894 895 3940 vestra
917 3886 1106 3940 invitat
1129 3902 1226 3941 nos
1255 3887 1320 3942 ad
1346 3887 1471 3941 talia
1497 3904 1614 3958 quae
1636 3889 1789 3945 nobis
1815 3906 1950 3961 pra:-

365 3975 572 4044 cipiunt
597 3976 776 4030 divina
802 3977 1073 4032 mandata.

867 4111 1196 4167 EPISTOLA
1232 4114 1446 4171 XXVII.

416 4237 671 4278 εεκΑτοιιι
701 4239 992 4280 ΗΜΕΡΕοΤο
1035 4242 1314 4283 ΡΙΗΕΤΟΒΙΟ
1357 4245 1738 4288 τηεουΑηΑουε
1766 4251 1892 4289 κει.

399 4311 552 4366 Jubet
588 4324 642 4366 ut
677 4313 923 4385 Ligurum
958 4315 1366 4386 Venetorumque
1395 4322 1587 4392 inopia:
1623 4336 1908 4380 succurrat.

435 4405 550 4460 Non
581 4405 710 4460 dare
744 4405 792 4468 ιι,
834 4408 928 4460 sed
974 4408 1200 4464 reddere
1239 4410 1451 4466 videtur
1489 4429 1775 4484 expensas,
1803 4419 1947 4486 quis-

2056 3236 2232 3293 natos,
2275 3227 2430 3296 cujus
2469 3227 2668 3297 judicia
2721 3229 2799 3282 sic
2844 3227 3074 3282 libenter
3119 3227 3516 3296 amplectimur,
3561 3228 3638 3282 sic

2055 3320 2256 3375 servari
2309 3320 2696 3384 desideramus,
2743 3329 2996 3392 tanquam
3049 3335 3080 3374 a
3136 3321 3291 3376 nobis
3330 3321 3468 3376 facta
3519 3337 3639 3376 esse

2055 3412 2369 3478 credantur;
2405 3428 2502 3468 nec
2532 3413 2756 3468 sinimus
2784 3425 2968 3469 contra
2996 3414 3115 3469 illos
3145 3414 3459 3483 cujusquam
3504 3431 3642 3486 pra:-

2053 3507 2233 3562 valere
2262 3507 2539 3568 malitiam,
2571 3508 2662 3576 qui
2702 3516 2880 3562 vestro
2904 3507 3107 3577 judicio
3143 3509 3640 3565 administrationes

2055 3597 2294 3666 publicas
2323 3610 2693 3668 susceperunt.
2727 3599 3066 3670 Quapropter
3093 3601 3144 3655 in
3191 3601 3483 3670 designatis
3512 3601 3639 3656 titu-

2055 3688 2121 3742 lis
2174 3689 2420 3757 ambitio,
2464 3690 2679 3744 inimica
2718 3705 2932 3760 semper
2974 3691 3212 3759 justitite,
3246 3691 3637 3759 conquiescat;

2053 3779 2581 3834 consuetudinarium
2635 3783 2773 3836 bene
2830 3782 3111 3848 agentibus
3167 3781 3342 3837 locum
3394 3782 3640 3852 protinus

2055 3870 2308 3926 tollamus
2357 3872 2596 3938 invidim;
2641 3889 2748 3927 non
2800 3873 2960 3928 liceat
2997 3875 3248 3942 cuiquam
3292 3874 3431 3928 intra
3484 3878 3641 3944 quin-

2052 3963 2343 4031 quennium
2371 3963 2640 4032 pnndictis
2663 3964 2800 4018 velle
2836 3964 3145 4028 succedere.
3177 3965 3223 4020 si
3256 3975 3432 4019 tamen
3458 3973 3638 4018 vestra

2053 4054 2396 4122 inquisitione
2422 4068 2516 4108 eos
2543 4054 2686 4107 nulla
2716 4054 2870 4124 culpa
2918 4055 3202 4124 respuerit.
3236 4055 3355 4108 Sint
3379 4068 3512 4123 ergo
3553 4055 3638 4108 iu-

2053 4146 2266 4216 trepidi.
2291 4147 2382 4215 qui
2409 4155 2590 4200 vestra
2617 4148 2891 4202 voluntate
2913 4148 2996 4202 vel
3025 4156 3168 4204 sunt.
3193 4147 3277 4201 vel
3305 4146 3520 4202 fuerunt
3551 4163 3642 4201 or-

2051 4238 2219 4292 dinati
2253 4247 2581 4308 :procurent
2602 4239 2701 4294 sibi
2733 4240 3035 4294 necessaria
3075 4239 3269 4294 securi.
3304 4238 3422 4294 Non
3456 4240 3642 4294 timeat

2054 4333 2193 4386 intra
2222 4332 2324 4386 hoc
2351 4331 2771 4401 quinquennium
2800 4331 3015 4400 expelli,
3045 4345 3204 4398 quem
3227 4330 3645 4384 commendave-
3675 4345 3698 4362 δ

2057 4424 2128 4476 rit
2168 4423 2408 4492 probitas
2462 4423 2712 4477 actionis.
2762 4421 2992 4492 PrOpter
3039 4423 3379 4476 sterilitatem
3423 4435 3644 4491 quoque

357 4497 481 4566 quis
532 4498 824 4551 tributariis
870 4498 1053 4568 aliquo
1099 4502 1342 4557 remedio
1379 4505 1667 4561 subvenire
1707 4506 1944 4563 festinat.
1979 4495 2032 4555 D
2059 4516 2338 4584 przcscmis
2365 4515 2624 4584 temporis
2652 4513 2719 4569 de
2745 4514 2966 4582 singulis
2985 4513 3284 4584 speciebus,
3315 4521 3476 4583 prout
3505 4516 3645 4568 etni-

363 4585 502 4652 Quid
547 4587 688 4640 enim
716 4587 914 4652 justius
959 4597 1040 4644 est
1068 4605 1228 4659 quam
1259 4595 1463 4662 petenti
1511 4598 1758 4653 conferre
1803 4601 1946 4668 quod

367 4675 677 4744 intelligitur
709 4677 822 4746 ipse
844 4677 1156 4735 laborasse?
1178 4683 1257 4736 Ad
1280 4685 1700 4742 misericordiam
1724 4688 1946 4744 forsitan

366 4777 655 4838 pascantur
683 4769 875 4833 otiosi;
903 4771 1078 4824 cultor
1115 4775 1228 4840 agri
1267 4773 1333 4828 ad
1362 4777 1594 4832 futuram
1627 4778 1820 4835 famem
1850 4783 1945 4838 de-

366 4858 579 4922 seritur,
609 4859 709 4912 nisi
742 4860 812 4923 ei,
837 4876 958 4914 cum
991 4877 1210 4919 necesse
1233 4867 1412 4933 fuerit,
1443 4870 1774 4926 subvenitur.
1802 4873 1943 4939 Qua-

366 4961 584 5022 propter
610 4953 946 5009 industriosaa
979 4955 1202 5024 Liguria:
1239 4959 1558 5032 devotisque
1587 4963 1825 5020 Venetiis
1852 4984 1947 5022 co-

366 5046 451 5113 pia
499 5047 770 5101 subtracta
798 5046 996 5102 dicitur
1025 5064 1144 5104 esse
1173 5051 1240 5106 de
1286 5056 1507 5123 eampis,
1549 5058 1645 5110 scd
1676 5074 1814 5113 nunc
1845 5077 1942 5114 na-

365 5144 546 5190 scatur
578 5139 628 5190 in
660 5139 884 5204 horreis,
916 5141 1040 5209 quia
1072 5143 1231 5199 nimis
1257 5146 1475 5216 impium
1507 5159 1590 5204 est
1617 5152 1944 5222 plenissimis

363 5229 520 5284 cellis
559 5245 753 5284 vacuos
802 5234 1005 5287 esurire
1050 5235 1301 5292 cultores.
1346 5240 1521 5310 Atque
1573 5245 1692 5299 ideo
1724 5247 1942 5305 illustris

355 5317 673 5386 magnitudo
704 5329 816 5384 tua,
864 5337 1090 5390 quorum
1137 5325 1370 5397 dignitas
1399 5333 1461 5384 ad
1505 5335 1607 5387 hoc.
1636 5336 1828 5404 legitur
1863 5341 1944 5393 in—

436 5493 460 5517 δ
485 5479 652 5534 Ne'no
679 5479 886 5564 invitus.
910 5481 974 5534 ad
996 5484 1326 5564 religionem
1369 5492 1785 5559 etmtpellendus,
1819 5512 1938 5564 qua:

366 5563 558 5636 sponte
587 5551 920 5636 suscipienda
965 5554 1050 5629 sit.
1097 5571 1210 5636 neti
1233 5559 1300 5636 vi,
1335 5551 1515 5636 supra,
1561 5564 1650 5616 Lb.
1688 5581 1740 5626 ll,
1773 5551 1935 5636 epist.

365 5621 455 5699 ττῖ
497 5621 860 5699 Theudoricus
901 5624 1158 5676 universis
1186 5621 1420 5682 Judreis':
1456 5621 1823 5699 Religionem:
1856 5621 1937 5690 in;

366 5693 504 5770 quit,
543 5692 806 5770 imperare
834 5705 939 5770 non
973 5709 1274 5758 possumus,
1295 5701 1420 5766 quis.
1454 5692 1612 5753 μοιηῆ
1642 5692 1851 5770 cogn,"
1883 5719 1938 5758 ,ιι

373 5760 557 5813 credat
601 5761 811 5814 invitus.
852 5761 1238 5830 Athenagores,
1273 5760 1327 5820 in
1371 5769 1634 5836 legatione
1664 5760 1762 5835 pro
1795 5775 1929 5829 Cltr'.

2057 4608 2251 4662 nentite
2280 4615 2472 4661 vestrm
2513 4605 2904 4661 rationabiliter
2930 4605 3100 4660 visum
3134 4603 3312 4669 fuerit,
3343 4606 3516 4674 pretia
3559 4604 3643 4658 fa-

2055 4700 2160 4754 cite
2191 4699 2496 4770 temperari,
2522 4707 2580 4752 ut
2607 4699 2659 4752 hi
2689 4699 2883 4769 quibus
2903 4699 3247 4753 commissum
3273 4705 3356 4752 est
3382 4712 3648 4752 exercere

2055 4792 2294 4860 singulos
2331 4799 2620 4862 apparatus
2656 4792 2724 4847 de
2772 4791 2972 4861 injusto
3018 4790 3327 4860 gravamine
3356 4804 3463 4843 nou
3503 4805 3647 4859 que-

2058 4893 2262 4939 rantur.
2307 4885 2415 4939 Sed
2445 4886 2697 4954 quoniam
2743 4886 2973 4940 humana
3003 4884 3224 4939 ambitio
3272 4883 3372 4937 nisi
3403 4898 3499 4954 per
3529 4897 3648 4935 me-

2059 4988 2168 5032 tum
2200 4978 2377 5031 damni
2404 4994 2508 5031 non
2536 4986 2716 5046 potest
2737 4976 2989 5044 inhiberi,
3021 4977 3064 5030 is
3090 4975 3180 5044 qui
3222 4989 3252 5027 a
3283 4973 3438 5028 nobis
3469 4973 3649 5027 titulis

2053 5069 2331 5132 ordinatis,
2381 5071 2494 5124 sive
2534 5069 2816 5136 suffragiis,
2849 5069 2963 5123 sive
3000 5077 3349 5138 patronorum
3389 5065 3651 5136 precibus

2051 5162 2200 5215 nisus
2239 5161 2372 5234 [ed.,
2422 5159 2586 5230 visus]
2620 5162 2777 5215 fuerit
2821 5162 3071 5230 cuiquam
3103 5160 3412 5223 succedere,
3457 5160 3648 5213 statim

2049 5251 2263 5318 triginta
2293 5251 2544 5304 librarum
2569 5251 2682 5304 auri
2713 5251 2908 5305 mulcta
2940 5251 3179 5312 feriatur,
3204 5265 3234 5303 a
3266 5247 3418 5301 vobis
3445 5248 3648 5301 nihilo-

2050 5345 2224 5399 minus
2263 5345 2544 5413 exigenda.
2597 5343 2748 5410 Quod
2799 5345 2840 5397 si
2873 5343 2938 5397 ad
2984 5345 3084 5396 hoc
3113 5343 3364 5396 damnant
3412 5340 3652 5396 idoneus

2044 5503 2232 5558 stianis
2251 5505 2317 5558 ad
2349 5506 2513 5573 impp.
2545 5503 2900 5557 Commodum
2931 5513 2985 5557 et
3014 5504 3366 5566 Antoninum,
3396 5505 3592 5559 statim
3620 5522 3652 5561 a

2042 5574 2324 5641 principio.
2359 5576 2524 5629 Fons.

2116 5645 2137 5716 β
2171 5645 2330 5706 Dare,
2365 5646 2608 5711 reddere,
2632 5645 2920 5716 discrimen
2951 5647 3052 5702 hoc
3085 5662 3202 5710 nos,
3237 5645 3329 5701 lib.
3364 5660 3444 5714 nt,
3475 5663 3529 5704 c.
3560 5647 3655 5716 {5,

2043 5713 2262 5774 Select.,
2299 5718 2664 5772 trt'tctavimns.
2693 5712 2933 5772 FORNl-ZR.
