3990 6170
233 278 343 335 817

1540 276 1749 332 νΑηιΑ
1758 275 1798 329 ll
1809 273 1901 329 ΕΜ
1939 274 2134 329 LIBER
2177 275 2235 331 Χ.

3424 284 3528 339 818

238 407 355 447 non
405 388 646 461 potuerit
685 388 944 453 inveniri,
997 390 1269 461 corporali
1312 390 1579 461 supplicio
1620 404 1835 459 pmnam
1868 393 1914 447 Α
1943 390 2122 445 ctione
2144 392 2494 458 mollescant;
2519 403 2573 448 et
2601 396 2690 464 qui
2722 396 2788 450 ab
2819 396 2973 454 hoste
2999 398 3127 456 furis
3156 406 3395 472 superari
3428 407 3526 461 mi-

240 480 376 548 luat,
392 490 419 518 ³
448 480 542 551 qui
569 494 676 535 non
696 480 934 549 potuerit
955 480 1009 535 in
1031 479 1339 551 supradicta
1364 479 1703 551 perculsiune
1726 477 1836 532 suf.

242 576 440 640 llcere;
471 584 528 632 et
571 573 860 631 frustretur
905 573 1130 629 ausibus
1167 574 1296 637 suis,
1323 587 1482 643 poma
1506 572 1671 625 etiam
1714 571 1835 625 iuu-

242 665 444 722 rendus
464 663 722 733 infamias,
755 664 845 735 qui
871 672 1064 721 contra
1104 663 1387 720 interdicta
1418 674 1600 719 nostra
1656 662 1836 731 aliqua

244 755 691 827 tergiversatione
732 756 921 811 venire
963 756 1271 810 tentaverit.
1324 754 1468 809 Nihil
1508 755 1653 809 enim
1690 768 1838 808 secu-

244 861 389 912 rum,
418 844 551 901 nihil
571 845 777 915 poterit
800 845 994 902 stabile
1016 846 1264 916 reperiri,
1295 845 1342 901 si
1370 860 1588 916 semper
1604 843 1842 899 inviden-

243 936 383 993 tium
410 943 537 992 vola
558 936 626 991 ad
650 935 866 992 illicitas
892 935 1155 992 accedere
1187 936 1569 1006 permutantur
1596 933 1834 989 insidias.

244 1025 404 1095 Quod
430 1024 745 1096 magnitudo
781 1034 961 1083 vestra
982 1026 1058 1099 in
1087 1026 1326 1082 omnium
1369 1025 1530 1081 faciat
1559 1024 1839 1095 pervenire

243 1116 518 1183 notitiam,
552 1131 625 1173 ne
649 1116 774 1187 quis
810 1130 910 1187 per
946 1116 1305 1186 ignorantiam
1333 1131 1394 1172 se
1420 1114 1695 1171 existimet
1736 1129 1836 1169 cx-

245 1208 570 1276 cusaadutn,
599 1209 749 1280 quod
789 1224 900 1268 non
944 1209 1272 1266 intellexerit
1296 1208 1460 1267 fuisse
1486 1209 1836 1280 prohibitum.

773 1383 1111 1441 EPISTOLA
1134 1383 1327 1441 XXIX.

484 1512 798 1553 VUINUSIADO
826 1512 1011 1553 COIl‘l‘l
1050 1512 1433 1554 THEODAIMDL‘S
1466 1514 1588 1553 REX.

243 1609 498 1666 Cancedit
522 1609 605 1664 illi
633 1607 935 1681 facultatem
961 1625 1125 1679 aquas
1155 1607 1399 1681 Barntias
1420 1609 1625 1681 petendi
1654 1609 1724 1662 ad
1751 1626 1838 1663 sa-

391 1679 641 1734 nandam‘
651 1680 960 1751 podagram,
993 1695 1108 1748 qua:
1134 1680 1379 1751 graphice
1407 1679 1732 1734 describitur.

317 1793 452 1851 Cum
481 1793 654 1865 gentis
683 1801 787 1849 tua:
816 1792 1131 1849 honoranda
1156 1794 1407 1849 nobilitas
1437 1803 1492 1849 et
1519 1806 1728 1862 magna:
1770 1793 1830 1846 ll-

239 1887 336 1940 tlei
384 1886 705 1941 documenta
750 1882 1048 1939 suasissent
1094 1890 1153 1938 ut
1200 1883 1293 1939 tibi
1341 1884 1528 1939 urbem
1571 1882 1833 1948 Ticinum,

238 1991 410 2045 quam
438 1991 536 2046 per
562 1974 702 2030 bella
731 1973 1071 2040 defenderas,
1106 1974 1508 2043 gubernandam
1538 1988 1672 2045 pace
1714 1988 1835 2029 cre-

238 2068 518 2130 deremus,
568 2065 771 2120 limosa:
802 2064 1056 2136 podagra:
1095 2066 1269 2121 subita
1312 2066 1659 2124 inundatione
1696 2083 1840 2124 com-

241 2158 433 2227 plutns
459 2155 604 2229 [ms.,
634 2154 976 2225 completus],
1002 2170 1168 2224 aquas
1195 2155 1440 2211 Bormias
1460 2157 1639 2226 potius
1664 2158 1836 2213 sicca—

241 2250 406 2314 tivas,
437 2247 703 2302 salutares
732 2247 857 2301 huic
884 2247 1190 2318 Specialitcr
1210 2248 1466 2317 passioni,
1494 2248 1632 2303 velle
1663 2257 1716 2303 te
1745 2264 1837 2318 [ρει

241 2349 364 2394 tere
410 2337 715 2408 postulasti.
748 2337 1081 2392 Desiderium
1110 2350 1255 2392 tuum
1287 2338 1569 2394 remediali
1596 2338 1838 2408 jussione

240 2446 524 2497 sanamus,
557 2439 615 2484 ut
662 2429 979 2500 sospitatem
1026 2444 1186 2499 quam
1232 2431 1427 2486 merito
1474 2431 1612 2486 inte
1643 2431 1840 2500 quteri-

240 2537 394 2588 mus,
423 2520 680 2589 jussionis
701 2517 963 2576 beneficio
993 2521 1379 2591 compleamus.
1420 2520 1574 2577 Absit
1608 2522 1751 2576 enim
1781 2530 1841 2576 ut

239 2611 571 2667 bellicosum
624 2612 797 2666 virum
848 2612 1089 2683 tyrannis
1137 2612 1466 2681 gravissinne
1520 2612 1841 2669 calamitatis

240 2710 522 2767 exarmet,
552 2717 673 2772 qua:
703 2704 839 2758 miro
868 2702 1029 2758 modo
1057 2703 1298 2758 membra
1318 2703 1546 2758 virentia
1578 2702 1843 2759 inlusione

238 2796 485 2867 penatis
533 2796 776 2850 humoris
802 2794 947 2864 cogit
987 2809 1252 2863 arescere,
1291 2794 1569 2864 nodosque
1612 2793 1844 2850 mobiles

240 2888 427 2959 replet
457 2902 765 2942 marmoreo
795 2896 1008 2943 tumore
1034 2895 1360 2953 crescentes,
1401 2902 1524 2943 cum
1551 2887 1697 2945 norit
1735 2885 1841 2941 alia

238 2987 447 3037 cuncta
479 2993 707 3035 vacuare
740 2977 1030 3048 junctum.
1090 2977 1235 3034 Petit
1285 2993 1553 3035 concavas
1599 2978 1840 3045 lacunas,

238 3074 337 3129 ubi
358 3073 590 3144 palustri
621 3072 857 3127 statione
896 3072 1224 3142 pigrescens,
1266 3087 1398 3128 saxa
1440 3072 1652 3144 perlicit
1682 3071 1750 3128 de
1778 3071 1842 3126 li-

1940 484 2083 537 nime
2138 491 2462 554 potuerunt,
2522 486 2589 541 ab
2644 487 2853 543 interna
2911 491 3088 560 potius
3141 496 3527 553 contrarietate

1941 579 2242 632 vincantur.
2268 576 2439 648 Perge
2466 578 2650 649 igitur,
2682 588 2904 637 auctore
2947 583 3074 649 Deo,
3121 586 3392 654 gressibus
3421 588 3529 647 tuis

1940 668 2007 722 ad
2032 668 2207 723 locum
2238 670 2574 739 prmdictum.
2616 671 2767 727 Absit
2811 674 2954 728 enim
2986 683 3045 729 ut
3072 675 3304 733 bellator
3342 688 3529 735 noster

1940 762 2180 817 ambulet
2208 763 2452 833 passibus
2470 763 2675 819 alienis.
2705 762 2914 835 Equino
2939 766 3121 830 dorso,
3152 783 3259 823 non
3290 769 3527 826 humana

1939 851 2291 907 subvectione
2338 860 2583 923 portetur
2608 871 2619 906 :
2644 854 2769 923 quia
2816 854 2931 911 viro
2962 856 3084 911 forti
3126 871 3288 926 grave
3328 868 3412 915 est
3451 861 3531 916 sie

1938 941 2142 1007 vivere,
2192 951 2252 997 ut
2298 957 2399 999 nec
2446 944 2608 998 vitam
2651 945 2878 1002 inertem
2924 948 3095 1018 possit
3134 948 3265 1021 lett,
3297 960 3526 1006 mortem

1941 1035 2131 1106 possit]
2161 1036 2405 1107 implere.
2431 1036 2561 1105 Qum
2590 1038 2712 1095 ideo
2740 1040 2835 1095 tibi
2862 1052 3186 1112 exaggerata
3218 1045 3528 1101 narratione

1941 1129 2244 1194 retulimus,
2279 1137 2337 1184 ut
2356 1129 2422 1185 ad
2454 1130 2687 1186 studium
2712 1132 2960 1188 sanitatis
2982 1133 3161 1188 votiva
3192 1134 3349 1190 nimis
3371 1135 3525 1206 cupi-

1941 1219 2111 1275 ditate
2136 1220 2384 1291 rapiaris.
2423 1219 2583 1277 Utere
2613 1221 2773 1293 igitur
2803 1224 2956 1293 aquis
2977 1222 3102 1292 illis,
3134 1225 3366 1295 primum
3396 1232 3528 1296 puta

1943 1309 2284 1377 delinitoriis,
2313 1311 2506 1367 deinde
2532 1312 2861 1368 thermarum
2907 1314 3327 1371 exhibitionibus
3353 1316 3524 1371 sicca-

1943 1402 2086 1468 tivis,
2116 1404 2206 1458 ubi
2235 1405 2432 1460 merito
2454 1404 2794 1461 indomabilis
2814 1407 2996 1464 cervix
3022 1407 3110 1462 illa
3140 1409 3405 1478 passionis
3433 1405 3528 1465 lle-

1943 1495 2125 1561 ctitur,
2152 1495 2370 1564 quando
2398 1496 2609 1552 interna
2631 1496 2857 1568 plurima
2886 1498 3145 1554 ctl‘usione
3174 1499 3524 1564 mandantur.

1942 1584 2211 1639 exteriora
2263 1587 2550 1641 attractiva
2596 1586 2796 1642 virtute
2846 1587 3015 1644 libera
3068 1589 3223 1658 liunt,
3278 1597 3335 1645 et
3381 1591 3528 1646 velut

1941 1672 2149 1729 duobus
2171 1674 2383 1729 auxiliis
2404 1677 2746 1745 congregatis
2771 1675 2823 1731 in
2855 1678 3091 1734 medium
3115 1680 3275 1734 missa
3304 1696 3530 1752 supera-

1863 1774 1909 1833 Β
1945 1771 2051 1818 tur.
2077 1763 2341 1818 Amentur
2376 1763 2486 1819 illic
2511 1779 2737 1820 munera
2767 1781 3024 1821 concessa
3064 1768 3342 1823 divinitus.
3382 1767 3527 1823 Cun-

1942 1863 2025 1910 tra
2053 1854 2200 1910 illam
2226 1854 2443 1909 humani
2465 1855 2675 1923 generis
2699 1854 3101 1912 debellatricem
3124 1857 3248 1912 data
3277 1866 3400 1914 sunt
3429 1874 3528 1930 op-

1940 1954 2170 2015 portuna
2195 1946 2489 2002 munimina
2519 1945 2885 2014 lavacrorum;
2911 1956 2966 2003 et
2985 1962 3144 2019 quam
3174 1965 3282 2004 non
3310 1948 3528 2005 edomat

1934 2038 2064 2106 lnge
2089 2036 2431 2104 decennium,
2472 2052 2580 2092 non
2629 2036 2776 2092 mille
2817 2038 3094 2108 potionum
3126 2039 3299 2094 mollit
3339 2038 3527 2093 introi-

1940 2135 2046 2191 tus,
2101 2127 2437 2196 voluptuosis
2475 2126 2585 2181 illic
2630 2125 2884 2181 remediis
2929 2123 3214 2195 ell‘ugatnr.
3263 2125 3529 2182 Prmstent

1939 2226 2185 2290 optatum
2229 2216 2419 2272 Divina
2459 2214 2801 2283 beneficium,
2853 2223 2912 2272 ut
2940 2214 3134 2274 famam
3163 2215 3268 2272 loci
3306 2216 3525 2272 verissi-

1940 2325 2084 2365 mam
2130 2316 2220 2364 tua
2250 2310 2431 2380 potius
2473 2307 2789 2362 salubritate
2825 2321 3134 2373 noscamus,
3164 2321 3325 2377 quem
3370 2306 3529 2365 nobis

1939 2400 2295 2457 desiderabile
2324 2406 2408 2457 est
2435 2399 2666 2455 evadere
2692 2395 2949 2468 quidquid
2986 2396 3174 2453 adimit
3208 2411 3528 2469 corpoream

1939 2492 2275 2562 sospitatem.
3124 2484 3135 2493 '

2460 2600 2792 2659 EPISTOLA
2829 2600 2980 2657 XXX

2084 2737 2311 2778 BONOBIO
2344 2734 2635 2776 1³3δῖ130το
2663 2733 2811 2775 υιιιιε
2850 2731 3234 2775 τηεοωιιιυυε
3258 2732 3385 2775 sax.

1941 2831 2093 2888 lubet
2121 2843 2178 2888 ut
2216 2833 2450 2888 labantes
2486 2831 2788 2901 elephantes
2824 2846 2999 2886 aneos
3032 2830 3251 2901 pristino
3289 2831 3449 2884 statui
3485 2839 3535 2887 et

2014 2904 2249 2976 ﬁrmitati
2270 2905 2537 2976 restituat.
2561 2902 2693 2976 Tum
2717 2902 3013 2972 elephantes
3033 2910 3083 2955 et
3103 2916 3282 2956 eorum
3299 2902 3536 2973 proprio-

2018 2972 2148 3028 tates
2174 2973 2393 3044 miriﬁce
2420 2972 2674 3044 depingit.

2024 3066 2180 3139 169
2207 3064 2502 3121 Rclatiouis
2527 3072 2717 3121 vestrae
2738 3071 2927 3122 tenore
2954 3079 3341 3136 comperimus,
3365 3064 3421 3121 in
3447 3064 3535 3149 vina

235 3132 454 3233 quare;
481 3170 537 3217 et
563 3177 681 3232 quae
710 3162 777 3216 ad
805 3132 1057 3217 decorem
1078 3132 1381 3216 inflexionis
1409 3132 1601 3215 natura
1627 3159 1847 3215 laxave—
1872 3132 1918 3196 θ
1947 3132 2325 3227 δαῖτεῖξῳιθω
2362 3156 2546 3213 multis
2585 3156 3058 3227 superstitionibus
3076 3132 3276 3213 dicavit
3297 3132 3426 3231 lett,

236 3260 350 3318 rat,
378 3252 434 3306 in
466 3252 831 3321 turpissimum
856 3252 1089 3321 rigorem
1111 3251 1382 3308 soliditate
1406 3253 1689 3322 peregrina
1710 3268 1844 3308 con-

235 3344 489 3412 stringit.
519 3341 645 3398 llarc
672 3343 854 3415 passio
883 3343 1194 3400 insanabilis
1234 3349 1290 3399 et
1336 3343 1538 3398 sanitas
1582 3343 1847 3413 passibilis

238 3436 381 3504 ligat
419 3433 646 3499 solutus,
682 3434 955 3489 contrahit
995 3448 1214 3502 nervos,
1258 3444 1316 3489 et
1358 3433 1675 3489 decrescere
1720 3432 1849 3489 facit

237 3541 513 3597 corpora,
542 3540 664 3597 qua:
704 3526 849 3581 nulla
878 3533 1003 3581 sunt
1043 3527 1382 3582 mutilatione
1410 3535 1674 3582 truncata.
1704 3522 1851 3581 Con-

236 3617 524 3674 stantibus
549 3617 805 3673 membris
832 3617 1174 3688 proceritatis
1199 3632 1449 3673 mensura
1475 3617 1635 3690 perit,
1668 3625 1723 3673 et
1750 3616 1850 3671 mi-

241 3723 356 3763 nor
378 3708 643 3772 cernitur,
668 3708 755 3763 cui
780 3707 909 3763 nihil
938 3707 1255 3765 subductum
1286 3724 1406 3765 esse
1432 3710 1679 3765 sentitur.
1710 3708 1849 3764 Sub-

238 3800 548 3855 tralmntur
573 3798 851 3870 superstiti
882 3799 1179 3856 ministeria
1209 3799 1574 3856 membrorum
1604 3818 1616 3854 :
1651 3816 1851 3871 corpus

239 3892 438 3946 vivum
466 3899 570 3958 est,
613 3904 714 3946 nec
737 3898 1018 3955 movetur;
1069 3898 1124 3945 et
1153 3890 1290 3944 intra
1326 3890 1655 3946 insensibilia
1694 3891 1851 3945 reda-

237 3990 426 4045 ctum,
447 3979 563 4049 jam
590 3994 696 4035 non
727 3979 948 4050 proprio
972 3987 1121 4046 voto,
1152 3982 1245 4037 sed
1284 3989 1435 4036 motu
1461 3980 1631 4037 fertur
1652 3981 1849 4037 alieno.

239 4069 383 4126 ﬂare
407 4069 527 4123 viva
558 4082 705 4125 mors
731 4084 894 4139 supra
934 4069 1114 4125 omnia
1145 4078 1415 4126 tormenta
1457 4087 1589 4127 sana
1618 4071 1850 4139 dicitur;

236 4171 301 4216 et
326 4159 530 4216 melius
549 4159 750 4215 habere
772 4158 958 4223 fertur,
983 4160 1074 4229 qui
1096 4160 1332 4215 evasisse
1350 4176 1540 4216 causas
1561 4162 1694 4215 tanti
1720 4162 1854 4231 peri—

235 4252 363 4307 culi
390 4266 503 4306 non
526 4250 803 4321 probatur.
830 4249 1041 4306 Deserit
1065 4250 1283 4319 quidem
1309 4249 1483 4314 dolor,
1509 4250 1603 4306 sed
1632 4240 1853 4305 dimittit

233 4344 521 4414 reliquias
571 4342 853 4408 fortiores;
909 4351 985 4408 et,
1029 4358 1168 4399 novo
1203 4342 1533 4399 infelicitatis
1579 4344 1851 4414 exemplo,

234 4435 444 4507 passio
465 4432 679 4489 videtur
696 4432 1010 4503 abscedere,
1042 4442 1097 4489 et
1124 4447 1268 4502 aeger
1298 4449 1405 4489 non
1443 4433 1638 4489 desinit
1665 4448 1840 4503 {egro-

1951 3244 2105 3319 tavit]
2126 3245 2436 3315 antiquitas,
2467 3244 2781 3315 elephantes
2807 3260 2990 3301 tenens
3014 3244 3189 3300 vicina
3216 3245 3541 3301 omnimodis

1947 3338 2102 3395 ruina
2144 3338 2407 3405 titubare;
2452 3346 2509 3393 et
2549 3336 2642 3407 qui
2687 3336 2864 3394 solent
2899 3337 2954 3392 in
3001 3337 3205 3401 carnali
3242 3338 3540 3394 substantia

1947 3446 2108 3502 supra
2131 3429 2379 3486 millenos
2406 3443 2576 3484 annos
2600 3428 2804 3498 vivere,
2834 3443 3085 3484 occasum
3111 3427 3393 3486 videantur
3412 3441 3543 3499 pro-

1950 3526 2151 3581 ximum
2182 3525 2234 3579 in
2263 3523 2562 3579 simulacris
2588 3523 2743 3579 terris
2762 3523 3048 3580 sustinere.
3082 3521 3178 3580 llis
3204 3523 3541 3595 providentia

1950 3626 2130 3673 vestra
2178 3615 2333 3672 reddi
2377 3613 2542 3669 faciat
2588 3614 2860 3685 propriam
2914 3613 3337 3684 longtevitatcm,
3391 3616 3543 3672 uncis

1952 3708 2141 3766 ferreis
2166 3708 2367 3763 hiantia
2389 3707 2630 3763 membra
2658 3705 2960 3774 solidando,
2990 3706 3173 3763 alvum
3198 3724 3415 3780 quoque
3446 3709 3545 3765 de.

1952 3800 2169 3855 missam
2196 3797 2410 3854 subdito
2436 3796 2644 3868 pariete
2664 3796 3001 3866 corroboret,
3028 3814 3095 3855 ne
3117 3799 3204 3854 illa
3233 3800 3544 3870 magnitudo

1953 3889 2214 3945 mirabilis
2242 3889 2481 3944 solvatur
2518 3888 2751 3959 turpiter
2778 3888 2833 3944 in
2861 3890 3093 3945 ruinam.
3139 3888 3269 3944 Nam
3313 3900 3369 3946 et
3410 3890 3543 3945 vivis

1954 3983 2070 4054 ipse
2097 3996 2253 4038 casus
2280 3980 2538 4037 adversus
2566 3989 2677 4049 est;
2705 3981 2798 4053 qui
2828 3981 2953 4038 dum
2992 3982 3219 4052 ingeniis
3242 3982 3545 4038 cubatiunis

1955 4083 2072 4129 arte
2117 4073 2396 4129 hominum
2444 4072 2668 4130 succisis
2706 4073 2991 4130 arboribus
3029 4074 3265 4143 ingentia
3302 4076 3542 4129 membra

1956 4164 2348 4230 commiserint,
2380 4172 2497 4219 toto
2536 4164 2774 4234 pondere
2810 4164 3068 4233 supinati,
3099 4173 3371 4234 nequeunt
3420 4181 3545 4235 pro-

1957 4257 2087 4327 priis
2110 4255 2313 4310 viribus
2334 4268 2573 4321 surgere,
2596 4267 2735 4324 quos
2754 4252 2919 4308 semel
2940 4253 3226 4319 contigerit
3244 4253 3542 4315 corruisse;

1955 4347 2182 4414 scilicet,
2204 4344 2326 4414 quia
2353 4343 2517 4414 pedes
2542 4357 2731 4399 eorum
2760 4342 2919 4397 nullis
2940 4343 3177 4397 articulis
3208 4342 3231 4380 δ
3264 4341 3545 4399 inﬂectun-

1958 4447 2065 4505 tur,
2094 4436 2187 4493 sed
2217 4440 2270 4493 in
2303 4434 2525 4490 modum
2560 4433 2935 4490 columnarum
2982 4434 3219 4502 rigentes
3256 4444 3417 4506 atquc
3462 4436 3546 4491 in-

235 4537 402 4582 tare.
430 4524 713 4595 Appendia
756 4525 872 4595 ipsa
914 4526 1165 4580 cruciatis
1194 4523 1527 4581 debitoribus
1563 4525 1852 4595 aliquando
1883 4510 1934 4570 Ῐ)
1960 4527 2258 4584 curvabiles
2296 4525 2497 4597 jugitcr
2540 4531 2909 4595 perseverant.
2950 4521 3029 4581 lbi
3066 4533 3214 4581 tanta
3243 4526 3386 4585 mole
3420 4545 3546 4597 prn-

146 4618 205 4635 ““
231 4619 548 4675 solvuntur
577 4633 589 4668 :
616 4615 717 4671 ista
759 4623 941 4671 autem
964 4616 1175 4671 vincula
1213 4625 1340 4671 sunt
1367 4631 1485 4686 qum
1522 4633 1644 4671 cum
1685 4618 1855 4673 semel
1962 4619 2114 4676 strati
2142 4626 2287 4686 sunt,
2319 4625 2378 4673 ut
2407 4624 2535 4673 tunc
2562 4616 2732 4685 magis
2767 4615 3064 4673 metallicos
3101 4616 3274 4688 possis
3301 4616 3545 4681 credere,

230 4707 543 4781 potuerint
579 4706 785 4774 illigare
806 4714 1045 4777 captum,
1090 4707 1335 4762 nesciunt
1368 4708 1419 4761 in
1453 4715 1565 4762 tota
1605 4708 1713 4762 vita
1744 4706 1855 4762 dis-
1959 4724 2082 4764 cum
2110 4725 2169 4764 se
2198 4708 2346 4764 vivos
2373 4707 2603 4779 aspicias
2626 4722 2733 4763 non
2763 4722 2999 4764 movere.
3025 4706 3214 4764 lacent
3234 4708 3550 4778 superstites

229 4803 495 4857 solvere.
529 4797 763 4855 Infelicia
792 4800 945 4869 signa
986 4799 1240 4870 relinquit
1268 4798 1587 4863 abscedens,
1615 4808 1671 4853 et
1707 4813 1858 4853 more
1962 4800 2312 4855 similitudine
2348 4799 2669 4855 cadaverum
2700 4818 2713 4851 :
2746 4809 2989 4854 mortuos
3028 4807 3201 4869 putes,
3230 4813 3366 4868 quos
3396 4798 3548 4854 vivos

227 4894 508 4967 gentium
540 4892 887 4947 barbararum
933 4892 1223 4962 hospitium
1252 4891 1499 4961 corporis
1537 4898 1857 4962 occupatum
1963 4909 2082 4950 esse
2118 4910 2228 4950 non
2269 4893 2514 4959 dubites;
2554 4900 2609 4948 et
2653 4907 2808 4948 more
2859 4892 3163 4949 cadentium
3202 4890 3541 4956 fabricarum,

226 4988 364 5041 suis
398 4984 615 5040 indiciis
641 4983 873 5039 violenta
897 4983 1162 5050 defendit;
1194 4999 1261 5038 ne
1284 4983 1372 5038 ubi
1394 4982 1542 5038 ferox
1568 4982 1668 5037 ista
1697 4984 1861 5054 co-pit
1964 4985 2212 5041 nesciunt
2240 4985 2419 5039 locum
2460 4992 2655 5052 sponte
2684 4981 3009 5052 relinquere,
3038 4995 3196 5051 quem
3226 4981 3337 5038 suis
3371 4997 3534 5037 mem-

222 5074 581 5141 snccedere,
606 5074 830 5130 adversa
857 5074 982 5130 illuc
1009 5074 1202 5129 iterum
1227 5074 1427 5129 sanitas
1447 5073 1640 5129 audeat
1669 5073 1859 5130 fortas-
1962 5081 2072 5135 bris
2095 5078 2368 5150 potuerint
2395 5092 2681 5147 occupare.
2713 5074 3019 5145 Magnitudo
3049 5074 3136 5129 illa
3168 5075 3419 5130 terribilis
3445 5091 3544 5132 nec

222 5171 312 5224 sis
352 5168 594 5220 intrare.
648 5163 760 5221 lloc
791 5165 914 5220 licet
944 5166 1195 5220 omnibus
1220 5165 1471 5219 videatur
1496 5182 1615 5221 esse
1643 5176 1859 5222 contra-
1964 5169 2200 5226 formicis
2241 5166 2608 5222 minutissimis
2650 5181 2749 5235 par
2802 5171 2914 5226 est,
2963 5161 3179 5234 quando
3227 5163 3545 5219 benelicium

224 5262 430 5322 rium,
463 5255 572 5311 illis
608 5256 842 5310 maxime
883 5256 972 5327 qui
1014 5272 1285 5311 armorum
1328 5257 1715 5314 exercitatione
1760 5261 1860 5315 llu-
1965 5281 2068 5319 non
2104 5263 2265 5318 habet
2309 5269 2533 5325 natum,
2577 5255 2718 5325 quod
2769 5255 2953 5310 ultima
3003 5253 3250 5309 videntur
3295 5254 3544 5309 animalia

222 5356 516 5414 nuerunt,
562 5362 630 5403 ne
670 5347 911 5402 membra
954 5348 1041 5402 illa
1081 5348 1364 5404 durissima
1399 5349 1670 5419 languoris
1699 5352 1862 5408 dcco-
1966 5356 2243 5410 meruisse.
2296 5350 2542 5405 llumano
2592 5346 2788 5403 solatio
2840 5353 3189 5414 consurgunt,
3238 5344 3390 5414 cujus
3431 5355 3545 5399 arte

310 5521 347 5552 ⁸
374 5509 455 5565 Ι...
483 5506 539 5576 1,
565 5507 635 5563 de
662 5507 715 5562 in
746 5509 833 5577 jus
857 5523 976 5563 voc.
1002 5526 1017 5574 ;
1043 5524 1223 5578 supra,
1258 5509 1348 5563 lib.
1380 5526 1451 5573 tv,
1481 5525 1527 5574 e;
1553 5510 1638 5564 ist.
1674 5510 1759 5577 lli,
1793 5512 1844 5566 in

224 5586 343 5640 ﬁn.
377 5597 400 5647 ;
456 5587 514 5633 et
539 5594 685 5646 sup.,
721 5578 826 5651 lib._
865 5594 939 5651 tx,
986 5579 1147 5651 epist.
1179 5580 1326 5635 ὲεὸἰ
1365 5580 1607 5643 facultas,
1634 5582 1846 5651 inquit,

222 5658 333 5712 τίει
356 5646 666 5733 ﬁdem"!
688 5732 691 5733 ,
711 5647 962 5733 ξυφρίειν
995 5646 1091 5733 πίεν
1106 5646 1371 5733 festis“?
1417 5646 1854 5733 διερωίοὲίιὶέιςεέ

222 5736 446 5786 ηαυπτ.
480 5715 760 5793 ltcm_eotl.
794 5718 883 5773 lib.
927 5715 1013 5783 ιιξ
1031 5718 1190 5787 epist.
1226 5718 1311 5787 l8,
1338 5720 1389 5776 iu
1419 5715 1595 5780 edicto
1622 5719 1869 5793 {Athala-

222 5784 349 5861 ﬁci
386 5786 569 5855 regis.
594 5784 764 5844 Fusa.

2031 5517 2054 5554 ιι
2094 5515 2305 5569 Fabam
2337 5514 2440 5568 huc
2462 5526 2580 5567 esse
2606 5513 2792 5566 scribit
2821 5510 2878 5565 Ρ.
2903 5509 3095 5566 Gillius
3115 5510 3165 5566 in
3190 5508 3551 5576 descriptione

1962 5586 2281 5660 elephantis,
2314 5579 2930 5660 qum_adj_uttcta__1l§liani
2964 5582 3112 5660 libris
3139 5582 3206 5637 de
3234 5579 3554 5660 annualibus

1963 5658 2016 5711 in
2054 5646 2301 5709 editione
2333 5646 2488 5709 'Guil.
2524 5646 2733 5708 ’ΒοιιίΠί
2773 5650 3014 5721 Lugduni
3056 5668 3196 5708 anno
3242 5646 3396 5711 1565,
3431 5660 3560 5719 pag.

1966 5725 2093 5782 500.
2121 5722 2317 5780 Juns'r.
