  <div class='ocr_page' id='page_1' title='image "/cluster/home/n/w/nwhite01/storage/ocr_20150623/69/hvd.32044054758727/437.png"; bbox 0 0 3990 6170; ppageno 0'>
   <div class='ocr_carea' id='block_1_1' title="bbox 436 367 542 432">
    <p class='ocr_par' dir='ltr' id='par_1_1' title="bbox 436 367 542 432">
     <span class='ocr_line' id='line_1_1' title="bbox 436 367 542 432; baseline 0.009 -6"><span class='ocrx_word' id='word_1_1' title='bbox 436 367 542 432; x_wconf 69' lang='grc' dir='ltr'><strong>Ιέθ</strong></span> 
     </span>
    </p>
   </div>
   <div class='ocr_carea' id='block_1_2' title="bbox 1652 356 2039 431">
    <p class='ocr_par' dir='ltr' id='par_1_2' title="bbox 1652 358 2038 421">
     <span class='ocr_line' id='line_1_2' title="bbox 1652 358 2038 421; baseline -0.016 -2"><span class='ocrx_word' id='word_1_2' title='bbox 1652 364 1721 420; x_wconf 71' lang='grc' dir='ltr'><strong>Μ.</strong></span> <span class='ocrx_word' id='word_1_3' title='bbox 1763 358 2038 421; x_wconf 55' lang='grc' dir='ltr'><strong>Αυιιείιιι</strong></span> 
     </span>
    </p>
   </div>
   <div class='ocr_carea' id='block_1_3' title="bbox 2146 356 3633 431">
    <p class='ocr_par' dir='ltr' id='par_1_3' title="bbox 2146 357 3633 431">
     <span class='ocr_line' id='line_1_3' title="bbox 2146 357 3633 431; baseline 0.013 -18"><span class='ocrx_word' id='word_1_4' title='bbox 2146 357 2476 417; x_wconf 64' lang='grc' dir='ltr'><strong>ιδδιουονιι</strong></span> <span class='ocrx_word' id='word_1_5' title='bbox 3552 373 3633 431; x_wconf 62' lang='lat'><strong>830</strong></span> 
     </span>
    </p>
   </div>
   <div class='ocr_carea' id='block_1_4' title="bbox 430 473 3639 562">
    <p class='ocr_par' dir='ltr' id='par_1_4' title="bbox 430 473 3639 562">
     <span class='ocr_line' id='line_1_4' title="bbox 430 473 3639 562; baseline 0.001 -26"><span class='ocrx_word' id='word_1_6' title='bbox 430 482 735 562; x_wconf 68' lang='lat' dir='ltr'><strong>jacucrunt.</strong></span> <span class='ocrx_word' id='word_1_7' title='bbox 789 478 974 534; x_wconf 86' lang='lat' dir='ltr'><strong>Bcllua</strong></span> <span class='ocrx_word' id='word_1_8' title='bbox 1033 484 1211 549; x_wconf 87' lang='lat' dir='ltr'><strong>tamen</strong></span> <span class='ocrx_word' id='word_1_9' title='bbox 1263 476 1535 545; x_wconf 70' lang='lat' dir='ltr'><strong>gressibus</strong></span> <span class='ocrx_word' id='word_1_10' title='bbox 1583 475 1693 531; x_wconf 86' lang='lat' dir='ltr'><strong>suis</strong></span> <span class='ocrx_word' id='word_1_11' title='bbox 1741 475 1986 529; x_wconf 86' lang='lat' dir='ltr'><strong>restituta</strong></span> <span class='ocrx_word' id='word_1_12' title='bbox 2007 512 2022 537; x_wconf 88' lang='lat'><strong>,</strong></span> <span class='ocrx_word' id='word_1_13' title='bbox 2056 474 2100 531; x_wconf 76' lang='grc' dir='ltr'><strong>Α</strong></span> <span class='ocrx_word' id='word_1_14' title='bbox 2132 473 2243 544; x_wconf 89' lang='lat' dir='ltr'><strong>ipsa</strong></span> <span class='ocrx_word' id='word_1_15' title='bbox 2275 475 2611 545; x_wconf 86' lang='lat' dir='ltr'><strong>dignoscitur</strong></span> <span class='ocrx_word' id='word_1_16' title='bbox 2631 491 2751 533; x_wconf 85' lang='lat' dir='ltr'><strong>esse</strong></span> <span class='ocrx_word' id='word_1_17' title='bbox 2778 476 3049 542; x_wconf 90' lang='lat' dir='ltr'><strong>collatum,</strong></span> <span class='ocrx_word' id='word_1_18' title='bbox 3081 486 3255 535; x_wconf 88' lang='lat' dir='ltr'><strong>tamen</strong></span> <span class='ocrx_word' id='word_1_19' title='bbox 3287 495 3427 550; x_wconf 80' lang='lat' dir='ltr'><strong>qualn</strong></span> <span class='ocrx_word' id='word_1_20' title='bbox 3452 490 3639 547; x_wconf 65' lang='lat' dir='ltr'><strong>maxime</strong></span> 
     </span>
    </p>
   </div>
   <div class='ocr_carea' id='block_1_5' title="bbox 437 566 2023 640">
    <p class='ocr_par' dir='ltr' id='par_1_5' title="bbox 437 566 2023 640">
     <span class='ocr_line' id='line_1_5' title="bbox 437 566 2023 640; baseline -0.005 -14"><span class='ocrx_word' id='word_1_21' title='bbox 437 572 587 640; x_wconf 83' lang='lat' dir='ltr'><strong>novit</strong></span> <span class='ocrx_word' id='word_1_22' title='bbox 624 584 834 626; x_wconf 91' lang='lat' dir='ltr'><strong>memor</strong></span> <span class='ocrx_word' id='word_1_23' title='bbox 879 583 997 623; x_wconf 90' lang='lat' dir='ltr'><strong>esse</strong></span> <span class='ocrx_word' id='word_1_24' title='bbox 1045 566 1319 639; x_wconf 79' lang='lat' dir='ltr'><strong>beneficii;</strong></span> <span class='ocrx_word' id='word_1_25' title='bbox 1368 568 1422 622; x_wconf 90' lang='lat' dir='ltr'><strong>in</strong></span> <span class='ocrx_word' id='word_1_26' title='bbox 1469 568 1789 636; x_wconf 87' lang='lat' dir='ltr'><strong>magistrum</strong></span> <span class='ocrx_word' id='word_1_27' title='bbox 1826 567 2023 635; x_wconf 85' lang='lat' dir='ltr'><strong>quippe</strong></span> 
     </span>
    </p>
   </div>
   <div class='ocr_carea' id='block_1_6' title="bbox 433 657 2024 731">
    <p class='ocr_par' dir='ltr' id='par_1_6' title="bbox 433 657 2024 731">
     <span class='ocr_line' id='line_1_6' title="bbox 433 657 2024 731; baseline -0.004 -13"><span class='ocrx_word' id='word_1_28' title='bbox 433 662 626 731; x_wconf 78' lang='lat' dir='ltr'><strong>recipit</strong></span> <span class='ocrx_word' id='word_1_29' title='bbox 670 674 831 730; x_wconf 89' lang='lat' dir='ltr'><strong>quem</strong></span> <span class='ocrx_word' id='word_1_30' title='bbox 879 658 981 715; x_wconf 85' lang='lat' dir='ltr'><strong>sibi</strong></span> <span class='ocrx_word' id='word_1_31' title='bbox 1028 658 1344 714; x_wconf 81' lang='lat' dir='ltr'><strong>subvenisse</strong></span> <span class='ocrx_word' id='word_1_32' title='bbox 1389 658 1668 728; x_wconf 73' lang='lat' dir='ltr'><strong>cognosci:</strong></span> <span class='ocrx_word' id='word_1_33' title='bbox 1707 676 1718 710; x_wconf 93' lang='lat'><strong>:</strong></span> <span class='ocrx_word' id='word_1_34' title='bbox 1754 657 1821 710; x_wconf 65' lang='lat' dir='ltr'><strong>ad</strong></span> <span class='ocrx_word' id='word_1_35' title='bbox 1858 657 2024 726; x_wconf 88' lang='lat' dir='ltr'><strong>ipsius</strong></span> 
     </span>
    </p>
   </div>
   <div class='ocr_carea' id='block_1_7' title="bbox 433 751 2024 821">
    <p class='ocr_par' dir='ltr' id='par_1_7' title="bbox 433 751 2024 821">
     <span class='ocr_line' id='line_1_7' title="bbox 433 751 2024 821; baseline -0.003 -13"><span class='ocrx_word' id='word_1_36' title='bbox 433 753 717 821; x_wconf 74' lang='lat' dir='ltr'><strong>arbitrium</strong></span> <span class='ocrx_word' id='word_1_37' title='bbox 756 765 973 821; x_wconf 78' lang='lat' dir='ltr'><strong>gressus</strong></span> <span class='ocrx_word' id='word_1_38' title='bbox 1004 759 1208 817; x_wconf 86' lang='lat' dir='ltr'><strong>movet,</strong></span> <span class='ocrx_word' id='word_1_39' title='bbox 1240 751 1409 821; x_wconf 87' lang='lat' dir='ltr'><strong>ipsius</strong></span> <span class='ocrx_word' id='word_1_40' title='bbox 1446 751 1722 806; x_wconf 87' lang='lat' dir='ltr'><strong>voluntate</strong></span> <span class='ocrx_word' id='word_1_41' title='bbox 1756 751 1906 805; x_wconf 90' lang='lat' dir='ltr'><strong>cibos</strong></span> <span class='ocrx_word' id='word_1_42' title='bbox 1933 765 2024 805; x_wconf 88' lang='lat' dir='ltr'><strong>ca-</strong></span> 
     </span>
    </p>
   </div>
   <div class='ocr_carea' id='block_1_8' title="bbox 432 842 2023 915">
    <p class='ocr_par' dir='ltr' id='par_1_8' title="bbox 432 842 2023 915">
     <span class='ocr_line' id='line_1_8' title="bbox 432 842 2023 915; baseline -0.001 -16"><span class='ocrx_word' id='word_1_43' title='bbox 432 845 529 915; x_wconf 90' lang='lat' dir='ltr'><strong>pit.</strong></span> <span class='ocrx_word' id='word_1_44' title='bbox 576 842 663 909; x_wconf 86' lang='lat' dir='ltr'><strong>Et,</strong></span> <span class='ocrx_word' id='word_1_45' title='bbox 708 844 852 913; x_wconf 91' lang='lat' dir='ltr'><strong>quod</strong></span> <span class='ocrx_word' id='word_1_46' title='bbox 904 859 1119 898; x_wconf 91' lang='lat' dir='ltr'><strong>omnem</strong></span> <span class='ocrx_word' id='word_1_47' title='bbox 1169 844 1578 911; x_wconf 84' lang='lat' dir='ltr'><strong>intelligentiam</strong></span> <span class='ocrx_word' id='word_1_48' title='bbox 1618 842 2023 914; x_wconf 83' lang='lat' dir='ltr'><strong>quadrupedum</strong></span> 
     </span>
    </p>
   </div>
   <div class='ocr_carea' id='block_1_9' title="bbox 432 935 2023 1008">
    <p class='ocr_par' dir='ltr' id='par_1_9' title="bbox 432 935 2023 1008">
     <span class='ocr_line' id='line_1_9' title="bbox 432 935 2023 1008; baseline -0.001 -17"><span class='ocrx_word' id='word_1_49' title='bbox 432 944 670 1007; x_wconf 78' lang='lat' dir='ltr'><strong>superat,</strong></span> <span class='ocrx_word' id='word_1_50' title='bbox 703 952 811 991; x_wconf 93' lang='lat' dir='ltr'><strong>non</strong></span> <span class='ocrx_word' id='word_1_51' title='bbox 856 935 1065 995; x_wconf 75' lang='lat' dir='ltr'><strong>dubitat</strong></span> <span class='ocrx_word' id='word_1_52' title='bbox 1108 937 1285 1008; x_wconf 89' lang='lat' dir='ltr'><strong>primo</strong></span> <span class='ocrx_word' id='word_1_53' title='bbox 1332 946 1552 1007; x_wconf 87' lang='lat' dir='ltr'><strong>aspectu</strong></span> <span class='ocrx_word' id='word_1_54' title='bbox 1595 936 1820 992; x_wconf 87' lang='lat' dir='ltr'><strong>adorare</strong></span> <span class='ocrx_word' id='word_1_55' title='bbox 1864 951 2023 1005; x_wconf 88' lang='lat' dir='ltr'><strong>quem</strong></span> 
     </span>
    </p>
   </div>
   <div class='ocr_carea' id='block_1_10' title="bbox 434 1025 2023 1102">
    <p class='ocr_par' dir='ltr' id='par_1_10' title="bbox 434 1025 2023 1102">
     <span class='ocr_line' id='line_1_10' title="bbox 434 1025 2023 1102; baseline 0 -19"><span class='ocrx_word' id='word_1_56' title='bbox 434 1038 749 1099; x_wconf 77' lang='lat' dir='ltr'><strong>cunctorum</strong></span> <span class='ocrx_word' id='word_1_57' title='bbox 780 1028 1028 1099; x_wconf 82' lang='lat' dir='ltr'><strong>intelligit</strong></span> <span class='ocrx_word' id='word_1_58' title='bbox 1057 1038 1321 1087; x_wconf 91' lang='lat' dir='ltr'><strong>rectorem</strong></span> <span class='ocrx_word' id='word_1_59' title='bbox 1352 1044 1471 1084; x_wconf 88' lang='lat' dir='ltr'><strong>esse</strong></span> <span class='ocrx_word' id='word_1_60' title='bbox 1501 1046 1513 1081; x_wconf 91' lang='lat'>:</span> <span class='ocrx_word' id='word_1_61' title='bbox 1545 1029 1630 1083; x_wconf 91' lang='lat' dir='ltr'><strong>cui</strong></span> <span class='ocrx_word' id='word_1_62' title='bbox 1661 1029 1801 1102; x_wconf 82' lang='lat' dir='ltr'><strong>[Ac.,</strong></span> <span class='ocrx_word' id='word_1_63' title='bbox 1833 1025 1948 1099; x_wconf 86' lang='lat' dir='ltr'><strong>qui]</strong></span> <span class='ocrx_word' id='word_1_64' title='bbox 1977 1028 2023 1083; x_wconf 90' lang='lat' dir='ltr'><strong>si</strong></span> 
     </span>
    </p>
   </div>
   <div class='ocr_carea' id='block_1_11' title="bbox 434 1116 2023 1191">
    <p class='ocr_par' dir='ltr' id='par_1_11' title="bbox 434 1116 2023 1191">
     <span class='ocr_line' id='line_1_11' title="bbox 434 1116 2023 1191; baseline -0.002 -18"><span class='ocrx_word' id='word_1_65' title='bbox 434 1130 695 1190; x_wconf 77' lang='lat' dir='ltr'><strong>tyrannus</strong></span> <span class='ocrx_word' id='word_1_66' title='bbox 737 1125 1025 1190; x_wconf 84' lang='lat' dir='ltr'><strong>appareat,</strong></span> <span class='ocrx_word' id='word_1_67' title='bbox 1074 1116 1267 1177; x_wconf 81' lang='lat' dir='ltr'><strong>inflexa</strong></span> <span class='ocrx_word' id='word_1_68' title='bbox 1318 1128 1628 1191; x_wconf 79' lang='lat' dir='ltr'><strong>permanet;</strong></span> <span class='ocrx_word' id='word_1_69' title='bbox 1678 1133 1776 1178; x_wconf 87' lang='lat' dir='ltr'><strong>nec</strong></span> <span class='ocrx_word' id='word_1_70' title='bbox 1822 1117 2023 1187; x_wconf 86' lang='lat' dir='ltr'><strong>imponi</strong></span> 
     </span>
    </p>
   </div>
   <div class='ocr_carea' id='block_1_12' title="bbox 439 1207 2025 1287">
    <p class='ocr_par' dir='ltr' id='par_1_12' title="bbox 439 1207 2025 1287">
     <span class='ocr_line' id='line_1_12' title="bbox 439 1207 2025 1287; baseline -0.001 -23"><span class='ocrx_word' id='word_1_71' title='bbox 439 1219 619 1281; x_wconf 80' lang='lat' dir='ltr'><strong>potest</strong></span> <span class='ocrx_word' id='word_1_72' title='bbox 643 1209 833 1287; x_wconf 59' lang='lat' dir='ltr'><strong>bellum;</strong></span> <span class='ocrx_word' id='word_1_73' title='bbox 863 1209 967 1264; x_wconf 92' lang='lat' dir='ltr'><strong>hoc</strong></span> <span class='ocrx_word' id='word_1_74' title='bbox 996 1217 1051 1263; x_wconf 86' lang='lat' dir='ltr'><strong>et</strong></span> <span class='ocrx_word' id='word_1_75' title='bbox 1087 1208 1241 1267; x_wconf 88' lang='lat' dir='ltr'><strong>malis</strong></span> <span class='ocrx_word' id='word_1_76' title='bbox 1270 1208 1525 1279; x_wconf 89' lang='lat' dir='ltr'><strong>pendere,</strong></span> <span class='ocrx_word' id='word_1_77' title='bbox 1555 1208 1700 1278; x_wconf 83' lang='lat' dir='ltr'><strong>quod</strong></span> <span class='ocrx_word' id='word_1_78' title='bbox 1729 1224 1759 1261; x_wconf 92' lang='lat' dir='ltr'><strong>a</strong></span> <span class='ocrx_word' id='word_1_79' title='bbox 1790 1223 1848 1264; x_wconf 90' lang='lat' dir='ltr'><strong>se</strong></span> <span class='ocrx_word' id='word_1_80' title='bbox 1876 1207 2025 1262; x_wconf 90' lang='lat' dir='ltr'><strong>novit</strong></span> 
     </span>
    </p>
   </div>
   <div class='ocr_carea' id='block_1_13' title="bbox 434 1299 2023 1379">
    <p class='ocr_par' dir='ltr' id='par_1_13' title="bbox 434 1299 2023 1379">
     <span class='ocr_line' id='line_1_13' title="bbox 434 1299 2023 1379; baseline -0.001 -24"><span class='ocrx_word' id='word_1_81' title='bbox 434 1299 591 1379; x_wconf 76' lang='lat' dir='ltr'><strong>bonis</strong></span> <span class='ocrx_word' id='word_1_82' title='bbox 620 1301 951 1374; x_wconf 87' lang='lat' dir='ltr'><strong>principibus</strong></span> <span class='ocrx_word' id='word_1_83' title='bbox 978 1300 1255 1362; x_wconf 80' lang='lat' dir='ltr'><strong>exhibere.</strong></span> <span class='ocrx_word' id='word_1_84' title='bbox 1292 1299 1347 1363; x_wconf 82' lang='lat' dir='ltr'><strong>in</strong></span> <span class='ocrx_word' id='word_1_85' title='bbox 1387 1300 1555 1366; x_wconf 81' lang='lat' dir='ltr'><strong>vicem</strong></span> <span class='ocrx_word' id='word_1_86' title='bbox 1589 1316 1777 1358; x_wconf 91' lang='lat' dir='ltr'><strong>manus</strong></span> <span class='ocrx_word' id='word_1_87' title='bbox 1803 1315 2023 1371; x_wconf 88' lang='lat' dir='ltr'><strong>promu-</strong></span> 
     </span>
    </p>
   </div>
   <div class='ocr_carea' id='block_1_14' title="bbox 434 1378 2027 1461">
    <p class='ocr_par' dir='ltr' id='par_1_14' title="bbox 434 1378 2027 1461">
     <span class='ocr_line' id='line_1_14' title="bbox 434 1378 2027 1461; baseline -0.001 -12"><span class='ocrx_word' id='word_1_88' title='bbox 434 1378 635 1449; x_wconf 77' lang='lat' dir='ltr'><strong>scidem</strong></span> <span class='ocrx_word' id='word_1_89' title='bbox 670 1392 859 1457; x_wconf 86' lang='lat' dir='ltr'><strong>tendit,</strong></span> <span class='ocrx_word' id='word_1_90' title='bbox 890 1401 946 1446; x_wconf 90' lang='lat' dir='ltr'><strong>et</strong></span> <span class='ocrx_word' id='word_1_91' title='bbox 971 1392 1229 1459; x_wconf 75' lang='lat' dir='ltr'><strong>magistro</strong></span> <span class='ocrx_word' id='word_1_92' title='bbox 1274 1378 1551 1461; x_wconf 90' lang='lat' dir='ltr'><strong>profutura</strong></span> <span class='ocrx_word' id='word_1_93' title='bbox 1584 1399 1859 1461; x_wconf 82' lang='lat' dir='ltr'><strong>gratanter</strong></span> <span class='ocrx_word' id='word_1_94' title='bbox 1886 1393 2027 1459; x_wconf 86' lang='lat' dir='ltr'><strong>acci-</strong></span> 
     </span>
    </p>
   </div>
   <div class='ocr_carea' id='block_1_15' title="bbox 436 1466 2028 1561">
    <p class='ocr_par' dir='ltr' id='par_1_15' title="bbox 436 1466 2028 1561">
     <span class='ocr_line' id='line_1_15' title="bbox 436 1466 2028 1561; baseline 0 -26"><span class='ocrx_word' id='word_1_95' title='bbox 436 1484 535 1561; x_wconf 83' lang='lat' dir='ltr'><strong>pit,</strong></span> <span class='ocrx_word' id='word_1_96' title='bbox 566 1466 776 1555; x_wconf 21' lang='lat' dir='ltr'><strong>quia&#39;se</strong></span> <span class='ocrx_word' id='word_1_97' title='bbox 806 1484 971 1553; x_wconf 89' lang='lat' dir='ltr'><strong>ipsius</strong></span> <span class='ocrx_word' id='word_1_98' title='bbox 999 1497 1128 1537; x_wconf 92' lang='lat' dir='ltr'><strong>cura</strong></span> <span class='ocrx_word' id='word_1_99' title='bbox 1167 1481 1349 1537; x_wconf 81' lang='lat' dir='ltr'><strong>vivere</strong></span> <span class='ocrx_word' id='word_1_100' title='bbox 1394 1497 1552 1551; x_wconf 85' lang='lat' dir='ltr'><strong>posse</strong></span> <span class='ocrx_word' id='word_1_101' title='bbox 1599 1482 1894 1549; x_wconf 77' lang='lat' dir='ltr'><strong>cognoscit.</strong></span> <span class='ocrx_word' id='word_1_102' title='bbox 1936 1480 2028 1535; x_wconf 80' lang='lat' dir='ltr'><strong>Est</strong></span> 
     </span>
    </p>
   </div>
   <div class='ocr_carea' id='block_1_16' title="bbox 436 1572 2024 1649">
    <p class='ocr_par' dir='ltr' id='par_1_16' title="bbox 436 1572 2024 1649">
     <span class='ocr_line' id='line_1_16' title="bbox 436 1572 2024 1649; baseline -0.002 -19"><span class='ocrx_word' id='word_1_103' title='bbox 436 1577 577 1630; x_wconf 88' lang='lat' dir='ltr'><strong>enim</strong></span> <span class='ocrx_word' id='word_1_104' title='bbox 604 1575 683 1647; x_wconf 89' lang='lat' dir='ltr'><strong>(ut</strong></span> <span class='ocrx_word' id='word_1_105' title='bbox 705 1575 775 1649; x_wconf 87' lang='lat' dir='ltr'><strong>ita</strong></span> <span class='ocrx_word' id='word_1_106' title='bbox 798 1573 1048 1641; x_wconf 81' lang='lat' dir='ltr'><strong>dixerim)</strong></span> <span class='ocrx_word' id='word_1_107' title='bbox 1079 1572 1344 1645; x_wconf 65' lang='lat' dir='ltr'><strong>prtedicta:</strong></span> <span class='ocrx_word' id='word_1_108' title='bbox 1383 1572 1574 1632; x_wconf 70' lang='lat' dir='ltr'><strong>bellua:</strong></span> <span class='ocrx_word' id='word_1_109' title='bbox 1601 1582 1787 1626; x_wconf 87' lang='lat' dir='ltr'><strong>nasuta</strong></span> <span class='ocrx_word' id='word_1_110' title='bbox 1816 1587 2024 1643; x_wconf 61' lang='lat' dir='ltr'><strong>manus,</strong></span> 
     </span>
    </p>
   </div>
   <div class='ocr_carea' id='block_1_17' title="bbox 436 1649 2027 1748">
    <p class='ocr_par' dir='ltr' id='par_1_17' title="bbox 436 1649 2027 1748">
     <span class='ocr_line' id='line_1_17' title="bbox 436 1649 2027 1748; baseline -0.001 -30"><span class='ocrx_word' id='word_1_111' title='bbox 436 1649 534 1748; x_wconf 69' lang='lat' dir='ltr'><strong>per</strong></span> <span class='ocrx_word' id='word_1_112' title='bbox 558 1682 718 1735; x_wconf 89' lang='lat' dir='ltr'><strong>quam</strong></span> <span class='ocrx_word' id='word_1_113' title='bbox 750 1665 873 1737; x_wconf 83' lang='lat' dir='ltr'><strong>data</strong></span> <span class='ocrx_word' id='word_1_114' title='bbox 903 1665 1125 1739; x_wconf 76' lang='lat' dir='ltr'><strong>suscipit</strong></span> <span class='ocrx_word' id='word_1_115' title='bbox 1153 1672 1208 1719; x_wconf 92' lang='lat' dir='ltr'><strong>ct</strong></span> <span class='ocrx_word' id='word_1_116' title='bbox 1247 1666 1328 1719; x_wconf 91' lang='lat' dir='ltr'><strong>ori</strong></span> <span class='ocrx_word' id='word_1_117' title='bbox 1359 1679 1459 1740; x_wconf 73' lang='lat' dir='ltr'><strong>suo</strong></span> <span class='ocrx_word' id='word_1_118' title='bbox 1487 1663 1721 1736; x_wconf 80' lang='lat' dir='ltr'><strong>voranda</strong></span> <span class='ocrx_word' id='word_1_119' title='bbox 1750 1663 2027 1718; x_wconf 85' lang='lat' dir='ltr'><strong>transmit—</strong></span> 
     </span>
    </p>
   </div>
   <div class='ocr_carea' id='block_1_18' title="bbox 438 1753 2029 1835">
    <p class='ocr_par' dir='ltr' id='par_1_18' title="bbox 438 1753 2029 1835">
     <span class='ocr_line' id='line_1_18' title="bbox 438 1753 2029 1835; baseline -0.001 -24"><span class='ocrx_word' id='word_1_120' title='bbox 438 1757 521 1821; x_wconf 84' lang='lat' dir='ltr'><strong>tit.</strong></span> <span class='ocrx_word' id='word_1_121' title='bbox 554 1755 685 1810; x_wconf 82' lang='lat' dir='ltr'><strong>Nam</strong></span> <span class='ocrx_word' id='word_1_122' title='bbox 734 1770 854 1810; x_wconf 93' lang='lat' dir='ltr'><strong>cum</strong></span> <span class='ocrx_word' id='word_1_123' title='bbox 895 1755 967 1835; x_wconf 73' lang='lat' dir='ltr'><strong>sit</strong></span> <span class='ocrx_word' id='word_1_124' title='bbox 1012 1754 1178 1829; x_wconf 80' lang='lat' dir='ltr'><strong>altum</strong></span> <span class='ocrx_word' id='word_1_125' title='bbox 1226 1755 1446 1827; x_wconf 80' lang='lat' dir='ltr'><strong>animal,</strong></span> <span class='ocrx_word' id='word_1_126' title='bbox 1479 1753 1793 1821; x_wconf 89' lang='lat' dir='ltr'><strong>brevissima</strong></span> <span class='ocrx_word' id='word_1_127' title='bbox 1820 1755 2029 1821; x_wconf 86' lang='lat' dir='ltr'><strong>cervice</strong></span> 
     </span>
    </p>
   </div>
   <div class='ocr_carea' id='block_1_19' title="bbox 2128 568 3613 648">
    <p class='ocr_par' dir='ltr' id='par_1_19' title="bbox 2128 568 3613 648">
     <span class='ocr_line' id='line_1_19' title="bbox 2128 568 3613 648; baseline 0.012 -29"><span class='ocrx_word' id='word_1_128' title='bbox 2128 580 2289 620; x_wconf 88' lang='lat' dir='ltr'><strong>causa</strong></span> <span class='ocrx_word' id='word_1_129' title='bbox 2321 568 2481 635; x_wconf 76' lang='lat' dir='ltr'><strong>regize</strong></span> <span class='ocrx_word' id='word_1_130' title='bbox 2512 568 2785 638; x_wconf 79' lang='lat' dir='ltr'><strong>dignitatis</strong></span> <span class='ocrx_word' id='word_1_131' title='bbox 2821 571 3065 639; x_wconf 91' lang='lat' dir='ltr'><strong>supernis</strong></span> <span class='ocrx_word' id='word_1_132' title='bbox 3095 578 3177 627; x_wconf 91' lang='lat' dir='ltr'><strong>est</strong></span> <span class='ocrx_word' id='word_1_133' title='bbox 3212 573 3491 642; x_wconf 71' lang='lat' dir='ltr'><strong>applicanda</strong></span> <span class='ocrx_word' id='word_1_134' title='bbox 3522 580 3613 648; x_wconf 86' lang='lat' dir='ltr'><strong>judi</strong></span> 
     </span>
    </p>
   </div>
   <div class='ocr_carea' id='block_1_20' title="bbox 2129 656 3641 738">
    <p class='ocr_par' dir='ltr' id='par_1_20' title="bbox 2129 656 3641 738">
     <span class='ocr_line' id='line_1_20' title="bbox 2129 656 3641 738; baseline 0.01 -27"><span class='ocrx_word' id='word_1_135' title='bbox 2129 656 2247 723; x_wconf 89' lang='lat' dir='ltr'><strong>ciis,</strong></span> <span class='ocrx_word' id='word_1_136' title='bbox 2267 657 2392 726; x_wconf 87' lang='lat' dir='ltr'><strong>quia</strong></span> <span class='ocrx_word' id='word_1_137' title='bbox 2417 659 2529 727; x_wconf 91' lang='lat' dir='ltr'><strong>ipse</strong></span> <span class='ocrx_word' id='word_1_138' title='bbox 2555 659 2901 714; x_wconf 76' lang='lat' dir='ltr'><strong>nihilominus</strong></span> <span class='ocrx_word' id='word_1_139' title='bbox 2922 661 3202 726; x_wconf 89' lang='lat' dir='ltr'><strong>ordinavit,</strong></span> <span class='ocrx_word' id='word_1_140' title='bbox 3227 665 3308 718; x_wconf 91' lang='lat' dir='ltr'><strong>cui</strong></span> <span class='ocrx_word' id='word_1_141' title='bbox 3331 681 3444 721; x_wconf 90' lang='lat' dir='ltr'><strong>suos</strong></span> <span class='ocrx_word' id='word_1_142' title='bbox 3460 672 3641 738; x_wconf 75' lang='lat' dir='ltr'><strong>populos</strong></span> 
     </span>
    </p>
   </div>
   <div class='ocr_carea' id='block_1_21' title="bbox 2128 748 3641 828">
    <p class='ocr_par' dir='ltr' id='par_1_21' title="bbox 2128 748 3641 828">
     <span class='ocr_line' id='line_1_21' title="bbox 2128 748 3641 828; baseline 0.01 -27"><span class='ocrx_word' id='word_1_143' title='bbox 2128 763 2319 817; x_wconf 90' lang='lat' dir='ltr'><strong>parere</strong></span> <span class='ocrx_word' id='word_1_144' title='bbox 2347 750 2642 817; x_wconf 85' lang='lat' dir='ltr'><strong>cognoscit.</strong></span> <span class='ocrx_word' id='word_1_145' title='bbox 2686 748 2838 805; x_wconf 83' lang='lat' dir='ltr'><strong>Unde</strong></span> <span class='ocrx_word' id='word_1_146' title='bbox 2876 749 3094 807; x_wconf 81' lang='lat' dir='ltr'><strong>Auctori</strong></span> <span class='ocrx_word' id='word_1_147' title='bbox 3138 762 3316 809; x_wconf 89' lang='lat' dir='ltr'><strong>nostro</strong></span> <span class='ocrx_word' id='word_1_148' title='bbox 3343 754 3528 813; x_wconf 90' lang='lat' dir='ltr'><strong>Christo</strong></span> <span class='ocrx_word' id='word_1_149' title='bbox 3548 774 3641 828; x_wconf 82' lang='lat' dir='ltr'><strong>gra-</strong></span> 
     </span>
    </p>
   </div>
   <div class='ocr_carea' id='block_1_22' title="bbox 2130 839 3646 912">
    <p class='ocr_par' dir='ltr' id='par_1_22' title="bbox 2130 839 3646 912">
     <span class='ocr_line' id='line_1_22' title="bbox 2130 839 3646 912; baseline 0.009 -20"><span class='ocrx_word' id='word_1_150' title='bbox 2130 839 2232 895; x_wconf 87' lang='lat' dir='ltr'><strong>tias</strong></span> <span class='ocrx_word' id='word_1_151' title='bbox 2276 839 2570 897; x_wconf 78' lang='lat' dir='ltr'><strong>humiilima</strong></span> <span class='ocrx_word' id='word_1_152' title='bbox 2629 841 2991 897; x_wconf 80' lang='lat' dir='ltr'><strong>satisfactione</strong></span> <span class='ocrx_word' id='word_1_153' title='bbox 3042 843 3360 912; x_wconf 81' lang='lat' dir='ltr'><strong>referentes,</strong></span> <span class='ocrx_word' id='word_1_154' title='bbox 3403 848 3646 906; x_wconf 83' lang='lat' dir='ltr'><strong>indicamus</strong></span> 
     </span>
    </p>
   </div>
   <div class='ocr_carea' id='block_1_23' title="bbox 2128 933 3644 1006">
    <p class='ocr_par' dir='ltr' id='par_1_23' title="bbox 2128 933 3644 1006">
     <span class='ocr_line' id='line_1_23' title="bbox 2128 933 3644 1006; baseline 0.006 -20"><span class='ocrx_word' id='word_1_155' title='bbox 2128 940 2381 1002; x_wconf 82' lang='lat' dir='ltr'><strong>parentes</strong></span> <span class='ocrx_word' id='word_1_156' title='bbox 2410 944 2622 987; x_wconf 86' lang='lat' dir='ltr'><strong>nostros</strong></span> <span class='ocrx_word' id='word_1_157' title='bbox 2647 933 2856 988; x_wconf 81' lang='lat' dir='ltr'><strong>Gothos</strong></span> <span class='ocrx_word' id='word_1_158' title='bbox 2885 935 3024 989; x_wconf 79' lang='lat' dir='ltr'><strong>inter</strong></span> <span class='ocrx_word' id='word_1_159' title='bbox 3061 935 3439 1003; x_wconf 87' lang='lat' dir='ltr'><strong>procinctuales</strong></span> <span class='ocrx_word' id='word_1_160' title='bbox 3461 939 3644 1006; x_wconf 80' lang='lat' dir='ltr'><strong>gladios,</strong></span> 
     </span>
    </p>
   </div>
   <div class='ocr_carea' id='block_1_24' title="bbox 2128 1024 3649 1093">
    <p class='ocr_par' dir='ltr' id='par_1_24' title="bbox 2128 1024 3649 1093">
     <span class='ocr_line' id='line_1_24' title="bbox 2128 1024 3649 1093; baseline 0.004 -15"><span class='ocrx_word' id='word_1_161' title='bbox 2128 1039 2280 1078; x_wconf 89' lang='lat' dir='ltr'><strong>more</strong></span> <span class='ocrx_word' id='word_1_162' title='bbox 2310 1024 2593 1092; x_wconf 85' lang='lat' dir='ltr'><strong>majorum,</strong></span> <span class='ocrx_word' id='word_1_163' title='bbox 2609 1032 2763 1078; x_wconf 90' lang='lat' dir='ltr'><strong>scuto</strong></span> <span class='ocrx_word' id='word_1_164' title='bbox 2785 1025 3065 1093; x_wconf 88' lang='lat' dir='ltr'><strong>supposito</strong></span> <span class='ocrx_word' id='word_1_165' title='bbox 3090 1035 3133 1089; x_wconf 80' lang='grc' dir='ltr'><strong>ο,</strong></span> <span class='ocrx_word' id='word_1_166' title='bbox 3153 1025 3376 1092; x_wconf 66' lang='lat' dir='ltr'><strong>regalem</strong></span> <span class='ocrx_word' id='word_1_167' title='bbox 3399 1028 3534 1083; x_wconf 78' lang='lat' dir='ltr'><strong>nobis</strong></span> <span class='ocrx_word' id='word_1_168' title='bbox 3550 1044 3649 1084; x_wconf 54' lang='lat' dir='ltr'><strong>con.</strong></span> 
     </span>
    </p>
   </div>
   <div class='ocr_carea' id='block_1_25' title="bbox 2128 1115 3650 1185">
    <p class='ocr_par' dir='ltr' id='par_1_25' title="bbox 2128 1115 3650 1185">
     <span class='ocr_line' id='line_1_25' title="bbox 2128 1115 3650 1185; baseline 0.003 -15"><span class='ocrx_word' id='word_1_169' title='bbox 2128 1116 2334 1179; x_wconf 90' lang='lat' dir='ltr'><strong>tulisse,</strong></span> <span class='ocrx_word' id='word_1_170' title='bbox 2359 1123 2648 1185; x_wconf 72' lang='lat' dir='ltr'><strong>prmstante.</strong></span> <span class='ocrx_word' id='word_1_171' title='bbox 2668 1115 2802 1179; x_wconf 82' lang='lat' dir='ltr'><strong>Deo,</strong></span> <span class='ocrx_word' id='word_1_172' title='bbox 2830 1116 3162 1183; x_wconf 87' lang='lat' dir='ltr'><strong>dignitatem,</strong></span> <span class='ocrx_word' id='word_1_173' title='bbox 3190 1125 3249 1170; x_wconf 92' lang='lat' dir='ltr'><strong>ut</strong></span> <span class='ocrx_word' id='word_1_174' title='bbox 3273 1117 3509 1174; x_wconf 87' lang='lat' dir='ltr'><strong>honorem</strong></span> <span class='ocrx_word' id='word_1_175' title='bbox 3531 1135 3650 1175; x_wconf 77' lang='lat' dir='ltr'><strong>arma</strong></span> 
     </span>
    </p>
   </div>
   <div class='ocr_carea' id='block_1_26' title="bbox 2127 1205 3661 1276">
    <p class='ocr_par' dir='ltr' id='par_1_26' title="bbox 2127 1205 3661 1276">
     <span class='ocr_line' id='line_1_26' title="bbox 2127 1205 3661 1276; baseline 0.001 -14"><span class='ocrx_word' id='word_1_176' title='bbox 2127 1208 2337 1271; x_wconf 85' lang='lat' dir='ltr'><strong>darent,</strong></span> <span class='ocrx_word' id='word_1_177' title='bbox 2360 1205 2512 1275; x_wconf 90' lang='lat' dir='ltr'><strong>cujus</strong></span> <span class='ocrx_word' id='word_1_178' title='bbox 2543 1206 2853 1275; x_wconf 78' lang='lat' dir='ltr'><strong>opinionem</strong></span> <span class='ocrx_word' id='word_1_179' title='bbox 2886 1207 3021 1260; x_wconf 87' lang='lat' dir='ltr'><strong>bella</strong></span> <span class='ocrx_word' id='word_1_180' title='bbox 3050 1216 3384 1276; x_wconf 85' lang='lat' dir='ltr'><strong>pepererant.</strong></span> <span class='ocrx_word' id='word_1_181' title='bbox 3414 1208 3516 1263; x_wconf 83' lang='lat' dir='ltr'><strong>Non</strong></span> <span class='ocrx_word' id='word_1_182' title='bbox 3540 1212 3661 1264; x_wconf 84' lang='lat' dir='ltr'><strong>enim</strong></span> 
     </span>
    </p>
   </div>
   <div class='ocr_carea' id='block_1_27' title="bbox 2130 1297 3662 1367">
    <p class='ocr_par' dir='ltr' id='par_1_27' title="bbox 2130 1297 3662 1367">
     <span class='ocr_line' id='line_1_27' title="bbox 2130 1297 3662 1367; baseline 0.002 -15"><span class='ocrx_word' id='word_1_183' title='bbox 2130 1298 2181 1352; x_wconf 89' lang='lat' dir='ltr'><strong>in</strong></span> <span class='ocrx_word' id='word_1_184' title='bbox 2204 1297 2394 1352; x_wconf 89' lang='lat' dir='ltr'><strong>cubilis</strong></span> <span class='ocrx_word' id='word_1_185' title='bbox 2416 1297 2695 1365; x_wconf 79' lang='lat' dir='ltr'><strong>angustiis,</strong></span> <span class='ocrx_word' id='word_1_186' title='bbox 2721 1297 2814 1352; x_wconf 87' lang='lat' dir='ltr'><strong>sed</strong></span> <span class='ocrx_word' id='word_1_187' title='bbox 2837 1298 2889 1351; x_wconf 93' lang='lat' dir='ltr'><strong>in</strong></span> <span class='ocrx_word' id='word_1_188' title='bbox 2912 1298 3114 1367; x_wconf 90' lang='lat' dir='ltr'><strong>campis</strong></span> <span class='ocrx_word' id='word_1_189' title='bbox 3143 1298 3250 1352; x_wconf 89' lang='lat' dir='ltr'><strong>late</strong></span> <span class='ocrx_word' id='word_1_190' title='bbox 3276 1300 3550 1367; x_wconf 85' lang='lat' dir='ltr'><strong>patentibus</strong></span> <span class='ocrx_word' id='word_1_191' title='bbox 3566 1300 3662 1355; x_wconf 83' lang='lat' dir='ltr'><strong>ele-</strong></span> 
     </span>
    </p>
   </div>
   <div class='ocr_carea' id='block_1_28' title="bbox 2130 1388 3662 1454">
    <p class='ocr_par' dir='ltr' id='par_1_28' title="bbox 2130 1388 3662 1454">
     <span class='ocr_line' id='line_1_28' title="bbox 2130 1388 3662 1454; baseline 0.002 -10"><span class='ocrx_word' id='word_1_192' title='bbox 2130 1398 2274 1444; x_wconf 90' lang='lat' dir='ltr'><strong>ctum</strong></span> <span class='ocrx_word' id='word_1_193' title='bbox 2304 1404 2390 1443; x_wconf 91' lang='lat' dir='ltr'><strong>me</strong></span> <span class='ocrx_word' id='word_1_194' title='bbox 2416 1403 2535 1443; x_wconf 88' lang='lat' dir='ltr'><strong>esse</strong></span> <span class='ocrx_word' id='word_1_195' title='bbox 2559 1388 2844 1454; x_wconf 88' lang='lat' dir='ltr'><strong>noveritis;</strong></span> <span class='ocrx_word' id='word_1_196' title='bbox 2885 1404 2985 1442; x_wconf 91' lang='lat' dir='ltr'><strong>nec</strong></span> <span class='ocrx_word' id='word_1_197' title='bbox 3029 1389 3167 1443; x_wconf 87' lang='lat' dir='ltr'><strong>inter</strong></span> <span class='ocrx_word' id='word_1_198' title='bbox 3204 1389 3563 1445; x_wconf 85' lang='lat' dir='ltr'><strong>blandientium</strong></span> <span class='ocrx_word' id='word_1_199' title='bbox 3584 1391 3662 1447; x_wconf 87' lang='lat' dir='ltr'><strong>de-</strong></span> 
     </span>
    </p>
   </div>
   <div class='ocr_carea' id='block_1_29' title="bbox 2129 1480 3663 1551">
    <p class='ocr_par' dir='ltr' id='par_1_29' title="bbox 2129 1480 3663 1551">
     <span class='ocr_line' id='line_1_29' title="bbox 2129 1480 3663 1551; baseline 0.001 -15"><span class='ocrx_word' id='word_1_200' title='bbox 2129 1482 2287 1536; x_wconf 82' lang='lat' dir='ltr'><strong>licata</strong></span> <span class='ocrx_word' id='word_1_201' title='bbox 2330 1481 2618 1551; x_wconf 85' lang='lat' dir='ltr'><strong>colloquia,</strong></span> <span class='ocrx_word' id='word_1_202' title='bbox 2648 1481 2743 1535; x_wconf 88' lang='lat' dir='ltr'><strong>sed</strong></span> <span class='ocrx_word' id='word_1_203' title='bbox 2777 1480 2916 1535; x_wconf 88' lang='lat' dir='ltr'><strong>tubis</strong></span> <span class='ocrx_word' id='word_1_204' title='bbox 2952 1482 3396 1551; x_wconf 89' lang='lat' dir='ltr'><strong>concrepantibus</strong></span> <span class='ocrx_word' id='word_1_205' title='bbox 3418 1498 3522 1536; x_wconf 90' lang='lat' dir='ltr'><strong>sum</strong></span> <span class='ocrx_word' id='word_1_206' title='bbox 3542 1499 3663 1551; x_wconf 73' lang='lat' dir='ltr'><strong>qua:-</strong></span> 
     </span>
    </p>
   </div>
   <div class='ocr_carea' id='block_1_30' title="bbox 2129 1574 3667 1643">
    <p class='ocr_par' dir='ltr' id='par_1_30' title="bbox 2129 1574 3667 1643">
     <span class='ocr_line' id='line_1_30' title="bbox 2129 1574 3667 1643; baseline 0.002 -14"><span class='ocrx_word' id='word_1_207' title='bbox 2129 1577 2287 1643; x_wconf 89' lang='lat' dir='ltr'><strong>situs,</strong></span> <span class='ocrx_word' id='word_1_208' title='bbox 2338 1584 2396 1629; x_wconf 91' lang='lat' dir='ltr'><strong>ut</strong></span> <span class='ocrx_word' id='word_1_209' title='bbox 2443 1575 2535 1629; x_wconf 87' lang='lat' dir='ltr'><strong>tali</strong></span> <span class='ocrx_word' id='word_1_210' title='bbox 2578 1574 2791 1630; x_wconf 79' lang='lat' dir='ltr'><strong>fremitu</strong></span> <span class='ocrx_word' id='word_1_211' title='bbox 2844 1576 3146 1631; x_wconf 89' lang='lat' dir='ltr'><strong>concitatus</strong></span> <span class='ocrx_word' id='word_1_212' title='bbox 3188 1575 3445 1631; x_wconf 86' lang='lat' dir='ltr'><strong>desiderio</strong></span> <span class='ocrx_word' id='word_1_213' title='bbox 3485 1578 3667 1633; x_wconf 82' lang='lat' dir='ltr'><strong>virtutis</strong></span> 
     </span>
    </p>
   </div>
   <div class='ocr_carea' id='block_1_31' title="bbox 2131 1665 3671 1737">
    <p class='ocr_par' dir='ltr' id='par_1_31' title="bbox 2131 1665 3671 1737">
     <span class='ocr_line' id='line_1_31' title="bbox 2131 1665 3671 1737; baseline 0.001 -17"><span class='ocrx_word' id='word_1_214' title='bbox 2131 1666 2379 1737; x_wconf 75' lang='lat' dir='ltr'><strong>ingenita:</strong></span> <span class='ocrx_word' id='word_1_215' title='bbox 2407 1680 2586 1734; x_wconf 80' lang='lat' dir='ltr'><strong>regem</strong></span> <span class='ocrx_word' id='word_1_216' title='bbox 2616 1666 2714 1720; x_wconf 89' lang='lat' dir='ltr'><strong>sibi</strong></span> <span class='ocrx_word' id='word_1_217' title='bbox 2741 1665 2990 1721; x_wconf 83' lang='lat' dir='ltr'><strong>Martium</strong></span> <span class='ocrx_word' id='word_1_218' title='bbox 3011 1667 3232 1721; x_wconf 84' lang='lat' dir='ltr'><strong>Geticus</strong></span> <span class='ocrx_word' id='word_1_219' title='bbox 3258 1668 3474 1737; x_wconf 91' lang='lat' dir='ltr'><strong>populus</strong></span> <span class='ocrx_word' id='word_1_220' title='bbox 3498 1668 3671 1723; x_wconf 73' lang='lat' dir='ltr'><strong>inveni-</strong></span> 
     </span>
    </p>
   </div>
   <div class='ocr_carea' id='block_1_32' title="bbox 2131 1742 3667 1824">
    <p class='ocr_par' dir='ltr' id='par_1_32' title="bbox 2131 1742 3667 1824">
     <span class='ocr_line' id='line_1_32' title="bbox 2131 1742 3667 1824; baseline -0.001 -12"><span class='ocrx_word' id='word_1_221' title='bbox 2131 1742 2233 1812; x_wconf 82' lang='lat' dir='ltr'><strong>ret.</strong></span> <span class='ocrx_word' id='word_1_222' title='bbox 2280 1755 2523 1824; x_wconf 85' lang='lat' dir='ltr'><strong>Quandiu</strong></span> <span class='ocrx_word' id='word_1_223' title='bbox 2572 1757 2713 1812; x_wconf 82' lang='lat' dir='ltr'><strong>enim</strong></span> <span class='ocrx_word' id='word_1_224' title='bbox 2757 1758 2921 1812; x_wconf 83' lang='lat' dir='ltr'><strong>fortes</strong></span> <span class='ocrx_word' id='word_1_225' title='bbox 2959 1758 3078 1821; x_wconf 85' lang='lat' dir='ltr'><strong>viri,</strong></span> <span class='ocrx_word' id='word_1_226' title='bbox 3112 1759 3258 1812; x_wconf 89' lang='lat' dir='ltr'><strong>inter</strong></span> <span class='ocrx_word' id='word_1_227' title='bbox 3292 1759 3420 1813; x_wconf 87' lang='lat' dir='ltr'><strong>bella</strong></span> <span class='ocrx_word' id='word_1_228' title='bbox 3447 1758 3667 1813; x_wconf 82' lang='lat' dir='ltr'><strong>ferventia</strong></span> 
     </span>
    </p>
   </div>
   <div class='ocr_carea' id='block_1_33' title="bbox 439 1848 3677 1927">
    <p class='ocr_par' dir='ltr' id='par_1_33' title="bbox 439 1848 3677 1927">
     <span class='ocr_line' id='line_1_33' title="bbox 439 1848 3677 1927; baseline -0.001 -22"><span class='ocrx_word' id='word_1_229' title='bbox 439 1849 795 1921; x_wconf 83' lang='lat' dir='ltr'><strong>compositum</strong></span> <span class='ocrx_word' id='word_1_230' title='bbox 823 1856 934 1927; x_wconf 78' lang='lat' dir='ltr'><strong>est;</strong></span> <span class='ocrx_word' id='word_1_231' title='bbox 965 1854 1023 1921; x_wconf 88' lang='lat' dir='ltr'><strong>ut</strong></span> <span class='ocrx_word' id='word_1_232' title='bbox 1052 1848 1194 1919; x_wconf 88' lang='lat' dir='ltr'><strong>quod</strong></span> <span class='ocrx_word' id='word_1_233' title='bbox 1222 1848 1370 1904; x_wconf 91' lang='lat' dir='ltr'><strong>cibos</strong></span> <span class='ocrx_word' id='word_1_234' title='bbox 1399 1864 1466 1903; x_wconf 81' lang='lat' dir='ltr'><strong>ex</strong></span> <span class='ocrx_word' id='word_1_235' title='bbox 1492 1849 1657 1904; x_wconf 89' lang='lat' dir='ltr'><strong>humo</strong></span> <span class='ocrx_word' id='word_1_236' title='bbox 1689 1864 1795 1904; x_wconf 90' lang='lat' dir='ltr'><strong>non</strong></span> <span class='ocrx_word' id='word_1_237' title='bbox 1827 1864 2031 1919; x_wconf 70' lang='lat' dir='ltr'><strong>przeva-</strong></span> <span class='ocrx_word' id='word_1_238' title='bbox 2062 1858 2108 1917; x_wconf 80' lang='grc' dir='ltr'><strong>Β</strong></span> <span class='ocrx_word' id='word_1_239' title='bbox 2135 1851 2344 1918; x_wconf 87' lang='lat' dir='ltr'><strong>nutriti,</strong></span> <span class='ocrx_word' id='word_1_240' title='bbox 2375 1850 2669 1921; x_wconf 78' lang='lat' dir='ltr'><strong>principem</strong></span> <span class='ocrx_word' id='word_1_241' title='bbox 2701 1848 2838 1904; x_wconf 87' lang='lat' dir='ltr'><strong>ferre</strong></span> <span class='ocrx_word' id='word_1_242' title='bbox 2881 1856 3130 1920; x_wconf 86' lang='lat' dir='ltr'><strong>poterant</strong></span> <span class='ocrx_word' id='word_1_243' title='bbox 3173 1864 3281 1905; x_wconf 91' lang='lat' dir='ltr'><strong>non</strong></span> <span class='ocrx_word' id='word_1_244' title='bbox 3328 1849 3601 1919; x_wconf 91' lang='lat' dir='ltr'><strong>probatum,</strong></span> <span class='ocrx_word' id='word_1_245' title='bbox 3629 1856 3677 1903; x_wconf 90' lang='lat' dir='ltr'><strong>ut</strong></span> 
     </span>
    </p>
   </div>
   <div class='ocr_carea' id='block_1_34' title="bbox 440 1938 2030 2013">
    <p class='ocr_par' dir='ltr' id='par_1_34' title="bbox 440 1938 2030 2013">
     <span class='ocr_line' id='line_1_34' title="bbox 440 1938 2030 2013; baseline 0.002 -20"><span class='ocrx_word' id='word_1_246' title='bbox 440 1940 581 1994; x_wconf 88' lang='lat' dir='ltr'><strong>lebat</strong></span> <span class='ocrx_word' id='word_1_247' title='bbox 611 1953 853 2008; x_wconf 89' lang='lat' dir='ltr'><strong>carpere,</strong></span> <span class='ocrx_word' id='word_1_248' title='bbox 890 1940 993 2013; x_wconf 84' lang='lat' dir='ltr'><strong>hoc</strong></span> <span class='ocrx_word' id='word_1_249' title='bbox 1022 1954 1081 1994; x_wconf 92' lang='lat' dir='ltr'><strong>se</strong></span> <span class='ocrx_word' id='word_1_250' title='bbox 1109 1938 1407 1994; x_wconf 86' lang='lat' dir='ltr'><strong>ministerio</strong></span> <span class='ocrx_word' id='word_1_251' title='bbox 1446 1938 1720 1995; x_wconf 88' lang='lat' dir='ltr'><strong>videretur</strong></span> <span class='ocrx_word' id='word_1_252' title='bbox 1758 1956 1917 2010; x_wconf 90' lang='lat' dir='ltr'><strong>posse</strong></span> <span class='ocrx_word' id='word_1_253' title='bbox 1944 1957 2030 2002; x_wconf 85' lang='lat' dir='ltr'><strong>sa-</strong></span> 
     </span>
    </p>
   </div>
   <div class='ocr_carea' id='block_1_35' title="bbox 440 2028 2033 2101">
    <p class='ocr_par' dir='ltr' id='par_1_35' title="bbox 440 2028 2033 2101">
     <span class='ocr_line' id='line_1_35' title="bbox 440 2028 2033 2101; baseline 0.002 -17"><span class='ocrx_word' id='word_1_254' title='bbox 440 2031 593 2093; x_wconf 85' lang='lat' dir='ltr'><strong>tiare.</strong></span> <span class='ocrx_word' id='word_1_255' title='bbox 639 2028 921 2084; x_wconf 74' lang='lat' dir='ltr'><strong>Tentando</strong></span> <span class='ocrx_word' id='word_1_256' title='bbox 964 2029 1139 2084; x_wconf 90' lang='lat' dir='ltr'><strong>solum</strong></span> <span class='ocrx_word' id='word_1_257' title='bbox 1180 2037 1371 2086; x_wconf 91' lang='lat' dir='ltr'><strong>cautus</strong></span> <span class='ocrx_word' id='word_1_258' title='bbox 1411 2045 1626 2101; x_wconf 85' lang='lat' dir='ltr'><strong>semper</strong></span> <span class='ocrx_word' id='word_1_259' title='bbox 1655 2030 1873 2098; x_wconf 86' lang='lat' dir='ltr'><strong>incedit,</strong></span> <span class='ocrx_word' id='word_1_260' title='bbox 1901 2033 2033 2087; x_wconf 88' lang='lat' dir='ltr'><strong>reti-</strong></span> 
     </span>
    </p>
   </div>
   <div class='ocr_carea' id='block_1_36' title="bbox 441 2106 2031 2202">
    <p class='ocr_par' dir='ltr' id='par_1_36' title="bbox 441 2106 2031 2202">
     <span class='ocr_line' id='line_1_36' title="bbox 441 2106 2031 2202; baseline 0.002 -27"><span class='ocrx_word' id='word_1_261' title='bbox 441 2137 573 2177; x_wconf 83' lang='lat' dir='ltr'><strong>nens</strong></span> <span class='ocrx_word' id='word_1_262' title='bbox 633 2119 786 2176; x_wconf 91' lang='lat' dir='ltr'><strong>initio</strong></span> <span class='ocrx_word' id='word_1_263' title='bbox 822 2106 1218 2199; x_wconf 33' lang='lat' dir='ltr'><strong>‘captivatiotiis</strong></span> <span class='ocrx_word' id='word_1_264' title='bbox 1277 2137 1391 2194; x_wconf 55' lang='lat' dir='ltr'><strong>sua;</strong></span> <span class='ocrx_word' id='word_1_265' title='bbox 1442 2121 1608 2202; x_wconf 80' lang='lat' dir='ltr'><strong>fuisse</strong></span> <span class='ocrx_word' id='word_1_266' title='bbox 1657 2122 1759 2178; x_wconf 91' lang='lat' dir='ltr'><strong>sibi</strong></span> <span class='ocrx_word' id='word_1_267' title='bbox 1816 2124 2031 2186; x_wconf 74' lang='lat' dir='ltr'><strong>noxiam</strong></span> 
     </span>
    </p>
   </div>
   <div class='ocr_carea' id='block_1_37' title="bbox 443 2209 2033 2285">
    <p class='ocr_par' dir='ltr' id='par_1_37' title="bbox 443 2209 2033 2285">
     <span class='ocr_line' id='line_1_37' title="bbox 443 2209 2033 2285; baseline 0.003 -20"><span class='ocrx_word' id='word_1_268' title='bbox 443 2212 672 2265; x_wconf 72' lang='lat' dir='ltr'><strong>ruinam.</strong></span> <span class='ocrx_word' id='word_1_269' title='bbox 722 2209 936 2281; x_wconf 81' lang='lat' dir='ltr'><strong>Flatum</strong></span> <span class='ocrx_word' id='word_1_270' title='bbox 975 2226 1163 2285; x_wconf 84' lang='lat' dir='ltr'><strong>suum,</strong></span> <span class='ocrx_word' id='word_1_271' title='bbox 1203 2211 1329 2282; x_wconf 86' lang='lat' dir='ltr'><strong>quia</strong></span> <span class='ocrx_word' id='word_1_272' title='bbox 1367 2211 1540 2269; x_wconf 89' lang='lat' dir='ltr'><strong>dolori</strong></span> <span class='ocrx_word' id='word_1_273' title='bbox 1580 2213 1771 2283; x_wconf 86' lang='lat' dir='ltr'><strong>capitis</strong></span> <span class='ocrx_word' id='word_1_274' title='bbox 1813 2214 2033 2270; x_wconf 82' lang='lat' dir='ltr'><strong>humani</strong></span> 
     </span>
    </p>
   </div>
   <div class='ocr_carea' id='block_1_38' title="bbox 442 2299 2035 2379">
    <p class='ocr_par' dir='ltr' id='par_1_38' title="bbox 442 2299 2035 2379">
     <span class='ocr_line' id='line_1_38' title="bbox 442 2299 2035 2379; baseline 0.004 -26"><span class='ocrx_word' id='word_1_275' title='bbox 442 2299 644 2355; x_wconf 91' lang='lat' dir='ltr'><strong>mederi</strong></span> <span class='ocrx_word' id='word_1_276' title='bbox 687 2299 905 2379; x_wconf 78' lang='lat' dir='ltr'><strong>dicitur,</strong></span> <span class='ocrx_word' id='word_1_277' title='bbox 934 2308 1155 2375; x_wconf 86' lang='lat' dir='ltr'><strong>rogatus</strong></span> <span class='ocrx_word' id='word_1_278' title='bbox 1191 2301 1427 2357; x_wconf 85' lang='lat' dir='ltr'><strong>exhalat.</strong></span> <span class='ocrx_word' id='word_1_279' title='bbox 1464 2301 1562 2358; x_wconf 82' lang='lat' dir='ltr'><strong>Hic</strong></span> <span class='ocrx_word' id='word_1_280' title='bbox 1599 2304 1725 2357; x_wconf 91' lang='lat' dir='ltr'><strong>dum</strong></span> <span class='ocrx_word' id='word_1_281' title='bbox 1764 2303 1832 2358; x_wconf 89' lang='lat' dir='ltr'><strong>ad</strong></span> <span class='ocrx_word' id='word_1_282' title='bbox 1866 2319 2035 2375; x_wconf 86' lang='lat' dir='ltr'><strong>aquas</strong></span> 
     </span>
    </p>
   </div>
   <div class='ocr_carea' id='block_1_39' title="bbox 444 2390 2035 2469">
    <p class='ocr_par' dir='ltr' id='par_1_39' title="bbox 444 2390 2035 2469">
     <span class='ocr_line' id='line_1_39' title="bbox 444 2390 2035 2469; baseline 0.006 -28"><span class='ocrx_word' id='word_1_283' title='bbox 444 2390 647 2444; x_wconf 90' lang='lat' dir='ltr'><strong>venerit</strong></span> <span class='ocrx_word' id='word_1_284' title='bbox 668 2391 1011 2469; x_wconf 77' lang='lat' dir='ltr'><strong>hauriendus,</strong></span> <span class='ocrx_word' id='word_1_285' title='bbox 1032 2407 1129 2461; x_wconf 91' lang='lat' dir='ltr'><strong>per</strong></span> <span class='ocrx_word' id='word_1_286' title='bbox 1149 2407 1338 2447; x_wconf 89' lang='lat' dir='ltr'><strong>cavum</strong></span> <span class='ocrx_word' id='word_1_287' title='bbox 1363 2395 1718 2463; x_wconf 90' lang='lat' dir='ltr'><strong>promuscidis</strong></span> <span class='ocrx_word' id='word_1_288' title='bbox 1743 2396 1796 2450; x_wconf 90' lang='lat' dir='ltr'><strong>in</strong></span> <span class='ocrx_word' id='word_1_289' title='bbox 1818 2398 2035 2454; x_wconf 90' lang='lat' dir='ltr'><strong>modum</strong></span> 
     </span>
    </p>
   </div>
   <div class='ocr_carea' id='block_1_40' title="bbox 444 2482 2039 2559">
    <p class='ocr_par' dir='ltr' id='par_1_40' title="bbox 444 2482 2039 2559">
     <span class='ocr_line' id='line_1_40' title="bbox 444 2482 2039 2559; baseline 0.006 -26"><span class='ocrx_word' id='word_1_290' title='bbox 444 2482 635 2551; x_wconf 81' lang='lat' dir='ltr'><strong>pluviae</strong></span> <span class='ocrx_word' id='word_1_291' title='bbox 679 2483 906 2559; x_wconf 78' lang='lat' dir='ltr'><strong>imbrem</strong></span> <span class='ocrx_word' id='word_1_292' title='bbox 952 2484 1255 2555; x_wconf 87' lang='lat' dir='ltr'><strong>postulatus</strong></span> <span class='ocrx_word' id='word_1_293' title='bbox 1296 2485 1548 2559; x_wconf 75' lang='lat' dir='ltr'><strong>effundit;</strong></span> <span class='ocrx_word' id='word_1_294' title='bbox 1580 2495 1635 2556; x_wconf 81' lang='lat' dir='ltr'><strong>et</strong></span> <span class='ocrx_word' id='word_1_295' title='bbox 1671 2488 1752 2544; x_wconf 89' lang='lat' dir='ltr'><strong>sic</strong></span> <span class='ocrx_word' id='word_1_296' title='bbox 1796 2490 2039 2557; x_wconf 81' lang='lat' dir='ltr'><strong>agnoscit</strong></span> 
     </span>
    </p>
   </div>
   <div class='ocr_carea' id='block_1_41' title="bbox 448 2573 2035 2657">
    <p class='ocr_par' dir='ltr' id='par_1_41' title="bbox 448 2573 2035 2657">
     <span class='ocr_line' id='line_1_41' title="bbox 448 2573 2035 2657; baseline 0.006 -32"><span class='ocrx_word' id='word_1_297' title='bbox 448 2573 587 2642; x_wconf 87' lang='lat' dir='ltr'><strong>quod</strong></span> <span class='ocrx_word' id='word_1_298' title='bbox 615 2574 843 2643; x_wconf 74' lang='lat' dir='ltr'><strong>patitur,</strong></span> <span class='ocrx_word' id='word_1_299' title='bbox 868 2581 923 2629; x_wconf 92' lang='lat' dir='ltr'><strong>et</strong></span> <span class='ocrx_word' id='word_1_300' title='bbox 951 2584 1009 2628; x_wconf 91' lang='lat' dir='ltr'><strong>ut</strong></span> <span class='ocrx_word' id='word_1_301' title='bbox 1036 2575 1207 2631; x_wconf 91' lang='lat' dir='ltr'><strong>libens</strong></span> <span class='ocrx_word' id='word_1_302' title='bbox 1236 2576 1399 2631; x_wconf 86' lang='lat' dir='ltr'><strong>faciat</strong></span> <span class='ocrx_word' id='word_1_303' title='bbox 1436 2577 1582 2648; x_wconf 92' lang='lat' dir='ltr'><strong>quod</strong></span> <span class='ocrx_word' id='word_1_304' title='bbox 1613 2586 1852 2646; x_wconf 75' lang='lat' dir='ltr'><strong>rogatur.</strong></span> <span class='ocrx_word' id='word_1_305' title='bbox 1885 2578 2035 2657; x_wconf 64' lang='lat' dir='ltr'><strong>Motu</strong></span> 
     </span>
    </p>
   </div>
   <div class='ocr_carea' id='block_1_42' title="bbox 449 2662 2034 2744">
    <p class='ocr_par' dir='ltr' id='par_1_42' title="bbox 449 2662 2034 2744">
     <span class='ocr_line' id='line_1_42' title="bbox 449 2662 2034 2744; baseline 0.003 -22"><span class='ocrx_word' id='word_1_306' title='bbox 449 2662 705 2737; x_wconf 80' lang='lat' dir='ltr'><strong>corporis</strong></span> <span class='ocrx_word' id='word_1_307' title='bbox 728 2683 759 2722; x_wconf 88' lang='lat' dir='ltr'><strong>a</strong></span> <span class='ocrx_word' id='word_1_308' title='bbox 788 2664 1012 2724; x_wconf 83' lang='lat' dir='ltr'><strong>diversis</strong></span> <span class='ocrx_word' id='word_1_309' title='bbox 1057 2670 1292 2739; x_wconf 87' lang='lat' dir='ltr'><strong>postulat</strong></span> <span class='ocrx_word' id='word_1_310' title='bbox 1319 2671 1464 2740; x_wconf 91' lang='lat' dir='ltr'><strong>quod</strong></span> <span class='ocrx_word' id='word_1_311' title='bbox 1491 2672 1746 2739; x_wconf 82' lang='lat' dir='ltr'><strong>magistro</strong></span> <span class='ocrx_word' id='word_1_312' title='bbox 1774 2673 2034 2744; x_wconf 88' lang='lat' dir='ltr'><strong>porrigat,</strong></span> 
     </span>
    </p>
   </div>
   <div class='ocr_carea' id='block_1_43' title="bbox 450 2757 2038 2832">
    <p class='ocr_par' dir='ltr' id='par_1_43' title="bbox 450 2757 2038 2832">
     <span class='ocr_line' id='line_1_43' title="bbox 450 2757 2038 2832; baseline 0.004 -21"><span class='ocrx_word' id='word_1_313' title='bbox 450 2764 504 2811; x_wconf 87' lang='lat' dir='ltr'><strong>et</strong></span> <span class='ocrx_word' id='word_1_314' title='bbox 533 2757 812 2813; x_wconf 90' lang='lat' dir='ltr'><strong>nutritoris</strong></span> <span class='ocrx_word' id='word_1_315' title='bbox 839 2759 1172 2829; x_wconf 89' lang='lat' dir='ltr'><strong>compendia,</strong></span> <span class='ocrx_word' id='word_1_316' title='bbox 1204 2776 1300 2815; x_wconf 88' lang='lat' dir='ltr'><strong>sua</strong></span> <span class='ocrx_word' id='word_1_317' title='bbox 1330 2768 1482 2832; x_wconf 88' lang='lat' dir='ltr'><strong>putat</strong></span> <span class='ocrx_word' id='word_1_318' title='bbox 1509 2761 1781 2817; x_wconf 85' lang='lat' dir='ltr'><strong>alimenta.</strong></span> <span class='ocrx_word' id='word_1_319' title='bbox 1810 2762 1962 2830; x_wconf 87' lang='lat' dir='ltr'><strong>Quod</strong></span> <span class='ocrx_word' id='word_1_320' title='bbox 1992 2763 2038 2818; x_wconf 89' lang='lat' dir='ltr'><strong>si</strong></span> 
     </span>
    </p>
   </div>
   <div class='ocr_carea' id='block_1_44' title="bbox 452 2848 2042 2922">
    <p class='ocr_par' dir='ltr' id='par_1_44' title="bbox 452 2848 2042 2922">
     <span class='ocr_line' id='line_1_44' title="bbox 452 2848 2042 2922; baseline 0.005 -22"><span class='ocrx_word' id='word_1_321' title='bbox 452 2848 645 2916; x_wconf 88' lang='lat' dir='ltr'><strong>aliquis</strong></span> <span class='ocrx_word' id='word_1_322' title='bbox 670 2848 912 2917; x_wconf 71' lang='lat' dir='ltr'><strong>przcbcre</strong></span> <span class='ocrx_word' id='word_1_323' title='bbox 940 2851 1327 2920; x_wconf 89' lang='lat' dir='ltr'><strong>contempserit</strong></span> <span class='ocrx_word' id='word_1_324' title='bbox 1354 2852 1642 2922; x_wconf 87' lang='lat' dir='ltr'><strong>postulata,</strong></span> <span class='ocrx_word' id='word_1_325' title='bbox 1666 2854 1858 2908; x_wconf 70' lang='lat' dir='ltr'><strong>vesicm</strong></span> <span class='ocrx_word' id='word_1_326' title='bbox 1880 2854 2042 2909; x_wconf 86' lang='lat' dir='ltr'><strong>colle-</strong></span> 
     </span>
    </p>
   </div>
   <div class='ocr_carea' id='block_1_45' title="bbox 450 2937 2040 3014">
    <p class='ocr_par' dir='ltr' id='par_1_45' title="bbox 450 2937 2040 3014">
     <span class='ocr_line' id='line_1_45' title="bbox 450 2937 2040 3014; baseline 0.006 -24"><span class='ocrx_word' id='word_1_327' title='bbox 450 2939 665 2994; x_wconf 77' lang='lat' dir='ltr'><strong>ctaeulo</strong></span> <span class='ocrx_word' id='word_1_328' title='bbox 692 2937 984 3010; x_wconf 87' lang='lat' dir='ltr'><strong>patefacto,</strong></span> <span class='ocrx_word' id='word_1_329' title='bbox 1009 2948 1214 2995; x_wconf 88' lang='lat' dir='ltr'><strong>tantam</strong></span> <span class='ocrx_word' id='word_1_330' title='bbox 1235 2940 1432 2998; x_wconf 91' lang='lat' dir='ltr'><strong>dicitur</strong></span> <span class='ocrx_word' id='word_1_331' title='bbox 1452 2943 1774 2999; x_wconf 91' lang='lat' dir='ltr'><strong>alluvionem</strong></span> <span class='ocrx_word' id='word_1_332' title='bbox 1798 2958 2040 3014; x_wconf 87' lang='lat' dir='ltr'><strong>egerere,</strong></span> 
     </span>
    </p>
   </div>
   <div class='ocr_carea' id='block_1_46' title="bbox 454 3031 2041 3102">
    <p class='ocr_par' dir='ltr' id='par_1_46' title="bbox 454 3031 2041 3102">
     <span class='ocr_line' id='line_1_46' title="bbox 454 3031 2041 3102; baseline 0.004 -19"><span class='ocrx_word' id='word_1_333' title='bbox 454 3039 514 3084; x_wconf 87' lang='lat' dir='ltr'><strong>ut</strong></span> <span class='ocrx_word' id='word_1_334' title='bbox 539 3032 589 3084; x_wconf 90' lang='lat' dir='ltr'><strong>in</strong></span> <span class='ocrx_word' id='word_1_335' title='bbox 615 3031 728 3100; x_wconf 89' lang='lat' dir='ltr'><strong>ejus</strong></span> <span class='ocrx_word' id='word_1_336' title='bbox 755 3033 1036 3101; x_wconf 88' lang='lat' dir='ltr'><strong>penatibus</strong></span> <span class='ocrx_word' id='word_1_337' title='bbox 1065 3032 1279 3102; x_wconf 91' lang='lat' dir='ltr'><strong>quidam</strong></span> <span class='ocrx_word' id='word_1_338' title='bbox 1306 3032 1499 3089; x_wconf 91' lang='lat' dir='ltr'><strong>tluvius</strong></span> <span class='ocrx_word' id='word_1_339' title='bbox 1523 3033 1770 3090; x_wconf 86' lang='lat' dir='ltr'><strong>videatur</strong></span> <span class='ocrx_word' id='word_1_340' title='bbox 1792 3036 2041 3102; x_wconf 87' lang='lat' dir='ltr'><strong>intrasse,</strong></span> 
     </span>
    </p>
   </div>
   <div class='ocr_carea' id='block_1_47' title="bbox 457 3121 2045 3201">
    <p class='ocr_par' dir='ltr' id='par_1_47' title="bbox 457 3121 2045 3201">
     <span class='ocr_line' id='line_1_47' title="bbox 457 3121 2045 3201; baseline 0.003 -24"><span class='ocrx_word' id='word_1_341' title='bbox 457 3130 821 3192; x_wconf 87' lang='lat' dir='ltr'><strong>contemptum</strong></span> <span class='ocrx_word' id='word_1_342' title='bbox 847 3123 1121 3201; x_wconf 87' lang='lat' dir='ltr'><strong>vindicans</strong></span> <span class='ocrx_word' id='word_1_343' title='bbox 1147 3124 1215 3201; x_wconf 80' lang='lat' dir='ltr'><strong>de</strong></span> <span class='ocrx_word' id='word_1_344' title='bbox 1235 3121 1424 3183; x_wconf 86' lang='lat' dir='ltr'><strong>fetore.</strong></span> <span class='ocrx_word' id='word_1_345' title='bbox 1450 3125 1581 3180; x_wconf 88' lang='lat' dir='ltr'><strong>Nam</strong></span> <span class='ocrx_word' id='word_1_346' title='bbox 1608 3136 1662 3182; x_wconf 91' lang='lat' dir='ltr'><strong>et</strong></span> <span class='ocrx_word' id='word_1_347' title='bbox 1684 3127 1841 3182; x_wconf 66' lang='lat' dir='ltr'><strong>laesus</strong></span> <span class='ocrx_word' id='word_1_348' title='bbox 1865 3135 2045 3183; x_wconf 89' lang='lat' dir='ltr'><strong>servat</strong></span> 
     </span>
    </p>
   </div>
   <div class='ocr_carea' id='block_1_48' title="bbox 2133 1941 3676 2020">
    <p class='ocr_par' dir='ltr' id='par_1_48' title="bbox 2133 1941 3676 2020">
     <span class='ocr_line' id='line_1_48' title="bbox 2133 1941 3676 2020; baseline -0.001 -22"><span class='ocrx_word' id='word_1_349' title='bbox 2133 1943 2200 1999; x_wconf 87' lang='lat' dir='ltr'><strong>de</strong></span> <span class='ocrx_word' id='word_1_350' title='bbox 2229 1943 2345 2013; x_wconf 92' lang='lat' dir='ltr'><strong>ejus</strong></span> <span class='ocrx_word' id='word_1_351' title='bbox 2381 1942 2518 1996; x_wconf 91' lang='lat' dir='ltr'><strong>fama</strong></span> <span class='ocrx_word' id='word_1_352' title='bbox 2560 1943 2849 2020; x_wconf 78' lang='lat' dir='ltr'><strong>laboraret,</strong></span> <span class='ocrx_word' id='word_1_353' title='bbox 2876 1942 3121 2011; x_wconf 87' lang='lat' dir='ltr'><strong>quamvis</strong></span> <span class='ocrx_word' id='word_1_354' title='bbox 3161 1941 3233 1996; x_wconf 91' lang='lat' dir='ltr'><strong>de</strong></span> <span class='ocrx_word' id='word_1_355' title='bbox 3279 1941 3485 2013; x_wconf 88' lang='lat' dir='ltr'><strong>propria</strong></span> <span class='ocrx_word' id='word_1_356' title='bbox 3507 1942 3676 1996; x_wconf 86' lang='lat' dir='ltr'><strong>virtute</strong></span> 
     </span>
    </p>
   </div>
   <div class='ocr_carea' id='block_1_49' title="bbox 2133 2030 3680 2105">
    <p class='ocr_par' dir='ltr' id='par_1_49' title="bbox 2133 2030 3680 2105">
     <span class='ocr_line' id='line_1_49' title="bbox 2133 2030 3680 2105; baseline -0.004 -15"><span class='ocrx_word' id='word_1_357' title='bbox 2133 2033 2519 2105; x_wconf 67' lang='lat' dir='ltr'><strong>praesumeret?</strong></span> <span class='ocrx_word' id='word_1_358' title='bbox 2548 2031 2779 2088; x_wconf 88' lang='lat' dir='ltr'><strong>Necesse</strong></span> <span class='ocrx_word' id='word_1_359' title='bbox 2805 2039 2888 2086; x_wconf 91' lang='lat' dir='ltr'><strong>est</strong></span> <span class='ocrx_word' id='word_1_360' title='bbox 2916 2032 3055 2103; x_wconf 83' lang='lat' dir='ltr'><strong>enim</strong></span> <span class='ocrx_word' id='word_1_361' title='bbox 3086 2030 3248 2091; x_wconf 84' lang='lat' dir='ltr'><strong>talem</strong></span> <span class='ocrx_word' id='word_1_362' title='bbox 3273 2032 3339 2089; x_wconf 88' lang='lat' dir='ltr'><strong>de</strong></span> <span class='ocrx_word' id='word_1_363' title='bbox 3366 2031 3558 2088; x_wconf 89' lang='lat' dir='ltr'><strong>cunctis</strong></span> <span class='ocrx_word' id='word_1_364' title='bbox 3580 2031 3680 2100; x_wconf 83' lang='lat' dir='ltr'><strong>opi-</strong></span> 
     </span>
    </p>
   </div>
   <div class='ocr_carea' id='block_1_50' title="bbox 2133 2121 3681 2198">
    <p class='ocr_par' dir='ltr' id='par_1_50' title="bbox 2133 2121 3681 2198">
     <span class='ocr_line' id='line_1_50' title="bbox 2133 2121 3681 2198; baseline -0.002 -21"><span class='ocrx_word' id='word_1_365' title='bbox 2133 2123 2349 2177; x_wconf 89' lang='lat' dir='ltr'><strong>nionem</strong></span> <span class='ocrx_word' id='word_1_366' title='bbox 2395 2136 2630 2187; x_wconf 88' lang='lat' dir='ltr'><strong>currere,</strong></span> <span class='ocrx_word' id='word_1_367' title='bbox 2661 2121 2873 2192; x_wconf 88' lang='lat' dir='ltr'><strong>qualem</strong></span> <span class='ocrx_word' id='word_1_368' title='bbox 2920 2137 3051 2198; x_wconf 79' lang='lat' dir='ltr'><strong>gens</strong></span> <span class='ocrx_word' id='word_1_369' title='bbox 3095 2125 3294 2176; x_wconf 90' lang='lat' dir='ltr'><strong>meruit</strong></span> <span class='ocrx_word' id='word_1_370' title='bbox 3321 2122 3507 2185; x_wconf 83' lang='lat' dir='ltr'><strong>habere</strong></span> <span class='ocrx_word' id='word_1_371' title='bbox 3531 2128 3681 2178; x_wconf 86' lang='lat' dir='ltr'><strong>recto-</strong></span> 
     </span>
    </p>
   </div>
   <div class='ocr_carea' id='block_1_51' title="bbox 2134 2212 3685 2285">
    <p class='ocr_par' dir='ltr' id='par_1_51' title="bbox 2134 2212 3685 2285">
     <span class='ocr_line' id='line_1_51' title="bbox 2134 2212 3685 2285; baseline -0.004 -14"><span class='ocrx_word' id='word_1_372' title='bbox 2134 2231 2269 2271; x_wconf 88' lang='lat' dir='ltr'><strong>rem.</strong></span> <span class='ocrx_word' id='word_1_373' title='bbox 2302 2215 2453 2280; x_wconf 77' lang='lat' dir='ltr'><strong>Nam,</strong></span> <span class='ocrx_word' id='word_1_374' title='bbox 2494 2217 2632 2271; x_wconf 90' lang='lat' dir='ltr'><strong>sicut</strong></span> <span class='ocrx_word' id='word_1_375' title='bbox 2660 2216 2844 2270; x_wconf 89' lang='lat' dir='ltr'><strong>audire</strong></span> <span class='ocrx_word' id='word_1_376' title='bbox 2870 2215 3140 2285; x_wconf 88' lang='lat' dir='ltr'><strong>potuistis,</strong></span> <span class='ocrx_word' id='word_1_377' title='bbox 3168 2224 3448 2285; x_wconf 87' lang='lat' dir='ltr'><strong>parentum</strong></span> <span class='ocrx_word' id='word_1_378' title='bbox 3468 2212 3685 2285; x_wconf 87' lang='lat' dir='ltr'><strong>periculis</strong></span> 
     </span>
    </p>
   </div>
   <div class='ocr_carea' id='block_1_52' title="bbox 2136 2303 3686 2373">
    <p class='ocr_par' dir='ltr' id='par_1_52' title="bbox 2136 2303 3686 2373">
     <span class='ocr_line' id='line_1_52' title="bbox 2136 2303 3686 2373; baseline -0.004 -12"><span class='ocrx_word' id='word_1_379' title='bbox 2136 2315 2393 2363; x_wconf 88' lang='lat' dir='ltr'><strong>evocatus</strong></span> <span class='ocrx_word' id='word_1_380' title='bbox 2417 2306 2736 2361; x_wconf 90' lang='lat' dir='ltr'><strong>adveneram</strong></span> <span class='ocrx_word' id='word_1_381' title='bbox 2762 2321 3100 2366; x_wconf 78' lang='lat' dir='ltr'><strong>cmnnmnem</strong></span> <span class='ocrx_word' id='word_1_382' title='bbox 3123 2321 3252 2373; x_wconf 79' lang='lat' dir='ltr'><strong>cum</strong></span> <span class='ocrx_word' id='word_1_383' title='bbox 3279 2305 3516 2361; x_wconf 91' lang='lat' dir='ltr'><strong>omnibus</strong></span> <span class='ocrx_word' id='word_1_384' title='bbox 3532 2303 3686 2359; x_wconf 86' lang='lat' dir='ltr'><strong>subire</strong></span> 
     </span>
    </p>
   </div>
   <div class='ocr_carea' id='block_1_53' title="bbox 2139 2396 3687 2467">
    <p class='ocr_par' dir='ltr' id='par_1_53' title="bbox 2139 2396 3687 2467">
     <span class='ocr_line' id='line_1_53' title="bbox 2139 2396 3687 2467; baseline -0.001 -17"><span class='ocrx_word' id='word_1_385' title='bbox 2139 2397 2433 2463; x_wconf 89' lang='lat' dir='ltr'><strong>fortunam;</strong></span> <span class='ocrx_word' id='word_1_386' title='bbox 2465 2396 2559 2451; x_wconf 91' lang='lat' dir='ltr'><strong>sed</strong></span> <span class='ocrx_word' id='word_1_387' title='bbox 2580 2397 2652 2451; x_wconf 92' lang='lat' dir='ltr'><strong>illi</strong></span> <span class='ocrx_word' id='word_1_388' title='bbox 2673 2396 2864 2463; x_wconf 83' lang='lat' dir='ltr'><strong>ducem</strong></span> <span class='ocrx_word' id='word_1_389' title='bbox 2893 2412 2979 2451; x_wconf 89' lang='lat' dir='ltr'><strong>me</strong></span> <span class='ocrx_word' id='word_1_390' title='bbox 3001 2396 3101 2461; x_wconf 84' lang='lat' dir='ltr'><strong>sibi</strong></span> <span class='ocrx_word' id='word_1_391' title='bbox 3130 2412 3257 2455; x_wconf 88' lang='lat' dir='ltr'><strong>esse</strong></span> <span class='ocrx_word' id='word_1_392' title='bbox 3280 2414 3389 2452; x_wconf 91' lang='lat' dir='ltr'><strong>non</strong></span> <span class='ocrx_word' id='word_1_393' title='bbox 3413 2396 3544 2467; x_wconf 80' lang='lat' dir='ltr'><strong>passi</strong></span> <span class='ocrx_word' id='word_1_394' title='bbox 3565 2403 3687 2461; x_wconf 83' lang='lat' dir='ltr'><strong>sunt,</strong></span> 
     </span>
    </p>
   </div>
   <div class='ocr_carea' id='block_1_54' title="bbox 2138 2488 3691 2561">
    <p class='ocr_par' dir='ltr' id='par_1_54' title="bbox 2138 2488 3691 2561">
     <span class='ocr_line' id='line_1_54' title="bbox 2138 2488 3691 2561; baseline -0.001 -18"><span class='ocrx_word' id='word_1_395' title='bbox 2138 2489 2227 2558; x_wconf 91' lang='lat' dir='ltr'><strong>qui</strong></span> <span class='ocrx_word' id='word_1_396' title='bbox 2259 2488 2609 2561; x_wconf 82' lang='lat' dir='ltr'><strong>exercitatum</strong></span> <span class='ocrx_word' id='word_1_397' title='bbox 2640 2502 2816 2557; x_wconf 84' lang='lat' dir='ltr'><strong>regem</strong></span> <span class='ocrx_word' id='word_1_398' title='bbox 2847 2503 3088 2557; x_wconf 72' lang='lat' dir='ltr'><strong>qumrere</strong></span> <span class='ocrx_word' id='word_1_399' title='bbox 3113 2489 3455 2561; x_wconf 86' lang='lat' dir='ltr'><strong>videbantur.</strong></span> <span class='ocrx_word' id='word_1_400' title='bbox 3482 2488 3691 2558; x_wconf 88' lang='lat' dir='ltr'><strong>Quapro-</strong></span> 
     </span>
    </p>
   </div>
   <div class='ocr_carea' id='block_1_55' title="bbox 2139 2576 3695 2652">
    <p class='ocr_par' dir='ltr' id='par_1_55' title="bbox 2139 2576 3695 2652">
     <span class='ocr_line' id='line_1_55' title="bbox 2139 2576 3695 2652; baseline -0.001 -18"><span class='ocrx_word' id='word_1_401' title='bbox 2139 2589 2262 2652; x_wconf 85' lang='lat' dir='ltr'><strong>pter</strong></span> <span class='ocrx_word' id='word_1_402' title='bbox 2288 2579 2516 2650; x_wconf 89' lang='lat' dir='ltr'><strong>primum</strong></span> <span class='ocrx_word' id='word_1_403' title='bbox 2545 2579 2737 2633; x_wconf 72' lang='lat' dir='ltr'><strong>divina:</strong></span> <span class='ocrx_word' id='word_1_404' title='bbox 2764 2579 2970 2647; x_wconf 64' lang='lat' dir='ltr'><strong>gratiae,</strong></span> <span class='ocrx_word' id='word_1_405' title='bbox 3002 2578 3199 2634; x_wconf 89' lang='lat' dir='ltr'><strong>deinde</strong></span> <span class='ocrx_word' id='word_1_406' title='bbox 3229 2579 3522 2635; x_wconf 83' lang='lat' dir='ltr'><strong>Gothorum</strong></span> <span class='ocrx_word' id='word_1_407' title='bbox 3547 2576 3695 2633; x_wconf 72' lang='lat' dir='ltr'><strong>favete</strong></span> 
     </span>
    </p>
   </div>
   <div class='ocr_carea' id='block_1_56' title="bbox 2135 2656 3695 2748">
    <p class='ocr_par' dir='ltr' id='par_1_56' title="bbox 2135 2656 3695 2748">
     <span class='ocr_line' id='line_1_56' title="bbox 2135 2656 3695 2748; baseline 0.001 -28"><span class='ocrx_word' id='word_1_408' title='bbox 2135 2658 2367 2741; x_wconf 87' lang='lat' dir='ltr'><strong>judieiis,</strong></span> <span class='ocrx_word' id='word_1_409' title='bbox 2393 2670 2516 2739; x_wconf 82' lang='lat' dir='ltr'><strong>quia</strong></span> <span class='ocrx_word' id='word_1_410' title='bbox 2545 2656 2631 2724; x_wconf 88' lang='lat' dir='ltr'><strong>me</strong></span> <span class='ocrx_word' id='word_1_411' title='bbox 2657 2682 2836 2748; x_wconf 80' lang='lat' dir='ltr'><strong>regem</strong></span> <span class='ocrx_word' id='word_1_412' title='bbox 2859 2684 3046 2724; x_wconf 89' lang='lat' dir='ltr'><strong>omnes</strong></span> <span class='ocrx_word' id='word_1_413' title='bbox 3072 2668 3274 2739; x_wconf 87' lang='lat' dir='ltr'><strong>facitis,</strong></span> <span class='ocrx_word' id='word_1_414' title='bbox 3296 2671 3388 2739; x_wconf 89' lang='lat' dir='ltr'><strong>qui</strong></span> <span class='ocrx_word' id='word_1_415' title='bbox 3412 2668 3695 2724; x_wconf 82' lang='lat' dir='ltr'><strong>unanimiter</strong></span> 
     </span>
    </p>
   </div>
   <div class='ocr_carea' id='block_1_57' title="bbox 2143 2760 3695 2831">
    <p class='ocr_par' dir='ltr' id='par_1_57' title="bbox 2143 2760 3695 2831">
     <span class='ocr_line' id='line_1_57' title="bbox 2143 2760 3695 2831; baseline 0.001 -17"><span class='ocrx_word' id='word_1_416' title='bbox 2143 2772 2267 2818; x_wconf 89' lang='lat' dir='ltr'><strong>vota</strong></span> <span class='ocrx_word' id='word_1_417' title='bbox 2310 2763 2585 2817; x_wconf 85' lang='lat' dir='ltr'><strong>confertis.</strong></span> <span class='ocrx_word' id='word_1_418' title='bbox 2635 2760 2897 2831; x_wconf 10' lang='lat' dir='ltr'><strong>Drcponite</strong></span> <span class='ocrx_word' id='word_1_419' title='bbox 2940 2778 3084 2817; x_wconf 91' lang='lat' dir='ltr'><strong>nunc</strong></span> <span class='ocrx_word' id='word_1_420' title='bbox 3128 2763 3453 2818; x_wconf 88' lang='lat' dir='ltr'><strong>damnorum</strong></span> <span class='ocrx_word' id='word_1_421' title='bbox 3491 2768 3695 2825; x_wconf 83' lang='lat' dir='ltr'><strong>metum,</strong></span> 
     </span>
    </p>
   </div>
   <div class='ocr_carea' id='block_1_58' title="bbox 2142 2851 3700 2923">
    <p class='ocr_par' dir='ltr' id='par_1_58' title="bbox 2142 2851 3700 2923">
     <span class='ocr_line' id='line_1_58' title="bbox 2142 2851 3700 2923; baseline -0.002 -16"><span class='ocrx_word' id='word_1_422' title='bbox 2142 2852 2543 2923; x_wconf 88' lang='lat' dir='ltr'><strong>dispendiorum</strong></span> <span class='ocrx_word' id='word_1_423' title='bbox 2593 2852 2925 2922; x_wconf 86' lang='lat' dir='ltr'><strong>suspiciones</strong></span> <span class='ocrx_word' id='word_1_424' title='bbox 2970 2852 3207 2921; x_wconf 88' lang='lat' dir='ltr'><strong>abjicite,</strong></span> <span class='ocrx_word' id='word_1_425' title='bbox 3262 2853 3394 2908; x_wconf 88' lang='lat' dir='ltr'><strong>nihil</strong></span> <span class='ocrx_word' id='word_1_426' title='bbox 3437 2853 3533 2920; x_wconf 80' lang='lat' dir='ltr'><strong>sub</strong></span> <span class='ocrx_word' id='word_1_427' title='bbox 3572 2851 3700 2919; x_wconf 75' lang='lat' dir='ltr'><strong>nobis</strong></span> 
     </span>
    </p>
   </div>
   <div class='ocr_carea' id='block_1_59' title="bbox 2145 2941 3700 3018">
    <p class='ocr_par' dir='ltr' id='par_1_59' title="bbox 2145 2941 3700 3018">
     <span class='ocr_line' id='line_1_59' title="bbox 2145 2941 3700 3018; baseline -0.003 -17"><span class='ocrx_word' id='word_1_428' title='bbox 2145 2962 2394 3018; x_wconf 87' lang='lat' dir='ltr'><strong>asperum</strong></span> <span class='ocrx_word' id='word_1_429' title='bbox 2427 2946 2740 3000; x_wconf 85' lang='lat' dir='ltr'><strong>formidetis.</strong></span> <span class='ocrx_word' id='word_1_430' title='bbox 2768 2945 2961 2999; x_wconf 85' lang='lat' dir='ltr'><strong>Amare</strong></span> <span class='ocrx_word' id='word_1_431' title='bbox 2986 2945 3241 3001; x_wconf 85' lang='lat' dir='ltr'><strong>novimus</strong></span> <span class='ocrx_word' id='word_1_432' title='bbox 3262 2946 3407 3002; x_wconf 88' lang='lat' dir='ltr'><strong>viros</strong></span> <span class='ocrx_word' id='word_1_433' title='bbox 3438 2943 3608 3010; x_wconf 86' lang='lat' dir='ltr'><strong>fortes,</strong></span> <span class='ocrx_word' id='word_1_434' title='bbox 3625 2941 3700 3014; x_wconf 85' lang='lat' dir='ltr'><strong>qui</strong></span> 
     </span>
    </p>
   </div>
   <div class='ocr_carea' id='block_1_60' title="bbox 2147 3033 3706 3111">
    <p class='ocr_par' dir='ltr' id='par_1_60' title="bbox 2147 3033 3706 3111">
     <span class='ocr_line' id='line_1_60' title="bbox 2147 3033 3706 3111; baseline -0.006 -17"><span class='ocrx_word' id='word_1_435' title='bbox 2147 3039 2341 3111; x_wconf 75' lang='lat' dir='ltr'><strong>sacpius</strong></span> <span class='ocrx_word' id='word_1_436' title='bbox 2367 3039 2504 3093; x_wconf 91' lang='lat' dir='ltr'><strong>bella</strong></span> <span class='ocrx_word' id='word_1_437' title='bbox 2529 3037 2848 3107; x_wconf 84' lang='lat' dir='ltr'><strong>peregimus.</strong></span> <span class='ocrx_word' id='word_1_438' title='bbox 2871 3036 3115 3102; x_wconf 83' lang='lat' dir='ltr'><strong>Additur,</strong></span> <span class='ocrx_word' id='word_1_439' title='bbox 3141 3036 3293 3106; x_wconf 91' lang='lat' dir='ltr'><strong>quod</strong></span> <span class='ocrx_word' id='word_1_440' title='bbox 3324 3037 3596 3104; x_wconf 89' lang='lat' dir='ltr'><strong>unicuique</strong></span> <span class='ocrx_word' id='word_1_441' title='bbox 3617 3033 3706 3087; x_wconf 86' lang='lat' dir='ltr'><strong>vir-</strong></span> 
     </span>
    </p>
   </div>
   <div class='ocr_carea' id='block_1_61' title="bbox 2149 3123 3708 3202">
    <p class='ocr_par' dir='ltr' id='par_1_61' title="bbox 2149 3123 3708 3202">
     <span class='ocr_line' id='line_1_61' title="bbox 2149 3123 3708 3202; baseline -0.004 -16"><span class='ocrx_word' id='word_1_442' title='bbox 2149 3140 2319 3186; x_wconf 89' lang='lat' dir='ltr'><strong>tutum</strong></span> <span class='ocrx_word' id='word_1_443' title='bbox 2374 3138 2671 3185; x_wconf 89' lang='lat' dir='ltr'><strong>vestrarum</strong></span> <span class='ocrx_word' id='word_1_444' title='bbox 2728 3129 2871 3202; x_wconf 80' lang='lat' dir='ltr'><strong>[ms.,</strong></span> <span class='ocrx_word' id='word_1_445' title='bbox 2924 3128 3162 3183; x_wconf 91' lang='lat' dir='ltr'><strong>virorum</strong></span> <span class='ocrx_word' id='word_1_446' title='bbox 3209 3124 3538 3199; x_wconf 84' lang='lat' dir='ltr'><strong>vestrorum]</strong></span> <span class='ocrx_word' id='word_1_447' title='bbox 3580 3123 3708 3180; x_wconf 84' lang='lat' dir='ltr'><strong>testis</strong></span> 
     </span>
    </p>
   </div>
   <div class='ocr_carea' id='block_1_62' title="bbox 462 3200 3713 3291">
    <p class='ocr_par' dir='ltr' id='par_1_62' title="bbox 462 3200 3713 3291">
     <span class='ocr_line' id='line_1_62' title="bbox 462 3200 3713 3291; baseline -0.001 -19"><span class='ocrx_word' id='word_1_448' title='bbox 462 3212 742 3289; x_wconf 59' lang='lat' dir='ltr'><strong>offensam,</strong></span> <span class='ocrx_word' id='word_1_449' title='bbox 773 3221 827 3268; x_wconf 79' lang='lat' dir='ltr'><strong>ct</strong></span> <span class='ocrx_word' id='word_1_450' title='bbox 866 3200 1025 3289; x_wconf 71' lang='lat' dir='ltr'><strong>longe</strong></span> <span class='ocrx_word' id='word_1_451' title='bbox 1055 3200 1183 3286; x_wconf 81' lang='lat' dir='ltr'><strong>post</strong></span> <span class='ocrx_word' id='word_1_452' title='bbox 1218 3224 1462 3287; x_wconf 85' lang='lat' dir='ltr'><strong>tempore</strong></span> <span class='ocrx_word' id='word_1_453' title='bbox 1507 3209 1734 3281; x_wconf 66' lang='lat' dir='ltr'><strong>reddere</strong></span> <span class='ocrx_word' id='word_1_454' title='bbox 1772 3218 1983 3284; x_wconf 75' lang='lat' dir='ltr'><strong>dicitur.</strong></span> <span class='ocrx_word' id='word_1_455' title='bbox 2014 3234 2044 3272; x_wconf 69' lang='grc' dir='ltr'><strong>τι</strong></span> <span class='ocrx_word' id='word_1_456' title='bbox 2076 3230 2118 3291; x_wconf 83' lang='lat' dir='ltr'><strong>C</strong></span> <span class='ocrx_word' id='word_1_457' title='bbox 2150 3225 2360 3280; x_wconf 84' lang='lat' dir='ltr'><strong>assisto.</strong></span> <span class='ocrx_word' id='word_1_458' title='bbox 2402 3222 2482 3276; x_wconf 85' lang='lat' dir='ltr'><strong>Ab</strong></span> <span class='ocrx_word' id='word_1_459' title='bbox 2519 3221 2623 3275; x_wconf 88' lang='lat' dir='ltr'><strong>alio</strong></span> <span class='ocrx_word' id='word_1_460' title='bbox 2653 3200 2795 3276; x_wconf 82' lang='lat' dir='ltr'><strong>enim</strong></span> <span class='ocrx_word' id='word_1_461' title='bbox 2822 3220 2949 3275; x_wconf 88' lang='lat' dir='ltr'><strong>mihi</strong></span> <span class='ocrx_word' id='word_1_462' title='bbox 2979 3235 3085 3273; x_wconf 92' lang='lat' dir='ltr'><strong>non</strong></span> <span class='ocrx_word' id='word_1_463' title='bbox 3114 3228 3204 3275; x_wconf 88' lang='lat' dir='ltr'><strong>est</strong></span> <span class='ocrx_word' id='word_1_464' title='bbox 3232 3235 3375 3290; x_wconf 90' lang='lat' dir='ltr'><strong>opus</strong></span> <span class='ocrx_word' id='word_1_465' title='bbox 3404 3220 3537 3275; x_wconf 86' lang='lat' dir='ltr'><strong>facta</strong></span> <span class='ocrx_word' id='word_1_466' title='bbox 3562 3225 3713 3272; x_wconf 77' lang='lat' dir='ltr'><strong>vestra</strong></span> 
     </span>
    </p>
   </div>
   <div class='ocr_carea' id='block_1_63' title="bbox 456 3290 2049 3378">
    <p class='ocr_par' dir='ltr' id='par_1_63' title="bbox 456 3290 2049 3378">
     <span class='ocr_line' id='line_1_63' title="bbox 456 3290 2049 3378; baseline 0.004 -22"><span class='ocrx_word' id='word_1_467' title='bbox 456 3290 567 3373; x_wconf 69' lang='lat' dir='ltr'><strong>quo</strong></span> <span class='ocrx_word' id='word_1_468' title='bbox 597 3294 875 3374; x_wconf 87' lang='lat' dir='ltr'><strong>injuriatus</strong></span> <span class='ocrx_word' id='word_1_469' title='bbox 904 3321 1023 3362; x_wconf 89' lang='lat' dir='ltr'><strong>esse</strong></span> <span class='ocrx_word' id='word_1_470' title='bbox 1048 3306 1294 3361; x_wconf 90' lang='lat' dir='ltr'><strong>sentitur.</strong></span> <span class='ocrx_word' id='word_1_471' title='bbox 1326 3306 1478 3363; x_wconf 87' lang='lat' dir='ltr'><strong>Oculi</strong></span> <span class='ocrx_word' id='word_1_472' title='bbox 1505 3308 1720 3378; x_wconf 90' lang='lat' dir='ltr'><strong>quidem</strong></span> <span class='ocrx_word' id='word_1_473' title='bbox 1751 3309 1921 3378; x_wconf 83' lang='lat' dir='ltr'><strong>parvi,</strong></span> <span class='ocrx_word' id='word_1_474' title='bbox 1953 3309 2049 3363; x_wconf 89' lang='lat' dir='ltr'><strong>sed</strong></span> 
     </span>
    </p>
   </div>
   <div class='ocr_carea' id='block_1_64' title="bbox 462 3399 2049 3471">
    <p class='ocr_par' dir='ltr' id='par_1_64' title="bbox 462 3399 2049 3471">
     <span class='ocr_line' id='line_1_64' title="bbox 462 3399 2049 3471; baseline 0.003 -20"><span class='ocrx_word' id='word_1_475' title='bbox 462 3400 695 3466; x_wconf 82' lang='lat' dir='ltr'><strong>graviter</strong></span> <span class='ocrx_word' id='word_1_476' title='bbox 735 3414 795 3455; x_wconf 88' lang='lat' dir='ltr'><strong>se</strong></span> <span class='ocrx_word' id='word_1_477' title='bbox 843 3408 1137 3455; x_wconf 86' lang='lat' dir='ltr'><strong>moventes.</strong></span> <span class='ocrx_word' id='word_1_478' title='bbox 1184 3399 1385 3455; x_wconf 82' lang='lat' dir='ltr'><strong>Credas</strong></span> <span class='ocrx_word' id='word_1_479' title='bbox 1432 3400 1636 3470; x_wconf 90' lang='lat' dir='ltr'><strong>aliquid</strong></span> <span class='ocrx_word' id='word_1_480' title='bbox 1685 3402 1889 3471; x_wconf 84' lang='lat' dir='ltr'><strong>regium</strong></span> <span class='ocrx_word' id='word_1_481' title='bbox 1934 3401 2049 3470; x_wconf 86' lang='lat' dir='ltr'><strong>ejus</strong></span> 
     </span>
    </p>
   </div>
   <div class='ocr_carea' id='block_1_65' title="bbox 462 3478 2045 3564">
    <p class='ocr_par' dir='ltr' id='par_1_65' title="bbox 462 3478 2045 3564">
     <span class='ocr_line' id='line_1_65' title="bbox 462 3478 2045 3564; baseline -0.001 -20"><span class='ocrx_word' id='word_1_482' title='bbox 462 3478 756 3545; x_wconf 77' lang='lat' dir='ltr'><strong>intendisse</strong></span> <span class='ocrx_word' id='word_1_483' title='bbox 784 3486 1150 3564; x_wconf 74' lang='lat' dir='ltr'><strong>conspectum.</strong></span> <span class='ocrx_word' id='word_1_484' title='bbox 1185 3482 1417 3563; x_wconf 88' lang='lat' dir='ltr'><strong>Despicit</strong></span> <span class='ocrx_word' id='word_1_485' title='bbox 1458 3491 1756 3546; x_wconf 86' lang='lat' dir='ltr'><strong>scurriliter</strong></span> <span class='ocrx_word' id='word_1_486' title='bbox 1785 3480 2045 3557; x_wconf 83' lang='lat' dir='ltr'><strong>ludentes,</strong></span> 
     </span>
    </p>
   </div>
   <div class='ocr_carea' id='block_1_66' title="bbox 460 3568 2051 3653">
    <p class='ocr_par' dir='ltr' id='par_1_66' title="bbox 460 3568 2051 3653">
     <span class='ocr_line' id='line_1_66' title="bbox 460 3568 2051 3653; baseline 0.001 -18"><span class='ocrx_word' id='word_1_487' title='bbox 460 3568 973 3653; x_wconf 82' lang='lat' dir='ltr'><strong>honestumaliquid</strong></span> <span class='ocrx_word' id='word_1_488' title='bbox 1005 3589 1280 3651; x_wconf 88' lang='lat' dir='ltr'><strong>gratanter</strong></span> <span class='ocrx_word' id='word_1_489' title='bbox 1307 3582 1566 3651; x_wconf 69' lang='lat' dir='ltr'><strong>attendit;</strong></span> <span class='ocrx_word' id='word_1_490' title='bbox 1599 3591 1653 3636; x_wconf 90' lang='lat' dir='ltr'><strong>et</strong></span> <span class='ocrx_word' id='word_1_491' title='bbox 1686 3571 1925 3636; x_wconf 19' lang='lat' dir='ltr'><strong>.advcrtis</strong></span> <span class='ocrx_word' id='word_1_492' title='bbox 1966 3597 2051 3636; x_wconf 88' lang='lat' dir='ltr'><strong>re—</strong></span> 
     </span>
    </p>
   </div>
   <div class='ocr_carea' id='block_1_67' title="bbox 462 3666 2050 3743">
    <p class='ocr_par' dir='ltr' id='par_1_67' title="bbox 462 3666 2050 3743">
     <span class='ocr_line' id='line_1_67' title="bbox 462 3666 2050 3743; baseline -0.003 -15"><span class='ocrx_word' id='word_1_493' title='bbox 462 3682 547 3728; x_wconf 90' lang='lat' dir='ltr'><strong>cte</strong></span> <span class='ocrx_word' id='word_1_494' title='bbox 583 3666 845 3742; x_wconf 85' lang='lat' dir='ltr'><strong>judicare,</strong></span> <span class='ocrx_word' id='word_1_495' title='bbox 895 3673 980 3727; x_wconf 90' lang='lat' dir='ltr'><strong>cui</strong></span> <span class='ocrx_word' id='word_1_496' title='bbox 1027 3671 1161 3727; x_wconf 88' lang='lat' dir='ltr'><strong>levia</strong></span> <span class='ocrx_word' id='word_1_497' title='bbox 1211 3666 1529 3739; x_wconf 87' lang='lat' dir='ltr'><strong>cognoveris</strong></span> <span class='ocrx_word' id='word_1_498' title='bbox 1564 3670 1866 3743; x_wconf 86' lang='lat' dir='ltr'><strong>displicere.</strong></span> <span class='ocrx_word' id='word_1_499' title='bbox 1900 3669 2050 3724; x_wconf 81' lang='lat' dir='ltr'><strong>Cutis</strong></span> 
     </span>
    </p>
   </div>
   <div class='ocr_carea' id='block_1_68' title="bbox 462 3758 2046 3832">
    <p class='ocr_par' dir='ltr' id='par_1_68' title="bbox 462 3758 2046 3832">
     <span class='ocr_line' id='line_1_68' title="bbox 462 3758 2046 3832; baseline -0.001 -15"><span class='ocrx_word' id='word_1_500' title='bbox 462 3762 621 3832; x_wconf 85' lang='lat' dir='ltr'><strong>hujus</strong></span> <span class='ocrx_word' id='word_1_501' title='bbox 665 3764 922 3818; x_wconf 86' lang='lat' dir='ltr'><strong>ulcerosis</strong></span> <span class='ocrx_word' id='word_1_502' title='bbox 958 3762 1185 3816; x_wconf 89' lang='lat' dir='ltr'><strong>vallibus</strong></span> <span class='ocrx_word' id='word_1_503' title='bbox 1216 3769 1471 3816; x_wconf 78' lang='lat' dir='ltr'><strong>exuratur</strong></span> <span class='ocrx_word' id='word_1_504' title='bbox 1502 3761 1552 3831; x_wconf 92' lang='lat' dir='ltr'><strong>(a</strong></span> <span class='ocrx_word' id='word_1_505' title='bbox 1583 3758 1687 3830; x_wconf 84' lang='lat' dir='ltr'><strong>qua</strong></span> <span class='ocrx_word' id='word_1_506' title='bbox 1719 3768 2046 3830; x_wconf 83' lang='lat' dir='ltr'><strong>tranSporta-</strong></span> 
     </span>
    </p>
   </div>
   <div class='ocr_carea' id='block_1_69' title="bbox 462 3842 2051 3923">
    <p class='ocr_par' dir='ltr' id='par_1_69' title="bbox 462 3842 2051 3923">
     <span class='ocr_line' id='line_1_69' title="bbox 462 3842 2051 3923; baseline -0.001 -16"><span class='ocrx_word' id='word_1_507' title='bbox 462 3868 685 3908; x_wconf 92' lang='lat' dir='ltr'><strong>ncorum</strong></span> <span class='ocrx_word' id='word_1_508' title='bbox 727 3852 957 3909; x_wconf 85' lang='lat' dir='ltr'><strong>nefanda</strong></span> <span class='ocrx_word' id='word_1_509' title='bbox 995 3854 1175 3923; x_wconf 87' lang='lat' dir='ltr'><strong>passio</strong></span> <span class='ocrx_word' id='word_1_510' title='bbox 1207 3868 1400 3907; x_wconf 90' lang='lat' dir='ltr'><strong>nomen</strong></span> <span class='ocrx_word' id='word_1_511' title='bbox 1427 3842 1680 3922; x_wconf 82' lang='lat' dir='ltr'><strong>accepit),</strong></span> <span class='ocrx_word' id='word_1_512' title='bbox 1710 3867 1829 3920; x_wconf 77' lang='lat' dir='ltr'><strong>qua:</strong></span> <span class='ocrx_word' id='word_1_513' title='bbox 1857 3851 1909 3906; x_wconf 93' lang='lat' dir='ltr'><strong>in</strong></span> <span class='ocrx_word' id='word_1_514' title='bbox 1942 3862 2051 3906; x_wconf 89' lang='lat' dir='ltr'><strong>tan-</strong></span> 
     </span>
    </p>
   </div>
   <div class='ocr_carea' id='block_1_70' title="bbox 463 3944 2045 4015">
    <p class='ocr_par' dir='ltr' id='par_1_70' title="bbox 463 3944 2045 4015">
     <span class='ocr_line' id='line_1_70' title="bbox 463 3944 2045 4015; baseline 0.001 -17"><span class='ocrx_word' id='word_1_515' title='bbox 463 3956 570 3999; x_wconf 90' lang='lat' dir='ltr'><strong>tam</strong></span> <span class='ocrx_word' id='word_1_516' title='bbox 601 3946 850 4000; x_wconf 88' lang='lat' dir='ltr'><strong>duritiam</strong></span> <span class='ocrx_word' id='word_1_517' title='bbox 889 3944 1168 4008; x_wconf 84' lang='lat' dir='ltr'><strong>solidatur,</strong></span> <span class='ocrx_word' id='word_1_518' title='bbox 1201 3951 1258 3998; x_wconf 91' lang='lat' dir='ltr'><strong>ut</strong></span> <span class='ocrx_word' id='word_1_519' title='bbox 1295 3952 1449 4015; x_wconf 90' lang='lat' dir='ltr'><strong>putes</strong></span> <span class='ocrx_word' id='word_1_520' title='bbox 1474 3959 1592 3998; x_wconf 89' lang='lat' dir='ltr'><strong>esse</strong></span> <span class='ocrx_word' id='word_1_521' title='bbox 1617 3959 1824 3998; x_wconf 90' lang='lat' dir='ltr'><strong>osseam</strong></span> <span class='ocrx_word' id='word_1_522' title='bbox 1848 3953 2045 3999; x_wconf 91' lang='lat' dir='ltr'><strong>cutem.</strong></span> 
     </span>
    </p>
   </div>
   <div class='ocr_carea' id='block_1_71' title="bbox 464 4030 2047 4109">
    <p class='ocr_par' dir='ltr' id='par_1_71' title="bbox 464 4030 2047 4109">
     <span class='ocr_line' id='line_1_71' title="bbox 464 4030 2047 4109; baseline -0.001 -17"><span class='ocrx_word' id='word_1_523' title='bbox 464 4038 591 4109; x_wconf 62' lang='lat' dir='ltr'><strong>llaec</strong></span> <span class='ocrx_word' id='word_1_524' title='bbox 619 4030 762 4107; x_wconf 80' lang='lat' dir='ltr'><strong>nulla</strong></span> <span class='ocrx_word' id='word_1_525' title='bbox 793 4038 843 4092; x_wconf 93' lang='lat' dir='ltr'><strong>vi</strong></span> <span class='ocrx_word' id='word_1_526' title='bbox 876 4037 1272 4103; x_wconf 88' lang='lat' dir='ltr'><strong>transmittitur,</strong></span> <span class='ocrx_word' id='word_1_527' title='bbox 1318 4037 1465 4091; x_wconf 90' lang='lat' dir='ltr'><strong>nullo</strong></span> <span class='ocrx_word' id='word_1_528' title='bbox 1496 4036 1621 4091; x_wconf 91' lang='lat' dir='ltr'><strong>ferri</strong></span> <span class='ocrx_word' id='word_1_529' title='bbox 1659 4037 1906 4092; x_wconf 89' lang='lat' dir='ltr'><strong>acumine</strong></span> <span class='ocrx_word' id='word_1_530' title='bbox 1951 4052 2047 4105; x_wconf 85' lang='lat' dir='ltr'><strong>pe-</strong></span> 
     </span>
    </p>
   </div>
   <div class='ocr_carea' id='block_1_72' title="bbox 464 4115 2050 4199">
    <p class='ocr_par' dir='ltr' id='par_1_72' title="bbox 464 4115 2050 4199">
     <span class='ocr_line' id='line_1_72' title="bbox 464 4115 2050 4199; baseline -0.001 -18"><span class='ocrx_word' id='word_1_531' title='bbox 464 4119 725 4182; x_wconf 80' lang='lat' dir='ltr'><strong>netratur.</strong></span> <span class='ocrx_word' id='word_1_532' title='bbox 773 4118 1008 4199; x_wconf 86' lang='lat' dir='ltr'><strong>Ideoque</strong></span> <span class='ocrx_word' id='word_1_533' title='bbox 1048 4115 1334 4193; x_wconf 82' lang='lat' dir='ltr'><strong>Persarum</strong></span> <span class='ocrx_word' id='word_1_534' title='bbox 1365 4142 1519 4196; x_wconf 87' lang='lat' dir='ltr'><strong>reges</strong></span> <span class='ocrx_word' id='word_1_535' title='bbox 1553 4127 1694 4181; x_wconf 87' lang='lat' dir='ltr'><strong>hanc</strong></span> <span class='ocrx_word' id='word_1_536' title='bbox 1722 4127 1952 4181; x_wconf 81' lang='lat' dir='ltr'><strong>belluam</strong></span> <span class='ocrx_word' id='word_1_537' title='bbox 1982 4126 2050 4180; x_wconf 90' lang='lat' dir='ltr'><strong>ad</strong></span> 
     </span>
    </p>
   </div>
   <div class='ocr_carea' id='block_1_73' title="bbox 462 4200 2048 4301">
    <p class='ocr_par' dir='ltr' id='par_1_73' title="bbox 462 4200 2048 4301">
     <span class='ocr_line' id='line_1_73' title="bbox 462 4200 2048 4301; baseline -0.003 -27"><span class='ocrx_word' id='word_1_538' title='bbox 462 4220 599 4274; x_wconf 88' lang='lat' dir='ltr'><strong>bclia</strong></span> <span class='ocrx_word' id='word_1_539' title='bbox 632 4200 935 4284; x_wconf 68' lang='lat' dir='ltr'><strong>traxerunt,</strong></span> <span class='ocrx_word' id='word_1_540' title='bbox 962 4204 1080 4301; x_wconf 64' lang='lat' dir='ltr'><strong>quae</strong></span> <span class='ocrx_word' id='word_1_541' title='bbox 1103 4228 1160 4273; x_wconf 92' lang='lat' dir='ltr'><strong>et</strong></span> <span class='ocrx_word' id='word_1_542' title='bbox 1186 4218 1344 4277; x_wconf 92' lang='lat' dir='ltr'><strong>nullis</strong></span> <span class='ocrx_word' id='word_1_543' title='bbox 1370 4218 1562 4273; x_wconf 86' lang='lat' dir='ltr'><strong>ictibus</strong></span> <span class='ocrx_word' id='word_1_544' title='bbox 1585 4217 1791 4287; x_wconf 90' lang='lat' dir='ltr'><strong>pulsata</strong></span> <span class='ocrx_word' id='word_1_545' title='bbox 1813 4216 2048 4284; x_wconf 90' lang='lat' dir='ltr'><strong>cederet,</strong></span> 
     </span>
    </p>
   </div>
   <div class='ocr_carea' id='block_1_74' title="bbox 461 4304 2049 4388">
    <p class='ocr_par' dir='ltr' id='par_1_74' title="bbox 461 4304 2049 4388">
     <span class='ocr_line' id='line_1_74' title="bbox 461 4304 2049 4388; baseline -0.003 -21"><span class='ocrx_word' id='word_1_546' title='bbox 461 4320 516 4367; x_wconf 85' lang='lat' dir='ltr'><strong>et</strong></span> <span class='ocrx_word' id='word_1_547' title='bbox 545 4311 885 4367; x_wconf 88' lang='lat' dir='ltr'><strong>adversarios</strong></span> <span class='ocrx_word' id='word_1_548' title='bbox 913 4306 1007 4366; x_wconf 88' lang='lat' dir='ltr'><strong>sua</strong></span> <span class='ocrx_word' id='word_1_549' title='bbox 1040 4305 1182 4366; x_wconf 84' lang='lat' dir='ltr'><strong>mole</strong></span> <span class='ocrx_word' id='word_1_550' title='bbox 1212 4318 1458 4388; x_wconf 81' lang='lat' dir='ltr'><strong>terreret.</strong></span> <span class='ocrx_word' id='word_1_551' title='bbox 1485 4304 1826 4380; x_wconf 86' lang='lat' dir='ltr'><strong>Quapropter</strong></span> <span class='ocrx_word' id='word_1_552' title='bbox 1850 4309 2049 4363; x_wconf 87' lang='lat' dir='ltr'><strong>habere</strong></span> 
     </span>
    </p>
   </div>
   <div class='ocr_carea' id='block_1_75' title="bbox 460 4392 2051 4483">
    <p class='ocr_par' dir='ltr' id='par_1_75' title="bbox 460 4392 2051 4483">
     <span class='ocr_line' id='line_1_75' title="bbox 460 4392 2051 4483; baseline -0.003 -25"><span class='ocrx_word' id='word_1_553' title='bbox 460 4420 648 4458; x_wconf 90' lang='lat' dir='ltr'><strong>eorum</strong></span> <span class='ocrx_word' id='word_1_554' title='bbox 665 4392 872 4459; x_wconf 79' lang='lat' dir='ltr'><strong>formas</strong></span> <span class='ocrx_word' id='word_1_555' title='bbox 900 4403 1258 4483; x_wconf 86' lang='lat' dir='ltr'><strong>gratissimum</strong></span> <span class='ocrx_word' id='word_1_556' title='bbox 1280 4410 1382 4467; x_wconf 89' lang='lat' dir='ltr'><strong>cst,</strong></span> <span class='ocrx_word' id='word_1_557' title='bbox 1410 4411 1469 4457; x_wconf 91' lang='lat' dir='ltr'><strong>ut</strong></span> <span class='ocrx_word' id='word_1_558' title='bbox 1495 4401 1585 4483; x_wconf 76' lang='lat' dir='ltr'><strong>qui</strong></span> <span class='ocrx_word' id='word_1_559' title='bbox 1612 4401 1785 4455; x_wconf 84' lang='lat' dir='ltr'><strong>vivam</strong></span> <span class='ocrx_word' id='word_1_560' title='bbox 1808 4400 2051 4453; x_wconf 88' lang='lat' dir='ltr'><strong>substan-</strong></span> 
     </span>
    </p>
   </div>
   <div class='ocr_carea' id='block_1_76' title="bbox 462 4480 2047 4573">
    <p class='ocr_par' dir='ltr' id='par_1_76' title="bbox 462 4480 2047 4573">
     <span class='ocr_line' id='line_1_76' title="bbox 462 4480 2047 4573; baseline -0.004 -25"><span class='ocrx_word' id='word_1_561' title='bbox 462 4495 598 4548; x_wconf 72' lang='lat' dir='ltr'><strong>tiam~</strong></span> <span class='ocrx_word' id='word_1_562' title='bbox 620 4509 728 4548; x_wconf 91' lang='lat' dir='ltr'><strong>non</strong></span> <span class='ocrx_word' id='word_1_563' title='bbox 756 4484 1025 4559; x_wconf 87' lang='lat' dir='ltr'><strong>viderunt,</strong></span> <span class='ocrx_word' id='word_1_564' title='bbox 1058 4480 1332 4573; x_wconf 84' lang='lat' dir='ltr'><strong>opinatum</strong></span> <span class='ocrx_word' id='word_1_565' title='bbox 1362 4490 1437 4564; x_wconf 81' lang='lat' dir='ltr'><strong>[id</strong></span> <span class='ocrx_word' id='word_1_566' title='bbox 1459 4480 1554 4571; x_wconf 63' lang='lat' dir='ltr'><strong>est,</strong></span> <span class='ocrx_word' id='word_1_567' title='bbox 1583 4487 1818 4561; x_wconf 89' lang='lat' dir='ltr'><strong>celebre]</strong></span> <span class='ocrx_word' id='word_1_568' title='bbox 1848 4488 2047 4543; x_wconf 87' lang='lat' dir='ltr'><strong>animal</strong></span> 
     </span>
    </p>
   </div>
   <div class='ocr_carea' id='block_1_77' title="bbox 2152 3309 3714 3382">
    <p class='ocr_par' dir='ltr' id='par_1_77' title="bbox 2152 3309 3714 3382">
     <span class='ocr_line' id='line_1_77' title="bbox 2152 3309 3714 3382; baseline -0.006 -12"><span class='ocrx_word' id='word_1_569' title='bbox 2152 3314 2392 3379; x_wconf 86' lang='lat' dir='ltr'><strong>narrari,</strong></span> <span class='ocrx_word' id='word_1_570' title='bbox 2435 3314 2557 3382; x_wconf 89' lang='lat' dir='ltr'><strong>quia</strong></span> <span class='ocrx_word' id='word_1_571' title='bbox 2606 3312 2786 3367; x_wconf 90' lang='lat' dir='ltr'><strong>omnia</strong></span> <span class='ocrx_word' id='word_1_572' title='bbox 2841 3311 3117 3367; x_wconf 90' lang='lat' dir='ltr'><strong>vobiscum</strong></span> <span class='ocrx_word' id='word_1_573' title='bbox 3179 3311 3463 3367; x_wconf 89' lang='lat' dir='ltr'><strong>laboribus</strong></span> <span class='ocrx_word' id='word_1_574' title='bbox 3509 3309 3714 3365; x_wconf 82' lang='lat' dir='ltr'><strong>sociatus</strong></span> 
     </span>
    </p>
   </div>
   <div class='ocr_carea' id='block_1_78' title="bbox 2150 3403 3720 3477">
    <p class='ocr_par' dir='ltr' id='par_1_78' title="bbox 2150 3403 3720 3477">
     <span class='ocr_line' id='line_1_78' title="bbox 2150 3403 3720 3477; baseline -0.006 -14"><span class='ocrx_word' id='word_1_575' title='bbox 2150 3408 2362 3477; x_wconf 84' lang='lat' dir='ltr'><strong>agnovi.</strong></span> <span class='ocrx_word' id='word_1_576' title='bbox 2395 3406 2554 3460; x_wconf 81' lang='lat' dir='ltr'><strong>Arma</strong></span> <span class='ocrx_word' id='word_1_577' title='bbox 2588 3404 2885 3467; x_wconf 87' lang='lat' dir='ltr'><strong>Gothorum</strong></span> <span class='ocrx_word' id='word_1_578' title='bbox 2939 3403 3083 3460; x_wconf 88' lang='lat' dir='ltr'><strong>nulla</strong></span> <span class='ocrx_word' id='word_1_579' title='bbox 3127 3404 3555 3473; x_wconf 86' lang='lat' dir='ltr'><strong>promissionum</strong></span> <span class='ocrx_word' id='word_1_580' title='bbox 3590 3414 3720 3454; x_wconf 82' lang='lat' dir='ltr'><strong>mea-</strong></span> 
     </span>
    </p>
   </div>
   <div class='ocr_carea' id='block_1_79' title="bbox 2151 3489 3719 3566">
    <p class='ocr_par' dir='ltr' id='par_1_79' title="bbox 2151 3489 3719 3566">
     <span class='ocr_line' id='line_1_79' title="bbox 2151 3489 3719 3566; baseline -0.007 -14"><span class='ocrx_word' id='word_1_581' title='bbox 2151 3514 2267 3552; x_wconf 91' lang='lat' dir='ltr'><strong>rum</strong></span> <span class='ocrx_word' id='word_1_582' title='bbox 2294 3498 2552 3551; x_wconf 86' lang='lat' dir='ltr'><strong>varietate</strong></span> <span class='ocrx_word' id='word_1_583' title='bbox 2581 3494 2868 3563; x_wconf 87' lang='lat' dir='ltr'><strong>frangenda</strong></span> <span class='ocrx_word' id='word_1_584' title='bbox 2894 3503 3018 3547; x_wconf 87' lang='lat' dir='ltr'><strong>sunt</strong></span> <span class='ocrx_word' id='word_1_585' title='bbox 3052 3493 3186 3566; x_wconf 82' lang='lat' dir='ltr'><strong>[ed.,</strong></span> <span class='ocrx_word' id='word_1_586' title='bbox 3222 3494 3423 3558; x_wconf 91' lang='lat' dir='ltr'><strong>amici,</strong></span> <span class='ocrx_word' id='word_1_587' title='bbox 3454 3502 3570 3556; x_wconf 82' lang='lat' dir='ltr'><strong>etc.,</strong></span> <span class='ocrx_word' id='word_1_588' title='bbox 3595 3489 3719 3544; x_wconf 88' lang='lat' dir='ltr'><strong>fran-</strong></span> 
     </span>
    </p>
   </div>
   <div class='ocr_carea' id='block_1_80' title="bbox 2149 3579 3725 3660">
    <p class='ocr_par' dir='ltr' id='par_1_80' title="bbox 2149 3579 3725 3660">
     <span class='ocr_line' id='line_1_80' title="bbox 2149 3579 3725 3660; baseline -0.008 -17"><span class='ocrx_word' id='word_1_589' title='bbox 2149 3588 2349 3660; x_wconf 87' lang='lat' dir='ltr'><strong>gendi].</strong></span> <span class='ocrx_word' id='word_1_590' title='bbox 2384 3587 2463 3642; x_wconf 85' lang='lat' dir='ltr'><strong>Ad</strong></span> <span class='ocrx_word' id='word_1_591' title='bbox 2486 3587 2658 3657; x_wconf 91' lang='lat' dir='ltr'><strong>gentis</strong></span> <span class='ocrx_word' id='word_1_592' title='bbox 2687 3585 2971 3640; x_wconf 88' lang='lat' dir='ltr'><strong>utilitatem</strong></span> <span class='ocrx_word' id='word_1_593' title='bbox 2996 3585 3263 3655; x_wconf 86' lang='lat' dir='ltr'><strong>respiciet</strong></span> <span class='ocrx_word' id='word_1_594' title='bbox 3288 3599 3456 3639; x_wconf 90' lang='lat' dir='ltr'><strong>omne</strong></span> <span class='ocrx_word' id='word_1_595' title='bbox 3477 3581 3613 3653; x_wconf 91' lang='lat' dir='ltr'><strong>quod</strong></span> <span class='ocrx_word' id='word_1_596' title='bbox 3633 3579 3725 3648; x_wconf 47' lang='lat' dir='ltr'><strong>agis</strong></span> 
     </span>
    </p>
   </div>
   <div class='ocr_carea' id='block_1_81' title="bbox 2151 3672 3726 3749">
    <p class='ocr_par' dir='ltr' id='par_1_81' title="bbox 2151 3672 3726 3749">
     <span class='ocr_line' id='line_1_81' title="bbox 2151 3672 3726 3749; baseline -0.006 -15"><span class='ocrx_word' id='word_1_597' title='bbox 2151 3697 2287 3745; x_wconf 78' lang='lat' dir='ltr'><strong>mus,</strong></span> <span class='ocrx_word' id='word_1_598' title='bbox 2322 3679 2566 3749; x_wconf 86' lang='lat' dir='ltr'><strong>privatim</strong></span> <span class='ocrx_word' id='word_1_599' title='bbox 2597 3693 2696 3733; x_wconf 91' lang='lat' dir='ltr'><strong>nec</strong></span> <span class='ocrx_word' id='word_1_600' title='bbox 2726 3692 2822 3731; x_wconf 89' lang='lat' dir='ltr'><strong>nos</strong></span> <span class='ocrx_word' id='word_1_601' title='bbox 2850 3676 3175 3731; x_wconf 90' lang='lat' dir='ltr'><strong>amabimus.</strong></span> <span class='ocrx_word' id='word_1_602' title='bbox 3202 3676 3326 3732; x_wconf 82' lang='lat' dir='ltr'><strong>Hoc</strong></span> <span class='ocrx_word' id='word_1_603' title='bbox 3351 3676 3505 3745; x_wconf 91' lang='lat' dir='ltr'><strong>sequi</strong></span> <span class='ocrx_word' id='word_1_604' title='bbox 3532 3672 3726 3746; x_wconf 66' lang='lat' dir='ltr'><strong>promit-</strong></span> 
     </span>
    </p>
   </div>
   <div class='ocr_carea' id='block_1_82' title="bbox 2153 3766 3729 3838">
    <p class='ocr_par' dir='ltr' id='par_1_82' title="bbox 2153 3766 3729 3838">
     <span class='ocr_line' id='line_1_82' title="bbox 2153 3766 3729 3838; baseline -0.006 -14"><span class='ocrx_word' id='word_1_605' title='bbox 2153 3771 2312 3825; x_wconf 86' lang='lat' dir='ltr'><strong>timus</strong></span> <span class='ocrx_word' id='word_1_606' title='bbox 2341 3769 2486 3838; x_wconf 85' lang='lat' dir='ltr'><strong>quod</strong></span> <span class='ocrx_word' id='word_1_607' title='bbox 2515 3777 2669 3822; x_wconf 91' lang='lat' dir='ltr'><strong>ornet</strong></span> <span class='ocrx_word' id='word_1_608' title='bbox 2699 3768 2904 3835; x_wconf 89' lang='lat' dir='ltr'><strong>regium</strong></span> <span class='ocrx_word' id='word_1_609' title='bbox 2934 3782 3155 3821; x_wconf 88' lang='lat' dir='ltr'><strong>nomen.</strong></span> <span class='ocrx_word' id='word_1_610' title='bbox 3205 3766 3497 3823; x_wconf 88' lang='lat' dir='ltr'><strong>Postremo</strong></span> <span class='ocrx_word' id='word_1_611' title='bbox 3521 3774 3729 3820; x_wconf 84' lang='lat' dir='ltr'><strong>nostrum</strong></span> 
     </span>
    </p>
   </div>
   <div class='ocr_carea' id='block_1_83' title="bbox 2151 3850 3730 3936">
    <p class='ocr_par' dir='ltr' id='par_1_83' title="bbox 2151 3850 3730 3936">
     <span class='ocr_line' id='line_1_83' title="bbox 2151 3850 3730 3936; baseline -0.009 -20"><span class='ocrx_word' id='word_1_612' title='bbox 2151 3876 2248 3930; x_wconf 89' lang='lat' dir='ltr'><strong>per</strong></span> <span class='ocrx_word' id='word_1_613' title='bbox 2284 3860 2440 3936; x_wconf 72' lang='lat'><strong>170</strong></span> <span class='ocrx_word' id='word_1_614' title='bbox 2462 3859 2640 3923; x_wconf 84' lang='lat' dir='ltr'><strong>omnia</strong></span> <span class='ocrx_word' id='word_1_615' title='bbox 2672 3857 2985 3926; x_wconf 90' lang='lat' dir='ltr'><strong>pollicenmr</strong></span> <span class='ocrx_word' id='word_1_616' title='bbox 3011 3857 3335 3925; x_wconf 87' lang='lat' dir='ltr'><strong>imperium,</strong></span> <span class='ocrx_word' id='word_1_617' title='bbox 3364 3855 3525 3925; x_wconf 88' lang='lat' dir='ltr'><strong>quale</strong></span> <span class='ocrx_word' id='word_1_618' title='bbox 3552 3850 3730 3908; x_wconf 84' lang='lat' dir='ltr'><strong>Gothos</strong></span> 
     </span>
    </p>
   </div>
   <div class='ocr_carea' id='block_1_84' title="bbox 2151 3939 3736 4021">
    <p class='ocr_par' dir='ltr' id='par_1_84' title="bbox 2151 3939 3736 4021">
     <span class='ocr_line' id='line_1_84' title="bbox 2151 3939 3736 4021; baseline -0.008 -15"><span class='ocrx_word' id='word_1_619' title='bbox 2151 3952 2347 4006; x_wconf 87' lang='lat' dir='ltr'><strong>habere</strong></span> <span class='ocrx_word' id='word_1_620' title='bbox 2389 3950 2578 4013; x_wconf 80' lang='lat' dir='ltr'><strong>deceat</strong></span> <span class='ocrx_word' id='word_1_621' title='bbox 2620 3957 2743 4019; x_wconf 86' lang='lat' dir='ltr'><strong>post</strong></span> <span class='ocrx_word' id='word_1_622' title='bbox 2790 3947 3041 4021; x_wconf 84' lang='lat' dir='ltr'><strong>inclytum</strong></span> <span class='ocrx_word' id='word_1_623' title='bbox 3086 3946 3513 4003; x_wconf 84' lang='lat' dir='ltr'><strong>Theodoricum</strong></span> <span class='ocrx_word' id='word_1_624' title='bbox 3542 3962 3555 3998; x_wconf 88' lang='lat'>:</span> <span class='ocrx_word' id='word_1_625' title='bbox 3584 3943 3657 3997; x_wconf 85' lang='lat' dir='ltr'><strong>vir</strong></span> <span class='ocrx_word' id='word_1_626' title='bbox 3681 3939 3736 3994; x_wconf 83' lang='lat' dir='ltr'><strong>ad</strong></span> 
     </span>
    </p>
   </div>
   <div class='ocr_carea' id='block_1_85' title="bbox 2152 4037 3737 4116">
    <p class='ocr_par' dir='ltr' id='par_1_85' title="bbox 2152 4037 3737 4116">
     <span class='ocr_line' id='line_1_85' title="bbox 2152 4037 3737 4116; baseline -0.006 -19"><span class='ocrx_word' id='word_1_627' title='bbox 2152 4044 2301 4111; x_wconf 87' lang='lat' dir='ltr'><strong>regni</strong></span> <span class='ocrx_word' id='word_1_628' title='bbox 2348 4057 2503 4116; x_wconf 88' lang='lat' dir='ltr'><strong>curas</strong></span> <span class='ocrx_word' id='word_1_629' title='bbox 2546 4039 2889 4113; x_wconf 65' lang='lat' dir='ltr'><strong>singulariter</strong></span> <span class='ocrx_word' id='word_1_630' title='bbox 2929 4045 2985 4095; x_wconf 88' lang='lat' dir='ltr'><strong>et</strong></span> <span class='ocrx_word' id='word_1_631' title='bbox 3030 4037 3270 4108; x_wconf 86' lang='lat' dir='ltr'><strong>pulchre</strong></span> <span class='ocrx_word' id='word_1_632' title='bbox 3313 4037 3656 4107; x_wconf 76' lang='lat' dir='ltr'><strong>compositus,</strong></span> <span class='ocrx_word' id='word_1_633' title='bbox 3689 4037 3737 4082; x_wconf 83' lang='grc' dir='ltr'><strong>ιιι</strong></span> 
     </span>
    </p>
   </div>
   <div class='ocr_carea' id='block_1_86' title="bbox 2150 4120 3738 4199">
    <p class='ocr_par' dir='ltr' id='par_1_86' title="bbox 2150 4120 3738 4199">
     <span class='ocr_line' id='line_1_86' title="bbox 2150 4120 3738 4199; baseline -0.008 -13"><span class='ocrx_word' id='word_1_634' title='bbox 2150 4132 2346 4186; x_wconf 90' lang='lat' dir='ltr'><strong>merito</strong></span> <span class='ocrx_word' id='word_1_635' title='bbox 2375 4131 2739 4199; x_wconf 87' lang='lat' dir='ltr'><strong>unusquisque</strong></span> <span class='ocrx_word' id='word_1_636' title='bbox 2768 4128 3068 4199; x_wconf 91' lang='lat' dir='ltr'><strong>principum</strong></span> <span class='ocrx_word' id='word_1_637' title='bbox 3100 4136 3329 4184; x_wconf 87' lang='lat' dir='ltr'><strong>tantum</strong></span> <span class='ocrx_word' id='word_1_638' title='bbox 3363 4125 3647 4199; x_wconf 70' lang='lat' dir='ltr'><strong>pneclarus</strong></span> <span class='ocrx_word' id='word_1_639' title='bbox 3669 4120 3738 4174; x_wconf 89' lang='lat' dir='ltr'><strong>in-</strong></span> 
     </span>
    </p>
   </div>
   <div class='ocr_carea' id='block_1_87' title="bbox 2154 4208 3741 4291">
    <p class='ocr_par' dir='ltr' id='par_1_87' title="bbox 2154 4208 3741 4291">
     <span class='ocr_line' id='line_1_87' title="bbox 2154 4208 3741 4291; baseline -0.008 -14"><span class='ocrx_word' id='word_1_640' title='bbox 2154 4224 2440 4289; x_wconf 88' lang='lat' dir='ltr'><strong>telligatur,</strong></span> <span class='ocrx_word' id='word_1_641' title='bbox 2473 4227 2732 4291; x_wconf 89' lang='lat' dir='ltr'><strong>quantum</strong></span> <span class='ocrx_word' id='word_1_642' title='bbox 2762 4218 2986 4274; x_wconf 87' lang='lat' dir='ltr'><strong>consilia</strong></span> <span class='ocrx_word' id='word_1_643' title='bbox 3032 4218 3210 4288; x_wconf 88' lang='lat' dir='ltr'><strong>ipsius</strong></span> <span class='ocrx_word' id='word_1_644' title='bbox 3264 4233 3461 4273; x_wconf 87' lang='lat' dir='ltr'><strong>amare</strong></span> <span class='ocrx_word' id='word_1_645' title='bbox 3500 4208 3741 4283; x_wconf 75' lang='lat' dir='ltr'><strong>dignosci-</strong></span> 
     </span>
    </p>
   </div>
   <div class='ocr_carea' id='block_1_88' title="bbox 2154 4301 3744 4383">
    <p class='ocr_par' dir='ltr' id='par_1_88' title="bbox 2154 4301 3744 4383">
     <span class='ocr_line' id='line_1_88' title="bbox 2154 4301 3744 4383; baseline -0.011 -14"><span class='ocrx_word' id='word_1_646' title='bbox 2154 4322 2257 4369; x_wconf 89' lang='lat' dir='ltr'><strong>tur.</strong></span> <span class='ocrx_word' id='word_1_647' title='bbox 2299 4312 2502 4368; x_wconf 75' lang='lat' dir='ltr'><strong>ldcireo</strong></span> <span class='ocrx_word' id='word_1_648' title='bbox 2531 4326 2728 4383; x_wconf 87' lang='lat' dir='ltr'><strong>parens</strong></span> <span class='ocrx_word' id='word_1_649' title='bbox 2760 4310 2925 4379; x_wconf 89' lang='lat' dir='ltr'><strong>ipsius</strong></span> <span class='ocrx_word' id='word_1_650' title='bbox 2950 4308 3113 4370; x_wconf 84' lang='lat' dir='ltr'><strong>debet</strong></span> <span class='ocrx_word' id='word_1_651' title='bbox 3142 4309 3333 4376; x_wconf 91' lang='lat' dir='ltr'><strong>credi,</strong></span> <span class='ocrx_word' id='word_1_652' title='bbox 3361 4307 3460 4378; x_wconf 86' lang='lat' dir='ltr'><strong>qui</strong></span> <span class='ocrx_word' id='word_1_653' title='bbox 3489 4306 3601 4375; x_wconf 87' lang='lat' dir='ltr'><strong>ejus</strong></span> <span class='ocrx_word' id='word_1_654' title='bbox 3626 4301 3744 4357; x_wconf 77' lang='lat' dir='ltr'><strong>facta</strong></span> 
     </span>
    </p>
   </div>
   <div class='ocr_carea' id='block_1_89' title="bbox 2152 4395 3746 4475">
    <p class='ocr_par' dir='ltr' id='par_1_89' title="bbox 2152 4395 3746 4475">
     <span class='ocr_line' id='line_1_89' title="bbox 2152 4395 3746 4475; baseline -0.011 -15"><span class='ocrx_word' id='word_1_655' title='bbox 2152 4404 2388 4475; x_wconf 88' lang='lat' dir='ltr'><strong>potuerit</strong></span> <span class='ocrx_word' id='word_1_656' title='bbox 2436 4401 2652 4458; x_wconf 90' lang='lat' dir='ltr'><strong>imitari.</strong></span> <span class='ocrx_word' id='word_1_657' title='bbox 2706 4399 2772 4453; x_wconf 82' lang='lat' dir='ltr'><strong>Et</strong></span> <span class='ocrx_word' id='word_1_658' title='bbox 2817 4400 2937 4455; x_wconf 89' lang='lat' dir='ltr'><strong>ideo</strong></span> <span class='ocrx_word' id='word_1_659' title='bbox 2983 4415 3082 4469; x_wconf 86' lang='lat' dir='ltr'><strong>pro</strong></span> <span class='ocrx_word' id='word_1_660' title='bbox 3128 4402 3297 4473; x_wconf 72' lang='lat' dir='ltr'><strong>regni</strong></span> <span class='ocrx_word' id='word_1_661' title='bbox 3342 4399 3519 4472; x_wconf 77' lang='lat' dir='ltr'><strong>nostri</strong></span> <span class='ocrx_word' id='word_1_662' title='bbox 3548 4395 3746 4451; x_wconf 83' lang='lat' dir='ltr'><strong>utilitate</strong></span> 
     </span>
    </p>
   </div>
   <div class='ocr_carea' id='block_1_90' title="bbox 2152 4482 3748 4562">
    <p class='ocr_par' dir='ltr' id='par_1_90' title="bbox 2152 4482 3748 4562">
     <span class='ocr_line' id='line_1_90' title="bbox 2152 4482 3748 4562; baseline -0.006 -10"><span class='ocrx_word' id='word_1_663' title='bbox 2152 4504 2325 4552; x_wconf 89' lang='lat' dir='ltr'><strong>estote</strong></span> <span class='ocrx_word' id='word_1_664' title='bbox 2366 4495 2599 4560; x_wconf 90' lang='lat' dir='ltr'><strong>solliciti,</strong></span> <span class='ocrx_word' id='word_1_665' title='bbox 2642 4494 2711 4549; x_wconf 88' lang='lat' dir='ltr'><strong>de</strong></span> <span class='ocrx_word' id='word_1_666' title='bbox 2760 4494 2968 4548; x_wconf 89' lang='lat' dir='ltr'><strong>interna</strong></span> <span class='ocrx_word' id='word_1_667' title='bbox 3014 4492 3489 4562; x_wconf 68' lang='lat' dir='ltr'><strong>conversatione,</strong></span> <span class='ocrx_word' id='word_1_668' title='bbox 3536 4487 3640 4558; x_wconf 79' lang='lat' dir='ltr'><strong>Deo</strong></span> <span class='ocrx_word' id='word_1_669' title='bbox 3676 4482 3748 4554; x_wconf 45' lang='lat' dir='ltr'><strong>in.</strong></span> 
     </span>
    </p>
   </div>
   <div class='ocr_carea' id='block_1_91' title="bbox 406 4574 2558 4657">
    <p class='ocr_par' dir='ltr' id='par_1_91' title="bbox 406 4574 2558 4657">
     <span class='ocr_line' id='line_1_91' title="bbox 406 4574 2558 4657; baseline -0.002 -18"><span class='ocrx_word' id='word_1_670' title='bbox 406 4600 409 4601; x_wconf 68' lang='lat'><strong><em>&#39;</em></strong></span> <span class='ocrx_word' id='word_1_671' title='bbox 462 4586 553 4657; x_wconf 77' lang='lat' dir='ltr'><strong>tali</strong></span> <span class='ocrx_word' id='word_1_672' title='bbox 595 4582 977 4655; x_wconf 86' lang='lat' dir='ltr'><strong>imaginatione</strong></span> <span class='ocrx_word' id='word_1_673' title='bbox 1020 4579 1368 4655; x_wconf 83' lang='lat' dir='ltr'><strong>cognoscant.</strong></span> <span class='ocrx_word' id='word_1_674' title='bbox 1399 4579 1467 4638; x_wconf 85' lang='lat' dir='ltr'><strong>Et</strong></span> <span class='ocrx_word' id='word_1_675' title='bbox 1508 4584 1633 4638; x_wconf 83' lang='lat' dir='ltr'><strong>ideo</strong></span> <span class='ocrx_word' id='word_1_676' title='bbox 1677 4599 1781 4639; x_wconf 91' lang='lat' dir='ltr'><strong>non</strong></span> <span class='ocrx_word' id='word_1_677' title='bbox 1827 4574 2050 4652; x_wconf 80' lang='lat' dir='ltr'><strong>patiaris</strong></span> <span class='ocrx_word' id='word_1_678' title='bbox 2079 4596 2129 4657; x_wconf 77' lang='grc' dir='ltr'><strong>ι)</strong></span> <span class='ocrx_word' id='word_1_679' title='bbox 2156 4596 2334 4654; x_wconf 77' lang='lat' dir='ltr'><strong>vantc,</strong></span> <span class='ocrx_word' id='word_1_680' title='bbox 2365 4586 2558 4642; x_wconf 81' lang='lat' dir='ltr'><strong>securi.</strong></span> 
     </span>
    </p>
   </div>
   <div class='ocr_carea' id='block_1_92' title="bbox 460 4668 2049 4751">
    <p class='ocr_par' dir='ltr' id='par_1_92' title="bbox 460 4668 2049 4751">
     <span class='ocr_line' id='line_1_92' title="bbox 460 4668 2049 4751; baseline -0.001 -21"><span class='ocrx_word' id='word_1_681' title='bbox 460 4668 658 4747; x_wconf 81' lang='lat' dir='ltr'><strong>perire,</strong></span> <span class='ocrx_word' id='word_1_682' title='bbox 686 4676 900 4747; x_wconf 86' lang='lat' dir='ltr'><strong>quando</strong></span> <span class='ocrx_word' id='word_1_683' title='bbox 931 4671 1186 4732; x_wconf 77' lang='lat' dir='ltr'><strong>Romamn</strong></span> <span class='ocrx_word' id='word_1_684' title='bbox 1213 4677 1486 4751; x_wconf 82' lang='lat' dir='ltr'><strong>dignitatis</strong></span> <span class='ocrx_word' id='word_1_685' title='bbox 1505 4683 1588 4747; x_wconf 78' lang='lat' dir='ltr'><strong>est</strong></span> <span class='ocrx_word' id='word_1_686' title='bbox 1614 4672 1877 4728; x_wconf 81' lang='lat' dir='ltr'><strong>artificum</strong></span> <span class='ocrx_word' id='word_1_687' title='bbox 1903 4673 2049 4742; x_wconf 86' lang='lat' dir='ltr'><strong>iugc-</strong></span> 
     </span>
    </p>
   </div>
   <div class='ocr_carea' id='block_1_93' title="bbox 458 4762 2048 4845">
    <p class='ocr_par' dir='ltr' id='par_1_93' title="bbox 458 4762 2048 4845">
     <span class='ocr_line' id='line_1_93' title="bbox 458 4762 2048 4845; baseline -0.003 -22"><span class='ocrx_word' id='word_1_688' title='bbox 458 4770 562 4829; x_wconf 86' lang='lat' dir='ltr'><strong>niis</strong></span> <span class='ocrx_word' id='word_1_689' title='bbox 600 4769 652 4822; x_wconf 91' lang='lat' dir='ltr'><strong>in</strong></span> <span class='ocrx_word' id='word_1_690' title='bbox 686 4767 774 4822; x_wconf 87' lang='lat' dir='ltr'><strong>illa</strong></span> <span class='ocrx_word' id='word_1_691' title='bbox 803 4768 934 4822; x_wconf 91' lang='lat' dir='ltr'><strong>urbe</strong></span> <span class='ocrx_word' id='word_1_692' title='bbox 963 4768 1277 4834; x_wconf 86' lang='lat' dir='ltr'><strong>recondere,</strong></span> <span class='ocrx_word' id='word_1_693' title='bbox 1310 4762 1455 4845; x_wconf 86' lang='lat' dir='ltr'><strong>quod</strong></span> <span class='ocrx_word' id='word_1_694' title='bbox 1480 4782 1577 4845; x_wconf 85' lang='lat' dir='ltr'><strong>per</strong></span> <span class='ocrx_word' id='word_1_695' title='bbox 1599 4766 1841 4836; x_wconf 82' lang='lat' dir='ltr'><strong>diversas</strong></span> <span class='ocrx_word' id='word_1_696' title='bbox 1867 4764 2048 4820; x_wconf 89' lang='lat' dir='ltr'><strong>mundi</strong></span> 
     </span>
    </p>
   </div>
   <div class='ocr_carea' id='block_1_94' title="bbox 460 4844 1784 4933">
    <p class='ocr_par' dir='ltr' id='par_1_94' title="bbox 460 4844 1784 4933">
     <span class='ocr_line' id='line_1_94' title="bbox 460 4844 1784 4933; baseline -0.002 -20"><span class='ocrx_word' id='word_1_697' title='bbox 460 4867 641 4933; x_wconf 86' lang='lat' dir='ltr'><strong>partes</strong></span> <span class='ocrx_word' id='word_1_698' title='bbox 672 4857 1016 4927; x_wconf 84' lang='lat' dir='ltr'><strong>cognoscitur</strong></span> <span class='ocrx_word' id='word_1_699' title='bbox 1044 4856 1194 4912; x_wconf 87' lang='lat' dir='ltr'><strong>dives</strong></span> <span class='ocrx_word' id='word_1_700' title='bbox 1225 4844 1413 4911; x_wconf 86' lang='lat' dir='ltr'><strong>natura</strong></span> <span class='ocrx_word' id='word_1_701' title='bbox 1445 4844 1784 4933; x_wconf 75' lang='lat' dir='ltr'><strong>procreasse.</strong></span> 
     </span>
    </p>
   </div>
   <div class='ocr_carea' id='block_1_95' title="bbox 470 4938 647 4959">
    <p class='ocr_par' dir='ltr' id='par_1_95' title="bbox 470 4938 647 4959">
     <span class='ocr_line' id='line_1_95' title="bbox 470 4938 647 4959; baseline 0 -10"><span class='ocrx_word' id='word_1_702' title='bbox 470 4938 481 4959; x_wconf 50' lang='grc' dir='ltr'><strong>ι</strong></span> <span class='ocrx_word' id='word_1_703' title='bbox 642 4944 647 4949; x_wconf 95' lang='grc'><strong><em>,</em></strong></span> 
     </span>
    </p>
   </div>
   <div class='ocr_carea' id='block_1_96' title="bbox 983 4964 1535 5049">
    <p class='ocr_par' dir='ltr' id='par_1_96' title="bbox 983 4964 1535 5049">
     <span class='ocr_line' id='line_1_96' title="bbox 983 4964 1535 5049; baseline -0.007 -27"><span class='ocrx_word' id='word_1_704' title='bbox 983 4965 1308 5024; x_wconf 61' lang='lat' dir='ltr'><strong>erasmus</strong></span> <span class='ocrx_word' id='word_1_705' title='bbox 1347 4964 1535 5049; x_wconf 70' lang='lat' dir='ltr'><strong>xxxi.</strong></span> 
     </span>
    </p>
   </div>
   <div class='ocr_carea' id='block_1_97' title="bbox 817 5073 1674 5139">
    <p class='ocr_par' dir='ltr' id='par_1_97' title="bbox 817 5073 1674 5139">
     <span class='ocr_line' id='line_1_97' title="bbox 817 5073 1674 5139; baseline -0.012 -20"><span class='ocrx_word' id='word_1_706' title='bbox 817 5077 1083 5139; x_wconf 61' lang='lat' dir='ltr'><strong>UMVERSIS</strong></span> <span class='ocrx_word' id='word_1_707' title='bbox 1111 5075 1302 5116; x_wconf 80' lang='lat' dir='ltr'><strong>GOTHIS</strong></span> <span class='ocrx_word' id='word_1_708' title='bbox 1331 5073 1519 5113; x_wconf 71' lang='lat' dir='ltr'><strong>VITIGIS</strong></span> <span class='ocrx_word' id='word_1_709' title='bbox 1549 5074 1674 5113; x_wconf 68' lang='grc' dir='ltr'><strong>ηεκ.</strong></span> 
     </span>
    </p>
   </div>
   <div class='ocr_carea' id='block_1_98' title="bbox 464 5139 2051 5229">
    <p class='ocr_par' dir='ltr' id='par_1_98' title="bbox 464 5139 2051 5229">
     <span class='ocr_line' id='line_1_98' title="bbox 464 5139 2051 5229; baseline -0.008 -17"><span class='ocrx_word' id='word_1_710' title='bbox 464 5157 657 5227; x_wconf 68' lang='lat' dir='ltr'><strong>Scribit</strong></span> <span class='ocrx_word' id='word_1_711' title='bbox 690 5172 746 5229; x_wconf 64' lang='lat' dir='ltr'><strong>se</strong></span> <span class='ocrx_word' id='word_1_712' title='bbox 785 5154 848 5229; x_wconf 62' lang='lat' dir='ltr'><strong>at}</strong></span> <span class='ocrx_word' id='word_1_713' title='bbox 887 5139 1135 5229; x_wconf 65' lang='lat' dir='ltr'><strong>exercitu,</strong></span> <span class='ocrx_word' id='word_1_714' title='bbox 1175 5167 1317 5206; x_wconf 89' lang='lat' dir='ltr'><strong>more</strong></span> <span class='ocrx_word' id='word_1_715' title='bbox 1361 5150 1639 5220; x_wconf 63' lang='lat' dir='ltr'><strong>majorum,</strong></span> <span class='ocrx_word' id='word_1_716' title='bbox 1684 5163 1852 5219; x_wconf 80' lang='lat' dir='ltr'><strong>regem</strong></span> <span class='ocrx_word' id='word_1_717' title='bbox 1893 5146 2051 5219; x_wconf 72' lang='lat' dir='ltr'><strong>fuisse</strong></span> 
     </span>
    </p>
   </div>
   <div class='ocr_carea' id='block_1_99' title="bbox 732 5224 1375 5276">
    <p class='ocr_par' dir='ltr' id='par_1_99' title="bbox 732 5224 1375 5276">
     <span class='ocr_line' id='line_1_99' title="bbox 732 5224 1375 5276; baseline -0.005 0"><span class='ocrx_word' id='word_1_718' title='bbox 732 5224 740 5235; x_wconf 59' lang='lat'><strong>‘</strong></span> <span class='ocrx_word' id='word_1_719' title='bbox 830 5224 839 5229; x_wconf 86' lang='grc'><em>’</em></span> <span class='ocrx_word' id='word_1_720' title='bbox 992 5224 1001 5231; x_wconf 71' lang='grc'><em>“</em></span> <span class='ocrx_word' id='word_1_721' title='bbox 1071 5228 1375 5276; x_wconf 59' lang='lat' dir='ltr'><strong>‘creatum.</strong></span> 
     </span>
    </p>
   </div>
   <div class='ocr_carea' id='block_1_100' title="bbox 533 5309 2051 5387">
    <p class='ocr_par' dir='ltr' id='par_1_100' title="bbox 533 5309 2051 5387">
     <span class='ocr_line' id='line_1_100' title="bbox 533 5309 2051 5387; baseline -0.007 -14"><span class='ocrx_word' id='word_1_722' title='bbox 533 5318 790 5387; x_wconf 84' lang='lat' dir='ltr'><strong>Quamvis</strong></span> <span class='ocrx_word' id='word_1_723' title='bbox 811 5318 986 5375; x_wconf 90' lang='lat' dir='ltr'><strong>omnis</strong></span> <span class='ocrx_word' id='word_1_724' title='bbox 1007 5322 1294 5387; x_wconf 89' lang='lat' dir='ltr'><strong>provectus</strong></span> <span class='ocrx_word' id='word_1_725' title='bbox 1319 5313 1387 5369; x_wconf 89' lang='lat' dir='ltr'><strong>ad</strong></span> <span class='ocrx_word' id='word_1_726' title='bbox 1410 5309 1710 5369; x_wconf 88' lang='lat' dir='ltr'><strong>Divinitatis</strong></span> <span class='ocrx_word' id='word_1_727' title='bbox 1727 5316 1807 5365; x_wconf 91' lang='lat' dir='ltr'><strong>est</strong></span> <span class='ocrx_word' id='word_1_728' title='bbox 1830 5323 2051 5363; x_wconf 84' lang='lat' dir='ltr'><strong>munera</strong></span> 
     </span>
    </p>
   </div>
   <div class='ocr_carea' id='block_1_101' title="bbox 466 5386 2052 5485">
    <p class='ocr_par' dir='ltr' id='par_1_101' title="bbox 466 5386 2052 5485">
     <span class='ocr_line' id='line_1_101' title="bbox 466 5386 2052 5485; baseline -0.007 -21"><span class='ocrx_word' id='word_1_729' title='bbox 466 5386 796 5465; x_wconf 76' lang='lat' dir='ltr'><strong>refcrendus.</strong></span> <span class='ocrx_word' id='word_1_730' title='bbox 829 5424 929 5463; x_wconf 87' lang='lat' dir='ltr'><strong>nec</strong></span> <span class='ocrx_word' id='word_1_731' title='bbox 956 5386 1157 5485; x_wconf 69' lang='lat' dir='ltr'><strong>aliquid</strong></span> <span class='ocrx_word' id='word_1_732' title='bbox 1186 5400 1400 5475; x_wconf 75' lang='lat' dir='ltr'><strong>eoostat</strong></span> <span class='ocrx_word' id='word_1_733' title='bbox 1428 5389 1650 5471; x_wconf 86' lang='lat' dir='ltr'><strong>bonum,</strong></span> <span class='ocrx_word' id='word_1_734' title='bbox 1683 5401 1784 5463; x_wconf 89' lang='lat' dir='ltr'><strong>nisi</strong></span> <span class='ocrx_word' id='word_1_735' title='bbox 1813 5400 1955 5472; x_wconf 90' lang='lat' dir='ltr'><strong>quod</strong></span> <span class='ocrx_word' id='word_1_736' title='bbox 1983 5399 2052 5454; x_wconf 89' lang='lat' dir='ltr'><strong>ab</strong></span> 
     </span>
    </p>
   </div>
   <div class='ocr_carea' id='block_1_102' title="bbox 538 5598 2057 5679">
    <p class='ocr_par' dir='ltr' id='par_1_102' title="bbox 538 5598 2057 5679">
     <span class='ocr_line' id='line_1_102' title="bbox 538 5598 2057 5679; baseline -0.01 -13"><span class='ocrx_word' id='word_1_737' title='bbox 538 5619 565 5675; x_wconf 52' lang='grc' dir='ltr'>ἢ</span> <span class='ocrx_word' id='word_1_738' title='bbox 597 5608 688 5665; x_wconf 83' lang='lat' dir='ltr'><strong>Sic</strong></span> <span class='ocrx_word' id='word_1_739' title='bbox 710 5607 827 5664; x_wconf 88' lang='lat' dir='ltr'><strong>Ado</strong></span> <span class='ocrx_word' id='word_1_740' title='bbox 857 5606 1176 5679; x_wconf 80' lang='lat' dir='ltr'><strong>Viennensis</strong></span> <span class='ocrx_word' id='word_1_741' title='bbox 1203 5605 1256 5679; x_wconf 84' lang='lat' dir='ltr'><strong>in</strong></span> <span class='ocrx_word' id='word_1_742' title='bbox 1278 5612 1438 5679; x_wconf 77' lang='lat' dir='ltr'><strong>:etate</strong></span> <span class='ocrx_word' id='word_1_743' title='bbox 1466 5609 1618 5679; x_wconf 57' lang='lat' dir='ltr'><strong>serta</strong></span> <span class='ocrx_word' id='word_1_744' title='bbox 1655 5618 1666 5652; x_wconf 93' lang='lat'><strong>:</strong></span> <span class='ocrx_word' id='word_1_745' title='bbox 1701 5598 1806 5654; x_wconf 86' lang='lat' dir='ltr'><strong>Sed</strong></span> <span class='ocrx_word' id='word_1_746' title='bbox 1837 5598 2057 5679; x_wconf 76' lang='lat' dir='ltr'><strong>Francis</strong></span> 
     </span>
    </p>
   </div>
   <div class='ocr_carea' id='block_1_103' title="bbox 468 5673 2057 5744">
    <p class='ocr_par' dir='ltr' id='par_1_103' title="bbox 468 5673 2057 5744">
     <span class='ocr_line' id='line_1_103' title="bbox 468 5673 2057 5744; baseline -0.009 -10"><span class='ocrx_word' id='word_1_747' title='bbox 468 5673 812 5734; x_wconf 83' lang='lat' dir='ltr'><strong>consentiens</strong></span> <span class='ocrx_word' id='word_1_748' title='bbox 832 5693 983 5732; x_wconf 89' lang='lat' dir='ltr'><strong>more</strong></span> <span class='ocrx_word' id='word_1_749' title='bbox 1006 5677 1180 5743; x_wconf 79' lang='lat' dir='ltr'><strong>gentis</strong></span> <span class='ocrx_word' id='word_1_750' title='bbox 1209 5676 1487 5744; x_wconf 88' lang='lat' dir='ltr'><strong>impositus</strong></span> <span class='ocrx_word' id='word_1_751' title='bbox 1515 5673 1704 5744; x_wconf 75' lang='lat' dir='ltr'><strong>clypeo</strong></span> <span class='ocrx_word' id='word_1_752' title='bbox 1732 5686 1829 5744; x_wconf 79' lang='lat' dir='ltr'><strong>rex</strong></span> <span class='ocrx_word' id='word_1_753' title='bbox 1858 5673 2057 5744; x_wconf 81' lang='lat' dir='ltr'><strong>consti-</strong></span> 
     </span>
    </p>
   </div>
   <div class='ocr_carea' id='block_1_104' title="bbox 471 5740 2057 5823">
    <p class='ocr_par' dir='ltr' id='par_1_104' title="bbox 471 5740 2057 5823">
     <span class='ocr_line' id='line_1_104' title="bbox 471 5740 2057 5823; baseline -0.009 -19"><span class='ocrx_word' id='word_1_754' title='bbox 471 5756 614 5823; x_wconf 68' lang='lat' dir='ltr'><strong>tutus</strong></span> <span class='ocrx_word' id='word_1_755' title='bbox 636 5758 740 5816; x_wconf 91' lang='lat' dir='ltr'><strong>est,</strong></span> <span class='ocrx_word' id='word_1_756' title='bbox 768 5748 846 5823; x_wconf 76' lang='lat' dir='ltr'><strong>sic</strong></span> <span class='ocrx_word' id='word_1_757' title='bbox 866 5749 973 5823; x_wconf 83' lang='lat' dir='ltr'><strong>ille.</strong></span> <span class='ocrx_word' id='word_1_758' title='bbox 997 5740 1103 5801; x_wconf 87' lang='lat' dir='ltr'><strong>Sed</strong></span> <span class='ocrx_word' id='word_1_759' title='bbox 1126 5753 1182 5801; x_wconf 89' lang='lat' dir='ltr'><strong>et</strong></span> <span class='ocrx_word' id='word_1_760' title='bbox 1210 5740 1438 5823; x_wconf 72' lang='lat' dir='ltr'><strong>Romani</strong></span> <span class='ocrx_word' id='word_1_761' title='bbox 1458 5740 1928 5823; x_wconf 41' lang='lat' dir='ltr'><strong>etlrarbari‘quem</strong></span> <span class='ocrx_word' id='word_1_762' title='bbox 1959 5740 2057 5823; x_wconf 56' lang='lat' dir='ltr'><strong>im:</strong></span> 
     </span>
    </p>
   </div>
   <div class='ocr_carea' id='block_1_105' title="bbox 469 5808 2060 5889">
    <p class='ocr_par' dir='ltr' id='par_1_105' title="bbox 469 5808 2060 5889">
     <span class='ocr_line' id='line_1_105' title="bbox 469 5808 2060 5889; baseline -0.008 -16"><span class='ocrx_word' id='word_1_763' title='bbox 469 5808 775 5889; x_wconf 69' lang='lat' dir='ltr'><strong>peratorein</strong></span> <span class='ocrx_word' id='word_1_764' title='bbox 790 5818 1085 5889; x_wconf 80' lang='lat' dir='ltr'><strong>_facieb_ant,</strong></span> <span class='ocrx_word' id='word_1_765' title='bbox 1108 5832 1228 5889; x_wconf 83' lang='lat' dir='ltr'><strong>eum</strong></span> <span class='ocrx_word' id='word_1_766' title='bbox 1253 5817 1304 5869; x_wconf 93' lang='lat' dir='ltr'><strong>in</strong></span> <span class='ocrx_word' id='word_1_767' title='bbox 1326 5815 1489 5889; x_wconf 69' lang='lat' dir='ltr'><strong>altum</strong></span> <span class='ocrx_word' id='word_1_768' title='bbox 1514 5811 1870 5889; x_wconf 47' lang='lat' dir='ltr'><strong>tol_lel)a‘nt,ut</strong></span> <span class='ocrx_word' id='word_1_769' title='bbox 1893 5808 2060 5889; x_wconf 70' lang='lat' dir='ltr'><strong>liquet</strong></span> 
     </span>
    </p>
   </div>
   <div class='ocr_carea' id='block_1_106' title="bbox 478 5878 2059 5965">
    <p class='ocr_par' dir='ltr' id='par_1_106' title="bbox 478 5878 2059 5965">
     <span class='ocr_line' id='line_1_106' title="bbox 478 5878 2059 5965; baseline -0.007 -23"><span class='ocrx_word' id='word_1_770' title='bbox 478 5878 545 5965; x_wconf 58' lang='lat' dir='ltr'><strong>&#39;t&#39;x</strong></span> <span class='ocrx_word' id='word_1_771' title='bbox 571 5886 840 5942; x_wconf 75' lang='lat' dir='ltr'><strong>Jornandc</strong></span> <span class='ocrx_word' id='word_1_772' title='bbox 871 5889 923 5941; x_wconf 90' lang='lat' dir='ltr'><strong>in</strong></span> <span class='ocrx_word' id='word_1_773' title='bbox 952 5885 1240 5955; x_wconf 77' lang='lat' dir='ltr'><strong>Chronico,</strong></span> <span class='ocrx_word' id='word_1_774' title='bbox 1271 5899 1389 5953; x_wconf 86' lang='lat' dir='ltr'><strong>cap.</strong></span> <span class='ocrx_word' id='word_1_775' title='bbox 1423 5881 1516 5949; x_wconf 79' lang='lat'><strong>60,</strong></span> <span class='ocrx_word' id='word_1_776' title='bbox 1546 5880 1636 5941; x_wconf 81' lang='lat' dir='ltr'><strong>ubi</strong></span> <span class='ocrx_word' id='word_1_777' title='bbox 1669 5878 2059 5943; x_wconf 64' lang='lat' dir='ltr'><strong>alia&#39;testitno—</strong></span> 
     </span>
    </p>
   </div>
   <div class='ocr_carea' id='block_1_107' title="bbox 2656 4673 3258 4747">
    <p class='ocr_par' dir='ltr' id='par_1_107' title="bbox 2656 4673 3258 4747">
     <span class='ocr_line' id='line_1_107' title="bbox 2656 4673 3258 4747; baseline 0 -17"><span class='ocrx_word' id='word_1_778' title='bbox 2656 4675 2985 4747; x_wconf 80' lang='lat' dir='ltr'><strong>EPlSTOLA</strong></span> <span class='ocrx_word' id='word_1_779' title='bbox 3025 4673 3258 4741; x_wconf 74' lang='lat' dir='ltr'><strong>xxxn.</strong></span> 
     </span>
    </p>
   </div>
   <div class='ocr_carea' id='block_1_108' title="bbox 2406 4765 3520 4834">
    <p class='ocr_par' dir='ltr' id='par_1_108' title="bbox 2406 4765 3520 4834">
     <span class='ocr_line' id='line_1_108' title="bbox 2406 4765 3520 4834; baseline -0.004 -10"><span class='ocrx_word' id='word_1_780' title='bbox 2406 4784 2707 4831; x_wconf 61' lang='lat' dir='ltr'><strong>JUSTINMNO</strong></span> <span class='ocrx_word' id='word_1_781' title='bbox 2736 4782 3055 4822; x_wconf 66' lang='lat' dir='ltr'><strong>IMPERATORI</strong></span> <span class='ocrx_word' id='word_1_782' title='bbox 3086 4782 3304 4822; x_wconf 73' lang='lat' dir='ltr'><strong>VITIGIS</strong></span> <span class='ocrx_word' id='word_1_783' title='bbox 3324 4784 3439 4834; x_wconf 62' lang='grc' dir='ltr'><strong>ηεξ</strong></span> <span class='ocrx_word' id='word_1_784' title='bbox 3473 4765 3520 4820; x_wconf 81' lang='grc' dir='ltr'><strong>Ι⁵.</strong></span> 
     </span>
    </p>
   </div>
   <div class='ocr_carea' id='block_1_109' title="bbox 2164 4853 3755 4978">
    <p class='ocr_par' dir='ltr' id='par_1_109' title="bbox 2164 4853 3755 4978">
     <span class='ocr_line' id='line_1_109' title="bbox 2164 4853 3755 4978; baseline -0.011 -61"><span class='ocrx_word' id='word_1_785' title='bbox 2164 4861 2388 4933; x_wconf 70' lang='lat' dir='ltr'><strong>Exponit</strong></span> <span class='ocrx_word' id='word_1_786' title='bbox 2421 4860 2741 4925; x_wconf 79' lang='lat' dir='ltr'><strong>calamitates</strong></span> <span class='ocrx_word' id='word_1_787' title='bbox 2768 4875 2894 4926; x_wconf 77' lang='lat' dir='ltr'><strong>quas</strong></span> <span class='ocrx_word' id='word_1_788' title='bbox 2935 4855 3094 4910; x_wconf 81' lang='lat' dir='ltr'><strong>Italia</strong></span> <span class='ocrx_word' id='word_1_789' title='bbox 3123 4867 3372 4978; x_wconf 52' lang='lat' dir='ltr'><strong>Eropter</strong></span> <span class='ocrx_word' id='word_1_790' title='bbox 3394 4856 3533 4911; x_wconf 81' lang='lat' dir='ltr'><strong>bella</strong></span> <span class='ocrx_word' id='word_1_791' title='bbox 3556 4853 3755 4936; x_wconf 70' lang='lat' dir='ltr'><strong>sustine—</strong></span> 
     </span>
     <span class='ocr_line' id='line_1_110' title="bbox 2245 4930 3683 4978; baseline -0.001 0"><span class='ocrx_word' id='word_1_792' title='bbox 2245 4934 2351 4978; x_wconf 79' lang='lat' dir='ltr'><strong>bat.</strong></span> <span class='ocrx_word' id='word_1_793' title='bbox 2387 4930 2515 4978; x_wconf 77' lang='lat' dir='ltr'><strong>Tum</strong></span> <span class='ocrx_word' id='word_1_794' title='bbox 2546 4946 2635 4978; x_wconf 84' lang='lat' dir='ltr'><strong>ner</strong></span> <span class='ocrx_word' id='word_1_795' title='bbox 2660 4930 2853 4978; x_wconf 79' lang='lat' dir='ltr'><strong>[mutos</strong></span> <span class='ocrx_word' id='word_1_796' title='bbox 2879 4944 3053 4978; x_wconf 81' lang='lat' dir='ltr'><strong>nucem</strong></span> <span class='ocrx_word' id='word_1_797' title='bbox 3084 4944 3116 4978; x_wconf 77' lang='grc' dir='ltr'><strong>ιι</strong></span> <span class='ocrx_word' id='word_1_798' title='bbox 3187 4930 3528 4978; x_wconf 74' lang='lat' dir='ltr'><strong>imneratore</strong></span> <span class='ocrx_word' id='word_1_799' title='bbox 3551 4935 3683 4978; x_wconf 74' lang='lat' dir='ltr'><strong>vctu.</strong></span> 
     </span>
    </p>
   </div>
   <div class='ocr_carea' id='block_1_110' title="bbox 2245 4930 3683 5007">
    <p class='ocr_par' dir='ltr' id='par_1_110' title="bbox 2245 4930 3683 5007">
     <span class='ocr_line' id='line_1_111' title="bbox 2245 4930 3683 5007; baseline -0.007 -22"><span class='ocrx_word' id='word_1_800' title='bbox 2245 4930 2351 5007; x_wconf 72' lang='lat' dir='ltr'><strong>bat.</strong></span> <span class='ocrx_word' id='word_1_801' title='bbox 2387 4930 2515 4984; x_wconf 83' lang='lat' dir='ltr'><strong>Tum</strong></span> <span class='ocrx_word' id='word_1_802' title='bbox 2545 4946 2635 4997; x_wconf 81' lang='lat' dir='ltr'><strong>per</strong></span> <span class='ocrx_word' id='word_1_803' title='bbox 2660 4930 2853 4998; x_wconf 76' lang='lat' dir='ltr'><strong>legatos</strong></span> <span class='ocrx_word' id='word_1_804' title='bbox 2878 4944 3053 4996; x_wconf 83' lang='lat' dir='ltr'><strong>pacem</strong></span> <span class='ocrx_word' id='word_1_805' title='bbox 3084 4930 3157 4978; x_wconf 85' lang='lat' dir='ltr'><strong>ab</strong></span> <span class='ocrx_word' id='word_1_806' title='bbox 3187 4930 3528 5001; x_wconf 78' lang='lat' dir='ltr'><strong>imperatore</strong></span> <span class='ocrx_word' id='word_1_807' title='bbox 3548 4930 3683 4996; x_wconf 76' lang='lat' dir='ltr'><strong>petit.</strong></span> 
     </span>
    </p>
   </div>
   <div class='ocr_carea' id='block_1_111' title="bbox 2229 5012 3758 5091">
    <p class='ocr_par' dir='ltr' id='par_1_111' title="bbox 2229 5012 3758 5091">
     <span class='ocr_line' id='line_1_112' title="bbox 2229 5012 3758 5091; baseline -0.008 -14"><span class='ocrx_word' id='word_1_808' title='bbox 2229 5023 2440 5090; x_wconf 87' lang='lat' dir='ltr'><strong>Quanta</strong></span> <span class='ocrx_word' id='word_1_809' title='bbox 2481 5015 2546 5075; x_wconf 88' lang='lat' dir='ltr'><strong>sit</strong></span> <span class='ocrx_word' id='word_1_810' title='bbox 2588 5020 2760 5083; x_wconf 86' lang='lat' dir='ltr'><strong>nobis,</strong></span> <span class='ocrx_word' id='word_1_811' title='bbox 2784 5018 3220 5079; x_wconf 87' lang='lat' dir='ltr'><strong>clementissime</strong></span> <span class='ocrx_word' id='word_1_812' title='bbox 3244 5021 3576 5091; x_wconf 87' lang='lat' dir='ltr'><strong>imperator,</strong></span> <span class='ocrx_word' id='word_1_813' title='bbox 3599 5012 3758 5085; x_wconf 71' lang='lat' dir='ltr'><strong>gratia:</strong></span> 
     </span>
    </p>
   </div>
   <div class='ocr_carea' id='block_1_112' title="bbox 2156 5094 3762 5187">
    <p class='ocr_par' dir='ltr' id='par_1_112' title="bbox 2156 5094 3762 5187">
     <span class='ocr_line' id='line_1_113' title="bbox 2156 5094 3762 5187; baseline -0.007 -16"><span class='ocrx_word' id='word_1_814' title='bbox 2156 5120 2346 5171; x_wconf 73' lang='lat' dir='ltr'><strong>vestra:</strong></span> <span class='ocrx_word' id='word_1_815' title='bbox 2385 5114 2563 5167; x_wconf 89' lang='lat' dir='ltr'><strong>votiva</strong></span> <span class='ocrx_word' id='word_1_816' title='bbox 2610 5113 2865 5187; x_wconf 79' lang='lat' dir='ltr'><strong>suavitas,</strong></span> <span class='ocrx_word' id='word_1_817' title='bbox 2898 5112 3019 5166; x_wconf 90' lang='lat' dir='ltr'><strong>hinc</strong></span> <span class='ocrx_word' id='word_1_818' title='bbox 3064 5110 3317 5166; x_wconf 83' lang='lat' dir='ltr'><strong>omnino</strong></span> <span class='ocrx_word' id='word_1_819' title='bbox 3347 5111 3516 5183; x_wconf 78' lang='lat' dir='ltr'><strong>datur</strong></span> <span class='ocrx_word' id='word_1_820' title='bbox 3544 5094 3762 5168; x_wconf 69' lang='lat' dir='ltr'><strong>intelligi.</strong></span> 
     </span>
    </p>
   </div>
   <div class='ocr_carea' id='block_1_113' title="bbox 2159 5197 3767 5280">
    <p class='ocr_par' dir='ltr' id='par_1_113' title="bbox 2159 5197 3767 5280">
     <span class='ocr_line' id='line_1_114' title="bbox 2159 5197 3767 5280; baseline -0.011 -20"><span class='ocrx_word' id='word_1_821' title='bbox 2159 5215 2217 5261; x_wconf 90' lang='lat' dir='ltr'><strong>ut</strong></span> <span class='ocrx_word' id='word_1_822' title='bbox 2254 5213 2375 5277; x_wconf 89' lang='lat' dir='ltr'><strong>post</strong></span> <span class='ocrx_word' id='word_1_823' title='bbox 2420 5212 2500 5259; x_wconf 90' lang='lat' dir='ltr'><strong>tot</strong></span> <span class='ocrx_word' id='word_1_824' title='bbox 2542 5203 2886 5280; x_wconf 79' lang='lat' dir='ltr'><strong>gravissimas</strong></span> <span class='ocrx_word' id='word_1_825' title='bbox 2931 5202 3212 5267; x_wconf 66' lang='lat' dir='ltr'><strong>laesiones,</strong></span> <span class='ocrx_word' id='word_1_826' title='bbox 3248 5211 3313 5256; x_wconf 87' lang='lat' dir='ltr'><strong>et</strong></span> <span class='ocrx_word' id='word_1_827' title='bbox 3343 5208 3499 5275; x_wconf 80' lang='lat' dir='ltr'><strong>tanta</strong></span> <span class='ocrx_word' id='word_1_828' title='bbox 3530 5197 3767 5253; x_wconf 81' lang='lat' dir='ltr'><strong>effusione</strong></span> 
     </span>
    </p>
   </div>
   <div class='ocr_carea' id='block_1_114' title="bbox 2158 5278 3768 5369">
    <p class='ocr_par' dir='ltr' id='par_1_114' title="bbox 2158 5278 3768 5369">
     <span class='ocr_line' id='line_1_115' title="bbox 2158 5278 3768 5369; baseline -0.011 -15"><span class='ocrx_word' id='word_1_829' title='bbox 2158 5297 2429 5369; x_wconf 84' lang='lat' dir='ltr'><strong>sanguinis</strong></span> <span class='ocrx_word' id='word_1_830' title='bbox 2456 5278 2809 5367; x_wconf 84' lang='lat' dir='ltr'><strong>perpetralas,</strong></span> <span class='ocrx_word' id='word_1_831' title='bbox 2849 5294 2927 5348; x_wconf 88' lang='lat' dir='ltr'><strong>sic</strong></span> <span class='ocrx_word' id='word_1_832' title='bbox 2968 5278 3272 5347; x_wconf 84' lang='lat' dir='ltr'><strong>videamur</strong></span> <span class='ocrx_word' id='word_1_833' title='bbox 3318 5283 3521 5364; x_wconf 79' lang='lat' dir='ltr'><strong>pacem</strong></span> <span class='ocrx_word' id='word_1_834' title='bbox 3556 5296 3768 5346; x_wconf 82' lang='lat' dir='ltr'><strong>vestram</strong></span> 
     </span>
    </p>
   </div>
   <div class='ocr_carea' id='block_1_115' title="bbox 2159 5380 3773 5463">
    <p class='ocr_par' dir='ltr' id='par_1_115' title="bbox 2159 5380 3773 5463">
     <span class='ocr_line' id='line_1_116' title="bbox 2159 5380 3773 5463; baseline -0.004 -20"><span class='ocrx_word' id='word_1_835' title='bbox 2159 5380 2418 5463; x_wconf 67' lang='lat' dir='ltr'><strong>qtn&#39;erere,</strong></span> <span class='ocrx_word' id='word_1_836' title='bbox 2451 5395 2704 5454; x_wconf 85' lang='lat' dir='ltr'><strong>tanquam</strong></span> <span class='ocrx_word' id='word_1_837' title='bbox 2732 5400 2831 5439; x_wconf 89' lang='lat' dir='ltr'><strong>nos</strong></span> <span class='ocrx_word' id='word_1_838' title='bbox 2860 5400 3017 5439; x_wconf 89' lang='lat' dir='ltr'><strong>nemo</strong></span> <span class='ocrx_word' id='word_1_839' title='bbox 3047 5392 3389 5462; x_wconf 79' lang='lat' dir='ltr'><strong>vestrorum</strong></span> <span class='ocrx_word' id='word_1_840' title='bbox 3420 5392 3640 5459; x_wconf 87' lang='lat' dir='ltr'><strong>putetur</strong></span> <span class='ocrx_word' id='word_1_841' title='bbox 3660 5385 3773 5437; x_wconf 67' lang='lat' dir='ltr'><strong>ante</strong></span> 
     </span>
    </p>
   </div>
   <div class='ocr_carea' id='block_1_116' title="bbox 2162 5588 3775 5659">
    <p class='ocr_par' dir='ltr' id='par_1_116' title="bbox 2162 5588 3775 5659">
     <span class='ocr_line' id='line_1_117' title="bbox 2162 5588 3775 5659; baseline -0.007 -12"><span class='ocrx_word' id='word_1_842' title='bbox 2162 5595 2247 5647; x_wconf 81' lang='lat' dir='ltr'><strong>nia</strong></span> <span class='ocrx_word' id='word_1_843' title='bbox 2277 5592 2478 5647; x_wconf 89' lang='lat' dir='ltr'><strong>notavi.</strong></span> <span class='ocrx_word' id='word_1_844' title='bbox 2513 5590 2586 5644; x_wconf 86' lang='lat' dir='ltr'><strong>Ea</strong></span> <span class='ocrx_word' id='word_1_845' title='bbox 2616 5598 2794 5645; x_wconf 89' lang='lat' dir='ltr'><strong>autem</strong></span> <span class='ocrx_word' id='word_1_846' title='bbox 2828 5592 3022 5645; x_wconf 89' lang='lat' dir='ltr'><strong>levatio</strong></span> <span class='ocrx_word' id='word_1_847' title='bbox 3047 5595 3381 5659; x_wconf 83' lang='lat' dir='ltr'><strong>suppositis</strong></span> <span class='ocrx_word' id='word_1_848' title='bbox 3412 5592 3583 5649; x_wconf 88' lang='lat' dir='ltr'><strong>scutis</strong></span> <span class='ocrx_word' id='word_1_849' title='bbox 3611 5588 3775 5641; x_wconf 80' lang='lat' dir='ltr'><strong>ﬁebat.</strong></span> 
     </span>
    </p>
   </div>
   <div class='ocr_carea' id='block_1_117' title="bbox 2162 5659 3653 5732">
    <p class='ocr_par' dir='ltr' id='par_1_117' title="bbox 2162 5659 3653 5732">
     <span class='ocr_line' id='line_1_118' title="bbox 2162 5659 3653 5732; baseline -0.003 -14"><span class='ocrx_word' id='word_1_850' title='bbox 2162 5672 2221 5718; x_wconf 94' lang='lat' dir='ltr'><strong>ut</strong></span> <span class='ocrx_word' id='word_1_851' title='bbox 2247 5663 2371 5717; x_wconf 92' lang='lat' dir='ltr'><strong>hinc</strong></span> <span class='ocrx_word' id='word_1_852' title='bbox 2399 5664 2652 5728; x_wconf 87' lang='lat' dir='ltr'><strong>colligere</strong></span> <span class='ocrx_word' id='word_1_853' title='bbox 2679 5662 2864 5731; x_wconf 86' lang='lat' dir='ltr'><strong>liquet.</strong></span> <span class='ocrx_word' id='word_1_854' title='bbox 2899 5661 3032 5714; x_wconf 80' lang='lat' dir='ltr'><strong>Vide</strong></span> <span class='ocrx_word' id='word_1_855' title='bbox 3059 5659 3421 5732; x_wconf 84' lang='lat' dir='ltr'><strong>Lorippum.</strong></span> <span class='ocrx_word' id='word_1_856' title='bbox 3457 5662 3653 5718; x_wconf 68' lang='lat' dir='ltr'><strong>lnam.</strong></span> 
     </span>
    </p>
   </div>
   <div class='ocr_carea' id='block_1_118' title="bbox 2234 5725 3865 5801">
    <p class='ocr_par' dir='ltr' id='par_1_118' title="bbox 2234 5725 3865 5801">
     <span class='ocr_line' id='line_1_119' title="bbox 2234 5725 3865 5801; baseline -0.004 -16"><span class='ocrx_word' id='word_1_857' title='bbox 2234 5732 2259 5771; x_wconf 66' lang='grc' dir='ltr'>δ</span> <span class='ocrx_word' id='word_1_858' title='bbox 2300 5733 2468 5801; x_wconf 88' lang='lat' dir='ltr'><strong>llujus</strong></span> <span class='ocrx_word' id='word_1_859' title='bbox 2492 5725 3145 5801; x_wconf 53' lang='lat' dir='ltr'><strong>epistolm&#39;argumenlum</strong></span> <span class='ocrx_word' id='word_1_860' title='bbox 3183 5725 3449 5789; x_wconf 43' lang='lat' dir='ltr'><strong>Ira-scitur</strong></span> <span class='ocrx_word' id='word_1_861' title='bbox 3476 5749 3545 5788; x_wconf 77' lang='lat' dir='ltr'><strong>ex</strong></span> <span class='ocrx_word' id='word_1_862' title='bbox 3574 5725 3779 5784; x_wconf 69' lang='lat' dir='ltr'><strong>victoris</strong></span> <span class='ocrx_word' id='word_1_863' title='bbox 3854 5788 3865 5796; x_wconf 32' lang='grc' dir='ltr'>ι</span> 
     </span>
    </p>
   </div>
   <div class='ocr_carea' id='block_1_119' title="bbox 2160 5799 3776 5868">
    <p class='ocr_par' dir='ltr' id='par_1_119' title="bbox 2160 5799 3776 5868">
     <span class='ocr_line' id='line_1_120' title="bbox 2160 5799 3776 5868; baseline -0.003 -11"><span class='ocrx_word' id='word_1_864' title='bbox 2160 5799 2443 5867; x_wconf 68' lang='lat' dir='ltr'><strong>Iustiniani</strong></span> <span class='ocrx_word' id='word_1_865' title='bbox 2481 5799 2737 5856; x_wconf 85' lang='lat' dir='ltr'><strong>adversus</strong></span> <span class='ocrx_word' id='word_1_866' title='bbox 2774 5799 2998 5863; x_wconf 84' lang='lat' dir='ltr'><strong>Gothos,</strong></span> <span class='ocrx_word' id='word_1_867' title='bbox 3042 5801 3319 5857; x_wconf 72' lang='lat' dir='ltr'><strong>historiis</strong></span> <span class='ocrx_word' id='word_1_868' title='bbox 3352 5812 3558 5857; x_wconf 83' lang='lat' dir='ltr'><strong>testata</strong></span> <span class='ocrx_word' id='word_1_869' title='bbox 3587 5800 3732 5868; x_wconf 80' lang='lat' dir='ltr'><strong>satis,</strong></span> <span class='ocrx_word' id='word_1_870' title='bbox 3754 5810 3776 5852; x_wconf 69' lang='grc'><strong>1</strong></span> 
     </span>
    </p>
   </div>
   <div class='ocr_carea' id='block_1_120' title="bbox 2163 5869 3735 5957">
    <p class='ocr_par' dir='ltr' id='par_1_120' title="bbox 2163 5869 3735 5957">
     <span class='ocr_line' id='line_1_121' title="bbox 2163 5869 3735 5957; baseline 0.001 -30"><span class='ocrx_word' id='word_1_871' title='bbox 2163 5890 2269 5952; x_wconf 86' lang='lat' dir='ltr'><strong>quo</strong></span> <span class='ocrx_word' id='word_1_872' title='bbox 2298 5874 2482 5943; x_wconf 82' lang='lat' dir='ltr'><strong>Vitigis</strong></span> <span class='ocrx_word' id='word_1_873' title='bbox 2506 5887 2691 5945; x_wconf 81' lang='lat' dir='ltr'><strong>pacem</strong></span> <span class='ocrx_word' id='word_1_874' title='bbox 2720 5887 2818 5944; x_wconf 86' lang='lat' dir='ltr'><strong>per</strong></span> <span class='ocrx_word' id='word_1_875' title='bbox 2847 5871 3052 5957; x_wconf 77' lang='lat' dir='ltr'><strong>legatos</strong></span> <span class='ocrx_word' id='word_1_876' title='bbox 3082 5876 3263 5938; x_wconf 79' lang='lat' dir='ltr'><strong>petit.</strong></span> <span class='ocrx_word' id='word_1_877' title='bbox 3301 5874 3485 5931; x_wconf 68' lang='lat' dir='ltr'><strong>Fatur.</strong></span> <span class='ocrx_word' id='word_1_878' title='bbox 3732 5869 3735 5872; x_wconf 40' lang='grc'><em>⁴</em></span> 
     </span>
    </p>
   </div>
  </div>
