3990 6170
301 231 403 287 ΒΞΙ

1614 229 1772 283 VARI
1782 234 1972 282 ABUM
2015 227 2212 281 LIBER
2252 225 2342 281 XI.

3483 226 3589 287 89?.

297 342 526 398 ltesisse.
567 338 891 395 Pertulimus
936 338 1063 395 talia
1103 339 1283 411 qualia
1326 346 1385 396 et
1418 339 1575 409 -ipsos
1622 335 1895 394 oll'endere
1926 343 1973 398 Α
2000 337 2153 392 vobis
2182 337 2343 393 debet
2366 338 2559 408 corrigi
2598 338 2742 408 quod
2783 353 2889 394 non
2929 337 3195 396 decuisset
3222 342 3453 401 admitti.
3482 343 3587 401 Sed

297 442 530 504 possunt
556 433 648 503 qui
675 432 923 488 fecerunt
960 433 1323 489 insecutiones
1359 432 1477 488 sine
1504 441 1676 494 reatu,
1707 430 1889 485 odium

292 526 420 579 sine
446 523 625 593 culpa,
652 521 848 577 damna
882 521 1000 578 sine
1036 522 1250 578 debitis.
1278 520 1344 576 Et
1382 537 1451 577 ne
1484 536 1581 592 pro
1629 519 1893 590 parvitate

291 614 385 669 sui
416 613 610 683 negligi
648 612 935 682 potuisset,
967 628 1077 667 non
1120 613 1172 667 in
1220 613 1509 684 provinciis
1538 620 1764 675 tantum,
1796 611 1891 666 sed

293 704 355 759 in
385 705 505 774 ipso
532 718 711 759 rerum
755 703 935 773 capite
974 703 1233 773 probatur
1277 700 1557 757 inﬂictum.
1606 700 1892 755 ASstimate

288 808 438 864 quos
460 792 677 849 dolores
698 793 1000 861 abjieimus,
1031 802 1091 869 ut
1111 803 1342 851 vestram
1361 793 1625 863 justitiam
1655 794 1893 864 reperire

292 885 588 956 possimus.
626 884 773 940 Talis
814 902 901 940 res
934 885 1124 941 effecta
1166 895 1268 951 est,
1300 900 1462 955 quam
1492 885 1720 941 Mundus
1751 896 1773 920 υ
1806 885 1891 938 ιο-

288 984 492 1045 quatur
525 993 540 1031 :
567 990 687 1045 qua:
713 976 791 1031 sic
819 990 851 1030 a
880 976 1033 1031 vobis
1061 985 1300 1031 meretur
1330 976 1603 1046 componi,
1634 985 1696 1032 ut
1727 975 1893 1046 aequi-

290 1080 465 1128 tatem
494 1080 727 1127 vestram
770 1072 1095 1141 generalitas
1133 1071 1329 1127 debeat
1369 1071 1641 1127 admirari.
1684 1071 1815 1125 Nam
1847 1073 1892 1125 si

287 1162 530 1218 vindicta
557 1162 699 1233 regis
737 1162 1094 1219 Theodobadi
1131 1164 1410 1233 quaeritur,
1456 1178 1671 1219 mereor
1706 1161 1890 1232 ‘diligi;

286 1256 337 1311 si
363 1256 768 1312 commendatio
793 1256 930 1312 divae
960 1258 1233 1313 memoria:
1260 1256 1664 1312 Amalasunthm
1690 1254 1894 1325 reginae

286 1362 405 1417 pra:
445 1348 616 1404 oculis
660 1348 912 1417 habetur,
943 1349 1061 1419 ejus
1099 1348 1262 1405 debet
1304 1348 1411 1404 ﬁlia
1450 1349 1697 1418 cogitari,
1729 1363 1890 1418 quam

286 1439 445 1494 nisus
471 1437 620 1510 [Niv.
651 1449 701 1493 et
730 1437 854 1505 6a.,
881 1438 1068 1511 jussis]
1097 1452 1402 1496 vestrorum
1432 1440 1672 1495 omnium
1702 1438 1894 1509 perdu-

285 1545 417 1585 cere
447 1530 719 1587 decuisset
750 1531 820 1587 ad
861 1545 1106 1601 regnum,
1140 1538 1195 1586 ut
1234 1540 1441 1587 cuncta:
1467 1541 1656 1601 gentes
1687 1534 1895 1604 potuis-

285 1627 413 1674 sent
436 1633 730 1689 agnoscere
757 1619 1180 1677 vicissitudinem
1208 1635 1307 1676 vos
1343 1621 1526 1690 gratia:
1561 1631 1712 1677 tanto
1747 1622 1890 1694 [Ac.,

1994 429 2220 499 potestis
2250 429 2428 483 omnia
2459 436 2756 501 gratanter,
2788 431 2966 486 omnia
3008 431 3343 501 placabiliter
3369 435 3589 491 ordina-

1994 535 2072 584 re,
2105 521 2226 588 quia
2258 519 2466 575 dulcior
2493 521 2634 576 solet
2671 536 2791 576 esse
2837 524 3007 591 gratia
3047 531 3169 593 post
3205 526 3591 582 amaritudincs

1994 611 2255 679 expiatas.
2294 609 2559 679 Refugcre
2596 627 2694 667 vos
2723 613 2865 666 enim
2905 613 3170 683 potuisset
3199 615 3453 682 ignotus:
3487 630 3589 686 ego

1995 710 2194 763 autem,
2227 701 2318 769 qui
2359 708 2607 755 ornatum
2657 701 2965 772 reipublieze
2997 711 3190 757 vestra:
3228 704 3358 770 vidi,
3386 705 3475 774 qui
3510 717 3591 761 tot

1997 791 2253 845 nobilium
2284 790 2442 845 corda
2474 807 2757 861 procerum
2785 794 3036 861 cognovi,
3074 809 3182 849 non
3223 810 3310 851 me
3339 795 3591 852 desidero

1996 898 2023 935 a
2052 882 2275 952 piissimi
2305 882 2563 952 principis
2584 883 2757 951 gratia
2786 883 3039 949 dividere,
3065 886 3109 940 si
3132 885 3185 940 in
3214 902 3298 942 me
3319 886 3447 943 velit
3468 902 3590 957 quae

1994 982 2118 1029 sunt
2159 974 2303 1042 jnsta
2347 975 2603 1043 cogitare.
2654 973 2785 1029 Nam
2833 976 2877 1031 si
2915 976 3052 1031 alter
3079 976 3338 1034 oll'ensam
3369 980 3584 1042 meruit,

1994 1080 2095 1136 ego
2125 1066 2294 1121 debeo
2323 1067 2657 1136 gratissimus
2686 1066 2894 1130 haberi,
2925 1068 3016 1137 qui
3046 1069 3235 1125 odioso
3265 1086 3388 1126 enm
3420 1071 3587 1125 vindi-

1994 1166 2081 1213 cta
2112 1157 2367 1212 successi.
2402 1156 2623 1212 Vestros
2652 1158 2861 1213 animos
2908 1173 3027 1213 sum
3076 1170 3321 1227 secutus;
3368 1161 3586 1231 praemia
3666 1179 3677 1199 ι

1995 1249 2127 1304 mibi
2175 1247 2387 1303 fuerant
2427 1247 2721 1315 reddenda,
2761 1264 2868 1304 non
2913 1250 3082 1304 laesio.
3113 1249 3182 1305 Et
3208 1251 3330 1306 ideo
3358 1268 3466 1306 non
3494 1267 3585 1306 ne-

1996 1346 2150 1407 getur
2168 1339 2359 1408 gratia,
2386 1339 2473 1394 cui
2503 1338 2645 1393 nulla
2672 1341 2888 1409 penitus
2909 1351 3037 1397 sunt
3057 1342 3395 1412 imputanda;
3428 1354 3587 1415 atque

1995 1428 2117 1483 ideo
2146 1429 2412 1498 sepultum
2446 1429 2514 1483 sit
2549 1428 2728 1483 odium
2759 1444 2879 1484 eum
2911 1439 3085 1485 morte
3115 1434 3409 1501 peccantis.
3452 1432 3587 1489 Nam

1997 1519 2099 1573 etsi
2129 1519 2197 1573 de
2222 1518 2376 1573 vobis
2403 1518 2601 1586 aliquid
2624 1518 2800 1574 minus
2822 1516 2961 1575 forte
2989 1536 3315 1591 mereamur,
3346 1522 3587 1578 Romana

1998 1608 2221 1664 libertas
2244 1609 2534 1678 cogitetur,
2562 1624 2681 1679 qua:
2706 1624 2804 1680 per
2829 1610 3092 1666 bellorum
3117 1611 3373 1669 tumultus
3394 1613 3588 1684 ubique

286 1708 477 1781 υηιω]
518 1710 732 1782 pignori
780 1710 1092 1768 reddidisse,
1141 1711 1279 1767 111m]
1325 1715 1526 1767 etenim
1567 1728 1665 1769 vos
1705 1713 1890 1769 debui;
1919 1713 1967 1774 Β
1996 1701 2321 1757 concutitur.
2356 1699 2529 1757 Pauca
2569 1702 2769 1758 dixisse
2814 1702 3092 1774 sapientia:
3119 1713 3312 1758 vestra:
3340 1704 3588 1772 sufficiat,

288 1815 634 1871 permovere,
682 1800 826 1870 quod
867 1800 1247 1857 distributione
1291 1801 1521 1859 mirabili
1562 1811 1689 1858 ante
1736 1803 1888 1873 regni

289 1888 500 1959 fastigia
546 1890 778 1945 invicem
820 1906 919 1946 nos
954 1889 1216 1945 Divinitas
1255 1890 1489 1947 vestram
1531 1890 1661 1949 fecit
1688 1892 1890 1949 habere

291 1980 579 2047 notitiam;
609 1987 671 2035 ut
711 1981 914 2036 amoris
951 1995 1166 2036 causam
1198 1980 1479 2045 tribueret,
1514 1982 1708 2052 quibus
1733 1998 1886 2053 aspe-

287 2078 410 2126 ctus
454 2071 685 2140 gratiam
732 2070 861 2143 [ed.,
911 2068 1106 2141 gratia]
1156 2071 1490 2126 contulisset.
1541 2071 1695 2139 Quali
1745 2073 1888 2128 enim

289 2161 595 2216 reverentia
638 2160 933 2231 principem
980 2161 1161 2217 colere
1206 2161 1388 2231 potui,
1433 2176 1593 2231 quem
1632 2162 1807 2218 adhuc
1834 2163 1886 2218 in

291 2254 383 2308 illa
426 2254 661 2324 positum
710 2253 925 2309 fortuna
969 2251 1220 2323 suspexi?
1266 2251 1374 2308 Sed
1413 2253 1638 2323 potestis
1664 2261 1718 2307 et
1747 2266 1890 2309 nunc

288 2343 473 2401 omnia
508 2344 841 2413 reintegrare
884 2356 1003 2412 quze
1051 2341 1192 2398 facta
1229 2350 1370 2407 sunt,
1401 2342 1618 2411 quando
1656 2358 1766 2398 non
1805 2351 1889 2398 est

287 2429 507 2486 difﬁcile
549 2430 698 2485 illum
737 2430 791 2485 in
818 2430 1009 2486 all‘eetu
1041 2430 1274 2486 retinere
1303 2431 1393 2501 qui
1422 2432 1647 2499 gratiam
1676 2439 1890 2487 constat

288 2518 666 2575 desideranter
686 2528 962 2589 expetere.
993 2518 1061 2574 Et
1085 2519 1206 2575 ideo
1234 2519 1529 2575 salutantes
1546 2521 1885 2576 clementiam

288 2621 528 2669 vestram
580 2610 993 2668 honoriﬁcentia
1039 2613 1396 2683 competenti,
1443 2613 1742 2669 indicamus
1788 2629 1889 2669 nos

287 2704 499 2774 legatos
536 2712 752 2761 nostros
798 2703 948 2758 illum
987 2711 1149 2772 atque
1186 2703 1332 2757 illum
1362 2703 1431 2756 ad
1458 2704 1765 2760 serenitatis
1794 2720 1886 2760 ve-

286 2805 416 2851 strm
462 2797 785 2867 sapientiam
834 2794 1158 2862 destinasse,
1198 2801 1256 2849 ut
1305 2796 1484 2850 omnia
1525 2812 1676 2852 more
1702 2806 1883 2853 vestro

286 2887 564 2955 cogitetis;
614 2895 880 2955 quatenus
931 2896 1173 2955 utraeque
1227 2886 1543 2955 respublica:
1589 2895 1885 2942 restaurata

286 2976 580 3032 concordia
636 2985 1012 3046 perseverent;
1063 2983 1120 3030 et
1166 2974 1310 3044 quod
1363 2976 1692 3046 temporibus
1741 2985 1887 3031 retro

284 3066 593 3139 principum
644 3066 895 3121 laudab'li
935 3065 1189 3134 opinione
1228 3064 1504 3119 fundatum
1533 3073 1633 3130 est,
1665 3065 1763 3120 sub
1795 3079 1883 3119 ve-
1911 3089 1956 3151 ο

283 3165 401 3210 stro
430 3155 600 3223 magis
630 3154 856 3224 imperio
887 3152 1079 3208 divinis
1106 3153 1319 3207 auxiliis
1346 3160 1623 3221 augeatur.
1655 3153 1883 3223 Reliqua

286 3257 419 3297 vero
457 3258 555 3312 per
602 3242 808 3311 legatos
855 3241 1138 3312 prmdictos
1183 3242 1457 3296 serenitati
1499 3250 1691 3298 vestra:
1717 3245 1883 3299 verbo

286 3334 609 3389 insinuanda
641 3335 1025 3399 commisinus,
1058 3342 1115 3388 ut
1144 3342 1200 3389 et
1227 3332 1403 3404 aliqua
1433 3336 1736 3405 epistolaris
1760 3337 1883 3393 bre-

285 3423 426 3478 vitas
482 3425 887 3494 perstringeret,
939 3433 994 3478 et
1039 3439 1230 3478 causas
1284 3433 1493 3479 nostras
1539 3435 1884 3494 suggerentes

286 3517 498 3587 plenius
524 3517 853 3571 intimarent.

783 3645 1114 3703 EPISTOLA
1153 3645 1386 3702 XXXlll.

598 3756 857 3797 HAGISTRO
883 3756 1203 3796 OFFICIORUM
1232 3755 1426 3797 Vl'l’lGlS
1455 3757 1581 3796 ιιει.

290 3830 462 3903 Rogat
488 3839 543 3884 ut
572 3832 935 3899 imperatorem
967 3832 1179 3953 it‘tithtfiat
1218 3830 1287 3884 ad
1325 3847 1502 3900 pacem
1542 3830 1716 3887 Italia:
1754 3848 1878 3886 con—

937 3917 993 3953 σε
1031 3918 1089 3953 en
1134 3918 1237 3953 am.

937 3917 1237 3954 ccaenaam.

355 3991 510 4047 Illum
558 4000 613 4048 et
662 3994 810 4048 illum
858 3994 1065 4063 legatos
1105 4001 1321 4049 nostros
1366 3994 1434 4049 ad
1482 3997 1879 4052 serenissimum

283 4082 584 4153 principem
614 4082 925 4151 dirigentes,
954 4097 1250 4151 congruum
1282 4083 1381 4139 fuit
1408 4086 1760 4154 magnitudini
1790 4101 1881 4141 ve-

280 4182 409 4231 stra:
436 4188 534 4244 per
562 4189 657 4228 eos
686 4173 994 4229 salutiferos
1022 4175 1201 4244 apices
1226 4175 1516 4242 destinare,
1543 4187 1603 4232 ut
1641 4178 1692 4232 in
1734 4180 1880 4234 omni

280 4272 437 4334 parte
486 4273 664 4319 vestra
704 4265 965 4320 beneﬁcia
1011 4275 1366 4333 mererentur,
1395 4282 1515 4323 cum
1554 4280 1754 4325 nostra:
1783 4270 1879 4325 de-

280 4361 564 4425 portarent
592 4355 967 4411 collocutionis
996 4355 1269 4411 allectum.
1293 4354 1359 4410 Et
1385 4356 1506 4412 ideo
1533 4358 1877 4429 cpistolarem

1994 1792 2118 1863 quia
2149 1792 2202 1847 in
2232 1791 2344 1846 alto
2373 1801 2593 1862 pectore
2623 1793 2961 1863 protenditur
3000 1794 3142 1865 quod
3192 1796 3588 1852 consideratam

1992 1897 2205 1953 semper
2235 1891 2484 1951 augetur.

2484 2039 2818 2097 EPISTOLA
2857 2041 3093 2098 XXXIV.

2388 2147 2653 2188 EPISCOPIS
2685 2148 2795 2188 SUIS
2821 2148 3011 2189 VlTlGIS
3041 2151 3168 2189 REX.

1991 2221 2131 2277 Petit
2166 2230 2222 2274 ut
2263 2229 2312 2275 et
2344 2222 2564 2306 legatos,
2596 2240 2721 2306 quos
2752 2225 2821 2278 ad
2848 2226 3219 2306 imperatorem.
3237 2228 3400 2292 misit,
3430 2226 3581 2300 adju-

2240 2301 2374 2359 rent,
2406 2303 2456 2347 et
2483 2311 2577 2364 pro
2605 2294 2716 2366 ipso
2748 2310 2925 2365 preces
2955 2294 3063 2350 Deo
3091 2297 3332 2366 fundant.
3495 2294 3523 2333 ἰ

2061 2403 2118 2458 Si
2156 2403 2529 2460 sacerdotibus
2557 2406 2721 2460 etiam
2762 2407 2956 2474 ignotis
3004 2408 3263 2464 honorem
3302 2409 3587 2478 debemus,

1989 2506 2192 2566 quanto
2219 2496 2388 2566 magis
2415 2496 2519 2549 illis
2539 2512 2674 2567 quos
2694 2496 2910 2551 amabili
2934 2498 3281 2554 veneratione
3301 2502 3587 2571 conspexi-

1990 2605 2108 2646 mus
2137 2594 2152 2646 ι
2176 2590 2347 2645 Aliter
2366 2589 2510 2646 enim
2543 2590 2869 2659 requirimus
2896 2597 3105 2658 notum,
3133 2600 3190 2645 et
3216 2591 3373 2646 aliter
3398 2593 3585 2663 appel-

1991 2681 2166 2736 lamus
2197 2680 2549 2749 incognitum.
2601 2679 2851 2735 Visorum
2898 2678 3074 2748 major
3115 2695 3331 2751 semper
3364 2680 3594 2738 allectus

1988 2779 2091 2838 est,
2134 2772 2260 2826 dum
2313 2771 2620 2839 gratissime
2666 2771 2932 2826 retinetur
2976 2771 3068 2841 qui
3106 2772 3328 2827 assiduo
3353 2779 3409 2826 et
3434 2774 3621 2833 suavi.

1988 2877 2240 2919 sermone
2267 2862 2635 2932 conjungitur.
2666 2860 2736 2916 Et
2778 2862 2899 2918 ideo
2926 2876 3023 2932 per
3051 2862 3241 2917 barum
3270 2863 3580 2933 portitores,

1989 2953 2195 3022 legatos
2234 2962 2475 3017 nostros,
2520 2967 2657 3022 quos
2708 2952 2777 3007 ad
2830 2953 3235 3008 serenissimum
3282 2953 3578 3025 principem

1987 3046 2393 3113 destinavimus,
2424 3045 2697 3100 sanctitati
2735 3054 2929 3103 vestra:
2965 3055 3353 3115 prassentamus
3389 3044 3581 3103 debitas

1988 3138 2352 3194 venerationis
2400 3136 2719 3208 obsequium
2774 3155 2788 3190 :
2835 3146 3117 3208 sperantes
3164 3146 3225 3193 ut
3278 3154 3377 3208 pro
3426 3137 3580 3194 nobis

1983 3242 2141 3282 orare
2169 3227 2480 3295 dignemini,
2513 3236 2588 3292 et,
2619 3228 2708 3283 ubi
2738 3242 2865 3283 usus
2891 3229 3151 3297 exegerit,
3184 3228 3375 3285 solatia
3401 3237 3579 3284 vestra

1983 3317 2277 3387 reperiant,
2301 3318 2424 3389 quia
2455 3332 2675 3372 necesse
2704 3326 2789 3373 est
2816 3326 2877 3373 ut
2901 3320 3040 3373 bene
3060 3320 3242 3376 Velitis
3260 3334 3396 3388 quos
3427 3319 3578 3377 vobis

1984 3411 2244 3481 religione
2267 3410 2486 3480 junctos
2518 3425 2639 3466 esse
2666 3410 3007 3480 cognoscitis.

2397 3563 2549 3636 171
2582 3559 2912 3617 EPISTOLA
2951 3560 3162 3615 XXXV.

1984 3669 2273 3709 ramrscro
2303 3653 2431 3727 [ed.,
2485 3668 2731 3709 rumeno
2773 3668 2897 3708 vrao
2942 3650 3241 3724 ouiesrom]
3279 3668 3576 3709 massam-

2492 3740 2694 3779 NICENSI
2725 3739 2915 3780 \‘lTlGlS
2943 3739 3070 3777 REX.

1985 3813 2124 3869 Petit
2170 3822 2225 3868 ut
2262 3815 2415 3878 leqati
2450 3816 2518 3868 ad
2545 3816 2908 3883 imperatorem
2952 3814 3099 3869 missi
3137 3815 3334 3871 nullam
3376 3833 3577 3871 moram

2632 3886 2923 3957 patiantur.

2055 3996 2207 4051 lllum
2246 4004 2302 4050 et
2346 3995 2493 4051 illum
2534 3996 2740 4065 legatos
2794 4007 3009 4052 nostros
3059 3996 3129 4052 ad
3176 3997 3576 4053 serenissimum

1985 4088 2300 4159 principem,
2342 4086 2454 4142 Deo
2504 4087 2739 4151 favente,
2798 4086 3113 4153 direximus,
3165 4102 3264 4157 per
3308 4102 3443 4157 quos
3492 4101 3577 4142 ne-

1984 4192 2133 4234 cesse
2176 4175 2276 4229 fuit
2316 4175 2672 4243 magnitudini
2725 4184 2917 4231 vestra:
2961 4176 3187 4231 reddere
3238 4176 3577 4232 salutationis

1984 4264 2255 4330 affectum,
2287 4263 2504 4334 quando
2533 4264 2728 4318 honori
2759 4272 2939 4321 vestro
2967 4272 3022 4319 et
3043 4264 3325 4332 sapientia!
3349 4263 3575 4318 debetur

1986 4368 2045 4416 ut
2074 4358 2350 4413 vobiscum
2378 4355 2756 4412 eollocutionis
2782 4356 2954 4424 gratia
2985 4352 3345 4426 perfruamur.
3377 4352 3575 4426 Spera-

278 4447 509 4515 gratiam
538 4448 733 4501 vestris
763 4449 969 4503 meritis
997 4448 1332 4512 exhibentes,
1360 4463 1637 4519 speramus
1659 4458 1718 4505 ut
1737 4452 1877 4522 apud
1910 4472 1958 4531 D
1985 4466 2104 4509 mus
2129 4457 2308 4504 autem
2343 4448 2411 4502 ab
2440 4446 2760 4503 excellentia
2791 4456 2967 4501 vestra
2996 4455 3057 4502 ut
3090 4461 3297 4502 moram
3337 4461 3444 4503 non
3480 4448 3576 4503 de-

276 4539 687 4594 clemenlissimi
713 4541 1050 4611 imperatoris
1071 4542 1279 4595 animos
1300 4542 1377 4595 eis
1400 4550 1577 4597 vestra
1604 4543 1882 4612 prudentia

274 4626 602 4698 sull'ragetur
629 4648 641 4682 :
676 4631 799 4698 qnia
827 4631 904 4684 sic
931 4638 1054 4685 sunt
1075 4631 1216 4700 jnsta
1246 4646 1363 4700 qua:
1392 4632 1645 4701 petimus,
1672 4642 1730 4687 nt
1757 4649 1876 4689 om-

277 4719 430 4773 nium
459 4720 784 4790 sapientium
823 4731 1134 4776 mereantur
1168 4722 1430 4777 adnisum.
1465 4721 1645 4778 Facile
1674 4725 1814 4779 enim
1842 4741 1873 4780 a

349 4899 379 4930 ⁸
416 4891 519 4949 llic
544 4901 664 4948 erat
691 4893 800 4948 dux
840 4895 1111 4950 exercitus
1160 4893 1463 4961 Justiniani,
1496 4905 1551 4951 et
1589 4897 1717 4951 vicit
1758 4897 1878 4953 Dal—

276 4970 476 5036 matas,
509 4971 565 5017 et
589 4963 843 5036 Salonem
870 4967 1059 5036 urbem
1091 4966 1251 5036 cepit.
1280 4966 1334 5019 In
1365 4980 1470 5034 qua
1503 4975 1680 5021 tamen
1702 4969 1874 5024 victo-

276 5033 356 5086 ria
397 5033 512 5103 ipse
549 5049 670 5089 cum
712 5033 972 5090 Mauricio
1003 5033 1111 5089 ﬁlio
1137 5033 1352 5091 occisus
1380 5033 1483 5099 est,
1514 5051 1544 5090 a
1579 5036 1761 5092 Gotho
1788 5037 1871 5093 fu—

1990 4543 2156 4599 beant
2192 4540 2477 4605 sustinere,
2521 4555 2659 4608 quos
2700 4555 2809 4610 nos
2826 4540 2926 4595 sub
2959 4539 3237 4596 celeritate
3266 4528 3574 4611 prospicitis

1984 4631 2283 4688 destinasse
2302 4647 2316 4695 ;
2338 4637 2607 4701 quatenus
2633 4632 2823 4686 vestris
2849 4631 3122 4687 beneliciis
3151 4632 3505 4703 applicemus,
3527 4632 3571 4687 si

1984 4736 2079 4776 eos
2106 4728 2313 4775 remota
2339 4718 2591 4774 tarditate
2618 4721 2901 4789 pervenire
2927 4722 3318 4791 cognoscimus.

1981 4894 2160 5018 gente
2188 4907 2493 4963 percussus.
2518 4893 2839 4976 .Procopius,
2866 4893 2956 4976 lib.
2992 4910 3007 4948 ι
3039 4894 3103 4949 de
3133 4893 3280 4949 Bello
3308 4893 3566 4959 Gothico;

2036 4964 2263 5018 atthmus
2302 4962 2615 5018 Palmerms.
2651 4980 2701 5018 ιιι
2743 4964 3039 5018 Chronico:
3078 4962 3389 5018 Leonardus
3436 4964 3566 5018 Arc-

2036 4962 2263 5018 atthaius
2302 4962 2615 5022 Palmerius.
2651 4962 2717 5018 in‘
2743 4964 3039 5029 Chronico;
3078 4962 3389 5019 Leonardus
3436 4964 3569 5023 Arc-

1981 5036 2101 5101 tiu.,
2135 5033 2202 5088 de
2232 5033 2381 5089 Bello
2407 5032 2592 5088 Italico
2615 5034 2870 5089 adversus
2890 5032 3119 5102 Gothos,
3143 5034 3233 5089 lib.
3266 5051 3302 5089 ι.
3329 5034 3493 5100 Fons.

297 5172 3558 5201 ww

1348 5291 1685 5374 LIBER
1764 5286 2503 5373 UNDECIMUS.

1796 5450 2057 5468 ﬁ.

799 5535 954 5605 ιη
986 5532 1373 5592 ramento.
1444 5539 1448 5547 '

352 5617 689 5676 l’ra‘latmnis
745 5621 1001 5676 auxilium
1058 5638 1124 5677 ex
1191 5628 1580 5683 contrarietate
1639 5628 1876 5684 nascitur

280 5713 601 5785 Utrumque
642 5711 936 5779 actionum,
989 5711 1204 5781 quando
1235 5715 1365 5774 illud
1403 5718 1701 5787 opitulatur
1740 5721 1875 5775 seri-

1984 5539 2143 5608 ptori,
2172 5535 2316 5607 quod
2339 5537 2512 5606 potuit
2543 5537 2802 5608 impedire
2824 5537 3172 5605 cogitantem.
3192 5539 3321 5607 Quae
3353 5557 3442 5597 res
3465 5553 3563 5598 etsi

1979 5627 2164 5683 lauzles
2215 5627 2424 5690 adimit,
2478 5628 2775 5684 clementer
2836 5637 3017 5685 tamen
3067 5631 3277 5685 veniam
3334 5643 3564 5690 tractata

1975 5720 2227 5778 concedit
2258 5739 2270 5774 :
2318 5720 2442 5788 quia
2473 5720 2617 5786 quod
2660 5723 2873 5778 co’nstat
2907 5722 3111 5782 otiosos
3153 5723 3372 5792 debere,
3406 5740 3587 5781 neum.
