3990 6170
416 329 524 387 ω

1634 317 1701 372 M.
1749 313 2039 371 AUREIJI
2081 308 2478 368 (ἌδδιοΒοΜ

3606 312 3710 369 824

410 456 590 520 potest
617 451 915 515 occupatos
959 439 1192 509 exigere.
1228 436 1567 507 Quapmpter
1597 433 2009 489 administrator
2042 436 2085 489 A
2120 428 2235 484 ficia
2284 424 2596 501 postulare?
2651 421 2920 493 {Egrescit
2972 420 3219 493 profecto
3265 421 3563 492 ingenium,
3604 424 3708 481 nisi

409 539 772 611 arriplissimus
815 534 860 589 si
908 544 1129 587 vacasse
1174 526 1446 593 credatur,
1484 525 1834 597 opprobrium
1878 530 1998 587 est;

411 630 565 707 cuius
586 630 746 686 etiam
768 631 1035 699 secretum
1066 619 1279 685 dicitur,
1305 617 1448 689 quod
1466 615 1810 672 tumultuosis
1833 613 2002 668 actio-

414 701 569 785 nibus
598 717 930 775 verberatur.
963 711 1069 768 Sed
1102 712 1190 765 vix
1218 709 1373 765 nobis
1396 706 1596 778 aliquid
1631 704 1906 777 praestabit
1935 701 2002 756 ad

413 799 665 884 eﬁ'ectum
698 807 862 864 ducta
896 804 1165 875 probatio,
1210 801 1425 872 quando
1466 809 1521 856 et
1549 798 1799 870 occupati
1840 795 2005 851 fuisse

408 903 698 967 credimur,
729 909 785 956 et
812 898 955 957 male
985 896 1225 952 scribere
1270 893 1491 949 minime
1521 890 1773 946 debuisse
1797 887 2006 959 iudica-

409 971 547 1067 iuur.
581 993 717 1049 Nam
746 990 915 1046 multo
945 988 1113 1055 satius
1139 994 1224 1043 est
1246 986 1438 1041 vitiosa
1469 982 1705 1039 tenebris
1734 979 2001 1044 occulere,

413 1104 576 1158 quam
614 1083 878 1155 culpanda
929 1089 1253 1158 praesumpta
1301 1076 1708 1148 importunitate
1762 1072 2002 1140 vulgare.

411 1156 612 1234 {ferum
649 1175 755 1230 hoc
782 1173 913 1243 mihi
951 1156 1189 1241 obiicere
1217 1169 1417 1240 poterit
1444 1166 1672 1237 otiosus,
1714 1164 1756 1219 si
1781 1162 2007 1216 verbum

414 1264 713 1338 improvida
755 1262 1037 1319 celeritate
1078 1258 1306 1330 proieci,
1360 1257 1405 1312 si
1452 1270 1669 1312 sensum
1715 1253 1782 1309 de
1828 1251 2007 1306 medio

414 1366 689 1426 sumptum
736 1369 844 1408 non
892 1351 1197 1407 ornaverim
1241 1356 1530 1404 venustate
1577 1358 1910 1408 sermonum,
1963 1341 2009 1397 si

416 1424 685 1523 praecepto
718 1454 958 1523 veterum
1001 1459 1109 1507 non
1137 1441 1462 1498 reddiderint
1502 1424 1721 1510 propria
1749 1452 2009 1508 persona-

409 1522 534 1596 rum
559 1559 573 1593 :
599 1522 895 1611 occupatus
933 1544 1135 1600 autem,
1166 1535 1258 1604 qui
1297 1534 1506 1604 rapitur
1535 1531 1849 1587 diversitate
1885 1546 2011 1586 eau-

418 1648 623 1697 sarum,
663 1631 750 1686 cui
785 1628 985 1698 iugiter
1023 1625 1283 1682 incumbit
1320 1637 1639 1693 responsum
1682 1620 1926 1682 reddere,
1958 1625 2012 1674 et

2113 519 2227 589 iugi
2277 518 2510 573 lectione
2545 520 2847 586 reparatur.
2895 512 3017 567 Cito
3064 512 3447 583 expenduntur
3487 515 3709 585 horrea,

2118 624 2237 680 qute
2265 607 2480 663 assidua
2520 621 2628 661 non
2659 603 2857 659 fuerint
2884 603 3189 673 adiectione
3218 603 3421 659 fulcite.
3466 604 3708 663 Thesau-

2110 715 2204 755 rus
2246 699 2363 769 ipse
2408 711 2570 766 quam
2620 693 2778 750 facile
2816 691 3176 764 profunditur,
3228 694 3275 748 si
3318 695 3478 750 nullis
3509 697 3708 752 iterum

2119 792 2280 865 173
2306 789 2551 862 pecuniis
2573 785 2943 857 compleatur?
2961 782 3053 839 Sic
3072 785 3337 840 humanus
3355 801 3561 852 sensus,
3584 804 3708 843 cum

2114 886 2295 940 alieno
2339 898 2448 938 non
2488 880 2709 944 farcitur
2751 877 2967 952 [Forn.,
3021 878 3275 951 sarritur]
3326 879 3565 945 invento,
3596 881 3708 937 cite

2110 984 2300 1048 potest
2328 973 2595 1029 attenuari
2620 972 2689 1033 de
2717 971 2961 1042 proprio.
3000 969 3059 1026 Si
3085 970 3214 1040 quid
3239 979 3419 1026 autem
3463 972 3518 1026 in
3550 973 3711 1029 nobis

2114 1069 2349 1138 redolet,
2387 1066 2690 1123 studiorum
2722 1064 2824 1120 flos
2852 1072 2970 1130 est;
2999 1063 3144 1133 quod
3173 1062 3526 1120 nihilominus
3560 1080 3709 1120 πῖθι-ο

2110 1161 2289 1216 eidum
2330 1158 2592 1224 redditur,
2648 1156 2694 1211 si
2736 1171 2768 1210 a
2814 1163 2987 1209 matre
3010 1154 3242 1212 lectione
3280 1164 3554 1226 carpatur.
3592 1155 3708 1214 Illic

2111 1253 2251 1308 enim
2282 1258 2462 1322 potest
2500 1265 2621 1305 esse
2647 1248 3001 1316 laetissimum,
3045 1249 3190 1303 unde
3227 1247 3454 1303 docetur
3498 1258 3556 1303 et
3603 1264 3703 1302 na-

2115 1351 2226 1398 tum
2267 1340 2529 1410 :quando
2568 1340 2749 1395 omnia
2787 1339 2842 1393 in
2894 1339 3102 1408 origine
3136 1354 3232 1396 sua
3278 1340 3590 1409 plenissime
3626 1341 3714 1394 vi-

2110 1441 2263 1498 vunt,
2306 1447 2426 1503 qua:
2456 1431 2681 1487 necdum
2723 1447 2753 1485 a
2806 1430 3136 1487 naturalibus
3164 1431 3371 1486 sinibus
3399 1431 3534 1505 [ed.,
3586 1432 3709 1486 fini-

2110 1522 2234 1597 bus]
2285 1516 2619 1581 auferuntur.
2652 1521 2884 1577 Proinde
2914 1523 3086 1578 venite
3128 1537 3320 1592 magna
3358 1539 3482 1593 pars
3522 1532 3627 1588 est,
3661 1525 3708 1580 si

2111 1615 2394 1671 scribimus
2419 1631 2526 1670 non
2549 1622 2824 1681 vacantes,
2855 1614 2902 1669 si
2932 1614 3160 1683 legimur
3178 1631 3284 1670 non
3306 1613 3568 1685 legentes.
3594 1615 3707 1671 Sed

417 1723 572 1785 alteri
615 1718 944 1792 expedienda
970 1715 1193 1779 dictare,
1228 1730 1336 1770 non
1379 1728 1466 1774 me
1504 1711 1760 1767 addicere
1788 1708 2008 1780 poterit,
2105 1704 2220 1776 iam
2245 1720 2621 1761 removeamur
2644 1706 2712 1760 ab
2738 1705 3101 1761 excusationis
3128 1715 3280 1772 voto,
3315 1722 3384 1762 ne
3408 1707 3580 1776 magis
3619 1708 3708 1763 of.

417 1806 595 1886 quise
625 1814 675 1868 in
710 1812 904 1872 talibus
943 1810 1304 1881 periclitatum
1348 1822 1468 1863 esse
1494 1805 1796 1875 cognoscit.
1827 1803 2009 1859 Facile
2042 1816 2086 1876 Β
2112 1796 2296 1853 fendat
2336 1796 2492 1851 nimis
2518 1793 2767 1851 affectata
2792 1795 3055 1852 defensio.

420 1902 563 1959 enim
584 1900 859 1956 absolutor
886 1906 970 1955 est
993 1899 1154 1954 alieni
1182 1897 1431 1954 conscius
1468 1897 1583 1958 sui;
1616 1911 1793 1965 neque
1819 1895 1873 1949 in
1905 1893 2010 1947 illis

419 2007 636 2063 semper
681 1991 940 2058 valemus,
989 2006 1109 2059 qua:
1165 1988 1434 2047 interdum
1481 2002 1643 2057 posse
1681 1986 2007 2056 iudicamur.

420 2082 680 2154 Argntum
714 2082 987 2135 inventum
1017 2080 1197 2134 laetum
1225 2077 1396 2133 fundit
1434 2077 1729 2145 ingenium,
1772 2074 2011 2145 tepentia

420 2176 562 2232 dicta
586 2190 737 2229 mens
767 2174 1005 2243 concipit
1042 2179 1324 2242 occupata.
1361 2169 1658 2240 Aliquando
1687 2177 1903 2225 acutum
1922 2166 2011 2237 ju-

420 2266 561 2337 giter
608 2266 765 2321 decet
802 2280 921 2321 esse
967 2264 1346 2335 compositum,
1388 2262 1525 2332 ‘quia
1569 2260 1783 2318 dicendi
1821 2275 1910 2315 ars
1957 2259 2012 2313 in

422 2369 609 2416 nostra
629 2357 735 2413 sita
752 2363 1022 2426 potestate
1038 2355 1404 2423 cognoscitur,
1435 2352 1689 2409 alacritas
1714 2351 1911 2408 mentis
1932 2350 2013 2406 di-

423 2439 560 2509 rinis
589 2462 798 2509 tantum
830 2453 1143 2507 muneribus
1184 2451 1505 2520 applicatur.
1539 2449 1802 2504 Remanet
1830 2448 2014 2515 itaque

424 2547 492 2619 ad
528 2545 892 2602 excusandum
931 2544 1166 2598 brevitas
1212 2544 1483 2613 insperata
1527 2541 1807 2604 librorum,
1851 2554 2013 2608 quam

426 2622 586 2691 nemo
614 2643 811 2706 purgat-
837 2635 1055 2700 diutius,
1092 2634 1194 2689 nisi
1221 2633 1309 2703 qui
1334 2633 1472 2687 bene
1501 2630 1742 2686 creditur
1770 2644 1890 2686 esse
1930 2628 2014 2685 di-

424 2736 629 2789 cturus.
677 2726 782 2782 Sed
813 2742 881 2782 ne
923 2727 1046 2795 quis
1081 2724 1306 2780 forsitan
1346 2723 1518 2794 possit
1545 2720 1743 2778 offendi
1772 2720 1920 2790 (ιιιυά
1961 2720 2015 2775 in

428 2824 752 2894 praetoriano
767 2819 1001 2875 culmine
1027 2814 1350 2892 constitutus
1367 2813 1444 2868 sic
1468 2810 1790 2869 omnimodis
1811 2812 2015 2866 aetioso

426 2929 597 2986 pauca
626 2910 961 2974 dietaverim,
995 2907 1228 2985 accipiat
1256 2905 1355 2960 viri
1390 2902 1796 2975 prudentissimi
1825 2902 2017 2963 Felicis

427 2998 843 3078 praesumptione
894 3000 1112 3063 factum,
1165 2997 1317 3066 cuius
1374 2996 1725 3067 participatus
1780 3009 1900 3051 sum
1962 2994 2015 3049 in

429 3098 760 3174 pmnicausa
803 3092 1110 3149 consilium.
1163 3089 1372 3145 Etenim
1405 3088 1485 3143 vir
1511 3088 1739 3157 primum
1780 3094 1863 3142 est
1896 3102 2015 3140 mo-

2606 1997 2941 2055 EPISTOLA
2980 1997 3217 2056 PRIMA.

2111 2125 2339 2171 SENATV!
2384 2127 2532 2167 URBIS
2567 2125 2724 2165 ποιεῖς
2755 2125 2997 2165 SENATOR
3037 2125 3360 2167 PREFECTUS
3399 2127 3707 2171 Ριιιετοιιιο.

2116 2219 2364 2275 Pluribus
2400 2220 2581 2275 laudnt
2607 2220 3059 2291 Aniciorum/tam,
3091 2229 3143 2277 et
3168 2231 3427 2290 parentes,
3458 2232 3510 2276 et
3538 2224 3710 2291 ﬁlium

2189 2292 2301 2364 ejus
2323 2291 2697 2364 Athalaricum.
2734 2288 2862 2364 Tum
2891 2301 3038 2364 regat
3082 2288 3347 2347 senatores
3371 2299 3426 2344 ut
3455 2288 3710 2364 principi-

2190 2360 2280 2415 bus
2310 2362 2507 2432 gratias
2551 2377 2645 2428 pro
2672 2360 2862 2415 collata
2901 2361 2999 2433 ipsi
3032 2364 3346 2432 prwfectura
3388 2360 3713 2432 prmtoridna

2191 2434 2438 2503 referant.

2189 2542 2593 2600 Commendatis
2636 2545 2784 2609 mihi,
2817 2553 2996 2614 patres
3043 2546 3353 2616 conscripti,
3394 2556 3717 2617 provectum

2118 2650 2319 2700 meum,
2351 2635 2393 2688 si
2426 2635 2575 2689 vobis
2602 2635 2839 2705 intelligo
2864 2633 3031 2690 fuisse
3061 2637 3324 2691 votivum.
3359 2637 3539 2694 Credo
3570 2640 3717 2695 enim

2119 2725 2364 2782 evenisse
2387 2725 2748 2795 prosperrime
2768 2724 2912 2795 quod
2938 2732 3016 2780 tot
3038 2725 3222 2782 felices
3241 2736 3453 2783 constat
3470 2739 3717 2799 optasse.

2120 2818 2399 2874 Desideria
2427 2818 2628 2888 quippe
2654 2825 2833 2873 vestra
2857 2817 3120 2873 bonorum
3151 2819 3390 2875 omnium
3413 2822 3719 2892 probantur

2120 2909 2377 2988 auspicia,
2411 2908 2626 2978 quando
2654 2923 2812 2962 nemo
2841 2916 3021 2978 potest
3050 2908 3232 2963 talium
3268 2908 3453 2966 favore
3487 2911 3716 2982 suscipi,

2120 3000 2222 3056 nisi
2286 3014 2448 3069 quem
2499 2998 2760 3053 Divinitas
2813 2998 3075 3070 prmcepit
3128 3002 3334 3069 augeri.
3391 3000 3719 3058 Mutuamini

2122 3105 2250 3160 ergo
2274 3090 2522 3158 gratiam,
2564 3097 2626 3145 ut
2653 3090 2880 3158 exigatis
2908 3090 3246 3162 obsequium.
3289 3091 3493 3147 Natura
3533 3108 3719 3147 rerum

428 3202 547 3277 rum
570 3186 879 3263 sinceritate
899 3182 1207 3247 defmcatus,
1230 3179 1453 3235 scientia
1475 3177 1610 3248 iuris
1629 3176 1876 3243 eximius,
1893 3190 2017 3230 ver—
2044 3191 2088 3253 ρ
2120 3190 2203 3235 est
2247 3196 2432 3239 amare
2467 3180 2750 3249 collegam.
2811 3179 3023 3237 Laudes
3082 3183 3327 3251 quinimo
3368 3192 3581 3239 vestras
3619 3199 3723 3240 ex-

433 3270 621 3353 bprum
648 3278 983 3349 proprietate
1010 3274 1312 3337 distinctus,
1361 3272 1546 3328 senilis
1572 3270 1806 3340 invenis,
1847 3270 2013 3324 alter-

432 3379 585 3427 cator
607 3370 805 3434 suavis,
836 3373 1173 3423 mensuratus
1200 3363 1495 3433 eloquens;
1535 3362 1629 3431 qui
1665 3360 2017 3417 necessitates

433 3463 672 3541 publicas
690 3460 968 3531 eleganter
994 3455 1286 3527 implendo,
1321 3454 1387 3508 ad
1419 3452 1769 3509 favorabilem
1798 3451 2014 3521 opinio-

435 3550 556 3617 nem
579 3571 677 3611 suo
705 3553 886 3623 potius
914 3551 1100 3606 labore
1128 3547 1400 3620 perduxit.
1446 3545 1664 3614 Alioqui
1695 3546 1857 3600 tantis
1888 3558 2017 3599 cau-

432 3630 611 3704 sarum
641 3644 871 3699 molibus
896 3650 1172 3704 oneratus,
1220 3649 1315 3694 aut
1352 3639 1524 3709 impar
1563 3654 1683 3694 esse
1723 3638 1892 3708 potui,
1924 3643 2020 3691 aut

435 3718 571 3812 forte
601 3748 857 3802 arrogans
903 3731 1149 3788 inveniri.
1178 3729 1282 3784 Sed
1324 3731 1533 3795 melius,
1574 3727 1716 3799 quod
1755 3728 1871 3796 ejus
1896 3726 2019 3780 fati-

434 3820 649 3894 gatione
690 3834 965 3880 recreatus
1004 3823 1082 3877 sic
1120 3822 1387 3890 regalibus
1434 3820 1577 3874 curis
1613 3818 1776 3881 adfui,
1813 3826 1871 3871 ut
1912 3832 2016 3871 non

433 3918 723 3989 potuissem
758 3915 811 3970 in
840 3914 1022 3969 arduis
1051 3914 1213 3968 rebus
1241 3910 1496 3967 deficiens
1538 3908 1844 3979 approbari.
1874 3908 2020 3964 Duos

435 4010 613 4074 itaque
653 4005 863 4059 libellos
905 4003 1258 4058 dictationum
1300 4016 1540 4057 mearum
1574 4000 1640 4056 de
1689 4000 2018 4070 prmfectune

434 4096 648 4151 actione
676 4093 955 4162 subinnxi;
988 4100 1045 4146 ut
1073 4092 1163 4161 qui
1190 4092 1374 4147 decem
1409 4090 1556 4146 libris
1595 4105 1691 4145 ore
1722 4090 1871 4158 regio
1899 4104 2016 4145 sum

436 4170 670 4253 locutus,
695 4201 763 4240 ex
792 4200 1020 4255 persona
1050 4184 1265 4254 propria
1288 4198 1394 4237 non
1420 4182 1649 4238 habercr
1675 4180 1978 4251 incognitus
2004 4199 2015 4235 :

435 4262 560 4347 quia
608 4276 765 4331 nimis
791 4274 1082 4331 absurdum
1127 4282 1210 4329 est
1239 4271 1291 4327 in
1318 4271 1511 4343 adepta
1542 4272 1802 4341 dignitate
1846 4270 2020 4325 conti-

437 4368 791 4445 cescere,qui
825 4383 923 4437 pro
963 4365 1080 4420 aliis
1120 4364 1432 4428 videbamur
1459 4362 1610 4433 plura
1655 4363 1874 4416 dixisse.
1914 4359 2021 4415 Sed

439 4448 721 4530 postquam
752 4458 1030 4514 duodecim
1058 4457 1207 4512 libris
1250 4454 1564 4527 opusculum
1605 4464 1846 4508 nostrum
1878 4452 2020 4507 desi-

2120 3271 2326 3334 tollitis,
2358 3271 2403 3325 si
2448 3271 2710 3326 honorem
2739 3270 2831 3340 qui
2868 3272 3114 3327 senatori
3152 3271 3309 3328 datus
3349 3281 3434 3329 est
3468 3275 3720 3343 erigatis.

2118 3362 2436 3421 Sollicitudo
2466 3370 2678 3432 patrum
2721 3362 2787 3418 ad
2817 3364 3060 3434 publicas
3099 3381 3187 3420 me
3214 3366 3473 3422 utilitates
3514 3369 3727 3424 instan-

2122 3462 2202 3509 ter
2234 3454 2502 3523 impellat,
2547 3461 2604 3508 ut
2645 3464 2826 3509 vestro
2864 3455 3032 3525 magis
3074 3456 3369 3526 imputetur
3413 3460 3724 3527 praeconio,

2119 3562 2242 3600 cum
2291 3545 2384 3600 tali
2434 3561 2686 3600 meruero
2728 3546 2944 3616 placere
2992 3555 3244 3616 patrono.
3286 3549 3539 3605 Secunda
3587 3553 3727 3609 mihi

2120 3647 2201 3690 est
2229 3650 2376 3699 cura,
2406 3637 2556 3690 vobis
2583 3652 2667 3691 me
2697 3636 3081 3691 commendare
3107 3647 3228 3706 post
3257 3640 3556 3710 principes,
3591 3644 3725 3712 quia

2120 3726 2248 3781 illud
2286 3741 2382 3780 vos
2406 3741 2587 3780 amare
2624 3727 2947 3782 confidimus
2975 3729 3116 3799 quod
3144 3738 3200 3783 et
3240 3746 3419 3785 rerum
3461 3732 3729 3791 dominos

2115 3815 2307 3886 iubere
2348 3818 2628 3873 sentimus.
2682 3815 2938 3885 Primum,
2998 3827 3057 3874 ut
3102 3820 3206 3876 hoc
3254 3831 3505 3891 putemus
3557 3827 3727 3894 utile,

2120 3906 2268 3978 quod
2319 3908 2634 3974 honestum;
2681 3917 2739 3963 ut
2791 3918 3005 3966 nostros
3041 3919 3193 3966 actus
3228 3914 3381 3981 quasi
3417 3915 3730 3987 pedisequa

2121 4018 2336 4073 semper
2378 4003 2587 4072 iustitia
2649 4004 2974 4072 comitetur;
3026 4013 3079 4060 et
3129 4007 3274 4075 quod
3323 4022 3353 4061 a
3410 4009 3731 4066 continenti

2122 4095 2364 4166 principe
2395 4110 2500 4150 non
2523 4096 2770 4162 emimus,
2796 4097 2927 4151 nulli
2959 4098 3186 4168 turpiter
3210 4099 3573 4155 venditemns.
3606 4102 3734 4158 Au-

2122 4186 2291 4252 distis,
2321 4186 2591 4257 principes
2621 4187 2737 4252 viri,
2763 4204 2883 4257 quae
2906 4203 3084 4243 rerum
3115 4191 3352 4260 pondera
3385 4192 3734 4260 praedicatus

2122 4276 2446 4346 exceperim.
2482 4276 2652 4347 Supra
2692 4278 2836 4333 vires
2864 4279 3113 4345 exigitur,
3142 4280 3232 4349 qui
3275 4279 3553 4347 dignitatis
3601 4284 3734 4338 cu!-

2123 4367 2266 4422 mina
2298 4367 2545 4422 laudatur
2592 4369 2880 4436 ingressus.
2934 4367 3060 4424 Haec
3115 4385 3223 4423 non
3264 4370 3525 4424 audemus
3583 4370 3738 4429 falsa

2122 4457 2321 4525 dicere,
2348 4458 2441 4513 sed
2471 4457 2793 4542 confitemur
2832 4474 2952 4513 esse
2982 4460 3215 4529 potiora.
3258 4460 3389 4514 Nam
3421 4461 3550 4516 talia
3577 4451 3760 4531 judi-r

435 4550 625 4625 derate
657 4549 761 4605 line
799 4548 1188 4612 coneluseram,
1232 4545 1300 4600 de
1353 4546 1547 4600 animae
1589 4542 1905 4607 substantia,
1935 4542 2015 4596 vel

2125 4551 2207 4605 cia
2230 4565 2335 4605 non
2362 4550 2685 4605 invenerunt
2713 4551 2925 4615 merita,
2955 4550 3047 4604 sed
3075 4549 3335 4605 fecerunt.
3366 4551 3552 4623 Neque
3575 4556 3744 4608 enim

435 4646 502 4699 de
534 4643 818 4698 virtutibus
842 4641 980 4710 eius,
1012 4641 1170 4696 amici
1194 4656 1280 4693 me
1305 4638 1573 4694 disserere
1597 4644 1928 4705 coegerunt;
1963 4642 2022 4689 ut

436 4753 531 4808 per
558 4750 718 4805 quam
750 4734 914 4788 multa
942 4733 1192 4796 diximus,
1233 4730 1299 4786 dc
1336 4731 1450 4799 ipsa
1480 4742 1697 4798 quoque
1729 4726 1912 4781 dicere
1944 4725 2022 4781 vi-

435 4814 709 4883 deremur.
738 4823 895 4878 Modo
920 4823 1122 4893 parcite
1138 4820 1341 4882 diserti,
1362 4819 1535 4872 favete
1558 4817 1738 4886 potius
1761 4815 2023 4869 inchoan-

438 4906 549 4982 tes;
575 4932 697 4971 nam
728 4914 773 4969 si
807 4914 936 4967 nihil
966 4926 1178 4965 mereor
1206 4908 1524 4977 eloquentia:
1563 4920 1805 4971 munere,
1848 4904 2024 4959 consi-

436 5009 705 5064 derandus
745 4989 861 5073 eum
914 5002 1095 5075 potius
1122 5017 1191 5056 cx
1226 4998 1619 5054 officiosissime
1664 4996 1876 5062 labore;
1907 4996 2022 5064 qui,

440 5100 601 5154 tantis
627 5096 932 5168 reipubliea:
963 5091 1370 5148 necessitatibus
1389 5098 1701 5157 occupatus,
1730 5088 1807 5142 sic
1834 5102 2025 5143 vacare

440 5190 591 5259 potui
616 5190 714 5243 sub
743 5188 1023 5243 urentibus
1048 5187 1211 5246 curis,
1257 5184 1300 5237 si
1346 5198 1431 5237 me
1467 5182 1683 5250 gloriari
1713 5180 2025 5249 contigisset

444 5282 755 5337 fluminibus
802 5281 1079 5337 Tulliauis.
1134 5279 1265 5333 Nam
1326 5278 1439 5347 ipse
1480 5291 1697 5345 quoque
1746 5276 1864 5330 fons
1907 5275 2022 5330 clo-

442 5375 681 5444 quentia‘:
714 5386 764 5441 λ,
795 5390 916 5428 cum
944 5374 1124 5429 dicere
1156 5379 1451 5443 peteretur,
1505 5369 1672 5423 fertur
1718 5382 2023 5431 excusasse,

443 5468 587 5537 quod
611 5468 781 5538 pridie
804 5483 908 5521 non
938 5466 1174 5532 legisset.
1201 5463 1338 5530 Quid
1367 5462 1476 5530 iam
1510 5461 1627 5514 aliis
1653 5478 1701 5513 at
1721 5460 1901 5516 cidere
1931 5476 2028 5529 po-

442 5561 588 5623 terit,
614 5560 658 5613 si
692 5567 838 5613 tanta
864 5558 978 5612 laus
1016 5554 1271 5609 facundiae
1301 5562 1579 5607 auctorum
1607 5552 1716 5604 visa
1757 5562 1837 5605 est
1868 5552 2029 5605 bene-

520 5767 543 5790 "
575 5760 763 5810 Cicero
790 5770 1000 5809 servum
1031 5752 1358 5812 manumisit,
1389 5750 1531 5819 quod
1568 5751 1727 5803 dilata
1762 5751 1812 5804 in
1838 5750 2029 5804 crasti-

452 5843 575 5885 num
607 5826 819 5882 Comitia
852 5824 1257 5881 renuntiassem
1291 5822 1425 5876 adeo
1468 5830 1686 5898 paratus
1718 5822 2029 5877 meditatus-

2127 4656 2226 4696 nos
2256 4640 2380 4695 inde
2405 4640 2692 4710 iactamus,
2725 4641 2818 4710 qui
2847 4641 3192 4709 intelligimus
3219 4642 3470 4695 dominos
3499 4653 3749 4700 nostros

2127 4733 2349 4787 humilia
2389 4732 2625 4786 voluisse
2655 4732 2960 4799 sustollere,
2994 4747 3063 4787 ne
3103 4732 3391 4787 videantur
3434 4733 3753 4789 immeritis

2132 4829 2241 4877 tam
2291 4822 2524 4890 ingentia
2578 4821 2910 4891 prmstitisse.
2957 4819 3193 4890 Rapiunt
3242 4837 3340 4874 nos
3390 4822 3753 4890 pnedicandi

2131 4915 2389 4984 temporis
2417 4913 2560 4969 bona
2588 4931 2602 4980 ;
2626 4922 2681 4968 et
2711 4913 2857 4968 velut
2887 4913 3043 4981 longa
3075 4913 3324 4965 ariditate
3355 4913 3635 4974 sitientes.
3675 4917 3754 4969 a-l

2131 5010 2376 5065 haustum
2407 5007 2703 5063 dulcissimi
2731 5007 2939 5077 saporis
2970 5007 3215 5059 invitant.
3258 5006 3302 5059 0
3348 5005 3529 5059 smctdi
3564 5007 3757 5062 beata

2129 5100 2379 5157 fortuna!
2415 5103 2516 5155 sub
2544 5096 2790 5169 principe
2817 5096 3010 5153 feriato
3041 5097 3228 5151 matris
3249 5104 3444 5165 regnat
3469 5095 3713 5151 affectio
3736 5114 3753 5162 ;

2130 5206 2226 5263 per
2243 5207 2403 5260 quam
2435 5198 2607 5245 totum
2657 5190 2736 5244 sic
2776 5190 3074 5259 peragitur,
3118 5195 3178 5243 ut
3204 5187 3475 5254 generalis
3496 5203 3608 5242 nos
3661 5197 3761 5244 tes-

2127 5295 2255 5350 gere
2283 5283 2519 5338 cbaritas
2558 5281 2843 5336 sentiatur.
2875 5280 3010 5337 Huic
3036 5280 3328 5348 gloriosum
3360 5286 3589 5348 praestat
3642 5280 3764 5334 ob-

2128 5373 2373 5441 sequium
2414 5376 2499 5426 cui
2539 5372 2719 5426 omnia
2770 5372 3039 5436 serviunt;
3090 5378 3146 5424 et
3183 5369 3411 5423 mirabili
3451 5376 3763 5438 tempera-

2133 5472 2315 5518 mento
2343 5463 2663 5527 coneordite,
2699 5469 2984 5530 antequam
3029 5460 3200 5529 possit
3240 5458 3470 5528 populos
3509 5472 3764 5525 regem,

2131 5557 2241 5609 suis
2261 5554 2370 5622 iam
2402 5555 2567 5625 cmpit
2610 5552 2848 5608 moribus
2881 5553 3166 5621 imperare.
3200 5550 3313 5605 Hoc
3353 5558 3439 5604 cst
3479 5548 3767 5619 profecto

2135 5765 2239 5877 31m}
2272 5757 2449 5807 tantus
2482 5748 2674 5804 artifex
2704 5748 2770 5803 ad
2793 5746 3075 5805 dicendum
3098 5744 3407 5802 accedebat.
3444 5743 3759 5811 Plutarch.

2156 5834 2299 5875 tona.

2156 5834 2299 5875 "OltN.
