3990 6170
301 174 412 229 825

1485 169 1846 231 VARIARU.“
1930 170 2125 226 LIBER
2165 172 2254 228 Χῐ.

3496 183 3601 241 826

301 291 684 347 difﬁcillimum
732 292 994 365 regnandi
1027 307 1221 366 genus,
1248 307 1503 349 exercere
1530 292 1779 364 juvenem
1832 292 1884 346 in
1927 291 1979 349 Α
2010 284 2195 349 etiam.
2229 293 2309 340 ιοῑ
2350 286 2703 345 barbarorum
2750 289 2987 351 victoriis
3016 306 3397 371 praepotentes,
3435 317 3595 374 quam

305 386 427 439 suis
466 384 727 439 sensibus
754 386 1142 454 principatmn.
1179 385 1382 440 Rarum
1428 387 1653 441 omnino
1682 387 1884 441 bonum

306 471 716 537 est,dominum
750 475 1091 543 triumphare
1112 476 1178 532 de
1204 476 1471 541 moribus,
1500 476 1678 531 ethoc
1696 489 1890 530 conse-

308 566 407 635 qui
434 566 488 622 in
517 566 704 621 florida
723 576 907 631 mlate,
937 566 1004 621 ad
1039 568 1185 637 quod
1226 569 1317 622 vix
1341 568 1585 621 creditur
1608 579 1743 620 cana
1770 580 1889 617 mo-

309 660 489 714 destia
521 662 828 727 pervenire.
857 659 1234 721 Gaudeamus.
1271 660 1459 714 Patres
1481 656 1803 728 conscripti,
1836 661 1893 710 et

291 763 545 819 superum
587 747 1090 817 majestatl‘gratias
1116 748 1344 819 supplici
1372 747 1665 804 devotione
1694 747 1896 803 refera-

293 854 440 905 mus,
483 837 702 908 quando
751 838 898 893 nulla
939 840 1043 893 erit
1092 853 1315 895 accessu
1363 839 1626 910 temporis
1662 837 1896 894 difficilis

294 929 589 985 clementia
619 937 810 985 nostro
829 930 1077 1000 principi,
1108 930 1200 999 qui
1231 930 1285 985 in
1315 930 1471 985 annis
1492 929 1786 999 puerilibus
1814 930 1896 984 di-

294 1016 431 1073 dicit
468 1018 673 1074 servire
720 1018 927 1089 pietati.
960 1016 1068 1074 Sed
1116 1019 1220 1075 hoc
1258 1018 1577 1074 miraculum
1617 1020 1896 1089 utriusque

294 1111 541 1167 moribus
589 1110 810 1176 demus;
857 1127 980 1166 nam
1028 1120 1209 1166 tantus
1252 1118 1336 1167 est
1363 1112 1552 1181 genius
1596 1120 1890 1173 maternus,

294 1203 383 1257 cui
412 1202 575 1258 etiam
599 1202 722 1272 jure
751 1203 1004 1274 princeps
1030 1204 1235 1259 servire
1262 1202 1539 1259 debuisset
1579 1212 1891 1259 extraneus.

295 1293 455 1350 lianc
503 1296 645 1349 enim
694 1294 1006 1364 dignissime
1072 1296 1252 1351 omnia
1310 1310 1474 1365 regna
1526 1302 1891 1360 venerantur,

295 1403 462 1458 quam
505 1389 689 1444 videre
719 1391 1024 1445 reverentia
1055 1400 1170 1459 est;
1197 1392 1505 1461 loquentem
1550 1392 1755 1457 audire,
1786 1389 1889 1443 mi-

295 1480 562 1536 raculum.
595 1481 711 1548 Qua
739 1483 882 1537 enim
907 1482 1085 1551 lingua
1116 1499 1223 1539 non
1249 1484 1512 1554 probatur
1540 1498 1659 1538 esse
1685 1482 1891 1538 doctis-

296 1573 469 1627 sima?
499 1572 688 1627 Attica:
716 1573 973 1628 facundicc
999 1574 1248 1629 claritate
1284 1575 1482 1629 diserta
1522 1582 1625 1638 est,
1660 1572 1890 1627 Romani

2003 376 2205 444 ingenti
2255 379 2600 448 expeditione
2645 384 2844 438 turbati
2889 389 3048 442 sunt?
3094 388 3352 448 Laeessiti
3393 406 3597 451 metue-

1998 477 2125 523 runt
2158 486 2280 523 eum
2327 472 2524 527 nostris
2572 474 2708 529 inire
2761 484 3057 544 certamen,
3101 481 3191 550 qui
3243 485 3595 555 prtecipitatis

1999 562 2225 617 saltibus
2281 565 2462 633 praelia
2523 581 2738 637 semper
2798 571 3046 638 gentibus
3108 575 3423 632 intulerunt.
3488 578 3595 633 Sed

2001 654 2245 723 quamvis
2291 657 2521 726 superba
2568 659 2717 714 natio
2756 660 3107 718 declinaverit
3154 666 3480 728 conﬂictum.
3513 667 3594 722 vi-

2000 750 2119 798 tare
2171 752 2349 799 tamen
2399 747 2602 816 proprii
2654 749 2795 817 regis
2846 752 3083 820 nequivit
3131 754 3423 811 interitum.
3459 757 3592 812 Nam

2000 830 2371 890 Theodericus
2422 837 2513 892 ille
2562 836 2652 891 diu
2694 840 2902 908 potenti
2952 843 3170 897 nomine
3218 844 3477 912 gloriatus
3539 849 3594 903 in

1998 922 2329 997 triumphum
2389 926 2547 997 174
2591 928 2894 998 principum
2953 940 3261 987 nostrorum
3316 935 3593 1004 languoris

1998 1013 2177 1083 potius
2198 1029 2374 1084 pugna
2396 1027 2683 1087 superatus
2706 1020 2958 1075 occubuit
2978 1039 2991 1075 :
3011 1024 3375 1094 ordinatione,
3403 1027 3589 1095 credo,

1997 1103 2221 1175 divina,‘
2244 1121 2311 1160 ne
2342 1122 2440 1161 nos
2468 1115 2560 1160 aut
2588 1108 2829 1163 aflinium
2861 1111 3002 1166 bella
3035 1114 3355 1182 polluerent,
3390 1129 3482 1172 aut
3503 1119 3593 1186 ju-

1995 1206 2079 1252 ste
2107 1198 2244 1269 [Ac.,
2276 1198 2453 1270 juxta]
2502 1201 2796 1270 productus
2844 1206 3113 1260 exercitus
3160 1207 3454 1263 vindictam
3500 1209 3590 1265 ali-

1998 1306 2160 1360 quam
2217 1307 2325 1345 non
2383 1292 2625 1347 haberet.
2692 1294 2869 1350 Macte
2917 1299 3226 1366 procinctus
3288 1299 3588 1357 Gothorum

1997 1383 2144 1436 omni
2177 1383 2432 1438 felicitate
2452 1382 2758 1452 jucundior,
2784 1388 2876 1457 qui
2899 1389 3108 1442 hostem
3136 1391 3371 1457 regalem
3413 1394 3589 1463 capite

1997 1472 2177 1536 caedis,
2210 1482 2265 1527 et
2291 1474 2446 1527 nobis
2475 1489 2576 1529 nec
2607 1475 2764 1531 unius
2785 1477 2957 1531 ultimi
2990 1479 3129 1533 facta
3158 1480 3429 1535 subducis.
3455 1481 3589 1537 Bur-

1994 1562 2194 1631 gundio
2223 1563 2517 1633 quinetiam
2550 1574 2605 1619 ut
2634 1581 2730 1620 sua
2772 1568 3060 1638 reciperet,
3094 1569 3325 1643 devotus
3364 1571 3589 1629 effectus

296 1663 499 1732 eloquii
528 1678 725 1733 pompa
753 1664 1083 1734 resplendet,
1136 1666 1301 1720 nativi
1331 1666 1595 1720 sermonis
1643 1665 1876 1720 ubertate

1995 1661 2098 1719 est,
2149 1652 2376 1708 reddens
2429 1668 2488 1708 se
2540 1662 2731 1722 totmn,
2786 1657 2914 1712 dum
2966 1659 3266 1728 accepisset
3313 1660 3585 1730 exiguum.

294 1754 592 1822 gloriatur;
614 1755 829 1811 excellit
850 1764 1075 1813 cunctos
1096 1757 1149 1811 in
1167 1758 1416 1826 prepriis,
1440 1773 1559 1812 cum
1583 1757 1888 1825 sittequali-

296 1852 380 1899 ter
430 1845 626 1914 ubique
667 1846 944 1901 mirabilis.
994 1846 1129 1901 Nam
1177 1848 1221 1901 si
1267 1847 1609 1902 vernaculam
1652 1847 1886 1915 linguam

290 1934 434 1990 bene
455 1951 615 1991 nosse
641 1935 921 2006 prudentis
942 1946 1044 2001 est,
1071 1936 1197 2005 quid
1228 1936 1294 1992 de
1323 1937 1414 1991 tali
1441 1936 1705 2007 sapientia
1733 1945 1887 2006 pote-

293 2025 365 2079 rit
410 2025 695 2088 :estimari,
731 2041 850 2095 quae
880 2033 961 2080 tot
984 2039 1181 2094 genera
1209 2026 1413 2095 eloquii
1446 2025 1701 2081 inolfensa
1730 2040 1887 2080 exer-

290 2116 549 2172 citatione
572 2116 846 2171 custodit?
871 2115 1008 2172 llinc
1026 2118 1175 2172 venit
1195 2116 1421 2172 diversis
1450 2117 1756 2172 nationibus
1786 2132 1885 2171 ne-

290 2208 587 2264 cessarium
616 2222 976 2277 magnumque
1013 2208 1344 2277 praesidium,
1373 2207 1517 2278 quod
1546 2207 1689 2278 apud
1726 2222 1885 2279 aures

287 2299 722 2370 prudentissima:
750 2300 981 2355 domina:
1024 2300 1201 2356 nullus
1246 2307 1368 2368 eget
1410 2300 1721 2371 interprete.
1765 2299 1882 2355 Non

288 2392 435 2446 enim
468 2399 563 2445 aut
593 2391 801 2460 legatus
847 2407 1077 2459 moram,
1124 2399 1217 2445 aut
1259 2391 1610 2461 interpellans
1648 2391 1882 2460 aliquam

289 2480 526 2536 sustinet
553 2478 624 2534 de
671 2480 984 2535 mediatoris
1032 2479 1284 2535 tarditate
1325 2479 1616 2549 jacturam,
1666 2478 1882 2550 quando

288 2578 520 2641 uterque
549 2580 605 2625 et
633 2571 880 2639 genuinis
905 2571 1085 2627 verbis
1123 2571 1356 2636 auditur,
1396 2579 1453 2625 et
1482 2572 1766 2642 patriotica
1795 2585 1881 2627 re-

283 2661 579 2732 sponsione
607 2663 973 2733 componitur.
1001 2662 1252 2731 Iungitur
1279 2662 1365 2717 his
1392 2663 1556 2717 rebus
1584 2662 1735 2731 quasi
1766 2662 1881 2716 dia-

284 2754 446 2809 dema
471 2753 753 2823 eximium,
789 2753 1163 2825 impretiabilis
1192 2754 1382 2809 notitia
1412 2754 1744 2817 litterarum;
1783 2769 1883 2824 per

282 2858 446 2914 quam
467 2842 597 2899 dum
624 2852 866 2899 veterum
896 2843 1181 2914 prudentia
1209 2843 1453 2909 discitur,
1485 2844 1678 2910 regalis
1707 2843 1879 2912 digni-

281 2944 366 2989 tas
409 2949 629 3005 semper
660 2942 905 3004 augetur.
950 2934 1059 2990 Sed
1098 2950 1220 2990 cum
1249 2943 1399 2989 tanta
1442 2935 1673 3005 gaudeat
1701 2934 1880 3005 perfe-

1993 1744 2169 1814 Elegit
2197 1746 2398 1815 quippe
2428 1747 2635 1814 integer
2658 1748 2901 1818 obedire,
2925 1766 3085 1819 quam
3111 1752 3423 1808 imminutus
3446 1755 3585 1828 με..

1992 1836 2326 1908 immunitusj
2350 1837 2615 1892 obsistere
2640 1854 2652 1890 :
2679 1840 2845 1893 tutius
2898 1848 3026 1895 tunc
3057 1842 3295 1897 defendit
3335 1860 3583 1913 regnum,

1990 1927 2207 1996 quando
2229 1941 2377 1981 arma
2404 1929 2675 1997 deposuit.
2702 1928 3063 2000 Rccuperavit
3085 1933 3228 1987 enim
3256 1949 3416 2003 prece
3442 1936 3586 2005 quod

1990 2020 2175 2072 amisit
2202 2019 2254 2072 in
2284 2019 2421 2073 acie.
2467 2018 2687 2074 Beatam
2721 2028 2791 2087 te,
2819 2021 3059 2090 domina,
3087 2023 3245 2079 laude
3280 2026 3584 2097 multiplici,

1988 2102 2073 2164 (ξἩί
2101 2109 2282 2165 divino
2310 2110 2572 2166 beneficio
2603 2115 2896 2168 necessitas
2926 2115 3130 2169 tollitur
3158 2125 3352 2171 cuneta
3392 2128 3575 2174 certa-

1988 2200 2165 2263 minis,
2198 2201 2414 2269 quando
2440 2201 2696 2257 adversos
2717 2203 3029 2271 reipublica:
3055 2214 3149 2260 aut
3171 2208 3380 2261 cmlesti
3411 2207 3582 2263 fclici-

1988 2300 2098 2346 tate
2119 2291 2311 2358 vincis,
2336 2301 2431 2346 aut
2461 2292 2564 2347 tuis
2589 2292 2827 2362 imperiis
2851 2304 3148 2364 spontanea
3176 2298 3426 2366 largitate
3450 2316 3580 2355 con-

1980 2380 2181 2450 jungis.
2212 2380 2509 2443 Exsultate,
2545 2381 2706 2436 Gothi
2736 2384 2939 2455 pariter
2975 2401 3040 2441 ac
3076 2386 3320 2442 Romani.
3352 2390 3580 2459 Dignum

1987 2469 2326 2537 miraculum,
2356 2469 2501 2538 quod
2530 2486 2720 2526 omnes
2748 2472 3056 2541 loquantur.
3090 2474 3231 2532 Ecce
3264 2479 3579 2549 (przcstante

1986 2561 2121 2625 Deo)
2170 2560 2298 2616 felix
2346 2561 2563 2616 domina
2619 2564 2764 2633 quod
2825 2564 2989 2620 habet
3045 2567 3302 2623 eximium
3349 2578 3578 2640 uterque

1984 2666 2145 2707 sexus
2177 2652 2451 2723 implevit;
2497 2670 2619 2708 nam
2651 2664 2707 2709 et
2734 2657 3028 2725 gloriosum
3059 2674 3242 2729 regem
3285 2663 3441 2718 nobis
3470 2664 3578 2719 edi-

1983 2744 2083 2813 dit,
2114 2753 2170 2801 et
2200 2745 2514 2801 latissimum
2550 2748 2833 2818 imperiutn
2865 2752 3029 2805 animi
3059 2751 3372 2810 fortitudine
3400 2757 3574 2812 vindi-

1982 2837 2145 2893 eavit.
2195 2836 2321 2894 "rec
2346 2848 2607 2909 quantum
2653 2841 2721 2896 ad
2764 2858 2915 2897 arma
2954 2845 3249 2914 pertinent,
3304 2856 3576 2920 utcunque

1981 2926 2310 2983 referuntur.
2361 2928 2495 2983 Nam
2542 2931 2587 2986 si
2636 2931 2854 3000 pietatis
2889 2931 3006 3002 ejus
3054 2935 3278 2991 velimus
3316 2937 3451 2992 atria
3493 2940 3574 2993 in-

275 3025 464 3081 ctione
491 3025 816 3095 linguarum,
863 3025 918 3080 in
966 3034 1089 3081 actu
1119 3025 1337 3096 publico
1373 3027 1453 3082 sic
1481 3026 1644 3081 tacita
1688 3035 1790 3090 est,
1818 3032 1879 3079 ut
1906 3042 1950 3105 ρ
1984 3027 2146 3083 trare,
2172 3018 2262 3072 vix
2302 3019 2460 3074 nobis
2484 3028 2741 3089 poterunt
2770 3030 2984 3077 centum
3019 3023 3213 3094 lingua:
3249 3036 3575 3100 centumque

273 3116 539 3175 credatur
557 3118 753 3173 otiosa.
784 3115 977 3174 Paucis
1005 3118 1174 3187 litigia
1201 3118 1408 3173 nodosa
1438 3118 1705 3184 dissolvit,
1735 3118 1875 3174 bella

273 3205 546 3262 ferventia
578 3207 679 3261 sub
706 3207 893 3276 quiete
915 3206 1171 3277 disponit.
1214 3207 1492 3262 silentiose
1537 3208 1745 3276 geritur
1773 3222 1874 3276 pu-

273 3297 477 3352 blicum
500 3297 722 3353 bonum.
754 3296 872 3352 Non
901 3296 1055 3352 audis
1092 3296 1305 3368 prmdici
1349 3296 1493 3367 quod
1521 3297 1697 3366 palam
1727 3296 1877 3351 vide-

273 3397 367 3443 tur
396 3389 625 3454 assumi,
655 3396 710 3444 et
739 3397 1169 3458 temperamento
1193 3386 1447 3442 .mirabili
1485 3385 1873 3443 dissimulando

273 3485 491 3555 peragit
513 3484 657 3553 quod
684 3483 1092 3539 accelerandum
1121 3497 1239 3539 esse
1262 3482 1565 3553 cognoscit.
1597 3480 1736 3549 Quid
1767 3483 1872 3539 tale

272 3575 572 3645 antiquitas
592 3574 799 3630 honora
827 3575 1168 3645 promeruit?
1204 3573 1498 3628 Placidiam
1543 3574 1725 3629 mundi
1755 3575 1871 3646 opi-

271 3666 443 3721 nione
490 3666 838 3729 celebratam,
892 3667 1198 3735 aliquorum
1240 3666 1493 3735 prosapia
1544 3666 1865 3736 gloriosam,

275 3764 578 3827 purpurato
603 3755 712 3810 lllio
735 3755 1002 3812 studuisse
1024 3755 1392 3829 percepimus;
1437 3756 1595 3825 cujus
1622 3756 1746 3811 dum
1777 3773 1868 3814 re-

274 3847 443 3902 misse
479 3845 818 3902 administrat
844 3847 1149 3917 imperium,
1184 3846 1494 3901 indecenter
1529 3849 1871 3915 cognoscitur

274 3936 644 3991 imminutum.
688 3936 889 3990 Nurum
917 3935 1149 4006 denique
1195 3936 1297 3991 sibi
1345 3935 1637 3991 amissione
1671 3935 1868 4010 Illyrici

272 4028 631 4095 comparavit,
664 4026 910 4096 factaque
932 4036 1016 4082 est
1042 4026 1354 4096 conjunctio
1376 4028 1649 4097 regnantis
1676 4027 1868 4083 divisio

269 4118 512 4172 dolenda
558 4119 870 4189 provinciis.
929 4117 1151 4175 Militem
1206 4133 1422 4188 quoque
1478 4120 1639 4173 nimia
1687 4120 1868 4188 quiete

270 4212 540 4269 dissolvit.
589 4210 817 4268 Pertulit
845 4229 874 4267 a
917 4222 1089 4268 matre
1136 4222 1412 4284 protectus
1441 4216 1584 4282 quod
1625 4215 1711 4268 vix
1757 4213 1864 4284 pati

270 4307 453 4376 potuit
485 4306 788 4361 destitutus.
831 4307 943 4361 Sub
989 4308 1090 4362 hac
1136 4316 1316 4361 autem
1354 4306 1594 4373 domina,
1624 4321 1745 4375 qua:
1786 4313 1868 4360 tot

1980 3125 2076 3165 ora
2107 3109 2394 3166 sufficere:
2425 3113 2509 3167 cui
2547 3129 2645 3184 par
2683 3116 3007 3187 estquidem
3047 3121 3275 3190 aequitas
3299 3131 3353 3177 et
3380 3125 3573 3179 volun-

1981 3210 2083 3269 tas,
2138 3204 2237 3260 sed
2278 3204 2453 3275 major
2483 3205 2789 3276 benignitas
2816 3225 2978 3279 quam
3027 3221 3287 3282 potestas.
3321 3213 3571 3273 Dicamus

1978 3294 2141 3362 igitur
2178 3310 2343 3365 parva
2386 3296 2454 3351 de
2496 3298 2726 3367 magnis,
2774 3315 2947 3370 pauca
2987 3302 3055 3356 de
3096 3304 3356 3372 plurimis.
3408 3304 3570 3362 Scitis

1976 3393 2175 3455 quanta
2202 3387 2340 3442 bona
2372 3396 2559 3443 nostro
2589 3390 2766 3444 ordini
2788 3392 2995 3447 caelesti
3022 3392 3352 3463 benignitate
3378 3397 3569 3467 largita

1976 3485 2060 3532 est
2086 3493 2099 3529 :
2123 3476 2255 3531 nihil
2276 3485 2359 3533 est
2385 3478 2627 3546 dubium,
2660 3481 2748 3535 ubi
2770 3491 2852 3537 est
2875 3483 3025 3539 testis
3053 3494 3294 3541 senatus.
3324 3487 3566 3543 Aﬂlictos

1972 3577 2118 3625 statu
2147 3569 2370 3626 meliore
2394 3572 2651 3641 restituit,
2679 3573 2876 3630 ilhesos
2903 3576 3211 3632 sublimavit
3232 3578 3562 3649 honoribus,

1973 3670 2029 3717 et
2057 3661 2326 3731 sigillatim
2357 3661 2497 3716 bona
2526 3664 2729 3728 tribuit,
2761 3679 2899 3735 quos
2926 3665 3026 3721 sub
3059 3667 3347 3723 universali
3391 3671 3566 3725 muni-

1972 3754 2117 3808 mine
2145 3752 2452 3809 custodivit.
2494 3751 2569 3809 Ea
2597 3766 2718 3825 qua:
2760 3756 3050 3813 asserimus
3091 3756 3205 3826 jam
3254 3768 3562 3816 creverunt.

1973 3844 2248 3915 Respicite
2293 3860 2528 3915 namque
2587 3846 2873 3915 patricium
2928 3845 3204 3902 Liberium
3257 3849 3564 3919 praefectum

1971 3937 2133 3992 etiam
2173 3935 2489 4003 Galliarum,
2531 3938 2917 3995 exercitualem
2946 3941 3143 4007 virum,
3186 3945 3567 4000 communione

1969 4030 2350 4098 gratissimum,
2375 4029 2579 4083 meritis
2601 4029 2823 4094 clarum,
2868 4028 3039 4086 forma
3070 4033 3441 4105 conspicuum,
3471 4036 3565 4090 sed

1968 4118 2282 4175 vulneribus
2335 4120 2719 4190 pulchriorem,
2764 4120 3010 4176 laborum
3060 4139 3282 4178 suorum
3340 4142 3561 4183 munera

1969 4219 2354 4273 consecutum;
2388 4217 2446 4263 ut
2474 4224 2573 4264 nec
2603 4210 2995 4279 praefecturam,
3024 4228 3185 4282 quam
3218 4213 3355 4267 bene
3375 4216 3562 4282 gessit,

1969 4301 2259 4362 amitteret,
2293 4308 2348 4353 et
2377 4299 2633 4353 eximium
2665 4301 2834 4354 virum
2868 4301 3043 4355 honor
3065 4302 3370 4369 geminatus
3392 4318 3560 4357 orna-

269 4411 430 4465 rcges
479 4397 665 4452 habuit
707 4408 839 4468 quot
885 4408 1138 4469 parentes
1177 4400 1420 4476 (juvante
1476 4398 1631 4467 Deo),
1682 4407 1865 4453 noster
1895 4415 1940 4473 ο
1970 4404 2080 4459 ret;
2123 4393 2403 4449 confessus
2456 4394 2726 4461 meritmn,
2774 4396 2860 4449 cui
2902 4396 3049 4452 solus
3098 4380 3203 4453 non
3253 4398 3449 4455 sullieit
3495 4401 3564 4459 ad

267 4489 547 4553 exercitus
593 4498 762 4543 terret
810 4499 1092 4552 externos;
1124 4491 1214 4559 qni
1255 4488 1478 4559 provida
1510 4489 1864 4559 dispositione

265 4579 521 4641 libratus,
573 4596 675 4635 nec
726 4580 956 4635 assiduis
1006 4581 1160 4636 bellis
1208 4582 1480 4645 atteritur,
1525 4596 1623 4635 nec
1670 4580 1862 4635 iterum

265 4669 434 4739 longa
487 4687 622 4741 pace
679 4672 935 4727 mollitur.
997 4672 1055 4727 In
1114 4673 1242 4743 ipsis
1297 4687 1512 4743 quoque
1557 4671 1865 4742 primordiis

263 4762 515 4835 (quando
569 4780 786 4835 semper
840 4767 1048 4821 novitas
1109 4766 1313 4821 incerta
1368 4768 1623 4836 tentatur}
1675 4772 1862 4819 contra

260 4854 508 4910 Orientis
530 4857 789 4927 principis
816 4865 1019 4923 votum,
1050 4857 1350 4912 Retnanum
1385 4856 1508 4911 fecit
1534 4872 1652 4911 csse
1684 4856 1862 4910 Danu-

267 4946 444 5000 bium.
496 4944 691 5001 Notum
736 4957 820 5002 est
865 4963 985 5017 qua:
1030 4947 1347 5017 pertulerint
1398 4947 1703 5013 invasores;
1745 4962 1863 5014 quae

262 5036 396 5091 ideo
448 5039 906 5106 praetermittenda
966 5038 1224 5109 dijudico,
1280 5055 1346 5092 ne
1407 5039 1594 5105 genius
1646 5039 1863 5093 socialis

260 5126 532 5196 principis
592 5125 973 5182 verecundiam
1028 5129 1292 5183 sustineat
1345 5125 1649 5197 perditoris.
1721 5126 1860 5193 Quid

258 5215 412 5271 enim
444 5213 513 5270 de
540 5215 735 5270 vestris
764 5216 1006 5285 partibus
1036 5217 1174 5290 [Ac.,
1209 5216 1406 5272 nostris
1436 5216 1698 5287 patribus]
1738 5230 1861 5271 sen-

256 5307 416 5370 serit,
462 5306 587 5362 hinc
641 5305 799 5360 datur
846 5307 1088 5374 intelligi,
1143 5305 1360 5376 quando
1401 5321 1589 5377 pacem
1638 5306 1864 5361 contulit

259 5397 428 5451 lmsus
451 5410 613 5465 quam
641 5397 759 5450 aliis
791 5397 1094 5451 concedere
1126 5397 1297 5451 noluit
1327 5406 1601 5451 exoratus.
1636 5396 1865 5450 Additur

255 5486 412 5554 quod
444 5487 608 5541 tantis
630 5502 729 5541 nos
757 5486 1113 5555 legationibus
1142 5497 1250 5540 tam
1293 5503 1414 5542 raro
1455 5488 1738 5557 rcquisitus
1768 5504 1858 5541 or-

256 5577 434 5642 navit,
463 5585 522 5634 et
549 5577 833 5645 singularis
860 5577 950 5631 illa
981 5578 1242 5647 potentia,
1283 5587 1341 5632 ut
1368 5577 1582 5634 ltalicos
1611 5578 1863 5634 dominos

254 5670 519 5743 α’ίκθτθῑι
551 5670 907 5727 ηνθῐειιιίειηι
937 5666 1037 5726 Εοὶ
1060 5668 1311 5732 culminis
1339 5671 1639 5730 inclinavit.
1664 5667 1859 5729 Franci

1968 4484 2265 4555 prannium.
2313 4482 2535 4552 Accepit
2581 4484 2725 4538 enim
2777 4492 2833 4539 et
2870 4497 3295 4555 prmsentaneam
3327 4490 3562 4559 dignita-

1969 4585 2106 4635 tem;
2137 4591 2224 4640 ne,
2256 4573 2323 4629 de
2351 4574 2628 4644 republica
2656 4576 3039 4644 benenleritus,
3068 4579 3156 4635 diu
3184 4581 3379 4637 absens
3406 4596 3563 4651 puta-

1966 4676 2116 4723 retur
2158 4666 2419 4735 ingratus.
2449 4665 2494 4721 Ο
2538 4666 2855 4723 admiranda
2886 4668 3270 4725 Benevolentia
3308 4672 3560 4728 domino-

1966 4757 2117 4813 rum!
2150 4773 2268 4827 qua‘.
2298 4758 2350 4812 in
2388 4765 2593 4813 tantum
2616 4759 2809 4813 extulit
2838 4761 3150 4830 praedictum
3170 4764 3360 4828 virum,
3386 4771 3444 4821 ut
3470 4764 3560 4819 do~

1966 4851 2108 4912 natis
2143 4850 2376 4906 fascibus
2404 4861 2459 4906 et
2485 4851 2871 4921 patrimonium
2904 4853 3172 4922 judicaret
3213 4855 3554 4921 addendum;

1966 4942 2109 5013 quod
2150 4943 2230 4998 sic
2258 4944 2325 4998 ab
2356 4944 2619 4999 universis
2658 4952 2935 5011 gratanter
2965 4954 3244 5015 acceptum
3284 4955 3388 5014 est,
3419 4957 3478 5004 ut
3503 4951 3559 5006 in

1966 5050 2191 5090 munere
2220 5033 2336 5101 ejus
2365 5034 2547 5088 cuncti
2576 5049 2635 5089 se
2664 5035 2845 5105 potius
2865 5036 3149 5091 crederent
3177 5052 3298 5094 esse
3332 5039 3554 5105 ditatos.

1965 5125 2181 5195 quando
2207 5123 2465 5195 quidquid
2493 5123 2656 5192 digno
2679 5124 2937 5193 creditur,
2969 5126 3073 5182 hoc
3110 5128 3289 5185 multis
3327 5130 3443 5187 sine
3466 5131 3559 5187 duo

1964 5216 2055 5270 bio
2084 5214 2341 5267 collatum
2383 5227 2504 5267 esse
2540 5214 2791 5268 sentitur.
2827 5214 2965 5281 Quid
3005 5232 3134 5287 ergo
3163 5219 3232 5274 de
3259 5221 3422 5276 animi
3461 5224 3554 5278 lir-

1968 5306 2155 5360 mitate
2178 5303 2386 5373 loquar,
2419 5319 2539 5373 quae
2560 5304 2689 5358 vicit
2715 5314 2771 5360 et
2794 5307 3149 5379 philosophos
3176 5313 3331 5370 valde
3352 5318 3553 5384 prmdi-

1965 5395 2154 5450 catos?
2194 5394 2443 5448 Procedit
2503 5394 2645 5448 enim
2696 5411 2766 5450 ex
2834 5412 2929 5452 ore
2989 5399 3222 5457 domina:
3276 5404 3553 5462 benclicus

1964 5501 2162 5550 sermo,
2215 5492 2271 5540 et
2312 5494 2536 5541 manens
2586 5485 2687 5540 sub
2734 5490 3026 5547 securitate
3072 5497 3380 5564 promissio.
3434 5499 3551 5557 Non:

1962 5587 2091 5633 sunt
2141 5578 2320 5645 nobis,
2367 5584 2551 5646 patres
2589 5581 2901 5651 conscripti,
2952 5584 3126 5641 uinus
3166 5590 3394 5658 probata
3431 5608 3554 5663 qua:

1962 5670 2272 5741 loquimur:
2298 5683 2459 5725 verus
2486 5670 2637 5727 testis
2675 5682 2776 5743 est,
2810 5673 2901 5743 qui
2932 5674 3114 5735 laudat
3141 5690 3414 5753 expertus.
3440 5685 3542 5744 co-
