3990 6170
356 371 461 427 8‘37

1581 366 1650 423 Μ.
1693 364 1969 429 AURELII
2005 364 2401 422 CASSIODORI

3521 365 3628 424 8‘23

352 488 614 555 gnovistis
660 486 802 542 enim
852 499 971 556 quae
1015 489 1207 539 contra
1256 495 1343 537 me
1375 487 1501 536 vota
1542 479 1937 546 conﬂixerunt,
1971 482 2022 541 Α
2048 482 2197 536 utilia
2225 496 2443 550 sequar,
2474 496 2595 551 qua:
2616 481 2829 536 vitanda
2856 482 3136 553 refugiam.
3162 483 3326 555 Vigor
3348 484 3437 540 ille
3465 489 3631 542 ratio-

353 595 463 633 non
520 594 730 641 aurum,
792 591 899 630 non
948 588 1155 643 magna:
1205 573 1425 628 valuere
1470 587 1659 643 preces
1696 578 1941 626 :tentata

353 680 481 726 sunt
513 670 786 736 universa,
825 677 883 723 ut
910 666 1234 737 probaretur
1274 665 1687 735 sapientissimae
1713 663 1944 719 domina:

355 758 589 827 gloriosa
628 756 957 812 constantia.
985 754 1130 810 Ordo
1172 753 1376 822 ﬂagitat
1404 753 1653 811 dictionis
1692 761 1945 824 augusta-

357 862 475 902 rum
499 855 741 902 veterum
766 860 1017 916 pompam
1044 843 1302 899 moderna
1326 843 1733 913 comparatione
1770 842 1948 897 discu-

359 950 493 996 tere.
520 938 626 995 Sed
647 937 1099 1011 quemadmodum
1120 937 1197 992 illi
1222 935 1471 991 sufficere
1492 943 1747 1006 poterunt
1766 949 1949 989 exem-

359 1029 448 1100 pla
483 1028 737 1095 feminea,
767 1027 852 1082 cui
881 1026 1120 1081 virorum
1153 1025 1275 1078 laus
1321 1023 1464 1078 cedit
1491 1022 1778 1077 universa?
1800 1021 1950 1077 ilanc

361 1123 406 1175 si
438 1126 718 1190 parentum
742 1118 938 1172 cohors
962 1114 1050 1171 illa
1076 1114 1272 1183 regalis
1295 1112 1584 1183 aspiceret,
1617 1120 1871 1182 tanquam
1897 1110 1950 1166 in

362 1209 642 1280 speculum
680 1206 1021 1277 purissimum
1062 1220 1158 1259 sua
1225 1202 1494 1273 praeconia
1543 1217 1671 1256 mox
1722 1201 1950 1256 videret.

366 1299 567 1356 Enituit
614 1299 756 1353 enim
796 1296 1014 1353 Amalus
1048 1294 1330 1359 felicitate,
1371 1290 1697 1362 Ostrogotha
1744 1292 1954 1363 palien-

366 1393 464 1461 tia,
497 1390 687 1445 Athala
717 1388 1154 1453 mansuetudine,
1178 1386 1495 1447 Munitarius
1514 1386 1791 1455 (equitate,
1824 1383 1956 1439 Uni-

365 1484 596 1540 mundus
650 1483 849 1549 forma,
899 1480 1267 1545 Thorismuth,
1326 1479 1607 1547 castitate,
1659 1476 1954 1539 Unalamer

367 1577 489 1641 fide,
523 1576 847 1630 Theudimer
894 1573 1114 1643 pietate,
1164 1571 1424 1642 patientia
1471 1572 1553 1641 (ut
1577 1569 1687 1638 jam
1725 1565 1955 1638 vidistis)

370 1666 598 1736 inclytus
621 1673 794 1735 pater.
821 1662 1224 1731 Cognoscerent
1244 1660 1331 1717 hic
1361 1660 1601 1730 profecto
1625 1659 1857 1715 universi
1887 1658 1961 1712 si-

370 1757 594 1827 gillatim
626 1756 862 1827 propria,
913 1753 1009 1809 sed
1048 1752 1278 1807 feliciter
1323 1751 1620 1807 faterentur
1648 1767 1768 1806 esse
1796 1765 1959 1819 supe—

2050 571 2243 628 nabilis
2270 573 2461 627 animae
2491 572 2647 627 nobis
2699 573 2978 627 consilium
3008 583 3255 645 przestet;
3296 575 3463 632 facies
3488 578 3606 633 veri

2050 664 2177 719 tatis
2215 664 2472 729 albescat,
2505 681 2572 721 ne
2608 672 2845 720 mentem
2894 674 3130 721 nostram
3160 667 3422 723 innubilet
3458 668 3634 737 caligo

2051 771 2343 826 corporea;
2375 772 2665 827 sequamur
2685 759 2826 826 quod
2853 757 2996 812 intus
3031 767 3134 825 est,
3168 774 3234 814 ue
3264 759 3390 814 foris
3418 777 3447 813 a
3480 761 3638 815 nobis

2051 846 2220 901 simus
2243 865 2256 900 :
2286 848 2512 901 instruat
2539 847 2685 917 quod
2713 848 2780 902 de
2807 863 2934 903 vera
2955 849 3220 919 sapientia
3250 852 3411 922 sapit,
3440 852 3639 907 illumi-

2053 946 2146 992 net
2173 938 2316 1006 quod
2338 938 2540 993 ccclesti
2563 939 2809 997 claritate
2836 938 3161 1009 reSplendet.
3194 941 3376 996 Talem
3406 942 3642 1011 denique

2049 1027 2286 1098 judicem
2316 1029 2552 1099 excipiat
2588 1029 2832 1099 publicus
2880 1038 3052 1097 actus,
3096 1032 3309 1102 qualem
3353 1032 3519 1090 filium
3548 1048 3644 1089 ca-

2055 1120 2253 1176 tholica
2296 1121 2460 1175 mittit
2486 1120 2583 1193 [Gr
2648 1132 2697 1175 et
2725 1121 2867 1194 Cuj.,
2918 1121 3109 1195 nutrit]
3155 1123 3412 1180 Ecclesia.
3443 1125 3499 1179 In
3529 1127 3645 1182 suis

2058 1228 2156 1268 nos
2183 1212 2344 1267 etiam
2393 1213 2704 1271 muneribus
2751 1214 2924 1277 virtus
2968 1224 3155 1272 sancta
3185 1217 3643 1287 custodial:quia

2056 1303 2326 1375 graviores
2366 1302 2583 1359 insidias
2630 1304 2837 1374 antiqui
2886 1304 3178 1360 adversarii
3210 1314 3339 1362 tunc
3380 1308 3640 1373 subimus,

2057 1392 2272 1471 quando
2316 1393 2433 1461 ejus
2460 1392 2599 1451 dona
2630 1394 2969 1463 suscipimus.
3020 1394 3199 1451 Nolite
3224 1397 3277 1451 in
3318 1413 3413 1452 me
3435 1407 3644 1453 tantum

2059 1485 2283 1555 rejicere
2339 1486 2572 1549 civitatis
2624 1487 2771 1542 illius
2822 1504 3032 1556 curam,
3074 1504 3194 1559 qua:
3246 1490 3426 1559 potius
3466 1500 3651 1546 vestra

2061 1577 2218 1632 laude
2257 1592 2449 1632 secura
2497 1585 2598 1633 est.
2630 1577 2739 1632 Vos
2764 1579 2906 1633 enim
2937 1581 3305 1649 speculatores
3343 1580 3650 1637 Christiano

2063 1668 2264 1737 populo
2303 1666 2622 1738 pnesidetis,
2663 1685 2760 1723 vos
2790 1670 2957 1739 patris
3005 1671 3220 1726 nomine
3261 1673 3506 1728 universa
3537 1673 3652 1727 dili-

2063 1758 2204 1828 gitis.
2238 1756 2511 1812 Securitas
2552 1772 2682 1828 ergo
2725 1759 2897 1829 plebis
2926 1760 2993 1816 ad
3036 1769 3269 1821 vestram
3317 1764 3538 1833 respicit
3572 1766 3654 1818 fa-

372 1854 510 1912 rata,
533 1844 751 1915 quando
777 1844 934 1899 unius
954 1842 1284 1913 praeconium
1307 1856 1430 1895 cum
1453 1840 1606 1894 turba
1634 1856 1694 1896 se
1712 1840 1831 1907 jure
1852 1856 1958 1894 non

2077 1864 2229 1913 mam,
2260 1849 2344 1903 cui
2369 1848 2625 1906 divinitus
2652 1861 2737 1904 est
2778 1852 3065 1906 commissa
3095 1853 3359 1909 custodia.
3403 1855 3653 1923 Quapro-

374 1945 549 2008 potest
578 1950 794 2004 requare
821 1935 1100 1988 virtutum.
1133 1932 1423 1988 IEstimate
1451 1931 1608 2002 quale
1630 1931 1708 1985 eis
1730 1938 1873 1985 esset
1896 1931 1964 1985 de

375 2025 468 2080 tnli
500 2024 715 2083 lucrede
768 2023 1060 2094 gaudium,
1109 2037 1230 2092 quae
1275 2022 1466 2087 merita
1511 2021 1685 2092 potuit
1736 2021 1965 2077 transire

375 2125 715 2171 cunctorum.
748 2113 1017 2189 Quaeratis
1043 2112 1265 2171 forsitan
1303 2111 1681 2183 sequestratim
1712 2111 1966 2181 principis

375 2206 518 2262 bona
545 2223 559 2258 :
584 2203 795 2259 abunde
826 2204 1082 2275 prtedicat
1101 2202 1366 2273 sobolem,
1398 2203 1489 2273 qui
1519 2201 1635 2273 ejus
1670 2200 1847 2260 laudat
1873 2216 1968 2253 au-

375 2305 604 2356 ctorem.
648 2303 671 2330 ⁸
702 2293 907 2355 Deinde
963 2293 1205 2353 retinetis
1252 2291 1614 2348 iucundissimi
1663 2291 1967 2363 Symmachi

376 2386 631 2443 eximium
675 2385 1138 2455 dictum;Spccto
1186 2384 1415 2447 feliciter
1460 2384 1675 2448 virtutis
1712 2384 1828 2453 ejus
1875 2398 1971 2438 au-

377 2488 615 2546 gmenta,
648 2476 736 2546 qui
761 2477 951 2532 differo
982 2476 1197 2530 laudare
1228 2476 1511 2546 principia,
1539 2474 1850 2538 Subvenite,
1877 2489 1974 2542 pa-

382 2577 489 2624 tres
527 2568 837 2636 conscripti,
888 2577 941 2621 et
969 2565 1178 2634 agendo
1219 2581 1318 2635 pro
1349 2581 1435 2621 me
1465 2565 1844 2623 communibus
1870 2565 1969 2619 do-

379 2659 538 2713 minis
559 2658 757 2724 gratias
781 2657 1018 2711 debitum
1048 2671 1225 2710 meum
1250 2663 1428 2711 vestra
1450 2655 1821 2710 satisfactione
1846 2670 1969 2725 per-

380 2747 594 2802 solvite.
638 2745 770 2800 Nam
812 2746 951 2800 sicut
983 2761 1119 2799 unus
1156 2745 1354 2800 satiare
1402 2760 1508 2800 non
1557 2745 1698 2800 valet
1735 2745 1973 2800 omnium

383 2847 524 2904 Vota,
560 2839 633 2893 ita
658 2837 810 2893 multi
836 2839 992 2893 unius
1023 2844 1250 2909 possunt
1279 2837 1553 2908 complere
1584 2835 1864 2908 disposita.

963 2991 1297 3069 EPISTULA
1334 2991 1401 3047 ιι.

520 3101 699 3142 ,ιοιιηὶιι
730 3102 876 3140 PAPIE
900 3100 1135 3140 SBNATOR
1166 3099 1490 3139 PRAEFECTUS
1521 3100 1821 3141 PRETORIO.

2068 1948 2185 2011 pter
2214 1957 2314 1995 nos
2341 1941 2498 1997 decet
2525 1941 2797 1997 custodire
2824 1942 3024 2012 aliqua,
3054 1942 3151 1998 sed
3179 1959 3276 1998 vos
3316 1945 3517 1998 omnia.
3556 1943 3656 1999 Pa-

2067 2032 2213 2092 scitis
2238 2032 2453 2103 quidem
2478 2033 2829 2103 spiritualiter
2849 2034 3194 2089 commissum
3223 2035 3376 2089 vobis
3401 2048 3654 2105 gregem:

2071 2130 2247 2177 tamen
2275 2138 2378 2178 nec
2419 2124 2522 2184 ista
2550 2125 2776 2193 potestis
2813 2125 3103 2195 negligere,
3134 2141 3255 2196 qua:
3303 2127 3548 2196 corporis
3570 2127 3658 2180 vi-

2069 2213 2264 2278 dentur
2288 2216 2646 2273 substantiam
2668 2218 2820 2290 175
2835 2218 3136 2273 continere.
3165 2218 3297 2273 Nam
3329 2220 3470 2274 sicut
3490 2219 3659 2275 homo

2071 2316 2285 2364 constat
2308 2323 2372 2363 ex
2403 2308 2686 2376 dualitate,
2716 2309 2789 2364 ita
2817 2308 2943 2364 boni
2973 2309 3145 2380 patris
3190 2317 3274 2365 est
3302 2319 3532 2379 utraque
3570 2327 3662 2367 re-

2074 2396 2276 2457 fovere.
2324 2396 2561 2461 Primum
2598 2398 2878 2468 penuriam
2926 2399 3205 2468 temporis,
3246 2415 3408 2470 quam
3462 2400 3660 2457 delicta

2074 2498 2474 2558 promerentur,
2505 2488 2839 2544 orationibus
2887 2487 3089 2543 sanctis
3128 2498 3395 2545 amovete.
3437 2489 3495 2546 Si
3532 2491 3662 2560 quid

2076 2589 2253 2634 tamen
2287 2580 2453 2648 (quod
2482 2580 2641 2645 absit)
2692 2578 2977 2645 acciderit,
3026 2590 3154 2637 tunc
3182 2581 3322 2636 bene
3368 2582 3663 2640 necessitas

2076 2671 2398 2736 excluditur,
2436 2671 2653 2742 quando
2683 2680 2871 2727 contra
2902 2686 3024 2726 eam
3056 2672 3157 2727 sub
3187 2673 3432 2729 ubertate
3462 2672 3589 2746 [Gn
3613 2684 3663 2728 et

2078 2760 2219 2825 Con,
2243 2761 2504 2828 veritate;
2536 2762 2655 2816 Jur.
2683 2772 2829 2834 putat
2865 2762 3136 2835 legendum
3159 2762 3430 2834 libertate]
3462 2773 3664 2821 tracta—

2078 2859 2185 2905 tur.
2222 2850 2438 2907 Monete
2481 2868 2567 2908 me
2610 2869 2730 2923 qute
2783 2862 2910 2909 sunt
2945 2855 3181 2924 gerenda
3227 2855 3475 2912 sollicite.
3517 2856 3668 2914 Bene

2078 2957 2238 3013 agere
2263 2945 2349 2999 vel
2373 2954 2655 3015 correptus
2676 2954 2897 3017 exopto,
2930 2948 3056 3018 quia
3085 2945 3352 3005 difficilius
3377 2959 3523 3004 errat
3547 2952 3666 3008 ovis

2079 3050 2199 3104 qua:
2226 3051 2389 3091 voces
2418 3036 2690 3091 desiderat
2718 3036 2907 3091 audire
2933 3038 3197 3107 pastoris;
3238 3054 3337 3094 nec
3365 3038 3525 3094 facile
3550 3039 3667 3095 eni-

2081 3127 2220 3180 citur
2246 3127 2492 3196 vitiosus,
2524 3130 2608 3185 cui
2656 3128 2963 3184 admonitor
2991 3130 3190 3185 insistit
3236 3131 3502 3187 assiduus.
3536 3131 3667 3189 Sin

385 3197 523 3253 Ρείίι
552 3207 607 3251 ιιι
642 3196 1647 3285 οναιῑοηὶιξεςείεᾴξίδτίαᾷξξρνιίζίοηίδιιδ,
1691 3200 1975 3269 εοννερτῖο·
2005 3220 2051 3283 C
2082 3213 2300 3285 quidem
2333 3216 2498 3284 judex
2546 3215 2838 3285 palatinos,
2894 3218 2988 3273 sed
3039 3227 3221 3274 vester
3267 3236 3373 3276 non
3422 3222 3668 3277 desinam

848 3266 999 3321 nibus
1028 3266 1183 3320 etiam
1217 3267 1511 3345 adjuvetur.

451 3379 868 3452 Supplicandum
896 3379 1049 3436 vobis
1071 3386 1172 3444 est,
1204 3379 1516 3435 beatissime
1544 3390 1717 3455 pater,
1753 3390 1809 3434 ut
1840 3382 1973 3438 heli-

385 3471 514 3526 tiam
554 3487 713 3540 quam
746 3486 841 3541 per
868 3487 965 3525 vos
994 3471 1127 3539 (Deo
1167 3471 1451 3543 largiente)
1492 3474 1850 3542 percepimus,
1879 3489 1974 3529 cu-

384 3564 574 3619 stodiri
631 3564 785 3618 nobis
835 3565 1028 3619 vestris
1084 3564 1421 3619 orationibus
1479 3567 1792 3623 sentiamus.
1849 3568 1979 3634 Quis

385 3657 526 3709 enim
555 3654 760 3710 dubitet
799 3656 1213 3725 prosperitatem
1264 3663 1502 3711 nostram
1532 3658 1725 3713 vestris
1773 3661 1979 3717 meritis

385 3748 779 3817 applicandam,
834 3747 1051 3816 quando
1093 3747 1358 3801 honorem
1407 3746 1775 3818 adipiscimur,
1815 3753 1905 3820 qui
1946 3768 1977 3806 a

385 3845 613 3899 Domino
641 3845 786 3912 diligi
830 3862 935 3899 non
983 3861 1289 3913 tueremur,
1340 3854 1394 3901 et
1423 3848 1820 3916 permutatione
1869 3847 1979 3901 effi-

388 3938 505 3992 caci
536 3937 674 3992 bona
718 3938 1029 4007 recipimus,
1057 3938 1182 3991 dum
1214 3938 1337 3997 talia
1373 3954 1478 3992 non
1504 3940 1763 4007 agamus?
1794 3937 1982 3994 Eccle-

386 4027 615 4081 siasticis
645 4027 903 4097 siquidem
929 4027 1146 4097 jejuniis
1185 4028 1352 4083 fames
1390 4042 1475 4089 εει
1504 4030 1721 4085 exclusa
1752 4032 1978 4101 popula-

387 4119 491 4181 ris,
515 4117 726 4173 decoris
774 4118 1021 4190 lacrymis
1057 4120 1272 4175 tristitia
1314 4121 1453 4185 foeda
1494 4122 1767 4186 discessit,
1800 4132 1854 4178 et
1885 4138 1982 4195 per

386 4217 604 4264 sanctos
635 4209 780 4264 viros
804 4211 1161 4267 accrleratum
1194 4221 1297 4279 est,
1338 4228 1408 4267 ne
1450 4214 1753 4269 traheretur
1782 4214 1983 4271 diutius

389 4300 532 4371 quod
556 4302 833 4371 gravabat.
870 4303 935 4357 Et
964 4304 1085 4359 ideo
1115 4305 1357 4361 salutans
1400 4304 1738 4363 ofliciositate
1766 4325 1869 4378 qua
1898 4310 1981 4369 di-

390 4409 552 4463 gnum
603 4404 702 4463 est,
735 4412 931 4468 precor
973 4405 1033 4451 ut
1076 4397 1314 4454 vivacius
1343 4400 1510 4455 oretis
1544 4416 1644 4470 pro
1693 4401 1864 4456 salute
1896 4418 1982 4457 re-

390 4489 701 4555 gnantium;
734 4498 999 4557 quatenus
1045 4505 1234 4549 eorum
1265 4492 1427 4546 vitam
1458 4493 1693 4548 C(elestis
1729 4492 1981 4561 Princeps

2080 3320 2200 3360 esse
2228 3305 2538 3376 discipulus.
2583 3306 2717 3361 Nam
2766 3316 2895 3366 tunc
2937 3310 3038 3363 ista
3070 3318 3220 3365 recte
3256 3313 3509 3381 gerimus,
3561 3314 3610 3368 si
3639 3330 3669 3368 a

2080 3397 2271 3454 vestris
2313 3399 2514 3466 regulis
2560 3399 2783 3455 minime
2810 3401 3167 3457 discedamus.
3212 3402 3318 3458 Sed
3361 3420 3484 3459 cum
3522 3421 3612 3459 me
3641 3422 3668 3459 a

2079 3490 2234 3545 vobis
2262 3490 2565 3549 desiderem
2595 3499 2650 3546 et
2698 3492 2907 3549 moueri
2936 3494 3193 3558 consiliis,
3235 3503 3291 3550 et
3337 3496 3671 3552 orationibus

2082 3581 2343 3651 adjuvari,
2364 3582 2474 3651 jam
2505 3584 2656 3638 vobis
2703 3592 2784 3638 est
2823 3585 3218 3654 applicandum,
3267 3589 3312 3643 si
3342 3589 3472 3657 quid
3506 3590 3558 3643 in
3587 3606 3672 3646 me

2080 3667 2242 3725 fuerit
2288 3672 2444 3726 aliter
2484 3686 2645 3741 quam
2679 3674 2971 3741 optabatur
3025 3675 3318 3733 inventum.
3373 3678 3545 3734 Sedes
3583 3680 3672 3736 illa

2081 3769 2198 3816 toto
2238 3763 2372 3817 orbe
2403 3761 2662 3817 mirabilis
2688 3762 2715 3800 δ
2747 3764 2998 3834 proprios
3020 3775 3166 3833 tegat
3190 3766 3477 3822 affectione
3497 3769 3674 3825 culto-

2081 3868 2197 3919 res;
2240 3870 2359 3925 qua:
2386 3854 2511 3909 licet
2560 3855 2827 3923 generalis
2874 3857 3074 3912 mundo
3119 3857 3190 3912 sit
3217 3860 3476 3928 praestita,
3518 3862 3675 3917 vobis

2082 3943 2245 3997 etiam
2293 3944 2637 4011 cognoscitur
2682 3951 2738 3998 et
2785 3945 3030 4000 localiter
3075 3946 3352 4002 attributa.
3401 3947 3675 4006 Tenemus

2082 4032 2282 4100 aliquid
2305 4041 2614 4087 sanctorum
2642 4035 3013 4102 apostolorum
3040 4037 3337 4105 proprium,
3370 4038 3413 4093 si
3436 4042 3675 4108 peccatis

2081 4122 2440 4176 dividentibus
2481 4139 2588 4176 non
2635 4123 2894 4177 reddatur
2960 4125 3233 4191 alienum,
3281 4127 3498 4197 quando
3538 4144 3676 4184 con-

2084 4214 2342 4268 fessiones
2365 4213 2481 4267 illas
2500 4225 2548 4280 ε,
2564 4229 2696 4283 quas
2716 4215 2898 4270 videre
2918 4217 3241 4272 universitas
3262 4220 3486 4288 appetit,
3503 4219 3676 4276 Roma

2086 4305 2294 4362 felicior
2322 4305 2377 4375 in
2411 4306 2527 4359 suis
2563 4305 2768 4359 sinibus
2808 4307 2940 4379 [cd.,
2987 4305 3203 4379 finibus]
3232 4309 3433 4366 habere
3462 4300 3713 4381 prome-3

2085 4397 2211 4453 ruit.
2251 4396 2334 4453 Nil
2382 4412 2510 4466 ergo
2566 4399 2815 4457 timemus
2863 4399 3057 4454 talibus
3096 4402 3361 4471 patronis,
3410 4403 3458 4457 si
3500 4404 3679 4458 oratio

2087 4506 2195 4544 non
2227 4490 2451 4545 desistat
2500 4490 2776 4546 antistitis.
2828 4489 3064 4546 Arduum
3112 4501 3194 4547 est
3223 4495 3439 4562 quidem
3477 4497 3681 4551 multo-

392 4575 552 4629 faciat
599 4590 717 4631 esse
766 4577 1085 4647 longmvam,
1144 4578 1401 4635 Romana:
1449 4581 1758 4651 reipublica:
1803 4582 1985 4636 hostes
2016 4584 2059 4642 ί)
2089 4595 2207 4634 rum
2235 4579 2515 4635 desideriis
2541 4579 2875 4647 satisfacere,
2896 4581 2993 4636 sed
3021 4584 3170 4637 novit
3195 4582 3455 4639 Divinitas
3485 4600 3685 4655 magna

392 4664 696 4730 imminuat,
757 4675 1001 4738 tempora
1059 4672 1346 4742 tranquilla
1397 4673 1662 4729 concedat
1711 4692 1723 4727 :
1767 4673 1981 4741 deinde,

392 4756 534 4826 quod
579 4765 739 4815 ornat
785 4773 997 4829 pacem,
1051 4763 1408 4817 necessariam
1462 4763 1617 4819 nobis
1654 4766 1867 4834 copiam
1916 4765 1985 4819 de

327 4901 338 4915 ,
394 4849 735 4910 abundantize
766 4864 876 4903 sum
916 4850 1125 4906 horreis
1154 4851 1411 4920 largiatur
1442 4871 1455 4907 :
1492 4853 1732 4923 mihique
1764 4854 1872 4908 filio
1899 4870 1987 4910 ve-

394 4950 507 4995 stro
539 4940 903 5013 intelligentiae
939 4944 1128 5003 sfensus
1156 4943 1396 5013 aperiat;
1445 4952 1504 4997 ut
1530 4957 1651 5023 qua:
1678 4959 1808 5000 vere
1856 4954 1985 5007 sunt

470 5233 495 5261 οι
546 5222 740 5297 Deinde
793 5224 1022 5285 retinetis
1069 5225 1429 5297 fecundissimi
1478 5224 1818 5297 Symmachi,
1875 5234 1980 5297 etc.

400 5293 525 5368 Βίης
552 5295 716 5368 verba
756 5311 861 5368 non
908 5293 1123 5351 exstant
1170 5296 1221 5350 in
1272 5298 1419 5351 libris
1462 5293 1643 5362 Quinti
1671 5296 1985 5368 Symmachi

400 5363 560 5418 hodie
588 5365 763 5419 editis.
796 5364 913 5419 Jun.

470 5431 746 5507 t{Romam
775 5436 1042 5505 intelligit,
1065 5451 1225 5505 quam
1254 5438 1429 5505 legqu
1452 5435 1807 5501 domicilium,
1835 5451 1986 5507 gym-

400 5504 607 5575 nasium
664 5501 992 5573 litterarum,
1056 5501 1256 5561 curiam
1309 5501 1665 5575 dignitatum,
1732 5501 1990 5561 verticem

401 5573 616 5637 mundi,
661 5583 715 5629 et
743 5576 969 5643 patriam
999 5577 1260 5630 libertatis
1288 5573 1541 5632 Sidonius
1564 5578 1819 5646 appellat.
1862 5575 1989 5630 Hic-

401 5657 657 5714 ronymus
687 5647 846 5699 etiam
880 5647 932 5698 in
971 5647 1202 5714 quadam
1246 5648 1470 5714 epistola
1502 5645 1730 5700 miratur
1770 5645 1991 5701 Gadita-

405 5729 530 5766 num
552 5715 839 5785 quemdam
874 5714 978 5768 Titi
1007 5716 1135 5769 Livii
1162 5717 1279 5769 solo
1303 5718 1521 5771 nomine
1541 5724 1596 5767 et
1619 5716 1786 5783 gloria
1812 5717 1993 5785 potius

403 5795 728 5855 commotum
770 5783 954 5848 fuisse,
1005 5801 1165 5855 quam
1199 5785 1455 5849 Romanae
1496 5785 1642 5844 urbis
1682 5783 1989 5855 splet’nlnre,

404 5868 524 5908 cum
553 5851 774 5907 Romam
804 5851 1073 5922 pergeret.
1100 5855 1249 5909 Nunc
1281 5872 1408 5909 vero
1433 5855 1664 5911 nominis
1686 5851 1765 5910 sui
1792 5856 1988 5912 decoc-

2092 4678 2369 4740 prazstare.
2400 4669 2516 4740 Ipsa
2548 4671 2797 4726 retundat
2825 4672 3053 4740 invidos,
3089 4673 3204 4742 ipsa
3235 4675 3390 4729 nobis
3413 4673 3576 4731 faciat
3603 4678 3684 4732 ci-

2091 4778 2188 4817 ves
2216 4762 2417 4817 erelesti
2447 4762 2775 4832 aspiratione
2797 4764 3163 4832 gratissimos;
3190 4773 3246 4820 et
3270 4767 3689 4836 supplicationi-

2091 4855 2191 4909 bus
2217 4855 2412 4909 vestris
2453 4861 2694 4925 tempora
2737 4855 2957 4923 tribuat,
2991 4856 3184 4928 quibus
3218 4872 3452 4928 superna
3506 4861 3687 4927 gratia

2093 4946 2412 5018 praedicetur
2439 4945 2664 5003 indulta.

2093 5222 2198 5280 trix
2236 5222 2406 5289 jacet,
2456 5219 2697 5289 nihilque
2741 5218 2885 5275 aliud
2933 5226 3017 5276 est
3053 5233 3215 5288 quam
3244 5235 3354 5276 suae
3381 5223 3679 5283 venustati:

2092 5293 2329 5363 pristinae
2356 5306 2606 5361 spurcum
2634 5290 2886 5363 cadaver.
2919 5289 3105 5363 Βιιοδεζ

2169 5374 2191 5401 ε
2224 5358 2584 5433 Confessiones
2627 5360 2746 5414 illas
2775 5359 2950 5429 (Petri
2991 5369 3045 5433 et
3081 5359 3282 5433 Pauli).
3315 5358 3692 5433 Confessionis

2097 5433 2314 5487 nomine
2338 5430 2611 5485 vocabant
2656 5440 2866 5498 partem
2908 5431 3146 5485 ecclesim
3179 5430 3266 5483 ubi
3293 5431 3524 5486 condita:
3553 5436 3691 5488 reli-

2097 5504 2236 5572 quie
2284 5517 2571 5570 corporum
2624 5508 2934 5572 sanctorum
2985 5499 3294 5572 subaltarj,
3346 5516 3453 5572 non
3501 5513 3693 5559 autem

2099 5569 2277 5645 ipsam,
2299 5569 2569 5645 intcgram
2600 5569 2905 5645 ecrlesiarn,
2954 5579 3013 5645 ut
3042 5570 3494 5645 -notatﬂaronius
3522 5572 3694 5628 Com-

2098 5639 2277 5698 ment.
2299 5643 2349 5695 in
2382 5641 2654 5714 martyre].
2685 5640 2873 5714 noun,
2899 5641 2996 5714 sub
3025 5639 3110 5714 die
3136 5639 3340 5714 _6_Julii.
3373 5639 3698 5714 Sieaecipit

2096 5715 2276 5768 claves
2304 5701 2659 5765 confessionis
2706 5701 2876 5763 sancti
2928 5708 3072 5762 Petri
3121 5708 3418 5771 Aimoiuus,
3477 5701 3695 5770 Ilistor.

2099 5785 2288 5855 h‘ranc.
2325 5784 2412 5836 lib.
2456 5795 2677 5855 tv,_eap.
2711 5778 2992 5855 ὃῶζιᾼιιιξθ
3032 5780 3207 5834 locum
3248 5781 3508 5844 Enuodii,
3544 5786 3701 5855 apud

2100 5854 2320 5916 Harum,
2351 5863 2479 5907 tom.
2514 5850 2599 5914 Vl,
2626 5847 2749 5920 pag.
2785 5849 2905 5907 601.
2941 5847 3130 5915 JUBET.
