3990 6170
275 386 386 446 829

852 501 1183 558 EPISTOLA
1207 502 1295 558 ιη.

277 608 518 650 mvensts
546 593 654 669 [ed.
677 634 692 663 ,
721 592 1011 665 usrvansrs]
1043 611 1303 650 nrtscorts
1357 611 1593 653 summa
1625 614 1870 652 emerse-

853 680 953 720 TUS
978 682 1280 721 PRA'Z'I'ORIO.

279 778 624 837 Commendat
659 796 714 833 se
734 777 940 850 illarum
972 777 1238 847 precibus;
1286 786 1334 830 et
1361 779 1495 850 petit
1522 790 1578 831 ut
1614 781 1872 850 jejunum:

391 868 449 905 ro
477 852 644 904 salute
664 848 953 916 principum
965 856 1025 900 ‘ct
1049 864 1142 916 pro
1167 864 1291 916 pace
1318 847 1596 902 obtinenda
1615 847 1868 904 iudicant.

391 869 449 905 νο
477 869 644 904 sumre
664 869 1025 916 prtm'tpum'cr
1049 869 1142 916 pro
1167 869 1291 916 pace
1318 869 1596 902 ουιιηεηαα
1618 869 1868 904 πηαισαηι.

353 869 486 974 ςἰιηι
539 937 625 974 eos
675 919 912 971 hortatur
953 926 1008 970 ut
1053 918 1173 977 vitia
1225 928 1409 971 cuncta
1450 934 1482 970 a
1523 922 1712 990 populo
1752 939 1874 990 pro-

352 992 438 1044 cul
464 990 766 1043 amandent.

353 1081 728 1151 Corporalium
752 1088 963 1151 patrum
988 1080 1245 1134 naturalis
1266 1096 1382 1136 mos
1402 1089 1511 1145 cst,
1542 1082 1609 1136 de
1644 1082 1873 1137 filiorum

278 1172 633 1241 provectiene
663 1171 916 1239 gaudere,
955 1170 1080 1224 dum
1112 1185 1298 1225 eorum
1331 1171 1751 1227 institutionibus
1780 1189 1875 1243 ap-

280 1264 519 1333 plicatur
565 1259 820 1331 quidquid
865 1260 1118 1315 laudisin
1148 1260 1291 1315 clara
1344 1261 1495 1330 prole
1537 1262 1869 1319 conceditur.

287 1352 394 1408 Vos
422 1359 600 1407 autem
631 1350 898 1419 spiritales
939 1358 1212 1419 parentes,
1260 1351 1352 1419 qui
1385 1359 1658 1406 auctorem
1688 1367 1873 1409 rerum

281 1441 583 1496 illuminata
605 1448 787 1495 mente
812 1439 1141 1509 conspicitis,
1173 1455 1271 1509 pro
1297 1454 1381 1493 me
1403 1449 1602 1496 sancta:
1625 1439 1873 1509 Trinitati

280 1531 474 1587 sedule
501 1529 816 1600 supplicate,
856 1537 917 1583 ut
942 1528 1225 1599 splendere
1255 1529 1364 1594 late
1404 1528 1564 1585 faciat
1592 1531 1646 1584 in
1694 1531 1872 1586 medio

282 1622 521 1692 positum
565 1618 978 1684 candelabrum;
1029 1628 1298 1688 quatenus
1340 1635 1441 1674 nec
1479 1620 1609 1674 mibi
1650 1622 1875 1677 interior

282 1713 425 1769 desit
448 1712 614 1776 visus,
659 1718 715 1764 et
750 1710 818 1765 de
854 1727 939 1765 me
969 1710 1086 1765 aliis
1118 1710 1382 1781 pandetur
1424 1720 1691 1782 aspectus.
1723 1713 1872 1768 Nu“-

284 1802 414 1875 quid
443 1801 687 1875 proderit
709 1800 942 1868 judicem
986 1801 1105 1856 aliis
1134 1818 1252 1856 esse
1280 1805 1649 1873 perspicuum,
1696 1805 1741 1859 si
1770 1805 1872 1860 sibi

1564 389 1922 445 VARIARUSI
1963 390 2163 447 LIBER
2192 389 2280 445 XI.

1899 509 1947 566 Α
1977 501 2104 575 [ed.,
2151 504 2455 571 adiurator;
2499 502 2628 569 Ma,
2677 500 3025 574 arbitrater];
3067 500 3210 573 quod
3241 502 3566 573 generaliter

3456 391 3560 446 εὖτ)

1978 596 2168 662 debeo,
2221 597 2496 651 inceactus
2523 595 2764 650 exsolve.
2814 594 3070 666 Rependo
3100 594 3261 649 etiam
3291 592 3564 649 sanctitati

1976 698 2168 743 vestra:
2197 687 2511 744 bonorili‘cze
2540 688 2879 743 salutationis
2924 687 3192 753 el‘licium,
3245 693 3562 754 textumque

1976 780 2219 848 epistola:
2249 779 2544 837 allectuoso
2577 781 2681 835 line
2727 779 3017 848 concludo,
3063 788 3124 835 ut
3162 780 3216 835 in
3255 784 3436 834 metite
3463 792 3561 832 ve-

1975 879 2085 926 stra
2142 872 2381 927 dulciora
2433 881 2781 941 remaneant,
2829 874 2955 942 quia
3003 874 3140 928 bene
3195 873 3299 927 sibi
3354 872 3561 926 animus

1976 963 2273 1031 posteriora
2305 964 2667 1019 commendat.

2541 1094 2875 1157 EPISTOLA
2904 1096 2995 1152 IV.

1974 1201 2230 1242 AEBROSIO
2268 1202 2391 1247 VIRO
2420 1204 2659 1242 ILLUSTRI
2681 1228 2694 1253 ,
2736 1204 2929 1247 AGENTI
2965 1205 3115 1244 νιεεδ
3151 1204 3394 1243 SENATOR
3424 1202 3555 1242 Μυῖ-

2492 1274 2693 1312 recres
2732 1275 3027 1327 ruma-omo.

1974 1345 2227 1401 Admonet
2268 1356 2323 1400 ut
2369 1347 2591 1419 aﬁicium
2636 1348 2734 1401 sibi
2775 1349 3103 1415 commissum
3140 1348 3366 1418 ﬁdeliter
3413 1364 3558 1401 enc-

2648 1427 2853 1493 quatur.

2046 1528 2251 1585 Secnre
2297 1531 2472 1598 vobis,
2526 1532 2638 1587 Deo
2681 1532 2922 1602 iuvante,
2973 1532 3279 1604 opinionem
3323 1540 3558 1595 nostram

1973 1621 2263 1691 credimus,
2313 1622 2466 1690 cujus
2496 1624 2885 1678 conscientiam
2932 1639 3028 1693 per
3056 1638 3339 1682 causarum
3384 1621 3561 1675 varios

1974 1727 2102 1767 usus
2117 1712 2272 1782 longa
2294 1721 2451 1768 mtate
2473 1715 2835 1783 probavimus.
2864 1714 2992 1768 Nam
3015 1714 3059 1768 si
3079 1714 3128 1767 in
3147 1710 3558 1767 advocationisb

1972 1804 2151 1858 studio
2185 1802 2406 1873 justitia:
2436 1805 2681 1860 claritate
2718 1804 2971 1871 fulsistis;
3027 1806 3182 1876 176
3226 1803 3351 1874 quid
3400 1818 3559 1864 nunc,

284 1893 466 1963 potius
521 1890 775 1955 reddatur
813 1890 1110 1947 obscurus?
1159 1891 1481 1961 Dignitatem
1529 1895 1873 1952 conscientiae
1909 1884 1950 1941 Β
1978 1894 2224 1963 provecti
2251 1894 2317 1948 ad
2346 1894 2569 1950 consilia
2601 1903 2808 1960 nostra,
2843 1894 3081 1950 facietis?
3111 1893 3315 1949 Crescit
3335 1892 3476 1947 enim
3506 1891 3564 1945 in

284 1983 483 2046 donet,
530 1983 621 2051 qui
655 1981 936 2048 tribunalia
967 1981 1215 2038 conferre
1253 1983 1500 2052 dignatus
1528 1994 1634 2041 est.
1684 1986 1871 2043 Faciat

287 2072 609 2146 inoﬂ‘ensum
633 2071 896 2145 judicent,
932 2087 999 2127 ne
1027 2073 1248 2127 damnet
1283 2080 1575 2132 errantem.
1607 2074 1689 2130 Sit
1716 2076 1873 2133 nobis

288 2164 655 2236 prosperrime
700 2179 969 2233 praesens,
1028 2174 1086 2219 ut
1125 2164 1355 2221 infausta
1406 2167 1532 2222 vitia
1580 2168 1874 2225 reddantur

288 2257 552 2313 absentia.
588 2255 841 2317 Amorem
873 2272 1026 2311 suum
1059 2258 1287 2324 tribuat,
1320 2266 1381 2313 ut
1408 2260 1671 2330 peccandi
1699 2262 1873 2317 ambi-

289 2361 400 2423 tum
457 2351 747 2405 miseratus
793 2349 1062 2409 excludat.
1116 2349 1476 2425 Quapropter,
1526 2354 1718 2409 anima:
1760 2356 1877 2412 veri

288 2450 561 2511 parentes,
584 2439 875 2496 affectuose
907 2448 962 2495 et
984 2440 1245 2510 probabili
1277 2443 1539 2512 petitione
1566 2459 1665 2500 vos
1685 2444 1877 2515 depre-

287 2546 401 2591 cor.
433 2537 494 2584 ut
517 2529 717 2584 indicto
735 2529 941 2600 jejunio
972 2530 1199 2585 Domino
1225 2533 1557 2605 supplicetis,
1590 2535 1681 2604 qui
1708 2536 1876 2591 vitam

287 2621 590 2691 principum
663 2630 968 2676 nostrorum
1044 2621 1256 2678 ﬂorenti
1315 2636 1482 2692 regno
1555 2626 1875 2695 protendat,

287 2714 476 2769 hostes
502 2713 812 2782 reipublicae
850 2714 1102 2769 defensor
1144 2714 1456 2781 imminuat,
1503 2715 1669 2772 donet
1695 2720 1875 2787 quieta

289 2814 556 2873 tempora,
599 2812 655 2857 et
691 2803 755 2859 ad
797 2804 1005 2859 laudem
1028 2806 1109 2860 sui
1149 2807 1383 2862 nominis
1411 2789 1877 2878 cepiosa;.faciat-

284 2909 392 2963 que
413 2908 594 2947 rerum
617 2893 854 2948 omnium
874 2894 1333 2966 tranquillitatem,
1365 2905 1420 2952 et
1440 2897 1573 2969 [alii,
1595 2898 1670 2971 ut]
1689 2915 1774 2955 me
1792 2917 1878 2956 vo-

284 2986 369 3040 bis
386 2984 609 3039 muere
623 2984 870 3052 dignetur
884 2986 1187 3043 amabilem.
1226 2987 1330 3042 Sed
1348 3004 1457 3057 quo
1472 2987 1680 3044 facilius
1697 3003 1875 3045 vestra

283 3090 508 3144 quoine
535 3074 854 3129 exaudiatur
882 3077 1075 3142 oratio,
1109 3085 1283 3132 estote
1319 3079 1460 3135 circa
1489 3095 1585 3134 eos
1612 3095 1749 3148 quos
1779 3081 1876 3135 de-

282 3168 553 3225 stinamus
570 3166 781 3219 attoniti
804 3165 918 3239 [Αε.
939 3208 953 3232 ,
976 3166 1212 3239 attenti].
1238 3168 1391 3236 Quod
1412 3171 1699 3237 nescimus,
1724 3172 1880 3228 nobis

1978 1986 2070 2041 illo
2099 1986 2383 2053 meritum,
2420 1990 2507 2043 cui
2536 1988 2708 2057 majus
2733 1988 2893 2042 datur
2915 1986 3147 2041 el‘licium
3166 2028 3181 2051 ,
3214 1984 3428 2055 quando
3452 1982 3563 2052 jam

1976 2074 2254 2133 habendus
2285 2085 2368 2130 est
2405 2077 2457 2131 in
2482 2075 2724 2151 judicent
2756 2085 2997 2145 partem,
3033 2074 3125 2146 qui
3156 2074 3352 2129 meruit
3381 2071 3566 2127 aulicis

1975 2166 2334 2235 potestatibus
2363 2166 2619 2222 assidere.
2651 2164 2925 2227 Ornentur
2951 2179 3080 2234 ergo
3106 2165 3380 2229 subsellia,
3414 2162 3567 2233 cujus

1978 2271 2074 2311 ere
2123 2254 2240 2311 fora
2290 2263 2600 2319 tenuerunt.
2652 2258 2860 2319 Absens
2910 2256 3122 2321 adiuero
3165 2264 3352 2311 nostro
3390 2252 3567 2316 lateri,

1978 2347 2277 2418 pleniOrem
2299 2348 2512 2404 laudem
2536 2348 2658 2404 inde
2678 2362 3009 2421 sumpturus,
3033 2348 3157 2418 quia
3182 2348 3446 2415 integrum
3474 2344 3566 2400 tibi

1978 2439 2318 2509 reputabitur
2336 2439 2479 2509 quod
2502 2440 2641 2496 bene
2664 2439 2999 2503 ordinaveris
3016 2440 3182 2502 solus.
3216 2439 3364 2501 Hanc
3385 2453 3566 2495 coram

1986 2528 2194 2598 positus
2250 2544 2461 2584 mecum
2512 2545 2697 2585 curam
2746 2530 3153 2601 participaveris
3199 2537 3255 2585 et
3297 2528 3566 2603 gloriam:

1981 2633 2125 2674 nunc
2173 2628 2352 2674 autem
2401 2619 2498 2673 tibi
2541 2627 2748 2675 tantum
2792 2621 3035 2689 cogimur
3077 2619 3275 2674 debere
3313 2616 3571 2688 quidquid

1982 2706 2104 2761 inde
2154 2708 2475 2777 (prtestante
2516 2706 2661 2779 Deo)
2706 2707 2877 2763 laudis
2919 2707 3255 2777 potuerimus
3303 2706 3568 2774 accipere.

1981 2797 2322 2871 Quapropter
2352 2798 2588 2856 ofﬁcium
2631 2802 2728 2856 tibi
2757 2803 3048 2862 observare
3092 2817 3378 2873 censemus
3425 2802 3568 2871 quod

1982 2895 2181 2949 nostris
2201 2893 2532 2963 jussionibus
2563 2895 2927 2963 obseeundat;
2960 2895 3243 2967 prreccptis
3273 2895 3434 2957 etiam
3467 2894 3570 2949 tuis

1982 3001 2081 3056 pro
2109 2986 2336 3056 publicis
2382 2987 2703 3042 utilitatibus
2729 2986 3025 3057 justissimc
3052 2987 3344 3056 designatis
3386 2986 3564 3055 princi-

1980 3077 2156 3149 pimus
2185 3079 2392 3133 ebediri
2411 3116 2425 3141 ,
2460 3087 2724 3150 quatenus
2754 3087 2809 3135 et
2846 3080 2941 3134 tibi
2988 3079 3059 3133 sit
3088 3095 3185 3148 pro
3215 3078 3430 3149 publica
3461 3078 3558 3131 uti-

1986 3168 2137 3224 litate
2189 3169 2440 3225 mittendi
2496 3169 2709 3235 ﬁducia,
2768 3178 2824 3225 et
2873 3169 3050 3224 nullus
3095 3177 3150 3225 te
3195 3167 3572 3224 contemnendi

286 3272 399 3325 non
430 3255 593 3312 debet
622 3257 889 3328 imputari.
938 3260 1104 3315 Actus
1143 3276 1326 3319 eorum
1370 3263 1674 3318 testimonia
1703 3271 1880 3320 vestra
1908 3255 1951 3313 C
1985 3268 2161 3315 sumat
2188 3260 2485 3316 audaciam.
2519 3260 2575 3316 Si
2604 3276 2741 3330 quos
2786 3260 2948 3316 etiam
2983 3259 3385 3327 fideiussoribus
3411 3274 3565 3314 com-

284 3357 714 3418 prosequantnr;
745 3359 802 3405 ut
825 3358 918 3405 aut
940 3352 1186 3407 laudatus
1205 3354 1453 3427 gratiam,
1484 3364 1577 3410 aut
1597 3365 1881 3413 accusatus

286 3441 591 3510 apud‘vos
640 3443 883 3501 invenire
936 3445 1106 3514 possit
1159 3445 1436 3501 offensam.
1498 3447 1682 3517 Neque
1735 3450 1878 3504 enim

285 3533 446 3586 vobis
470 3532 735 3603 imputare
764 3541 1036 3603 poterunt,
1070 3536 1112 3589 si
1142 3536 1489 3605 delinquunt,
1522 3537 1737 3607 quando
1767 3555 1878 3593 non

282 3622 549 3690 jubentur
578 3625 716 3678 male
735 3625 884 3690 dare,
918 3634 976 3680 ut
1004 3642 1284 3697 perperam
1317 3637 1578 3697 cogantur
1605 3631 1878 3700 accipere.

286 3712 564 3782 Orphanis
585 3715 861 3785 viduisque
887 3725 1073 3772 contra
1099 3734 1272 3774 saevos
1295 3719 1524 3791 impetus
1550 3721 1659 3777 Deo
1684 3723 1880 3792 placita

288 3804 432 3872 led.,
482 3804 681 3860 debent
711 3807 925 3875 placita,
977 3808 1101 3880 αα]
1143 3819 1394 3880 praestate
1422 3812 1615 3867 solatia
1646 3831 1659 3866 :
1691 3814 1763 3868 ita
1794 3823 1879 3869 ta-

290 3908 438 3955 men,
474 3909 541 3947 ne
573 3894 737 3962 (quod
770 3896 965 3951 accidit
994 3908 1017 3935 ⁸
1050 3915 1148 3968 per
1176 3900 1392 3955 nimiam
1422 3902 1676 3972 pietatem
1706 3904 1723 3973 )
1753 3904 1878 3958 dum

288 3983 504 4037 miseris
543 3984 828 4039 subvenire
852 3987 1107 4055 quaeritis,
1149 3989 1325 4044 locum
1357 3991 1563 4060 legibus
1602 3990 1876 4050 auferatis.

290 4074 424 4129 Nam
453 4077 498 4130 si
528 4076 728 4147 aliquid
778 4077 999 4134 offendit
1046 4077 1183 4135 forte
1225 4082 1553 4152 districtum,
1602 4084 1726 4139 talia
1757 4085 1882 4141 date

287 4168 500 4221 cunctis
556 4169 777 4235 monita,
831 4177 889 4224 ut
937 4169 1057 4239 jura
1116 4172 1332 4241 possitis
1385 4174 1612 4230 reddere
1668 4174 1877 4231 feriata.

291 4258 595 4323 Excludito,
628 4261 979 4328 sanctissimi,
1014 4263 1156 4319 inter
1195 4264 1500 4323 immundos
1528 4266 1751 4336 spiritus
1781 4267 1880 4322 im-

288 4349 585 4420 placabiles
631 4352 881 4405 vitierum
930 4351 1163 4418 furores,
1212 4354 1527 4427 violentiam
1562 4364 1877 4431 temperate,

288 4440 573 4494 avaritiam
605 4440 881 4511 depellite,
912 4440 1051 4497 furta
1090 4451 1383 4507 removete,
1418 4443 1879 4515 depopulatricem

287 4530 506 4584 humani
537 4532 748 4598 generis
775 4532 1036 4587 luxuriam
1067 4550 1097 4587 a
1127 4541 1310 4589 vestro
1336 4534 1536 4603 populo
1573 4542 1873 4603 segregate.

287 4623 379 4678 Sic
408 4632 685 4677 auctorem
732 4624 1027 4693 iniquitatis
1065 4625 1359 4681 efficaciter
1394 4626 1627 4690 vincitis,
1680 4626 1722 4682 si
1762 4625 1880 4695 ejus
1909 4625 1961 4685 D

286 4716 666 4785 persuasiones
696 4715 761 4769 de
792 4715 1038 4771 humanis
1066 4717 1319 4772 cordibus
1350 4716 1623 4772 auferatis.
1656 4714 1879 4786 Episco-

287 4822 389 4875 pus
417 4806 638 4867 doceat,
685 4820 752 4860 ne
774 4804 939 4874 judex
991 4808 1163 4885 possit
1193 4807 1435 4862 invenire
1462 4806 1622 4877 quod
1670 4806 1877 4876 puniat.

286 4894 702 4950 Administratio
748 4896 899 4950 vobis
946 4898 1266 4957 innocentia:
1314 4896 1439 4952 data
1488 4906 1591 4954 est.
1650 4898 1782 4953 Nam
1833 4899 1877 4953 si

288 4986 599 5057 praedicatio
626 4994 797 5047 vestra
822 5002 927 5040 non
953 4987 1183 5059 desinat,
1216 5004 1437 5043 necesse
1461 4997 1623 5045 estut
1649 4990 1879 5059 pmnalis

286 5078 432 5132 actio
461 5078 827 5151 conquiescat.
860 5076 925 5131 Et
955 5079 1076 5133 ideo
1106 5079 1418 5150 dignitatem
1443 5094 1616 5133 meam
1648 5079 1697 5133 in
1727 5080 1872 5133 omni

290 5168 441 5222 vobis
475 5176 628 5238 parte
658 5170 1002 5235 commendo,
1046 5180 1313 5238 quatenus
1342 5179 1494 5225 actus
1523 5171 1689 5226 nostri
1721 5185 1878 5226 sanc—

288 5267 467 5312 terum
497 5260 833 5314 orationibus
861 5259 1201 5328 adjuventur.
1234 5262 1325 5329 qui
1357 5261 1536 5316 minus
1566 5262 1617 5315 in
1651 5262 1881 5316 humana

287 5356 560 5419 potestate
591 5351 985 5418 priesumimus.
1017 5351 1375 5407 Familiaritcr
1415 5352 1574 5405 etiam
1607 5353 1732 5406 mihi
1762 5367 1884 5407 sna-

284 5441 411 5496 dete
440 5438 585 5509 quod
609 5439 813 5509 justum
863 5449 966 5507 est.
1020 5441 1136 5497 Non
1177 5459 1297 5497 sunt
1344 5442 1572 5498 callidus
1607 5441 1886 5512 abjurator

360 5605 389 5669 ε
425 5597 531 5653 Per
553 5600 770 5654 nimiam
792 5599 1053 5669 pietatem.
1078 5600 1193 5656 lloc
1215 5617 1374 5657 sensu
1402 5611 1643 5659 vetustus
1667 5610 1877 5664 auctor,

284 5667 383 5743 sed
417 5668 672 5743 incertus,
705 5667 891 5725 homil.
938 5671 1002 5725 t4
1030 5673 1080 5743 in
1113 5671 1300 5726 Matth.
1349 5687 1467 5740 cap.
1518 5692 1569 5728 vt
1602 5673 1712 5743 (qui
1746 5672 1882 5743 falso

287 5738 454 5804 vulgo
503 5739 755 5794 tribuitur
795 5749 987 5794 sancte
1027 5738 1435 5868 Cbrysostomo?
1468 5763 1480 5797 :
1516 5738 1879 5799 Misericordia

290 5814 421 5863 tunc
451 5823 578 5862 vera
627 5818 710 5864 est
759 5811 1148 5868 misericordia.
1195 5814 1239 5867 si
1282 5814 1363 5868 sic
1426 5825 1544 5868 acta
1595 5814 1772 5868 fuerit.
1825 5820 1879 5865 ut

290 5814 578 5887 tuncqyera
627 5818 710 5864 est
759 5811 1151 5873 misericordia,
1195 5814 1239 5867 si
1282 5814 1363 5869 sic
1405 5811 1544 5887 facta
1595 5814 1772 5875 fuerit,
1825 5820 1883 5865 ut

284 5885 498 5955 Iustitia
544 5894 642 5949 per
680 5894 799 5938 eam
844 5896 949 5935 non
996 5890 1404 5956 contemnatur;
1447 5886 1492 5942 si
1531 5893 1709 5942 autem
1750 5897 1881 5941 eon-

1983 3350 2197 3406 mittere
2214 3351 2573 3406 necessarium
2588 3350 2959 3419 :eslimaveris,
2984 3348 3319 3405 confidenter
3338 3363 3572 3410 assume,

1981 3444 2105 3512 quia
2135 3443 2262 3498 illud
2293 3444 2462 3512 magis
2491 3444 2734 3500 relevare
2758 3451 2940 3514 potest
2959 3444 3194 3497 animum
3224 3449 3490 3506 nostrum,
3519 3440 3566 3495 si

1981 3538 2179 3609 aliquid
2226 3552 2325 3607 per
2374 3553 2471 3592 vos
2515 3552 2905 3608 cognoscamus
2948 3535 3244 3605 impletum.
3305 3532 3561 3587 Prtesenti

1982 3630 2129 3686 enim
2153 3630 2268 3687 sola
2290 3630 2454 3684 verba
2486 3640 2800 3700 pratstares,
2835 3644 2979 3683 nunc
3014 3636 3193 3683 autem
3225 3626 3364 3682 facta
3394 3626 3572 3695 potius

1981 3719 2246 3776 debentur
2273 3720 2500 3777 absenti.
2532 3717 2831 3775 Consilium
2874 3719 3072 3790 quippe
3117 3726 3276 3772 tanta:
3315 3717 3457 3775 sedis
3496 3716 3573 3770 ’σει-

1981 3825 2113 3882 gens
2139 3820 2222 3868 est
2241 3810 2597 3882 proculdubio
2621 3810 2763 3866 fama
2790 3811 3127 3866 meritorum.
3154 3808 3262 3864 Sed
3292 3806 3574 3865 considerat

1981 3902 2110 3977 quid
2155 3903 2401 3972 exigatur
2453 3902 2539 3957 cui
2588 3902 2695 3956 tale
2744 3917 2940 3955 nomen
2993 3899 3311 3969 imponitur.
3397 3896 3574 3952 Labor

1981 4002 2162 4049 vester
2199 4001 2454 4065 procuret
2491 3992 2621 4046 mihi
2670 3992 2909 4047 omnium
2952 3991 3207 4062 quietem.
3254 3988 3416 4045 Scitis
3456 4003 3574 4060 qua:

1983 4083 2157 4154 turpia
2187 4084 2459 4152 neglectus
2488 4083 2748 4138 intulerit.
2772 4080 3040 4151 Scopulus
3070 4079 3319 4134 vitandus
3339 4088 3449 4142 est,
3481 4078 3573 4135 ubi

1983 4174 2121 4229 alter
2144 4173 2384 4228 oll'endit.
2419 4173 2524 4229 Sed
2551 4173 2654 4228 bec
2677 4188 2774 4228 vos
2803 4186 3025 4227 monere
3050 4186 3170 4226 mea
3199 4170 3377 4240 potius
3401 4170 3575 4225 curio-

1981 4264 2112 4319 sitas
2141 4278 2299 4332 quam
2328 4264 2491 4317 vestri
2537 4260 2831 4317 diffidentia
2883 4260 3032 4316 facit.
3083 4260 3217 4315 Nam
3265 4261 3446 4314 omnia
3477 4274 3576 4313 vos

1983 4355 2071 4409 illa
2102 4369 2262 4422 agere
2291 4353 2575 4420 credimus,
2607 4368 2726 4425 qute
2765 4352 3010 4423 (juvante
3038 4350 3173 4423 Deo)
3203 4350 3355 4405 famae
3383 4358 3579 4409 nostra:

1983 4452 2037 4499 et
2066 4444 2369 4513 reipublicze
2393 4442 2541 4496 utilia
2572 4458 2692 4496 esse
2713 4442 3037 4511 judicamus.

2562 4572 2895 4632 EPISTOLA
2925 4573 2987 4627 V.

1986 4683 2241 4723 Αιιιιιιοδιο
2279 4681 2404 4720 γιιιο
2434 4679 2707 4726 ILLUSTRI,
2740 4678 2888 4718 \‘lCES
2918 4679 3111 4718 ACENTI
3157 4679 3395 4719 SENATOR
3436 4679 3580 4718 "Li-

2503 4750 2705 4789 FECTUS
2735 4749 3038 4789 PRETORIO.

1989 4826 2246 4886 Hortatur
2270 4833 2327 4885 ut
2372 4827 2560 4898 papula
2584 4826 2825 4910 liomaua
2853 4828 3070 4910 penuria
3098 4826 3359 4881 laboranti
3401 4840 3582 4894 quam-

2513 4905 2737 4968 primum
2768 4905 3060 4952 succurrat.

2051 4989 2297 5045 Gaudere
2324 5004 2423 5045 vos
2451 4989 2667 5060 quidem
2709 4989 2765 5047 in
2794 4989 2872 5044 eis
2900 4989 3065 5046 credo
3108 5003 3233 5057 qua:
3259 4985 3579 5045 cbaritatem

1987 5092 2218 5137 vestram
2248 5089 2469 5149 optasse
2515 5078 2781 5155 dijudico;
2825 5094 2948 5135 nam
2979 5078 3147 5147 ipsius
3175 5075 3581 5155 quodammodo

1985 5191 2073 5231 res
2116 5175 2311 5243 agitur,
2361 5172 2515 5241 cujus
2553 5158 2604 5225 in
2653 5172 2881 5225 alterum
2909 5177 3034 5223 vota
3065 5168 3425 5238 complentur.
3471 5166 3579 5222 Sed

1984 5265 2111 5320 hinc
2155 5262 2394 5331 intelligo
2422 5260 2657 5330 antiqua:
2686 5258 2936 5314 amicitia:
2971 5257 3232 5320 fructum,
3265 5271 3386 5325 qua:
3416 5271 3581 5310 venu-

1986 5362 2127 5409 state
2174 5350 2381 5407 felicior
2425 5358 2540 5415 est,
2594 5350 2648 5404 in
2694 5348 2995 5408 suavissimi
3042 5347 3254 5419 saporis
3302 5362 3583 5404 emanasse

1987 5440 2344 5507 dulcedinem,
2388 5441 2433 5495 si
2472 5440 2620 5510 prius
2664 5438 2922 5494 Romana:
2948 5437 3186 5494 civitatis
3227 5438 3439 5508 copiam
3484 5454 3583 5508 per

1990 5611 2190 5671 tempta
2216 5602 2428 5670 iustitia
2460 5600 2829 5656 misericordia
2858 5600 3193 5671 observetur,
3227 5600 3338 5671 ipsa
3368 5599 3582 5657 miseri—

1990 5620 2096 5657 tcm
2140 5620 2190 5657 ta
2216 5620 2428 5670 Justma
2460 5620 2829 5656 mtsertcorma
2858 5620 3193 5666 eoservetur,
3227 5620 3338 5671 ipsa
3368 5620 3549 5657 miseri

1987 5620 2171 5728 cordia
2198 5690 2307 5730 non
2338 5680 2419 5728 est
2448 5672 2837 5744 misericordia,
2870 5670 2964 5724 sed
2986 5669 3228 5744 fatuitas.
3261 5670 3459 5744 lenm.
3540 5736 3549 5744 .

2061 5743 2087 5783 δ
2123 5744 2524 5800 Advecatornm
2555 5742 2799 5797 actiones
2825 5756 2945 5795 cum
2979 5741 3252 5805 liniuntur,
3291 5749 3419 5795 tunc
3448 5739 3582 5793 inei-

1989 5814 2143 5938 pinnt
2171 5816 2481 5887 dignitates,
2515 5815 2590 5868 ait
2616 5812 2804 5868 Sidon.
2838 5810 3040 5882 Apol|.,
3073 5812 3237 5877 lib.1,
3280 5813 3445 5881 epist.
3492 5807 3580 5863 Η.

2025 5900 2186 5938 cnrr.

2025 5900 2186 5939 L'IIFT.
