3990 6170
478 324 576 383 85!

1693 323 1757 377 Μ.
1802 320 2041 377 AUREU

2146 320 2506 378 iASSlODORl
3601 340 3689 396 333

476 459 573 499 eos
625 458 854 513 quorum
910 448 1166 509 interest,
1217 447 1471 507 tanquam
1536 455 1729 493 munus
1780 438 2056 502 eximium,
2089 439 2136 494 A
2165 445 2222 491 et
2252 446 2494 508 tempora
2524 437 2623 493 sibi
2655 437 2985 506 custodiam,
3029 441 3119 511 qui
3143 440 3380 506 judicum
3411 442 3690 514 iussionibus

478 536 677 589 nostris
705 534 952 604 hospitiis
979 532 1239 586 offeratis.
1287 532 1412 586 Ideo
1438 530 1583 585 enim
1611 529 2060 598 peregrinationis

477 622 839 689 incommoda,
867 624 990 678 ideo
1012 632 1092 677 tot
1107 632 1331 693 angusta
1355 621 1698 691 cogitationis
1719 620 2057 683 intravimus,

474 724 535 769 ut
584 715 811 784 populus
859 714 970 778 ille,
1021 714 1257 784 antiquis
1302 712 1756 769 delectationibus
1791 719 2055 773 assuetus,

473 803 798 859 beatissimis
821 804 1156 873 regnantium
1184 804 1514 873 temporibus
1531 844 1546 868 ,
1578 802 1813 872 explosis
1837 801 2061 856 necessi-

472 893 699 959 tatibus,
753 893 1077 964 perfruatur.
1129 893 1321 949 Procul
1352 895 1492 968 enim
1524 894 1592 947 sit
1622 903 1681 948 ut
1710 893 1888 962 afiquo
1919 892 2060 946 illius

473 984 705 1039 civitatis
730 985 1001 1039 esuriente
1030 985 1309 1038 satiemur.
1341 981 1558 1037 Illorum
1591 982 1757 1053 (quod
1788 982 1945 1053 absit)
1977 983 2060 1036 in-

480 1074 727 1144 digentia,
768 1084 951 1131 nostra
981 1076 1204 1149 penuria
1235 1084 1337 1131 est.
1382 1075 1520 1142 Quid
1549 1075 1742 1145 plura?
1788 1075 1892 1130 lmti
1937 1091 2057 1131 esse

378 1154 385 1157 ’
472 1183 580 1223 non
611 1183 916 1238 possumus,
965 1168 1067 1223 nisi
1114 1178 1170 1223 et
1212 1168 1331 1223 illos
1373 1167 1669 1236 gaudentes
1699 1168 2059 1223 communiter

469 1259 769 1316 audiamus.
821 1259 996 1331 Atque
1044 1259 1164 1315 ideo
1213 1267 1359 1315 tanta
1403 1260 1689 1315 vivacitate
1747 1261 2056 1330 incorrupta

468 1353 678 1423 species
708 1352 955 1406 frumenti
993 1360 1367 1420 congregetur,
1421 1359 1479 1407 ut
1520 1352 1671 1421 panis
1703 1351 1827 1407 inde
1867 1358 2056 1407 coctus

468 1460 576 1499 non
607 1444 846 1508 horrori,
894 1443 989 1498 sed
1033 1443 1239 1497 deliciis
1276 1443 1523 1499 videatur
1566 1458 1685 1499 esse
1723 1444 2051 1513 propositus.

471 1535 793 1591 Ponderatio
818 1536 960 1604 justa
991 1543 1256 1590 servetur.
1308 1535 1539 1591 Vincant
1577 1537 1747 1606 copim
1789 1537 2051 1592 mentium

466 1627 751 1683 desideria.
810 1628 927 1683 Non
981 1636 1199 1698 putatur
1254 1628 1526 1683 :bundare
1585 1628 1727 1699 quod
1776 1629 2050 1698 quaeritur.

466 1721 653 1789 Fugite
698 1720 960 1776 scelerata
1002 1720 1171 1787 lucra,
1221 1718 1385 1773 vitate
1431 1718 1663 1773 nefanda
1708 1718 2047 1789 compendia.

2163 530 2555 597 obsecundant,
2592 539 2715 586 tuus
2745 534 2918 587 honor
2946 535 3285 602 cognoscitur
3308 534 3518 596 solemni
3537 543 3691 603 ordine

2163 637 2270 676 non
2318 623 2526 687 teneri,
2576 625 2665 693 qui
2717 624 2829 680 suis
2874 625 3191 695 primatibus
3230 629 3419 683 meruit
3458 639 3690 706 anteponi.

2163 711 2280 768 Tibi
2302 715 2442 769 enim
2467 715 2695 770 reddunt
2716 716 2997 785 obsequia,
3023 717 3115 786 qui
3138 725 3191 771 te
3212 718 3397 786 punire
3416 732 3693 790 noscuntur;

2160 809 2217 856 et
2253 801 2452 857 reﬂexa
2483 803 2792 858 conditione
2815 803 3056 873 justitiae,
3098 804 3203 861 illis
3245 811 3551 867 reverendus
3574 817 3694 884 aspi-

2160 894 2317 959 ceris,
2346 909 2481 963 quos
2505 895 2755 965 subsequi
2787 911 2945 966 posse
2968 898 3305 952 monstraris.
3338 897 3476 955 lianc
3496 901 3698 975 ἰηπαιω-

2160 985 2320 1039 bilem
2377 986 2719 1055 aequitatem,
2792 987 3027 1058 speciale
3100 987 3403 1051 decretum,
3469 992 3699 1061 singulare

2156 1074 2475 1130 benelicimn
2497 1076 2594 1130 sub
2617 1085 2842 1147 aspectu
2859 1077 3055 1145 judicis
3078 1077 3226 1145 agis;
3259 1093 3360 1133 nec
3382 1088 3546 1149 potest
3570 1086 3701 1141 ratio-

2158 1166 2409 1221 nabiliter
2436 1167 2673 1237 culpari,
2720 1167 2865 1237 quod
2893 1167 3243 1237 impugnante
3272 1167 3456 1224 ordine
3488 1170 3701 1231 rideatur

2157 1258 2377 1313 assumi.
2409 1257 2594 1313 Nullus
2627 1257 2812 1312 tibide
2854 1258 3109 1327 temporis
3138 1257 3397 1327 qualitate
3425 1262 3699 1329 praescribit.

2158 1344 2534 1416 Transgressio
2563 1347 2860 1402 matriculte
2888 1347 3032 1401 actio
3061 1355 3152 1401 tua
3179 1356 3295 1413 est;
3325 1353 3380 1400 et
3403 1348 3537 1403 solus
3563 1348 3704 1403 conti-

2156 1438 2349 1495 denter
2388 1440 2613 1509 negligis
2649 1438 2793 1508 quod
2832 1439 2953 1494 aliis
2992 1454 3209 1495 servare
3256 1440 3529 1495 contendis
3576 1442 3705 1514 [mr.,

2156 1529 2502 1603 contemnis].
2553 1531 2661 1588 Sed
2712 1530 2839 1586 talia
2869 1530 2964 1585 tibi
2997 1545 3096 1601 pro
3126 1530 3509 1586 excellentibus
3534 1534 3705 1589 meritis

2157 1625 2548 1694 conceduntur,
2593 1626 2721 1681 dum
2751 1625 2987 1681 crederis
3028 1641 3217 1681 omnes
3247 1625 3502 1682 industria
3527 1623 3708 1696 ﬁdeque

2156 1732 2431 1787 superare,
2477 1733 2635 1789 quem
2683 1733 2783 1772 nos
2825 1726 3041 1772 constat
3083 1717 3335 1785 elegisse.
3387 1716 3545 1773 Nemo
3585 1719 3705 1773 enim

465 1813 730 1882 Quidquid
762 1812 833 1866 ibi
864 1811 1002 1865 male
1031 1811 1391 1879 prmsumitur,
1435 1811 1487 1864 in
1515 1810 1619 1865 mei
1646 1810 1805 1863 animi
1838 1810 2055 1864 lmsione
2087 1807 2133 1865 B
2159 1817 2472 1878 sequentem
2512 1807 2737 1878 probat,
2784 1808 2885 1863 nisi
2927 1824 3085 1876 quem
3127 1808 3227 1861 sibi
3272 1806 3529 1862 laudanda
3567 1808 3710 1863 virtus

463 1913 754 1972 grassatur.
802 1902 969 1956 Nemo
1008 1908 1162 1970 putet
1189 1899 1420 1966 veniale,
1472 1900 1617 1970 quod
1646 1901 1698 1955 in
1730 1901 1831 1954 ista
1873 1910 2050 1956 tenta-

464 1997 601 2052 verit
627 2002 780 2065 parte
806 2008 1150 2065 praesumere.
1181 1990 1240 2046 In
1272 1991 1424 2047 nobis
1450 1990 1655 2048 facilius
1683 1992 2051 2048 consentimus

462 2088 678 2155 excedi,
709 2104 870 2158 quam
900 2087 1265 2143 Romanorum
1296 2085 1554 2141 utilitates
1576 2086 1847 2158 patiamur
1873 2084 2051 2140 immi-

462 2179 551 2234 nui
585 2196 598 2233 :
631 2194 738 2234 non
770 2186 827 2234 ut
856 2179 1128 2244 favorem,
1180 2177 1535 2247 plausumque
1577 2178 1923 2249 popularem,
1955 2178 2049 2233 sed

465 2279 526 2325 ut
555 2269 794 2342 (juvante
850 2268 1102 2340 Domino)
1148 2285 1327 2325 meum
1358 2269 1412 2323 in
1442 2269 1546 2324 illis
1583 2268 1883 2339 compleam
1915 2268 2050 2324 dile-

460 2361 656 2417 ctionis
678 2361 980 2415 arbitrium.
1000 2360 1159 2416 Cives
1180 2360 1441 2429 siquidem
1465 2376 1653 2414 omnes
1672 2357 1883 2414 fovendi
1902 2367 2047 2427 sunt,

460 2451 556 2512 sed
599 2450 828 2506 Romani
858 2451 1057 2521 aliquid
1102 2450 1221 2520 plus
1252 2458 1546 2506 merentur.
1583 2448 1720 2505 Urbs
1746 2458 1935 2504 ornata
1968 2458 2050 2502 tot

460 2541 672 2597 eximiis
718 2541 1077 2606 senatoribus,
1126 2540 1283 2595 beata
1337 2548 1445 2594 tam
1489 2539 1759 2594 nobilibus
1811 2539 2044 2608 populis,

461 2629 650 2685 laudes
677 2629 838 2683 debet
866 2637 1175 2683 nostrorum
1222 2629 1521 2698 principum
1550 2645 1864 2698 personare,
1910 2644 2046 2696 quas

459 2720 622 2775 homo
654 2718 888 2773 nationis
915 2727 1113 2773 extera:
1134 2734 1192 2776 se
1213 2720 1438 2773 miretur
1462 2719 1714 2773 audiisse.
1746 2718 1878 2772 Nam
1901 2719 2047 2787 juste

457 2826 518 2867 se
560 2811 666 2867 illic
705 2811 916 2866 extollit
958 2810 1141 2866 laetitia
1186 2811 1479 2882 popularis,
1528 2826 1646 2882 qua:
1679 2810 1927 2865 dominos
1957 2826 2044 2864 co-

457 2904 728 2971 gnoscitur
755 2904 957 2960 habere
980 2904 1227 2959 victores.
1267 2903 1607 2973 Quapropter
1630 2903 2041 2973 impendendum

457 3001 542 3051 est
567 2995 821 3066 quidquid
854 2994 1012 3062 ﬁdes,
1060 2994 1315 3065 quidquid
1346 3009 1538 3064 magna
1570 3001 1749 3065 potest
1786 2994 2043 3050 exhibere

456 3089 684 3154 cautela,
742 3088 867 3159 quia
911 3088 1038 3144 illud
1086 3103 1210 3144 vere
1258 3095 1500 3143 nostrum
1547 3095 1630 3142 est
1674 3086 2037 3152 conunodum,

2157 1899 2407 1965 associat,
2439 1898 2654 1969 quando
2682 1898 3037 1968 vituperabile
3065 1908 3150 1953 est
3178 1898 3484 1954 inferiorem
3509 1899 3707 1965 erigere,

2154 1988 2255 2043 nisi
2295 1989 2498 2043 meritis
2527 1990 2663 2044 alios
2693 1989 2934 2044 videatur
2963 1989 3248 2044 excellere.
3288 1987 3401 2045 Hoc
3429 1989 3577 2058 igitur
3606 1989 3706 2042 lau-

2152 2079 2328 2134 dabile
2357 2080 2744 2150 prcejudicium,
2778 2081 3102 2135 sententiam
3133 2080 3461 2148 gratiosam,
3492 2080 3707 2133 militiam

2151 2169 2532 2236 domesticam,
2582 2187 2612 2224 a
2651 2170 2973 2225 duodecima
3023 2170 3320 2225 indictione
3351 2169 3518 2241 (Anno
3546 2168 3710 2224 Christi

2153 2258 2279 2332 534)
2313 2262 2675 2317 cancellorum
2710 2261 2804 2315 tibi
2834 2261 2999 2316 decus
3027 2260 3306 2327 attribuit,
3355 2268 3413 2315 ut
3441 2260 3712 2315 eonsistorii

2152 2354 2320 2407 nostri
2361 2362 2568 2408 secreta
2616 2354 2757 2409 fideli
2789 2354 3100 2423 integritate
3132 2355 3287 2425 177
3321 2354 3600 2409 custodias.
3630 2352 3712 2406 Per

2150 2452 2205 2499 te
2253 2445 2654 2514 pnesentandus
2704 2447 2957 2513 accedat;
3013 2462 3111 2518 per
3158 2454 3212 2502 te
3278 2448 3479 2502 nostris
3526 2448 3715 2501 auribus

2148 2536 2472 2593 desiderium
2518 2539 2772 2610 supplicis
2813 2539 3147 2607 innotescat;
3195 2539 3350 2608 jussa
3392 2548 3569 2594 nostra
3616 2538 3714 2593 sine

2148 2629 2324 2683 studio
2372 2630 2675 2683 venalitatis
2702 2630 2987 2698 expedias;
3020 2632 3315 2700 omniaque
3344 2632 3421 2686 sic
3468 2645 3641 2699 geras,
3670 2638 3718 2683 ut

2147 2725 2386 2771 nostram
2434 2720 2608 2788 possis
2637 2720 3015 2775 commendare
3055 2712 3344 2789 justitiam.
3391 2720 3553 2777 Actus
3592 2721 3713 2774 enim

2149 2809 2224 2862 tui
2249 2809 2444 2877 judicis
2472 2810 2655 2879 opinio
2685 2818 2797 2876 est;
2831 2819 2886 2866 et
2914 2811 3052 2867 sicut
3080 2813 3364 2881 penetrale
3395 2812 3581 2868 domus
3608 2822 3633 2849 ι
3658 2811 3716 2866 de

2145 2904 2350 2963 foribus
2380 2916 2559 2977 potest
2579 2916 2939 2978 congruenter
2968 2909 3221 2977 intelligi,
3254 2909 3337 2965 sic
3362 2924 3514 2963 luens
3539 2923 3715 2977 praesu-

2146 2994 2211 3050 lis
2252 2996 2319 3051 de
2349 3004 2401 3052 te
2430 2997 2690 3067 probatur
2718 2998 2967 3067 agnosci,
2999 3013 3107 3052 non
3154 2997 3376 3068 injuria,
3426 2998 3549 3068 quia
3580 2998 3718 3052 talem

2145 3087 2511 3157 unusquisque
2532 3089 2597 3141 ad
2620 3103 2877 3157 responsa
2894 3103 2989 3144 sua
3014 3088 3265 3143 videntur
3284 3088 3510 3157 eligere,
3532 3087 3717 3157 qualem

456 3178 599 3249 quod
623 3178 834 3234 illorum
864 3178 991 3233 mihi
1022 3187 1275 3249 procurat
1303 3177 1573 3234 affectum.
1607 3176 1879 3233 Lmtentur
1902 3195 2038 3249 prtc-
2065 3175 2109 3238 C
2140 3195 2201 3235 se
2230 3188 2456 3234 cunctos
2482 3178 2784 3234 decreverit
2829 3180 3096 3235 aestimare
3142 3177 3263 3253 [Gn
3284 3220 3302 3247 ,
3340 3177 3467 3235 Niv.
3499 3189 3546 3233 et
3586 3176 3673 3232 Ge.
3696 3219 3709 3240 ,

455 3270 695 3325 sentibus
723 3270 951 3341 gaudiis,
981 3270 1073 3340 qui
1100 3278 1254 3326 erant
1275 3270 1341 3325 de
1363 3279 1546 3325 nostra
1574 3271 1790 3326 actione
1811 3287 2040 3342 suspen-

455 3359 498 3414 si
532 3376 549 3415 ;
581 3360 791 3415 illorum
822 3376 908 3415 me
932 3361 1216 3426 desideria,
1262 3361 1470 3417 illorum
1498 3377 1585 3417 me
1617 3371 1738 3417 vota
1763 3361 2036 3432 juverunt.

456 3449 520 3507 Et
560 3454 664 3508 hoc
691 3454 820 3509 mibi
868 3454 1007 3524 apud
1042 3470 1219 3509 rerum
1250 3454 1498 3511 dominos
1529 3456 1758 3527 profuit,
1803 3456 1947 3525 quod
1974 3458 2040 3510 ab

455 3543 532 3599 eis
572 3545 946 3601 universaliter
985 3546 1305 3602 audiebatur
1345 3548 1540 3616 optari.
1584 3547 1741 3615 Agite
1791 3564 1933 3603 nunc
1982 3556 2041 3603 ut

454 3650 608 3691 amor
655 3637 773 3703 iste,
813 3637 1034 3708 juvanle
1083 3638 1329 3703 Domino,
1384 3647 1717 3708 perseveret.
1770 3641 1894 3707 quia
1941 3655 2043 3695 eos

453 3729 679 3798 amplius
721 3729 771 3783 in
812 3729 1073 3796 reliquum
1114 3728 1276 3783 credo
1314 3728 1524 3796 facere,
1568 3727 1710 3797 quod
1761 3744 1818 3783 se
1856 3729 1909 3783 in
1951 3745 2038 3783 me

455 3816 681 3873 feliciter
702 3818 941 3873 sentiunt
968 3819 1271 3873 inchoasse.
1304 3817 1697 3872 Abundantiam
1723 3834 1864 3873 nunc
1884 3824 2038 3887 peta-

453 3924 571 3963 mus
610 3909 984 3963 communibus
1021 3910 1198 3963 votis:
1228 3923 1475 3977 superna:
1510 3907 1892 3965 misericordia:
1934 3907 2039 3967 bu-

453 3999 607 4053 miles
625 3999 1002 4068 supplicemus,
1035 4008 1093 4054 ut
1114 3998 1342 4069 primum
1366 3998 1519 4053 nobis
1544 3997 1771 4053 salutem
1796 3997 2039 4054 domino.

454 4101 572 4142 rum
601 4087 885 4143 clementia
906 4088 1083 4143 divina
1111 4088 1390 4144 concedat.
1425 4088 1690 4144 Caeterum
1715 4099 2033 4160 proventum

452 4190 610 4245 quem
636 4179 941 4251 praestiterit
967 4195 1072 4234 non
1104 4180 1423 4248 negligentia
1452 4179 1716 4246 diminuit,
1749 4197 1854 4237 non
1881 4198 2036 4238 vena-

453 4268 572 4322 litas
597 4268 702 4323 ulla
734 4268 998 4325 subducit.
1047 4267 1228 4323 Fidem
1259 4284 1432 4324 meam
1463 4271 1738 4340 promitto,
1788 4272 1880 4326 sed
1911 4289 2037 4326 cum

452 4358 579 4428 ipsis
628 4359 928 4413 Divinitatis
976 4360 1113 4414 dona
1180 4360 1448 4424 sustineo;
1506 4360 1774 4415 cautelam
1840 4361 2032 4429 offero,

453 4450 625 4519 turpia
670 4449 1171 4505 fraudulentissimm
1202 4449 1601 4505 nundinationis
1629 4451 1873 4505 excludo.
1930 4451 2031 4520 Ipsi

2143 3277 2347 3334 custos,
2399 3280 2529 3336 etc.,
2572 3268 2867 3341 :cstimari].
2923 3269 3110 3326 Vestes
3157 3270 3309 3340 ipsa,
3373 3285 3495 3339 qua:
3543 3268 3719 3323 nostris

2141 3361 2457 3430 corporibus
2491 3360 2848 3430 applicantur,
2901 3376 3081 3417 nonne
3113 3375 3210 3415 nos
3256 3359 3585 3416 deformare-
3612 3373 3721 3428 pos-

2141 3461 2294 3517 sunt,
2343 3452 2388 3507 si
2434 3452 2614 3522 aliquo
2659 3453 3063 3523 inquinamento
3116 3452 3483 3508 sordescant?
3526 3450 3713 3518 Quanta

2139 3559 2271 3598 vero
2314 3545 2484 3614 gratia
2535 3560 2634 3600 nos
2680 3544 2940 3600 decorare
2986 3542 3261 3611 videntur,
3318 3559 3446 3599 cum
3495 3541 3724 3598 laudabili

2140 3636 2374 3706 puritate
2403 3636 2702 3691 nituerint?
2733 3634 2822 3691 Sic
2852 3634 3005 3690 miles
3042 3635 3109 3689 ad
3137 3644 3358 3690 secreta
3385 3634 3581 3703 judicis
3608 3648 3717 3705 pro-

2140 3728 2390 3794 ximatus,
2423 3728 2665 3798 praesulis
2694 3728 2775 3785 sui
2807 3728 3002 3783 famam
3047 3728 3166 3800 [ms.
3205 3739 3261 3782 et
3307 3732 3405 3784 Ac.
3428 3768 3446 3796 ,
3493 3725 3723 3796 formam}

2140 3826 2235 3872 aut
2272 3827 2447 3884 ornat,
2499 3827 2593 3874 aut
2620 3819 2874 3874 maculat.
2921 3819 2975 3873 ln
3006 3820 3162 3875 nobis
3187 3820 3465 3891 siquidem
3498 3824 3721 3889 peccant,

2138 3907 2230 3976 qui
2251 3907 2386 3963 alios
2408 3908 2711 3972 maculant;
2742 3916 2797 3963 et
2838 3906 2963 3962 dum
2986 3908 3215 3978 spolium
3241 3908 3589 3965 observantis
3608 3904 3723 3979 [σόη

2138 3995 2504 4067 obsecrantis]
2570 3997 2823 4063 ambitur,
2895 3995 3035 4050 fama
3091 3995 3445 4067 pnesidentis’
3510 3995 3724 4052 exuitur.

2134 4085 2449 4151 Considera,
2492 4086 2539 4141 si
2579 4087 2852 4156 negligere
2892 4086 3150 4141 debemus
3190 4088 3343 4143 unde
3390 4101 3492 4142 nos
3540 4081 3723 4153 culpari

2137 4192 2297 4247 posse
2326 4190 2735 4247 cognoscamus.
2790 4175 2939 4231 Ultra
2967 4176 3265 4232 clementes
3301 4175 3329 4215 δ
3367 4176 3490 4250 [σν.
3511 4218 3527 4245 ,
3555 4173 3663 4246 Cuj.
3689 4178 3729 4224 et

2139 4269 2330 4337 Forn.,
2372 4266 2671 4340 dementes]
2720 4277 2829 4334 est,
2863 4269 2953 4337 qui
2982 4268 3168 4323 ulcisci
3200 4284 3315 4323 non
3351 4267 3561 4338 appetit
3584 4276 3724 4333 quem

2137 4369 2437 4430 grassatum
2481 4361 2535 4415 in
2577 4375 2676 4415 suo
2718 4359 2983 4415 dedecore
3022 4361 3470 4429 comprehendit.
3524 4355 3729 4426 Respice

2136 4466 2244 4519 quo
2302 4451 2519 4505 nomine
2561 4450 2902 4520 nuncuperis.
2962 4448 3155 4505 Latere
3212 4466 3328 4506 non
3376 4456 3561 4521 potest
3594 4440 3723 4515 quod

449 4551 629 4597 autem
659 4542 711 4597 in
741 4543 968 4598 Domino
996 4543 1064 4599 de
1093 4545 1385 4614 promerita
1414 4543 1659 4598 ubertate
1685 4543 2002 4612 glorientur.
2063 4550 2108 4607 l)
2132 4540 2272 4595 inter
2292 4542 2562 4597 cancellos
2604 4552 2627 4579 ο
2661 4541 2855 4609 egeris.
2888 4540 3062 4595 Tenes
3084 4542 3291 4611 quippe
3334 4541 3549 4597 lucidas
3578 4537 3725 4599 fore=,

1012 4675 1345 4739 EPISTOLA
1373 4676 1458 4732 Vl.

482 4802 661 4843 ιοΑκκι
687 4803 1049 4845 ωασιςιιλκιο
1076 4805 1316 4845 εεΜτοιι
1345 4806 1667 4848 ΡΒΕΡΕΟτυδ
1695 4809 1993 4851 Ρηῶτοιιιο.

450 4900 679 4955 Joannes
710 4918 743 4976 a_
770 4902 1078 4976 Cassiodnro
1106 4909 1308 4976 creatur
1335 4903 1702 4976 cancellarius,
1743 4914 1793 4958 et
1825 4906 1948 4976 quid
1976 4908 2030 4961 in

724 4973 820 5025 hac
849 4972 1103 5043 dignitate
1130 4972 1386 5041 agendum
1414 4973 1738 5027 admonetur.

522 5082 774 5150 Quamvis
802 5086 1016 5141 statutis
1044 5083 1296 5153 gradibus
1317 5085 1494 5140 omnis
1513 5085 1698 5140 militia
1721 5096 2027 5157 peragatur,

521 5275 543 5301 ο
573 5264 689 5321 Lib.
721 5284 756 5341 μ,
780 5284 899 5341 cap.
937 5268 987 5335 2,
1024 5268 1230 5341 Nazarii
1273 5270 1331 5341 in
1370 5269 1713 5341 panegyrico,
1745 5284 1869 5340 pag.
1900 5269 2026 5326 206.

448 5332 677 5417 ‘Sanctus
703 5332 950 5420 Ambros.
976 5332 1080 5420 lib.
1108 5354 1149 5420 u
1175 5336 1244 5394 de
1273 5332 1578 5420 Virginibus
1612 5332 2028 5420 :ftouaidmnus

451 5409 511 5486 in.
543 5409 658 5475 ipso
687 5409 953 5491 vestibulo
998 5410 1158 5463 debet
1202 5412 1438 5493 agriosci.
1494 5410 1585 5467 Sic
1631 5410 1909 5481 Apuleius.
1961 5411 2027 5465 Et

449 5472 782 5548 llieronym.,
814 5488 968 5548 epist.
1000 5479 1070 5533 ad
1098 5479 1391 5535 Marcellm.
1417 5491 1473 5536 et
1494 5482 1797 5548 Anapsych.
1834 5500 1847 5534 :
1881 5482 2028 5548 Quos

449 5497 782 5547 meronym.,
814 5497 968 5548 ('plSl.
1000 5497 1070 5533 au
1098 5497 1391 5535 marceinn.
1417 5497 1473 5536 et
1494 5497 1797 5552 nnapsycn.
1834 5500 1847 5534 :
1881 5497 2027 5548 quos

448 5559 571 5630 enim
611 5546 827 5630 legeris,
859 5558 915 5602 et
935 5548 1196 5630 vestibula
1244 5550 1495 5630 videris,_
1519 5552 1690 5607 facilis
1718 5553 2027 5622 conjectura

448 5618 571 5677 erit,
598 5619 771 5683 qualis
797 5619 913 5687 ipsa
940 5619 1009 5674 sit
1030 5618 1202 5673 futura
1234 5620 1439 5676 domus.
1470 5622 1663 5677 Junsr.
1817 5618 1832 5622 ⁷

521 5684 547 5722 δ
573 5685 879 5767 gementes,
914 5689 1030 5742 Vet.
1051 5728 1089 5767 ,_
1109 5690 1392 5767 dementes.
1439 5692 1698 5767 [[roclivis
1728 5692 1825 5767 fuit
1847 5709 2020 5755 error,

450 5768 516 5830 er
544 5754 876 5830 alliiiitate_rl
904 5774 1024 5830 cum
1055 5759 1108 5824 tl,
1142 5770 1200 5813 ut
1229 5761 1360 5815 alias
1386 5763 1576 5816 eodem
1609 5764 1783 5817 luendi
1826 5754 2023 5830 genere

451 5823 659 5880 laborat
685 5822 904 5894 Gellius,
938 5826 1029 5881 lib.
1062 5822 1113 5897 v7,
1146 5844 1263 5900 cap.
1298 5830 1392 5897 14,
1424 5832 1478 5884 in
1509 5833 1724 5888 nomine
1752 5822 1889 5888 sound
1924 5836 2022 5890 An-

2137 4632 2368 4688 claustra
2423 4633 2684 4702 patentia,
2743 4631 3061 4688 fenestratas
3103 4633 3338 4700 januas;
3399 4642 3455 4688 et
3504 4630 3727 4700 quamvis

2135 4723 2376 4782 studiose
2413 4725 2649 4791 claudas,
2702 4740 2925 4781 necesse
2952 4733 3037 4780 est
3068 4732 3126 4778 ut
3162 4734 3214 4779 te
3242 4728 3470 4781 cunctis
3513 4724 3726 4793 aperias.

2136 4814 2268 4869 Nam
2314 4815 2358 4870 si
2389 4814 2517 4870 foris
2547 4816 2782 4878 steteris,
2827 4815 2961 4870 meis
3004 4813 3322 4870 emendaris
3355 4814 3663 4875 obtutibus;
3689 4810 3726 4862 si

2135 4906 2278 4961 intus
2306 4906 2640 4974 ingrediaris,
2673 4906 3074 4961 observantium
3121 4920 3228 4959 non
3273 4914 3446 4975 potes
3475 4905 3728 4961 declinare

2135 5008 2474 5069 conspectus.
2499 4998 2636 5053 Vide
2658 5013 2766 5068 quo
2787 5005 2840 5051 te
2861 4997 3154 5065 antiquitas
3176 4996 3424 5051 voluerit
3450 4994 3724 5055 collocari;

2135 5092 2369 5162 undique
2409 5090 2761 5163 conspiceris,
2807 5089 2896 5159 qui
2936 5089 2988 5143 in
3043 5088 3130 5143 illa
3174 5088 3442 5145 claritate
3492 5084 3720 5143 versaris.

2133 5270 2288 5328 drodi
2313 5291 2349 5350 ἓ
2384 5273 2540 5350 leone
2567 5278 2755 5350 agniti,
2793 5280 2884 5348 qui
2915 5295 3042 5335 vere
3068 5280 3383 5337 Androclus
3407 5277 3552 5350 apud
3581 5272 3726 5350 {Elia-

2130 5358 2278 5418 uum.
2302 5344 2374 5418 [Et
2398 5344 2766 5418 Nemesianus,
2798 5344 2947 5404 divos
2969 5351 3088 5405 lene
3112 5350 3397 5417 jacentes,
3426 5344 3527 5418 pro
3553 5348 3721 5418 clivo!-

2130 5412 2395 5488 I_)escribit
2416 5416 2557 5469 enim
2588 5412 2835 5486 Capitolii
2867 5412 3147 5476 ascensum
3172 5458 3187 5483 ,
3240 5422 3298 5473 in
3328 5412 3447 5488 quo
3474 5426 3530 5472 et
3574 5416 3724 5488 elich

2132 5483 2296 5561 fuisse
2340 5483 2689 5561 constatavel
2717 5507 2797 5561 ex;
2823 5490 3085 5561 Alpheno,
3120 5492 3154 5544 l.
3195 5488 3295 5555 5‘2,
3345 5483 3413 5545 Si
3451 5505 3518 5542 ea:
3545 5484 3721 5561 μιαυῑε,

2136 5553 2265 5630 _§_ln
2311 5557 2440 5630 clitjo
2490 5557 2555 5611 ad
2588 5558 2622 5611 Ι.
2666 5551 2954 5629 Aquiliam.
3008 5551 3194 5614 Simile
3249 5551 3556 5630 peccatum
3593 5551 3723 5623 apud

2130 5624 2347 5702 Grmcns
2396 5628 2459 5702 it_t_
2496 5624 2743 5695 χαῖήϐιαξ
2772 5646 2889 5702 _pro
2921 5630 3189 5702 7'anqu
3217 5624 3282 5683 et
3334 5632 3592 5702 χαὶήσισ.
3637 5634 3724 5693 pro

2133 5696 2384 5769 χοδήεια,
2420 5695 2723 5767 llartungus
2754 5695 3120 5769 deprellendit.
3152 5699 3330 5755 Foax.

2205 5777 2226 5806 ε
2252 5766 2455 5839 Glossa:
2493 5770 2744 5839 antiqna‘,
2798 5766 2949 5826 c'aula
2985 5788 2999 5823 :
3036 5769 3265 5825 cancelli
3318 5779 3453 5827 ante
3500 5766 3721 5839 judicent

2128 5843 2278 5890 extra
2309 5838 2480 5904 caula,
2512 5836 2644 5895 foris
2674 5856 2857 5896 versus
2885 5842 3036 5895 atria.
3071 5839 3271 5896 Jun".
