3990 6170
278 121 384 175 835

1536 106 1897 165 VARlARUM
1943 106 2139 163 LIBER
2182 108 2273 165 Xl.

3454 111 3559 167 8M

276 232 511 289 Proinde
561 231 625 286 ad
675 238 857 286 nostra
912 228 1111 283 monita
1160 239 1320 282 aures
1356 224 1707 294 annuumque
1735 240 1866 279 con-
1897 234 1947 291 Α
1971 226 2217 280 absolute
2255 225 2419 280 facias
2449 240 2567 281 esse
2600 226 2917 297 periculum.
2946 224 3348 291 Verumtamen,
3392 236 3449 283 ut
3480 228 3562 288 iu‘

276 334 457 387 verte,
508 324 610 392 fige
665 323 831 377 menti
878 321 1061 376 omnia
1113 334 1232 391 qua:
1280 317 1532 388 jubemus
1576 335 1588 370 :
1632 332 1742 371 non
1792 326 1865 384 te,

280 426 536 489 tanquam
563 430 783 470 vacuam
826 413 1055 467 ﬁstulam
1096 422 1145 476 α,
1207 409 1349 465 dicta
1378 416 1702 480 perexeant,
1751 422 1869 475 qua:

281 512 467 567 taudiu
523 511 681 580 plena
732 506 1084 577 conspicitur,
1138 502 1376 573 quandiu
1436 503 1489 556 in
1542 516 1662 555 eam
1719 501 1871 554 undae

281 605 506 659 inlinere
528 617 687 672 posse
711 608 1025 655 noscuntur.
1055 597 1183 653 Esto
1207 595 1386 666 potius
1407 591 1868 661 conceptaculum,

278 695 428 763 quod
476 692 660 747 audita
692 691 980 754 custodias,
1022 688 1165 759 quod
1195 694 1441 754 suscepta
1484 700 1589 739 non
1631 682 1823 737 fundus
1858 699 1870 735 :

277 787 405 857 quia
448 785 576 840 nihil
620 783 896 854 proderit,
941 781 986 835 si
1031 780 1251 835 auribus
1280 779 1385 833 tuis
1432 777 1718 831 transitura
1760 774 1875 845 pla-

278 886 470 941 ceant,
501 884 560 931 et
588 876 642 929 in
671 874 849 930 cordis
876 872 1081 927 sinibus
1110 886 1169 927 se
1194 868 1377 925 omnia
1409 885 1515 923 non
1545 868 1801 935 detigant.

839 1003 1175 1060 EPISTOLA
1221 1004 1328 1059 νη.

283 1134 556 1176 ῦκινιειιειε
600 1134 863 1175 JUDICIBUS
915 1135 1191 1174 PROVINCIA
1201 1135 1305 1174 ιιωι

842 1206 906 1245 CT
916 1206 975 1244 US
1016 1205 1316 1245 ΡΠιΕΤΟΒΙυ.

283 1280 538 1351 Prwcipit
583 1283 960 1335 admoneamur
1003 1280 1259 1336 tributarii
1296 1290 1351 1333 ut
1386 1282 1523 1334 trina
1551 1281 1787 1343 illatione
1831 1289 1881 1334 et

356 1352 671 1421 (corporibus
710 1353 1001 1405 constitutis
1031 1353 1301 1422 vectigalia
1323 1353 1476 1405 solita
1496 1353 1804 1422 persolvant.

1363 1133 1490 1173 5833A
1499 1134 1604 1173 TOR
1662 1134 1878 1173 PRAEFE-

353 1462 662 1518 Justissime
712 1463 972 1532 quaeritur
999 1465 1145 1534 quod
1175 1478 1352 1518 annua
1405 1464 1694 1519 devotione
1741 1480 1880 1534 pra:-

278 1558 479 1619 statur,
509 1551 726 1621 quando
756 1552 856 1608 sub
894 1552 1129 1622 quodam
1176 1552 1369 1620 gaudio
1416 1562 1629 1607 constat
1672 1553 1877 1621 inferri,

279 1643 431 1713 quod
460 1645 689 1699 solvitur
711 1644 827 1713 lege
856 1643 1103 1699 naturali.
1130 1643 1471 1715 Stipendium
1515 1660 1745 1714 namque
1774 1653 1876 1710 est,

278 1734 431 1804 quod
462 1734 763 1804 subjectum
810 1733 938 1791 facit
982 1734 1291 1790 muniﬁcum
1341 1735 1482 1802 dici;
1527 1743 1583 1790 et
1609 1735 1883 1791 offerentis

277 1839 485 1879 nomen
534 1824 750 1894 accipit,
793 1824 996 1894 quise,
1044 1824 1192 1895 quod
1238 1824 1508 1896 penditur,
1563 1823 1762 1880 debere
1790 1839 1884 1880 co-

277 1916 517 1986 gnoscit.
545 1915 717 1983 Quam
764 1915 968 1972 lautum
999 1914 1131 1988 [ed.,
1163 1914 1406 1988 cautum]
1436 1924 1519 1972 est
1556 1916 1882 1987 intrepidum

276 2009 403 2065 foro
433 2009 708 2076 assistere,
739 2008 1012 2080 publicum
1035 2023 1142 2063 non
1172 2008 1381 2075 timere,
1405 2015 1460 2064 et
1488 2009 1628 2064 inter
1656 2008 1884 2065 devotos

278 2099 610 2157 laudabilem
631 2100 1014 2172 collocari,qui
1041 2100 1297 2171 pudorem
1324 2115 1433 2154 non
1461 2099 1656 2154 sinitur
1683 2100 1884 2155 habere

280 2195 589 2265 compulsi?
626 2195 955 2251 lnhonorum
1007 2203 1091 2250 est
1133 2195 1278 2250 enim
1313 2208 1474 2250 omne
1501 2193 1645 2264 quod
1675 2195 1883 2263 cogitur

278 2281 410 2356 [ed.,
441 2283 641 2357 agitur]
666 2300 682 2351 ;
717 2299 820 2340 nec
844 2283 1122 2341 oﬂ‘ercntis
1150 2286 1315 2341 habet
1340 2285 1587 2354 gratiam,
1616 2286 1708 2356 qui
1728 2284 1881 2341 dani-

280 2372 368 2427 nis
392 2373 509 2428 suis
545 2372 857 2444 perdncitur
882 2373 951 2429 ad
979 2374 1176 2429 tributa
1208 2391 1221 2427 :
1254 2380 1465 2439 contra,
1508 2389 1672 2444 quam
1713 2374 1885 2433 libero

276 2463 506 2532 dignum
546 2471 630 2519 est
675 2464 1105 2535 compulsoribus
1157 2464 1289 2519 nihil
1318 2464 1555 2520 debere?
1598 2464 1693 2520 llle
1738 2465 1886 2523 solus

275 2553 623 2609 delectabilis
646 2568 777 2622 ager
804 2563 889 2611 est
915 2554 1156 2619 domino,
1187 2555 1241 2610 in
1263 2569 1372 2625 quo
1399 2556 1748 2628 supervenire
1777 2572 1888 2612 non

278 2643 511 2698 timetur
560 2652 802 2699 exactor.
861 2643 1055 2700 Merito
1093 2659 1222 2714 ergo
1256 2646 1620 2701 testimonium
1658 2646 1889 2703 solutio-

272 2734 368 2788 nis
397 2733 666 2789 securitas
685 2732 884 2788 dicitur
911 2732 962 2800 ι’,
985 2733 1058 2789 de
1085 2749 1191 2804 qua
1212 2751 1321 2791 non
1347 2736 1520 2792 solum
1544 2738 1769 2805 animus,
1792 2738 1888 2793 sed

272 2825 586 2880 substantia
613 2824 994 2880 communitur.
1024 2823 1090 2877 Et
1110 2824 1254 2894 ideo,
1277 2827 1417 2896 quod
1439 2826 1669 2883 feliciter
1688 2828 1886 2883 dictum

269 2918 383 2980 sit,
414 2914 707 2969 indictione
745 2913 1068 2970 duodecima
1113 2915 1308 2988 (Anno
1355 2915 1545 2971 Christi
1574 2916 1678 2971 574
1706 2919 1747 2988 ),
1788 2931 1889 2987 per

270 3004 565 3062 dioecesim
593 3005 877 3060 dicationis
904 3014 1007 3060 tuae
1035 3005 1264 3061 solemni
1293 3005 1664 3062 moderamine
1700 3015 1885 3063 custo-
1911 2982 1958 3047 (ἶ

267 3095 439 3160 dite,
484 3109 852 3165 possessorem
894 3104 946 3151 te
986 3096 1332 3167 ofﬁciumque
1363 3106 1511 3153 tuum
1550 3099 1888 3170 principimus

267 3188 621 3254 admonere,
678 3195 739 3243 ut
790 3188 932 3242 trina
980 3189 1222 3243 illatione
1285 3189 1530 3257 devotus,
1579 3191 1888 3246 constitutis

266 3281 624 3353 temporibus
650 3292 673 3321 ε
690 3296 840 3336 suam
868 3282 1134 3352 compleat
1149 3281 1507 3349 functionem;
1532 3285 1604 3339 ita
1631 3292 1690 3339 ut
1715 3293 1889 3341 cesset

264 3373 497 3428 venalis
518 3372 609 3427 illa
631 3372 820 3427 dilatio
848 3369 899 3437 ἀ,
925 3387 1046 3442 quae
1084 3387 1195 3427 non
1224 3372 1290 3427 ad
1312 3372 1713 3430 tributariorum
1741 3390 1888 3430 com-

263 3467 507 3539 pendia,
558 3467 655 3523 sed
706 3466 911 3523 fraudis
962 3468 1166 3521 ambitu
1213 3468 1558 3537 cognoscitur
1599 3469 1885 3537 exquisita.

263 3559 422 3615 Nam
452 3559 545 3629 qui
574 3573 635 3614 se
658 3557 972 3628 hujusmodi
1001 3573 1169 3621 onera
1198 3558 1482 3614 sublevare
1519 3559 1721 3625 dicunt,
1745 3559 1888 3614 aliu’d

260 3648 468 3719 majus
497 3649 706 3719 pondus
735 3649 1113 3704 abominabilis
1151 3647 1556 3704 nundinationis
1583 3648 1885 3719 imponunt.

260 3741 448 3796 Absit
476 3755 508 3794 a
548 3740 750 3795 nostris
794 3740 1127 3810 temporibus
1167 3738 1503 3795 detestabilis
1544 3746 1601 3793 et
1642 3738 1890 3808 fugienda

260 3831 550 3889 versutia.
581 3829 872 3886 Possessor
896 3830 1031 3885 nihil
1060 3829 1225 3896 aliud,
1257 3830 1359 3885 nisi
1384 3828 1527 3900 quod
1556 3830 1770 3900 publico
1792 3829 1889 3886 de-

255 3923 472 3989 betur,
504 3921 786 3986 exsolvat;
824 3936 947 3976 nam
992 3935 1089 3977 sua
1131 3919 1327 3975 damna
1357 3920 1536 3992 potius
1571 3931 1752 3990 agunt,
1797 3921 1890 3993 qui

252 4014 390 4072 sub
416 4012 583 4069 nobis
627 4014 807 4085 aliqua
849 4012 1102 4070 fraudare
1148 4014 1503 4071 contendunt.
1552 4013 1894 4085 Quapropter

253 4107 441 4162 sicut
470 4103 676 4160 ﬁscalia
706 4120 876 4162 onera
905 4106 1051 4162 nulla
1097 4106 1384 4164 occasione
1410 4107 1656 4162 volumus
1704 4122 1893 4175 aggra-

250 4195 432 4262 τιεί,
467 4194 543 4249 ita
562 4197 871 4253 constitutis
910 4198 1245 4267 temporibus
1286 4196 1577 4269 praefinitas
1626 4198 1893 4254 illationes

243 4288 661 4363 prascipimus,
720 4289 832 4346 Deo
883 4290 1129 4360 juvante,
1179 4291 1474 4361 compleri,
1528 4299 1794 4360 quatenus
1838 4297 1895 4346 et

1976 317 2329 372 stissimarum
2358 319 2776 388 pimceptionum
2799 319 3106 388 diligentior
3131 328 3454 390 procuretur
3479 321 3561 377 af-

1979 409 2165 476 fectus,
2198 409 2346 463 illum
2373 419 2534 479 atque
2560 410 2731 477 illum,
2749 412 3174 481 praicedentibus
3195 414 3402 469 meritis
3423 431 3545 470 com

1977 504 2251 572 probatos,
2286 504 2382 557 tibi
2409 503 2696 574 officioque
2724 513 2818 560 tuo
2839 506 3141 575 imminere,
3167 515 3227 561 ut
3246 508 3374 562 nihil
3396 510 3559 578 possit

1978 608 2174 647 nocere
2223 594 2568 662 negligentia,
2603 595 2691 649 ubi
2733 595 3018 651 adhibetur
3059 596 3365 653 sollicitudo
3393 600 3563 667 gemi-

1979 692 2124 737 nata.
2161 683 2313 739 Unde
2342 686 2683 740 continenter
2716 688 2878 754 agite,
2911 688 2954 741 si
2979 698 3291 759 provectum
3329 697 3565 747 vestrum

1980 776 2150 844 magis
2179 776 2497 832 desideratis
2516 779 2830 833 extendere.
2862 780 3024 849 Impia
3055 781 3200 838 lucra
3229 783 3336 837 sint
3359 795 3391 837 ε
3412 784 3560 839 vobis

1983 867 2301 922 omnimodis
2331 868 2503 922 aliena
2538 887 2551 922 :
2582 885 2680 924 vos
2725 886 3092 939 possessorem
3137 873 3391 928 devotum
3443 871 3566 927 red-

1979 957 2125 1019 ditis,
2160 959 2204 1013 si
2232 960 2584 1013 fraudulentis
2634 976 2738 1015 non
2784 971 3039 1030 gravetur
3084 963 3458 1017 incommodis.
3491 960 3566 1017 De

1983 1050 2234 1118 aequitate
2261 1049 2443 1120 potius
2471 1066 2631 1120 quam
2660 1052 2727 1106 de
2755 1053 3049 1122 rapacitate
3087 1052 3380 1121 proficitur.
3410 1050 3567 1106 Sem-

1982 1155 2081 1210 per
2120 1141 2311 1195 metuit
2340 1140 2535 1210 injnsta
2586 1145 2949 1212 prrosumptio.
2991 1143 3127 1209 Quid
3175 1144 3318 1198 enim
3363 1144 3565 1212 acquiri

1985 1242 2219 1303 putatur,
2254 1234 2341 1287 ubi
2386 1234 2520 1287 bona
2564 1236 2890 1289 conscientia
2922 1238 3195 1306 perditur?
3242 1236 3347 1291 Ant
3375 1236 3428 1290 in
3457 1248 3561 1305 qua

1983 1336 2137 1397 parte
2164 1328 2338 1397 possit
2362 1328 2525 1381 homo
2570 1327 2852 1397 proﬁcere,
2880 1329 2924 1383 si
2974 1330 3331 1384 innocentiam
3371 1329 3568 1399 proba-

1987 1426 2071 1473 tus
2094 1416 2253 1472 fuerit
2279 1418 2553 1473 amisisse?
2591 1418 2765 1473 Nolite
2789 1420 2904 1474 sine
2933 1420 3152 1490 praemio
3181 1420 3419 1480 credere,
3450 1434 3570 1487 quae

1985 1511 2238 1565 videntur
2285 1509 2352 1563 ad
2400 1509 2597 1564 bonam
2646 1511 3033 1566 conscientiam
3075 1511 3363 1582 pertinere.
3400 1508 3570 1565 llahe.

1911 1612 1958 1671 Β
1983 1603 2117 1656 bunt
2135 1616 2236 1656 nos
2263 1599 2401 1656 bene
2428 1609 2669 1670 agentes,
2702 1601 2755 1657 in
2784 1618 2892 1672 quo
2931 1619 3233 1674 possumus,
3267 1603 3561 1658 auditores.

1984 1693 2465 1748 Remuneratorem
2514 1694 2655 1749 enim
2692 1694 2771 1748 illi
2813 1708 2932 1750 esse
2978 1697 3257 1766 promitto,
3302 1709 3461 1767 quem
3506 1707 3573 1752 se

1982 1782 2159 1853 aliqua
2204 1784 2491 1839 honestate
2535 1791 2789 1839 tractasse
2837 1800 3163 1855 cognovero.
3208 1786 3362 1856 Agite
3408 1800 3562 1858 ergo,

1981 1875 2168 1930 laudes
2195 1874 2261 1929 ad
2286 1890 2373 1930 me
2400 1876 2576 1946 potius
2602 1876 2766 1934 vestri
2787 1878 3102 1947 perveniant
3120 1893 3280 1947 quam
3308 1881 3561 1947 querelm.

1982 1965 2153 2036 Majas
2180 1967 2520 2023 commodum
2550 1982 2658 2023 non
2697 1968 2979 2038 qnmratis,
3011 1983 3173 2039 quam
3203 1968 3249 2024 si
3286 1970 3417 2024 nihil
3449 1985 3571 2024 ven-

1983 2056 2127 2112 ditis.
2153 2056 2245 2111 llla
2275 2064 2481 2111 tantum
2527 2055 2801 2128 sequenda
2846 2064 2972 2112 sunt
3015 2059 3185 2122 lucra,
3236 2072 3355 2128 quae
3383 2067 3564 2129 potest

1982 2164 2263 2221 possessor
2286 2150 2438 2204 laetus
2475 2148 2689 2217 oﬁ‘erre,
2722 2158 2775 2205 et
2799 2149 2952 2205 miles
2996 2150 3313 2207 solemniter
3342 2165 3569 2211 securus

1984 2241 2249 2312 accipere.
2281 2239 2399 2295 Non
2428 2254 2641 2308 censor,
2671 2239 2764 2295 sed
2795 2240 3043 2296 laudator
3059 2249 3247 2296 vester
3280 2257 3401 2298 esse
3426 2243 3573 2300 desi-

1987 2335 2140 2389 dero.
2170 2334 2374 2390 Cavete
2411 2348 2561 2403 ergo,
2606 2349 2673 2388 ne
2715 2332 2970 2388 reddatur
3009 2332 3257 2401 infestus,
3300 2336 3390 2406 qui
3415 2336 3569 2393 vobis

1986 2428 2274 2498 cupitcsse
2302 2426 2593 2482 beneficus.
2634 2425 2767 2481 Nam
2808 2428 3022 2496 gravius
3044 2441 3258 2499 semper
3298 2430 3571 2502 irascitur,

1982 2522 2078 2590 qui
2106 2529 2293 2578 contra
2324 2520 2658 2591 propositum
2679 2528 3070 2575 commovetur.

2618 2664 2777 2734 173
2812 2660 2947 2717 vui.

1989 2770 2223 2811 EDICTUI
2263 2770 2364 2809 PER
2421 2769 2724 2810 PROVINCIAS
2770 2769 3012 2809 εΕκΑτοιι
3062 2767 3384 2812 ΡΒΕΡΕΩΤΙΒ
3420 2771 3568 2814 ηι-

2672 2839 2850 2879 τοῐιιο.

1991 2912 2161 2969 Multa
2185 2923 2234 2969 et
2272 2918 2550 2991 praeclara-
2573 2913 2776 2991 ριίιαιηξιΔ
2802 2917 3020 2991 monita,
3048 2925 3099 2971 et
3124 2918 3373 2987 promittit
3399 2935 3455 2973 se
3482 2919 3573 2991 ,ἰκ-

2344 2985 2511 3039 dicem
2533 2986 2917 3056 integerrimum
2944 2985 3190 3058 futurum.

2059 3099 2365 3156 Priscorum
2394 3115 2514 3155 mos
2535 3100 2633 3154 fuit
2660 3114 2800 3155 nova
2822 3100 2944 3169 jura
2975 3100 3270 3158 decernere
3294 3112 3342 3171 ο,
3373 3110 3434 3157 ut
3458 3117 3577 3159 suc.

1990 3192 2200 3249 cedenti
2250 3192 2453 3263 populo
2481 3192 2682 3263 aliquid
2710 3193 2854 3261 quod
2886 3194 3146 3249 omissum
3174 3194 3454 3248 videbatur
3473 3194 3574 3248 ad-

1986 3280 2274 3352 iungerent
2300 3300 2314 3336 :
2342 3297 2484 3337 nunc
2527 3290 2708 3338 autem
2757 3282 3032 3339 sufficiens
3076 3283 3192 3340 laus
3233 3284 3577 3341 conscientiae

1992 3382 2094 3441 est,
2127 3385 2368 3430 veterum
2389 3375 2606 3431 decreta
2632 3392 2869 3433 servare.
2895 3376 3025 3431 Erat
3052 3385 3178 3432 ante
3206 3389 3377 3445 genus
3408 3376 3578 3430 homi-

1992 3482 2119 3522 num
2149 3466 2249 3521 sub
2288 3467 2390 3522 hac
2411 3468 2650 3522 novitate
2694 3466 3005 3530 sollicitum,
3035 3466 3163 3520 dum
3192 3465 3429 3535 regulam
3452 3465 3576 3520 vita:

1991 3573 2103 3614 sua:
2132 3557 2184 3611 in
2214 3557 2390 3611 aliena
2412 3566 2800 3626 cognoscerent
2822 3557 3099 3611 voluntate
3127 3554 3575 3626 pendere:modo

1994 3664 2122 3704 vero
2150 3648 2514 3717 unusquisque
2542 3648 2693 3702 novit
2721 3645 2907 3715 fixum,
2935 3647 3080 3717 quod
3106 3646 3175 3701 ab
3201 3646 3435 3717 antiquis
3459 3646 3581 3717 ple-

1994 3739 2215 3795 nissime
2242 3754 2351 3794 non
2379 3739 2589 3794 dubitat
2621 3739 2993 3795 constitutum.
3022 3738 3306 3794 Sufﬁciunt
3331 3754 3462 3809 ergo
3484 3756 3581 3797 vo-

1989 3829 2074 3885 bis
2099 3829 2242 3900 jura,
2272 3828 2317 3885 si
2352 3843 2462 3885 non
2502 3828 2640 3884 desit
2667 3829 2917 3885 voluntas
2959 3828 3175 3887 eximia.
3218 3829 3359 3898 Quid
3394 3829 3415 3871 (
3441 3845 3583 3902 pm-

1994 3939 2191 3980 conum
2211 3938 2376 3980 voces
2400 3965 2416 3993 ,
2455 3922 2585 3993 quid
2611 3922 2941 3994 periculosas
2967 3930 3264 3980 sententias
3292 3924 3584 3994 prtesulutn

1994 4014 2190 4071 erectis
2218 4015 2437 4071 auribus
2462 4015 2778 4072 sustinetis?
2802 4015 3040 4087 Propria:
3065 4017 3191 4072 vita:
3216 4016 3444 4088 imponit
3458 4030 3585 4072 tuo-

1995 4105 2147 4171 dum,
2178 4106 2271 4175 qui
2299 4106 2401 4162 sibi
2430 4119 2489 4161 se
2504 4106 2740 4175 judicem
2770 4107 3018 4176 intelligit
3051 4105 3587 4162 constitutum-Stu-

1995 4196 2120 4251 dete
2155 4196 2333 4251 cuncti
2383 4197 2593 4251 actibus
2620 4197 2810 4264 bonis,
2861 4204 2919 4251 et
2963 4195 3300 4251 formidanda
3340 4196 3585 4253 nescitis.

1996 4285 2173 4341 Nolite
2202 4286 2541 4341 inardescere
2569 4286 2636 4341 ad
2668 4286 3116 4356 praesumptiones
3136 4285 3383 4354 illicitas;
3406 4293 3588 4342 amate

240 4362 676 4454 possessorum
702 4378 923 4435 devotio
950 4380 1255 4450 gratissima
1297 4380 1530 4435 dominis
1572 4381 1891 4445 innotescat,
1927 4362 1974 4421 υ
1998 4376 2182 4432 vivere
2208 4375 2402 4447 quieti;
2435 4376 2711 4446 transigite
2738 4390 2950 4446 semper
2973 4375 3199 4431 innoxii.
3241 4374 3380 4444 Quid
3406 4376 3590 4432 litibus

238 4479 317 4527 et
362 4466 651 4523 tarditatis
677 4467 915 4524 involuta
937 4469 1184 4525 confusio
1208 4469 1409 4526 nostris
1432 4469 1731 4525 rationibus
1760 4470 1891 4543 [ed.,

236 4555 684 4629 orationibus]
738 4559 1035 4616 auferatur.
1094 4558 1251 4617 Unde
1317 4561 1541 4630 singulis
1598 4562 1897 4633 quibusque

236 4647 638 4720 temporibus
674 4650 902 4706 solemni
945 4666 1099 4708 more
1141 4649 1313 4708 factos
1356 4652 1551 4708 breves
1596 4653 1662 4708 ad
1699 4653 1897 4711 scrinia

234 4750 489 4800 nostra
516 4742 883 4808 trammittite,
898 4742 1041 4798 sicut
1067 4751 1121 4799 te
1142 4750 1198 4799 et
1218 4743 1396 4813 prisca
1417 4742 1596 4813 legum
1619 4747 1674 4800 et
1702 4758 1900 4801 nosme

227 4831 560 4907 fossionis
581 4846 821 4901 praesens
848 4846 1196 4890 eomrnonere
1216 4833 1429 4889 videtur
1456 4834 1752 4891 auctoritas
1785 4855 1798 4890 :
1832 4851 1901 4891 ne

231 4928 297 4981 si
349 4920 590 4991 aliquid
636 4922 829 4977 horum
880 4923 1231 4981 ass/timueris
1259 4922 1656 4994 negligenduin,
1700 4935 1759 4982 tu
1804 4920 1903 4982 tibi

338 5062 393 5106 ⁸’
410 5074 619 5130 Simile
640 5075 769 5131 illud
795 5074 1003 5133 Comici
1046 5093 1060 5131 :

420 5187 626 5239 Plenus
648 5191 879 5239 rimarum
898 5203 1006 5239 sum
1034 5204 1048 5240 :
1075 5190 1165 5239 hac
1189 5196 1338 5253 atque
1362 5190 1708 5301 illacherﬂno.

1504 5266 1619 5301 ens.

1504 5266 1619 5301 OBN.

332 5358 391 5431 »Α
420 5352 658 5431 ancella
688 5356 948 5431 securitas
972 5355 1186 5431 dicitur.
1219 5356 1500 5431 Petronius
1532 5358 1582 5411 in
1611 5356 1859 5431 Satyrico
1884 5378 1896 5414 :

224 5425 501 5491 auide
524 5424 657 5495 mihi
693 5424 961 5493 apodnrim
986 5425 1398 5495 defunctoriam,
1431 5428 1480 5481 id
1519 5436 1602 5483 est
1634 5424 1902 5485 remissio.

222 5513 409 5560 nem
454 5494 648 5548 senilis
680 5496 874 5549 astatis.
898 5494 1149 5551 Sidonius
1177 5506 1363 5551 contra
1386 5494 1593 5554 tributa
1636 5501 1902 5555 securita-

221 5577 275 5630 εξ
286 5573 483 5630 bna,
508 5572 611 5617 etc.
644 5563 829 5619 Bnoss.

328 5651 368 5682 σ
408 5634 644 5693 Omnes
681 5635 951 5691 illationes
988 5634 1115 5691 fisco
1161 5636 1324 5694 tribus
1350 5640 1696 5709 pensionibus
1722 5640 1895 5698 solve-

2002 4468 2229 4524 honesta
2277 4467 2642 4523 confunditis?
2685 4467 2796 4524 Cur
2832 4467 3006 4523 facitis
3066 4483 3188 4540 qua).
3233 4485 3363 4526 mox
3400 4470 3591 4526 timere

2003 4560 2254 4631 possitis?
2285 4559 2342 4616 Si
2372 4560 2609 4630 quaeritis
2637 4560 2805 4626 lucra,
2837 4561 3005 4618 vitate
3033 4563 3212 4634 potius
3240 4560 3499 4618 damnosa
3526 4560 3590 4615 li-

2004 4651 2153 4720 tigia.
2192 4646 2253 4706 Si
2280 4652 2422 4723 quod
2451 4658 2631 4707 tamen
2659 4654 2939 4709 emerserit
2985 4653 3142 4709 civile
3186 4663 3478 4718 certamen,
3508 4650 3590 4709 lc-

2003 4745 2157 4813 gibus
2180 4746 2368 4815 patriis
2388 4753 2562 4801 estote
2590 4747 2852 4801 contenti.
2881 4740 3069 4801 Nullus
3096 4745 3161 4800 ad
3181 4743 3434 4800 seditiosa
3456 4756 3592 4802 conv

2002 4844 2205 4905 surgat,
2237 4835 2414 4891 nullus
2458 4835 2525 4890 ad
2548 4835 2783 4891 violenta
2822 4834 3111 4905 confugiat.
3156 4833 3379 4889 Furoris
3421 4845 3594 4903 genus

2005 4936 2108 4993 est,
2140 4929 2193 4983 in
2238 4928 2436 4984 sacculo
2464 4938 2659 4999 pacato
2689 4929 2998 4985 turbulento
3025 4927 3243 4984 studere
3285 4927 3588 5000 proposito.

2462 5089 2916 5203 ἔιὲιέξὲἳμιιοςυο
2941 5095 3148 5149 mense,
3171 5077 3233 5136 C.
3266 5078 3347 5138 De
3380 5083 3597 5155 apert/2.,

2010 5150 2100 5204 lib.
2135 5167 2188 5212 χ,
2227 5152 2307 5204 tit.
2340 5150 2428 5205 ἓξ.
2462 5150 2702 5206 Fonnen.

2078 5221 2105 5258 ά
2134 5219 2363 5295 Yenales
2388 5236 2591 5295 moras,
2618 5220 2775 5295 infra,
2825 5221 2928 5295 h_oc
2972 5220 3089 5289 lib.,
3131 5223 3292 5295 epist.
3325 5221 3427 5290 35;
3473 5233 3531 5281 et
3556 5223 3597 5281 l.

2011 5290 2097 5348 53.
2132 5291 2195 5344 Si
2224 5288 2368 5355 bene,
2402 5291 2463 5343 D.
2498 5291 2577 5344 De
2605 5292 2796 5344 usuris.
2838 5290 3003 5347 Fons.

2086 5370 2108 5397 α
2139 5360 2227 5415 Sic
2261 5359 2516 5429 Ulpianus
2546 5362 2622 5433 ait
2654 5362 3041 5433 proconsulem
3080 5364 3314 5419 edictum
3341 5362 3457 5433 ejus
3500 5365 3598 5419 ali-

2007 5445 2170 5499 quam
2192 5434 2272 5500 sui
2303 5431 2830 5500 commendationem
2846 5432 3129 5489 continens
3149 5431 3599 5500 mittere‘debere,

2009 5498 2140 5563 etc.,
2170 5500 2204 5552 Ι.
2230 5498 2282 5563 4,
2313 5501 2382 5554 de
2410 5498 2554 5556 offic.
2590 5515 2842 5570 procons.
2882 5499 3049 5557 Fons.

2086 5569 2329 5638 fSupra,
2385 5572 2473 5627 lib.
2507 5569 2790 5640 vt,’form.
2843 5570 2899 5641 ὅ,
2949 5572 2988 5629 ι.
3032 5571 3155 5645 ult.,
3203 5575 3263 5631 ι).
3310 5574 3392 5631 De
3431 5576 3596 5648 feriis.

2008 5640 2248 5696 Fonssn.

2051 5655 2248 5698 08558.
