3990 6170
494 285 600 341 835

1718 279 1786 334 Μ.
1828 276 2078 333 AURELI

2193 276 2542 335 ASSIODORI
2656 282 2669 290 κ
3613 285 3694 360 35,3

492 404 603 460 Sed
647 416 772 473 quia
798 400 951 456 vobis
991 399 1057 454 de
1088 396 1388 467 judicmus,
1417 395 1516 450 etsi
1551 411 1657 449 non
1690 409 1866 459 verus,
1899 404 2077 448 tamen
2111 397 2161 456 Α
2188 393 2333 448 tione
2378 402 2653 463 pra:state.
2726 393 3030 465 Compellat
3082 395 3462 457 rationabiliter
3502 412 3697 480 propri“,

494 500 668 550 oritur
717 488 1050 547 rationabilis
1078 495 1254 542 metus
1300 484 1467 557 (dum
1521 486 1797 555 inexperta
1842 492 2084 553 potestas

496 585 661 641 trahit
685 582 865 654 potius
892 579 961 633 ad
992 578 1242 633 timorem
1272 576 1291 647 )
1316 616 1330 641 ,
1364 584 1625 647 quantum
1646 574 1723 629 ‘ad
1746 590 1926 631 meum
1956 590 2085 644 pro-

494 676 727 747 positum
774 671 1027 742 pertinet.
1070 667 1295 739 juvantc
1337 666 1469 732 Deo,
1520 681 1808 735 rerumque
1853 665 2085 721 dominis

493 764 869 838 regnantibus,
920 760 1101 817 omnia
1143 760 1295 815 vobis
1340 758 1518 828 justa,
1570 759 1749 815 omnia
1804 757 2083 813 moderata

494 855 812 928 promittite.
858 852 1116 913 Primum,
1169 849 1315 919 quod
1355 850 1591 903 maxime
1625 847 1861 917 judicem
1911 847 2084 903 deho-

494 953 693 1010 nestat,
723 942 1037 998 nundinatio
1065 957 1096 995 a
1140 956 1228 995 me
1270 938 1412 995 fteda
1454 939 1742 994 nescietur.
1792 937 1908 994 Non
1939 938 2083 993 enim

497 1037 659 1092 verba
706 1050 827 1091 mea
850 1075 866 1099 ,
910 1048 1062 1090 more
1091 1033 1319 1088 vestium
1344 1071 1361 1098 ,
1407 1047 1667 1102 suspensa
1706 1032 2008 1086 venduntur
2034 1042 2081 1085 ⁸.

494 1127 712 1199 Spei-ari
760 1142 789 1181 a
838 1125 993 1181 vobis
1035 1123 1235 1194 aliquid
1282 1124 1396 1178 sola
1439 1124 1742 1192 specierum
1794 1120 2083 1190 indigentia

493 1221 676 1285 faciet,
720 1233 828 1274 non
875 1216 1140 1270 malitiosa
1171 1214 1455 1278 venalitas,
1498 1214 1585 1267 ubi
1630 1221 1811 1267 tamen
1835 1212 1944 1266 erit
1964 1226 2084 1280 qua:

495 1322 709 1380 tempus
736 1309 947 1377 mitigat
989 1306 1266 1361 moderata
1299 1304 1605 1376 praeceptio.
1651 1302 1764 1356 Non
1796 1301 2083 1355 indicimus

494 1402 639 1471 quod
678 1409 908 1467 ematur,
938 1413 1039 1452 nec
1066 1396 1134 1451 ad
1165 1396 1493 1450 taxationem
1539 1395 1798 1449 trahimus
1837 1408 1956 1461 quae
1984 1408 2082 1447 ne-

495 1494 725 1550 cessaria
758 1508 863 1547 non
898 1491 1186 1545 habentur.
1238 1487 1428 1543 Estote
1473 1496 1679 1542 tantum
1710 1487 1778 1540 ad
1822 1494 2081 1542 consueta

495 1583 734 1649 solliciti,
757 1581 824 1635 de
847 1581 1088 1635 novitate
1124 1578 1322 1644 securi,
1354 1577 1478 1646 quia
1526 1576 1657 1631 illud
1703 1576 1879 1630 solum
1928 1576 2083 1633 nobis

493 1674 848 1745 judicavimus
896 1685 1015 1725 esse
1066 1667 1427 1734 commodum,
1474 1670 1519 1722 si
1550 1682 1667 1736 vos,
1705 1666 1930 1735 juvante
1969 1665 2079 1721 Do-

2187 486 2418 553 animus,
2464 503 2533 543 ne
2564 502 2658 542 vos
2708 495 2895 555 urgeat
2935 494 3110 542 terror
3147 497 3399 545 armatus.
3443 494 3603 554 Odium
3623 504 3699 562 sibi

2188 581 2407 649 excitat,
2439 582 2530 650 qui
2554 581 2713 651 justis
2741 582 2969 637 resultat
3008 582 3274 653 imperiis.
3308 583 3462 651 Quem
3483 588 3575 657 jam
3610 602 3702 652 eos.

2186 685 2337 739 gero,
2367 688 2473 727 non
2496 674 2708 728 amabo.
2748 671 2839 728 Sic
2870 672 3013 727 enim
3053 683 3246 729 cuncta
3273 691 3388 744 qua:
3413 682 3587 749 agenda
3612 698 3704 742 sunt

2189 764 2434 818 volumus
2462 762 2740 834 explicari,
2771 771 2829 818 ut
2850 779 2945 819 vos
2975 763 3123 819 nullo
3154 766 3476 835 compulsore
3498 770 3704 833 faciamus

2187 854 2451 910 imminui.
2497 855 2711 911 Servari
2756 857 2912 911 vobis
2963 857 3209 927 cupimus
3265 873 3503 916 concessa
3545 866 3709 934 pridem

2185 942 2525 999 dominorqu
2570 944 2875 1013 beneficia,
2923 946 3069 1001 nulla
3116 948 3455 1006 abominabili
3499 962 3709 1023 praesuta-

2186 1034 2370 1102 ptione
2412 1034 2691 1090 distracta.
2722 1036 2999 1091 llonorem
3028 1048 3271 1092 nostram
3326 1041 3435 1095 sola
3461 1057 3549 1098 Vos
3588 1059 3715 1117 opta-

2186 1143 2305 1183 mus
2328 1130 2688 1198 gratulatione
2731 1131 2969 1198 sentire,
3015 1138 3071 1186 et
3111 1134 3454 1199 regnantibus
3487 1138 3609 1193 bona
3644 1158 3716 1211 pe-

2187 1232 2321 1290 tere,
2355 1223 2443 1292 qui
2469 1231 2650 1277 vestra
2704 1212 2972 1277 desideria
3028 1224 3128 1277 nisi
3158 1224 3286 1296 [ed.,
3319 1226 3434 1298 visi]
3473 1239 3583 1283 sunt
3612 1248 3719 1300 pne-

2184 1310 2404 1368 stitisse.
2457 1300 2635 1366 Vivite
2690 1329 2831 1369 nunc
2877 1314 3074 1384 adepta
3121 1317 3408 1371 securitate
3455 1322 3718 1385 gaudentes.

2184 1398 2355 1465 Quem
2381 1400 2461 1455 fas
2491 1418 2597 1455 non
2628 1400 2725 1456 fuit
2749 1418 2964 1470 cogere,
2992 1406 3244 1474 potuistis
3277 1407 3570 1466 voluntariis
3590 1430 3722 1482 spon-

2184 1491 2425 1547 sionibus
2469 1492 2729 1561 obligare.
2775 1493 2909 1549 Nam
2955 1496 3047 1563 qui
3088 1496 3296 1550 dubitat
3336 1500 3431 1553 sub
3476 1499 3558 1554 Dei
3585 1502 3721 1556 conti-

2184 1582 2363 1637 dentia
2399 1582 2542 1651 justa
2592 1583 2935 1652 promittere,
2964 1586 3080 1640 vult
3118 1586 3324 1641 habere
3357 1587 3567 1643 liberum
3604 1592 3721 1660 quod

2184 1690 2292 1727 non
2338 1682 2421 1727 est
2482 1673 2756 1743 pollicitus
2785 1675 3088 1730 immutare.
3142 1675 3350 1732 Tenete
3388 1678 3535 1746 igitur
3561 1682 3728 1737 arbitrii

500 1765 665 1831 mino,
695 1778 973 1819 servemus
999 1761 1214 1816 illmsos.
1263 1758 1379 1814 Non
1414 1775 1510 1814 vos
1539 1759 1823 1827 quisquam
1854 1758 2080 1811 militum
2117 1772 2159 1831 Β
2190 1763 2294 1817 mei
2337 1763 2590 1819 idoneum
2637 1765 2864 1833 vadem,
2913 1766 3192 1835 speculum
3243 1769 3440 1834 cordis,
3488 1770 3728 1839 imaginem

496 1873 594 1928 pro
616 1871 713 1910 tua
744 1855 1021 1909 voluntate
1059 1852 1362 1917 concutiet;
1394 1866 1501 1904 non
1543 1858 1769 1905 exactor
1795 1849 2085 1917 adjectitiis

490 1946 741 2017 gravabit
764 1944 1151 2009 incommodis;
1183 1958 1291 1997 non
1333 1942 1505 1996 solum
1536 1950 1777 2008 nostras,
1802 1941 1895 1995 sed
1922 1950 1977 1995 et
1999 1938 2083 1992 nf-

496 2038 604 2094 tlcii
646 2038 893 2096 inuoxias
943 2035 1333 2090 custodivimus
1380 2049 1591 2086 manus.
1638 2032 1848 2101 Alioqui
1897 2032 2085 2086 inutile

496 2129 696 2185 bonum
743 2138 826 2183 est
866 2127 1103 2197 judicent
1162 2142 1272 2180 non
1324 2126 1592 2194 accipere,
1621 2133 1675 2178 et
1724 2125 1904 2179 multis
1942 2124 2084 2177 acci-

496 2223 675 2294 piendi
706 2222 977 2277 licentiam
1008 2220 1322 2292 praebuisse.
1368 2219 1554 2287 Neque
1582 2218 1723 2273 enim
1756 2219 1834 2274 sic
1871 2235 1899 2270 a
1931 2219 2086 2274 nobis

496 2316 861 2385 egrediuntur,
892 2322 951 2368 ut
979 2329 1040 2368 ea
1073 2328 1191 2382 qua:
1218 2312 1359 2382 passi
1391 2310 1589 2367 fuerint
1629 2312 1747 2365 aliis
1769 2312 1962 2366 merito
2008 2311 2085 2367 fe-

498 2409 636 2463 cisse
662 2406 967 2460 videantur.
1010 2402 1293 2457 lmminuta
1334 2411 1459 2456 sunt
1504 2402 1646 2458 enim
1674 2410 1853 2456 vestro
1900 2418 2087 2456 amore

496 2496 761 2563 suffragia,
788 2509 908 2565 qua:
933 2493 1195 2547 hactenus
1222 2494 1460 2546 omnium
1508 2493 1835 2548 detrimento
1864 2508 2079 2548 cresce-

496 2589 642 2642 bant.
670 2586 1010 2641 Ostendimus
1050 2584 1104 2637 in
1143 2584 1316 2647 nobis,
1367 2583 1479 2639 Deo
1521 2583 1764 2652 juvante,
1799 2586 2086 2639 contineri-

496 2680 644 2742 tiam,
670 2684 727 2731 ut
756 2691 874 2731 eam
904 2674 1161 2729 militibus
1188 2675 1306 2729 sine
1352 2673 1561 2743 pudore
1608 2674 1877 2744 imperare
1905 2675 2078 2744 possi-

496 2783 633 2822 mus.
665 2766 783 2820 Non
812 2765 954 2819 enim
987 2771 1167 2834 potest
1211 2768 1594 2817 auctoritatem
1641 2762 1843 2818 habere
1884 2778 2082 2832 sermo,

496 2859 586 2930 qui
634 2873 739 2912 non
790 2856 1008 2925 juvatur
1052 2853 1320 2923 exemplo,
1363 2852 1491 2907 dum
1540 2852 1781 2922 iniquum
1826 2854 1895 2908 sit
1940 2854 2084 2910 bona

497 2948 807 3020 praecipere,
836 2954 892 3001 et
919 2946 1048 2999 talia
1095 2960 1204 2999 non
1252 2942 1465 2998 fecisse.
1497 2941 1778 2999 Ordinatio
1808 2946 1969 3013 igitur
1994 2962 2086 3002 no-

497 3046 605 3094 stra
636 3038 916 3092 utilitatem
946 3034 1216 3106 publicam
1248 3034 1626 3089 tantummodo
1674 3036 1940 3106 respiciet,
1974 3053 2085 3093 non

2186 1856 2511 1922 Voluntatis;
2545 1866 2601 1911 ut
2631 1857 2828 1926 quibus
2855 1874 2963 1913 non
2991 1875 3109 1913 sum
3133 1859 3271 1914 facie
3303 1869 3479 1927 notus,
3510 1862 3617 1916 liam
3640 1881 3734 1917 ino-

2187 1962 2305 2000 rum
2354 1942 2615 2017 qualitate
2663 1950 2992 2017 recognitus.
3038 1949 3094 2003 In
3133 1950 3235 2004 hac
3276 1968 3365 2006 me
3409 1954 3574 2022 potius
3608 1964 3732 2023 parte

2186 2039 2514 2109 conspicite,
2575 2055 2680 2108 qua
2735 2040 2903 2095 latent
2959 2051 3276 2112 pncsentes.
3336 2029 3448 2100 Non
3493 2055 3567 2100 est
3612 2048 3737 2101 vobis

2184 2128 2435 2183 damnum
2463 2120 2719 2185 absentia:
2764 2147 2943 2187 mese:
2987 2134 3169 2188 utilius
3212 2135 3552 2205 cstjudicem
3580 2146 3729 2192 mente

2187 2236 2347 2275 llOSSG
2369 2236 2529 2289 quam
2555 2238 2806 2292 corpore.

2613 2346 2771 2415 179
2799 2343 3130 2400 EPISTOLA
3168 2343 3265 2400 ix.

2256 2448 2517 2489 JUDICIBUS
2543 2451 2928 2490 PROVINCIABUI
2956 2453 3194 2492 SENATOR
3219 2454 3537 2493 PREl-‘ECTUS
3567 2455 3689 2493 ['85-

2907 2522 3087 2561 τοιιιο.

2187 2591 2445 2648 Hortatur
2467 2605 2521 2648 ut
2551 2595 2776 2672 diligant
2801 2598 3085 2672 justitiam,
3118 2614 3341 2672 eamque
3371 2619 3402 2653 α
3434 2598 3634 2654 subditis
3661 2600 3742 2654 sui:

2726 2667 2987 2721 observari
3017 2678 3214 2722 curent.

2259 2774 2446 2831 Sciens
2474 2764 2541 2831 ab
2568 2777 2646 2832 eis
2669 2778 3003 2833 contrarium
3046 2795 3208 2853 posse
3233 2780 3412 2847 credi,
3458 2781 3545 2849 qui
3581 2795 3748 2850 prece-

2188 2866 2441 2922 dentibus
2470 2867 2625 2922 malis
2646 2868 2859 2944 fuerant
2884 2869 3148 2924 iuuuiuuti
3201 2872 3358 2941 (dum
3386 2888 3533 2925 mens
3552 2871 3747 2925 humana

2185 2957 2346 3012 facile
2372 2959 2678 3028 suspicatur
2703 2959 2772 3014 de
2793 2960 3038 3029 quolibet
3067 2961 3157 3015 illa
3184 2978 3312 3032 quae
3364 2961 3616 3032 pertulit),
3647 2975 3748 3031 pro-

2187 3049 2348 3118 positi
2380 3050 2553 3103 nostri
2576 3058 2763 3104 voturu
2806 3051 3023 3106 edictali
3058 3059 3254 3109 tenore
3285 3054 3635 3124 promisimus,
3677 3065 3747 3115 ne,

496 3131 634 3185 furta
657 3130 885 3199 privata.
918 3128 1131 3183 Scimus
1160 3143 1280 3197 quae
1309 3143 1407 3197 pro
1453 3128 1609 3185 nobis
1630 3138 1756 3184 vota
1802 3128 2044 3188 fuderitis
2066 3175 2082 3201 ,
2119 3146 2162 3209 ρ
2189 3139 2412 3208 juvante
2435 3140 2566 3206 Deo,
2597 3156 2733 3209 quos
2760 3156 2980 3197 securos
3009 3156 3128 3197 esse
3154 3145 3430 3214 cupimus,
3455 3144 3537 3199 vel
3561 3143 3623 3199 de
3658 3143 3747 3212 ipsa

498 3237 600 3293 qua
632 3220 805 3278 fuistis
835 3221 1108 3275 anxietate
1141 3220 1407 3291 suspensi.
1436 3220 1689 3277 Deforme
1715 3224 1868 3278 nobis
1897 3234 1980 3280 est
2010 3236 2092 3281 ta-

497 3312 567 3365 lia
598 3309 795 3375 facere,
828 3319 887 3365 ut
928 3312 1106 3366 minus
1152 3311 1373 3381 possitis
1419 3310 1471 3364 in
1501 3320 1682 3366 vestra
1732 3314 2093 3371 exsultatione

499 3402 756 3471 gaudere.
812 3400 1098 3471 Patebuut,
1147 3401 1259 3458 Deo
1308 3402 1568 3473 pmpitio,
1602 3419 1762 3460 aures
1798 3413 1995 3462 nostra:
2025 3413 2091 3463 ad

498 3494 837 3566 suscipienda
869 3494 1137 3550 desideria
1181 3495 1597 3566 supplicantium
1630 3514 1642 3551 :
1688 3505 1876 3553 ahetor
1916 3516 2091 3556 causae

498 3584 609 3640 suis
630 3601 731 3641 nos
759 3585 931 3641 oculis
952 3585 1053 3640 sub
1084 3584 1334 3641 libertate
1357 3587 1568 3642 visurus
1597 3596 1712 3654 est;
1746 3602 1852 3644 nou
1884 3591 2094 3645 redem-

498 3683 613 3746 pta,
638 3674 734 3730 sed
759 3676 977 3745 propria
1002 3676 1180 3743 lingua
1210 3675 1480 3745 loquetur.
1506 3675 1669 3733 Vobis
1689 3680 1832 3733 enim
1860 3697 1958 3736 nec
1980 3697 2093 3736 ser-

499 3765 640 3821 vitus
661 3766 964 3836 imperabit,
996 3781 1098 3821 nec
1124 3782 1155 3820 a
1185 3767 1340 3822 nobis
1379 3768 1631 3823 nobilitas
1657 3770 1965 3826 veneranda
2013 3772 2092 3827 fa-

472 3856 775 3927 stigabitur.
833 3855 1094 3912 Praetoria
1147 3858 1380 3930 denique
1436 3869 1620 3915 nostra
1672 3861 1850 3916 nullus
1921 3865 2094 3935 turpis

501 3955 653 4003 actus
682 3948 920 4014 intravit,
965 3964 1125 4004 nemo
1170 3966 1201 4004 a
1245 3952 1401 4007 nobis
1453 3968 1612 4022 quam
1646 3964 1869 4011 venerat
1917 3959 2093 4015 minus

503 4038 824 4107 locupletior
846 4039 1024 4094 rediit.
1050 4038 1288 4096 Nescivit
1334 4042 1689 4100 domesticum
1739 4049 2017 4118 penetrale
2057 4066 2091 4105 a

501 4128 771 4184 subselliis
790 4128 1120 4199 discrepare.
1148 4128 1391 4186 Judicern
1412 4148 1500 4189 me
1520 4134 1813 4192 observans
1836 4138 2089 4206 inveniet,

503 4233 830 4290 quocunque
876 4221 1202 4290 respexerit.
1251 4222 1604 4280 Verecundia:
1653 4242 1961 4296 memores,
2014 4229 2095 4299 ju-

503 4319 663 4364 vante
690 4307 823 4376 Deo,
851 4310 931 4365 sic
953 4323 1115 4380 agere
1157 4326 1255 4367 nos
1284 4321 1551 4383 Optamus,
1585 4318 2035 4388 quemadmodum
2062 4336 2093 4375 a

480 4418 683 4459 .rerum
722 4404 956 4460 dominis
996 4405 1249 4461 mandata
1295 4410 1650 4480 suscepimus.
1682 4410 1789 4467 Vos
1819 4413 1886 4467 ad
1915 4414 2092 4469 omnia

2193 3230 2554 3286 sollicitudine
2577 3246 2947 3300 gravarernus.
2973 3233 3091 3288 Non
3118 3235 3267 3289 enim
3296 3246 3383 3289 est
3431 3251 3637 3306 parvum
3661 3243 3752 3286 tor-

2195 3330 2460 3391 mentum,
2485 3323 2768 3379 adversum
2793 3325 2993 3394 aliquid
3010 3325 3313 3382 formidare
3335 3335 3631 3392 venturum,
3650 3325 3752 3376 dum

2193 3427 2408 3483 semper
2435 3415 2653 3483 gravius
2680 3415 2979 3469 aestimatur
3033 3430 3344 3485 emergere,
3366 3420 3513 3487 quod
3555 3418 3755 3470 timetur.

2193 3500 2343 3560 Absit
2394 3520 2427 3560 a
2468 3507 2668 3562 nostris
2716 3508 3048 3578 temporibus
3092 3509 3180 3564 vel
3230 3511 3457 3564 minima
3508 3506 3756 3564 credulitas

2193 3592 2449 3651 laesionis.
2480 3583 2596 3651 Reo
2620 3595 2732 3665 jam
2759 3597 2967 3654 vicinus
3004 3607 3108 3666 est,
3149 3600 3249 3669 qui
3300 3601 3478 3655 malus
3531 3607 3757 3669 putatur:

2193 3687 2318 3757 quia
2351 3695 2476 3743 tunc
2495 3686 2698 3758 aliquid
2726 3689 3082 3758 persuadetur
3137 3691 3357 3759 animo,
3388 3706 3510 3746 cum
3558 3690 3753 3743 intrave-

2190 3778 2265 3832 rit
2292 3786 2482 3848 pectus
2507 3788 2632 3850 apta
2660 3780 2790 3854 [ed.,
2813 3779 2958 3852 acta]
2987 3782 3251 3852 suspicio.
3286 3784 3629 3854 Quapropter
3646 3779 3762 3834 dicas

2196 3869 2273 3925 tio
2295 3877 2387 3924 tua
2417 3886 2516 3941 per
2540 3871 2659 3926 loca
2682 3871 3033 3927 celeberrima
3056 3875 3295 3944 proponi
3321 3875 3488 3930 faciat
3513 3871 3761 3928 destinata.

2193 3960 2393 4031 Aptum
2426 3970 2509 4017 est
2535 3962 2678 4016 enim
2705 3962 2774 4017 ab
2802 3962 3046 4032 hisjussa
3076 3966 3368 4034 cognosci,
3390 3981 3529 4037 quos
3557 3959 3743 4020 decrevi

2194 4067 2315 4107 mus
2360 4051 2661 4108 admoneri.
2709 4050 2989 4108 Excitetur
3015 4070 3163 4110 nunc
3183 4071 3351 4110 arnor
3369 4056 3607 4111 omnium
3649 4050 3765 4105 circa

2193 4144 2441 4200 dominos
2468 4143 2685 4210 felices;
2713 4153 2794 4211 ut,
2824 4147 2967 4202 sicut
3005 4163 3105 4203 nos
3132 4149 3353 4204 nullout
3384 4146 3649 4206 contraria
3687 4156 3766 4197 vo-

2196 4233 2392 4289 luimus
2421 4235 2752 4304 cogitatione
2780 4237 3131 4307 suspendere,
3164 4239 3247 4295 ita
3278 4255 3343 4295 se
3378 4247 3436 4295 et
3480 4238 3553 4293 illi
3580 4237 3768 4291 devotos

2197 4322 2437 4379 debeant
2464 4326 2553 4395 pie
2574 4327 2923 4394 regnantibus
2944 4327 3234 4386 exhibere.
3262 4331 3603 4400 Spousiones
3621 4332 3768 4380 autem

2196 4422 2407 4469 nostras
2432 4415 2560 4488 [ed.,
2591 4416 2817 4488 vestras]
2847 4434 2942 4473 vos
2970 4435 3127 4475 veras
3147 4421 3402 4487 efﬁcitis,
3432 4422 3479 4476 si
3506 4415 3771 4491 provincia-

504 4491 642 4561 iusta
698 4503 875 4551 estote
918 4496 1129 4560 devoti,
1182 4505 1240 4551 ut
1298 4513 1385 4554 me
1433 4502 1830 4570 provinciarmu
1882 4514 2090 4574 patrem
2123 4506 2334 4574 Dlibus
2360 4508 2698 4578 aequabiliter
2717 4510 3037 4578 praesidetis.
3063 4510 3295 4582 Diligite
3346 4513 3631 4584 justitiam,
3674 4517 3772 4576 qum

506 4582 713 4638 faciatis
734 4600 852 4641 esse
871 4602 1031 4656 quam
1057 4587 1082 4625 δ
1099 4588 1333 4657 judicent
1360 4608 1373 4643 :
1397 4593 1523 4662 quia
1551 4594 1743 4649 iterum
1767 4597 1981 4665 gravius
1998 4598 2096 4652 ira-

506 4676 692 4741 scitur,
723 4678 815 4747 qui
858 4678 1080 4734 minlme
1107 4679 1176 4737 de
1217 4683 1549 4751 probitatum
1572 4686 1786 4742 actione
1814 4699 2090 4758 pensatur.

506 4766 640 4821 Nam
680 4768 726 4822 si
772 4769 1076 4837 pnebuistis
1116 4771 1422 4829 laesionibus
1462 4775 1805 4846 obsequium,
1844 4779 1972 4848 quid
2015 4780 2093 4834 illi

507 4859 821 4930 impendere
867 4861 1099 4930 debetis,
1146 4877 1305 4932 quem
1328 4865 1484 4921 vobis
1522 4882 1849 4938 magnoliere
1876 4871 2094 4927 studere

506 4953 871 5021 cognoscitis?
886 4951 1161 5010 Solemnia
1204 4957 1491 5013 commoda
1543 4968 1566 4996 ε
1614 4958 1757 5015 sedis
1785 4970 1977 5015 vestrae
2015 4962 2095 5017 la-

506 5046 825 5101 borantibus
848 5045 1106 5102 militibus
1134 5064 1241 5103 non
1279 5057 1564 5120 negentur,
1594 5051 1717 5123 quia
1745 5054 1859 5123 ipse
1888 5056 2092 5125 praebet

505 5135 650 5190 viam
675 5135 994 5207 excedendi,
1026 5140 1117 5209 qui
1143 5155 1250 5194 non
1275 5140 1476 5210 patitur
1498 5141 1643 5210 justa
1669 5145 1924 5201 persolvi.
1951 5145 2093 5201 Prai-

508 5224 677 5295 ceptis
702 5226 865 5280 etiam
902 5228 1105 5284 nostris
1145 5229 1512 5285 obedientiam
1558 5235 1806 5303 mquabili
1851 5236 2095 5292 modera-

581 5382 945 5461 '_lruperator_
974 5384 1360 5461 Constantinus
1385 5406 1396 5440 :
1421 5388 1537 5443 Non
1581 5390 1652 5444 sit
1676 5391 1865 5445 venale
1899 5390 2096 5461 indicis

509 5453 751 5528 verbum,
786 5470 891 5509 non
934 5454 1203 5528 ingressus
1231 5458 1516 5528 redempti,
1553 5476 1660 5514 non
1691 5453 2092 5517 iufarne'licita—

513 5524 1135 5600 tionibussecretarium,
1176 5527 1211 5580 Ι.
1241 5527 1292 5591 l,
1319 5527 1386 5583 de
1415 5524 1554 5584 ollic.
1602 5540 1733 5585 rect.
1768 5532 1999 5600 provin.,
2027 5531 2091 5586 C.

512 5590 717 5646 'l‘heod.
749 5590 1424 5667 Quidam,_verburu,ipro,
1465 5600 1672 5666 velum;
1722 5590 1850 5656 nihil
1881 5590 2084 5657 temere

478 5674 491 5679 -
513 5635 717 5739 ιῖἰῐιῖὲἦῇ
732 5635 1490 5739 Ξῖεὲζίξξὲςὅῖξόῒῆαἱῖῗᾶρἶ
1501 5635 1672 5737 ζὶῗῖἓξ
1684 5635 2082 5739 ρ’ὁ“ιὶῖ¹’νίῐῖἓξ›“3.ῖ

514 5733 640 5811 θοι]ἱ
669 5732 751 5785 tit.
788 5733 919 5788 Vide
946 5733 1100 5811 infra,
1134 5736 1238 5811 hoc
1264 5732 1357 5790 li'b.
1389 5732 1472 5803 xi,
1506 5732 1662 5809 epist:
1694 5741 1783 5806 52,
1815 5741 1974 5795 oliicii
2008 5732 2077 5794 in:

516 5808 704 5857 noxias
744 5816 934 5859 manus
973 5810 1072 5861 τῶν
1114 5808 1398 5873 ετοιξεσιητινιῖηρ,³
1429 5808 1618 5866 manus
1662 5827 1825 5873 pura).
1859 5812 2086 5875 Seneca,

2195 4614 2291 4653 vos
2320 4607 2376 4654 et
2401 4601 2659 4656 amabiles
2680 4600 2860 4670 faciat,
2890 4612 2946 4659 et
2972 4605 3282 4674 gloriosum
3333 4607 3671 4663 commodum
3696 4615 3773 4654 sua

2195 4691 2609 4759 participatione
2639 4691 2924 4748 concedat.
2957 4694 3166 4751 Scitote
3198 4697 3398 4754 officia
3450 4695 3603 4753 vobis
3650 4688 3777 4764 quasi

2195 4787 2412 4833 actuum
2438 4789 2740 4836 vestrorum
2790 4793 2953 4839 testes
3006 4787 3304 4843 assistere.
3352 4788 3425 4842 Et
3475 4788 3595 4842 ideo
3641 4794 3776 4853 quam

2196 4886 2448 4949 magnum
2501 4882 2584 4928 est
2637 4874 2691 4929 in
2747 4883 3019 4932 tantorum
3069 4889 3390 4949 conspectu
3440 4879 3617 4936 facere
3658 4868 3778 4944 quod

2198 4962 2437 5016 omnium
2465 4968 2674 5032 possint
2702 4979 2799 5019 ora
2830 4966 3161 5034 prtedicare?
3190 4967 3485 5026 Iudicium
3531 4966 3676 5039 quasi
3709 4962 3779 5030 Ῐυ·

2197 5050 2447 5112 ridicium
2475 5059 2787 5128 cognoscite
2806 5060 3121 5115 vocitatum.
3170 5063 3488 5120 Przesulem
3515 5074 3668 5132 agere
3689 5067 3777 5111 non

2198 5147 2353 5204 decet
2375 5147 2523 5219 quod
2545 5150 2683 5205 alter
2703 5159 2939 5206 accuset.
2974 5150 3109 5218 Quid
3145 5154 3359 5209 timeat
3382 5171 3534 5223 reus,
3576 5168 3688 5209 cum
3713 5147 3779 5199 vi-

2198 5238 2340 5293 derit
2383 5239 2588 5295 crimen
2636 5240 2691 5294 in
2722 5239 2955 5297 fascibus
3006 5243 3424 5300 constitutum?
3477 5245 3601 5300 Sola
3650 5235 3780 5295 malis

2194 5393 2285 5478 lib.
2319 5411 2391 5478 vri
2414 5394 2697 5476 Controv.,
2722 5399 2898 5452 novel.
2932 5398 2985 5466 8,
3007 5404 3247 5478 ,καθαραὶ
3274 5413 3490 5478 χξῖρξς.
3535 5401 3685 5456 Fourt-
3725 5463 3736 5475 ,

2269 5465 2293 5538 ξ»
2325 5466 2514 5538 Quum,
2562 5469 2678 5521 sine
2721 5465 3161 5538 comparationis
3190 5465 3505 5538 particula,
3539 5481 3594 5526 ut
3617 5465 3778 5534 magis-

2269 5489 2293 5501 υ
2325 5489 2514 5530 quam,
2562 5489 2678 5521 sme
2721 5489 3149 5538 comparauouls
3231 5489 3505 5537 articula,
3539 5489 3594 5526 ttt
3617 5489 3778 5534 11133“.

2194 5535 2281 5615 vel
2302 5535 2575 5615 quidpiam
2606 5537 3140 5615 simileﬂsuppleatur.
3176 5489 3350 5615 gap"
3383 5546 3478 5600 lib.
3508 5559 3615 5609 vni,
3641 5538 3780 5608 epist.

2194 5603 2252 5670 2,
2281 5603 2336 5659 et
2358 5603 2450 5660 lib.
2483 5622 2558 5669 rx,
2582 5608 2739 5675 epist.
2772 5603 3059 5665 ‘25.'Fona'.

2270 5687 2291 5715 ε
2316 5676 2917 5751 Selenium-commodat
2944 5680 2992 5734 id
3023 5690 3107 5735 est
3139 5685 3390 5751 salaria;
3425 5687 3461 5741 l.
3495 5679 3779 5740 Commodis.

2195 5747 2262 5823 de
2288 5743 2861 5823 r9_jutl.;_Vilzgvi|J:.
2906 5745 2955 5798 iu
2990 5751 3325 5819 iactatione
3358 5743 3453 5813 lib.
3488 5774 3537 5823 x;
3567 5765 3616 5809 et
3640 5754 3774 5813 intra.

2197 5818 2299 5873 hoc
2327 5808 2442 5878 lib.,
2465 5815 2622 5878 epist.
2655 5810 2744 5866 53.
2784 5808 2952 5864 Furta.
