3990 6170
294 87 400 146 837

1570 88 1933 146 VARIARL‘M
1975 90 2174 177 ιιβεῐι
2216 87 2305 147 XI.

3434 72 3438 77 ’
3482 93 3589 151 ass

290 198 383 260 illa
417 212 687 257 tormenta
717 210 863 269 sunt,
896 202 941 257 si
966 202 1181 273 publica
1212 212 1337 259 vota
1367 202 1606 257 moribus
1634 203 1744 257 suis
1770 218 1896 259 sen—
1924 209 1968 265 Α
2000 217 2121 257 cum
2145 204 2357 274 pinguis
2381 220 2494 260 arvi
2517 205 2841 261 fecunditate
2863 207 3224 275 consentiens,
3250 209 3587 286 herbaspro‘

297 296 438 349 tiant
462 308 584 349 esse
614 293 909 348 contraria.
944 293 1053 348 Diei
1088 294 1229 348 enim
1260 310 1367 349 non
1394 302 1571 364 potest
1590 293 1889 363 disciplina,

291 383 519 454 quando
562 383 677 453 ipsa
709 381 873 438 fuerit
895 384 1234 454 corrigenda.
1276 386 1498 441 Studete
1523 399 1652 455 ergo
1706 386 1893 440 nobis«

295 491 436 539 cuin,
465 482 527 529 ut
555 474 680 529 boni
712 489 889 531 mores
929 475 1353 546 provincialibus
1398 477 1613 543 dentur,
1655 475 1750 530 sed
1793 491 1895 531 nu-

292 564 436 618 ditas
463 564 757 619 auferatur.
788 565 864 620 De
894 566 1148 621 remediis
1173 566 1353 636 potius
1380 582 1542 636 quam
1566 567 1635 622 de
1677 567 1893 622 laesiOue

295 663 582 711 tractetur.
615 654 792 710 Grave
821 657 1022 711 malum
1062 666 1163 721 est,
1195 657 1486 727 quidquam
1516 656 1582 712 ad
1615 657 1891 726 largienda

289 747 430 816 juris
460 746 723 802 beneﬁcia
755 747 892 812 ﬁeri,
920 756 976 801 et
1002 748 1228 802 mixtum
1278 746 1587 802 liesionibus
1643 747 1891 802 inveniri.

289 839 385 895 Sic
415 840 579 907 agite,
618 848 676 893 ut
704 854 826 893 cum
872 837 1078 907 justitia
1108 840 1335 908 probata
1382 838 1658 907 qmeritur,
1719 852 1893 891 annus

296 940 475 986 vester
495 931 674 986 brevis
694 946 814 986 esse
836 930 1079 985 videatur
1095 942 1140 984 κ.
1168 929 1411 986 llonores
1432 931 1613 1001 potius
1631 929 1786 984 vobis
1808 928 1892 982 of-

289 1021 554 1076 ferantur.
597 1021 986 1077 Necessitatem
1016 1023 1215 1094 quippe
1242 1024 1476 1077 ambitus
1524 1022 1794 1088 amittitis,
1845 1022 1891 1079 si

289 1113 707 1183 provincialium
742 1115 897 1168 vobis
920 1124 1043 1170 vota
1068 1116 1307 1170 societis.
1346 1115 1533 1171 Nullos
1591 1125 1893 1170 vestrorum

288 1213 512 1258 actuum
542 1204 769 1260 facimus
798 1220 918 1261 esse
946 1205 1232 1273 custodes;
1257 1222 1357 1261 nec
1379 1207 1479 1261 sub
1508 1207 1720 1276 privato
1750 1206 1894 1261 arbi-

289 1298 398 1350 trio
430 1296 703 1365 ingenium
730 1297 926 1366 judicis
949 1297 1267 1354 inclinamus
1301 1316 1314 1351 :
1344 1298 1439 1354 sed
1463 1299 1643 1353 omnia
1692 1298 1772 1353 sic
1800 1312 1894 1366 ge-

293 1390 421 1454 rite,
456 1407 522 1443 ne
550 1389 643 1442 ﬁat
670 1390 1033 1444 necessarium
1076 1391 1219 1459 quod
1271 1406 1415 1445 nunc
1455 1387 1726 1447 credimus
1774 1405 1894 1445 esse

294 1480 683 1549 turpissimum.
710 1478 885 1536 lnstar
915 1490 1113 1536 nostra:
1137 1482 1323 1551 geritis
1372 1482 1665 1551 dignitatis,
1720 1481 1767 1535 si
1795 1497 1893 1537 vos

1997 294 2145 368 ducit
2166 294 2476 351 dulcissima
2496 297 2755 367 qualitate
2801 297 3089 365 conditas;
3144 315 3374 369 quarum
3429 314 3586 375 pastu

1997 402 2286 442 vaccarum
2318 388 2473 443 turba
2504 389 2767 459 saginata,
2799 390 2882 444 lac
2932 398 3080 444 tanta
3111 392 3427 450 salubritate
3454 410 3588 453 cou-

1997 478 2142 544 ﬁcit,
2168 486 2229 533 ut
2252 480 2447 547 quibus
2476 481 2807 536 medicorum
2829 486 2911 534 tot
2938 480 3161 535 consilia
3190 483 3440 539 nesciunt
3464 500 3589 554 pro-

1997 567 2177 637 desse,
2207 569 2357 626 solus
2377 570 2622 626 videatur
2640 579 2801 640 potus
2842 571 2932 625 ille
2980 578 3236 647 prtestare
3293 590 3308 625 :
3358 574 3589 633 reddens

1997 660 2224 729 pristino
2251 660 2425 714 ordini
2464 661 2759 716 resolutam
2811 661 3150 731 passionibus
3195 662 3303 717 vim
3355 673 3581 720 naturzn.

1997 750 2191 821 Replet
2219 752 2461 807 membra
2490 753 2893 815 vacuata,vires
2916 751 3105 808 effetas
3134 755 3496 823 instaurat;et
3515 756 3590 813 fo-

1996 850 2179 897 mento
2204 842 2437 911 quodam
2460 842 2744 913 reparabili
2771 843 2928 912 :egris
2955 843 3029 897 ita
3079 844 3345 911 subvenit,
3392 860 3586 915 quem-

1996 930 2285 986 admodum
2338 947 2563 987 somuus
2596 932 2781 987 labore
2810 931 3062 1002 fatigatis.
3123 932 3252 989 limo
3278 935 3462 1004 itaque
3500 952 3588 989 ar-

1996 1031 2177 1078 menta
2207 1022 2260 1076 in
2292 1030 2399 1076 tam
2431 1022 2723 1077 abundanti
2747 1022 2945 1092 pabulo
2966 1024 3229 1078 exhausta
3253 1025 3453 1091 videre,
3485 1026 3587 1079 mi-

1996 1113 2235 1167 raculum
2267 1120 2350 1167 est
2374 1129 2388 1180 ;
2413 1122 2473 1166 ut
2499 1113 2694 1168 humor
2723 1113 2813 1168 ille
2834 1113 3038 1168 lacteus
3068 1129 3174 1168 non
3205 1123 3423 1184 pnestet
3471 1117 3582 1171 oria

1996 1207 2105 1275 gini
2135 1222 2264 1272 sum,
2296 1206 2385 1275 qui
2410 1221 2639 1275 corpora
2663 1206 2970 1260 mortalium
3001 1207 3259 1277 probatur
3301 1208 3426 1263 liesa
3455 1208 3583 1263 reﬁ-

1997 1313 2157 1364 cere;
2190 1298 2434 1366 miroque
2461 1297 2622 1352 modo
2651 1297 2833 1351 herbis
2860 1297 3110 1351 animalia
3140 1313 3247 1352 non
3276 1298 3585 1368 proﬁciunt,

2002 1389 2148 1442 unde
2170 1388 2447 1443 hominum
2478 1388 2720 1442 membra
2742 1388 3117 1457 pinguescunt.
3168 1386 3343 1443 Exiies
3367 1404 3463 1459 per
3487 1390 3586 1445 duo

1996 1478 2146 1535 meta
2165 1481 2472 1534 discurrunt
2500 1480 2784 1546 montium,
2818 1487 3008 1534 tenues
3027 1480 3293 1546 videntur,
3320 1491 3395 1544 et,
3421 1481 3587 1536 instar

298 1571 643 1627 conscientia:
672 1574 908 1642 puritate
932 1576 1193 1630 tractetis.
1225 1574 1453 1631 Obviate
1500 1576 1677 1644 malis,
1709 1575 1889 1631 fovete
1922 1590 1966 1648 B
1994 1572 2111 1641 ejus
2139 1573 2228 1627 cui
2259 1572 2573 1639 medentur,
2628 1571 2897 1627 sustinent
2924 1571 3209 1640 passionis.
3246 1571 3354 1627 Lac
3406 1580 3587 1628 autem

314 1663 648 1720 nihilominus
672 1665 1008 1721 innocentes.
1040 1666 1096 1721 Si
1129 1668 1248 1738 quis
1279 1676 1461 1723 tamen
1513 1675 1597 1723 est
1622 1668 1711 1737 qui
1764 1683 1897 1723 ausu

305 1755 585 1810 .emerario
613 1765 800 1811 contra
823 1765 1037 1812 vestros
1075 1757 1249 1814 fasces
1292 1759 1549 1826 erigatur,
1574 1774 1673 1814 nec
1722 1759 1898 1829 possi-

304 1845 365 1899 .is
389 1861 646 1902 exercere
671 1847 816 1915 quod
842 1847 1046 1915 justum
1089 1858 1191 1913 est,
1250 1857 1345 1903 aut
1398 1850 1687 1920 petitorem
1735 1850 1899 1920 proti-

304 1950 406 1988 nus
434 1950 558 1989 cum
585 1943 764 1990 vestra
792 1935 1055 1990 relatione
1083 1937 1460 2003 transmittite,
1495 1945 1607 2005 aut,
1668 1938 1714 1992 si
1768 1939 1896 1993 viri—

318 2038 399 2076 »us
429 2023 532 2096 [ed.
594 2025 715 2089 Λα,
754 2023 986 2096 juribns]
1014 2026 1278 2081 deseritur
1304 2027 1576 2097 veniendi,
1619 2030 1893 2096 negotium

300 2113 565 2168 destinata
590 2116 857 2171 relatione
872 2115 1195 2183 declaretur,
1225 2117 1440 2186 quando
1479 2127 1534 2173 et
1583 2121 1894 2173 evectianes

291 2205 535 2274 publicas
559 2188 866 2277 aceepistis‘,
893 2216 948 2262 et
984 2208 1139 2262 nobis
1160 2217 1372 2277 gratum
1403 2206 1463 2261 ﬁt
1502 2207 1689 2263 audire
1718 2208 1784 2264 de
1815 2218 1895 2263 ta-

290 2296 453 2351 libus.
479 2297 653 2366 Atque
680 2297 803 2353 ideo
817 2298 971 2353 vobis
990 2300 1155 2354 totius
1171 2299 1540 2354 excusationis
1562 2314 1723 2354 causa
1774 2300 1897 2353 sub-

290 2396 444 2443 mota
500 2398 601 2455 est,
627 2392 846 2459 quando
870 2397 963 2444 aut
985 2405 1082 2460 per
1119 2389 1433 2458 dignitatem
1463 2399 1695 2444 vestram
1734 2399 1891 2460 pote-

292 2481 399 2536 stis
419 2490 564 2536 recta
592 2496 808 2551 gerere,
833 2490 926 2536 aut
947 2489 1097 2537 certe
1121 2482 1277 2537 nobis
1302 2496 1422 2551 qua:
1445 2489 1569 2535 sunt
1590 2480 1890 2537 necessaria

297 2574 572 2628 nuntiare.

871 2706 1204 2764 EPISTOLA
1239 2706 1308 2761 Χ.

291 2810 471 2855 ΙΕΔΪΟ
491 2815 613 2853 Πηο
626 2814 954 2865 αιΑηιεειιο,
970 2816 1238 2855 CANCELLA
1250 2815 1359 2867 B10,
1380 2814 1626 2855 ΒΙΝΑΤΟΒ
1669 2813 1891 2853 PRAEFE-

852 2887 985 2927 (Ζτυὸ
1016 2885 1322 2926 Ρκλετοῐιιο.

278 2985 579 3057 Signiﬁcat
601 3002 771 3057 regem
799 2985 1113 3040 concessisse
1154 2982 1299 3038 Davo
1349 2984 1650 3055 facultatem
1687 2981 1893 3052 petendi

368 3055 667 3110 Lucterium
688 3067 912 3110 utentem
936 3056 1005 3108 ad
1054 3055 1331 3109 sanitatem
1383 3052 1813 3110 recuperandam.
1845 3061 1895 3105 ct

368 3063 667 3110 Lucterium
688 3067 912 3110 utentem
936 3063 1005 3108 ad
1054 3063 1331 3109 sanitatem
1383 3063 1813 3123 recuperandam,
1845 3068 1873 3105 c

365 3127 515 3198 jubet
536 3136 591 3179 ut
620 3128 667 3180 ei
696 3126 990 3180 necessaria
1018 3140 1228 3195 quisque
1277 3122 1582 3194 suppeditet.

368 3256 507 3310 Cum
528 3270 708 3311 rerum
736 3254 945 3319 domini
982 3252 1272 3309 clementia
1303 3251 1370 3306 de
1408 3250 1592 3305 famuli
1641 3250 1725 3307 sui
1764 3249 1896 3306 Davi

318 3346 449 3414 alii,
476 3342 666 3415 David]
713 3345 888 3400 salute
935 3344 1203 3412 cogitaret
1251 3340 1427 3412 (cujus
1481 3352 1666 3396 votum
1697 3351 1781 3398 est
1832 3342 1901 3398 de

349 3449 621 3491 auctorum
649 3436 911 3506 sospitate
939 3434 1154 3505 laetari),
1179 3434 1418 3490 remedia
1449 3432 1683 3489 Lactarii
1739 3449 1897 3489 mon-

325 3529 375 3580 Ls
401 3540 526 3579 eum
551 3524 712 3595 jussit
739 3533 996 3596 expetere
1019 3564 1034 3589 ,
1080 3534 1140 3580 ut
1164 3525 1251 3580 cui
1301 3525 1511 3581 medela
1565 3525 1796 3580 humana
1828 3525 1901 3581 nil

340 3613 538 3684 rofuit,
566 3615 765 3684 vulgati
786 3616 893 3671 loci
916 3614 1243 3672 beneﬁcium
1274 3616 1615 3683 subveniret;
1662 3616 1755 3687 qui
1783 3632 1902 3674 cre-

340 3720 401 3759 ra
427 3706 563 3761 tussi
590 3714 847 3762 retonans
874 3706 1070 3762 anhelo
1096 3715 1323 3777 pectore
1348 3708 1589 3763 membra
1620 3709 1859 3763 tenuavit
1887 3725 1900 3762 :

341 3813 436 3853 uta
466 3796 767 3853 ministeria
794 3807 1017 3865 naturae,
1043 3798 1205 3853 nimia
1226 3800 1585 3855 concussione
1606 3800 1903 3869 debilitata,

316 3894 537 3945 :irtutes
565 3906 690 3946 suas
716 3891 991 3961 explicare
1015 3901 1292 3960 nequeunt
1326 3892 1391 3945 ad
1434 3893 1683 3947 salutem.
1740 3892 1906 3949 Escas

316 3984 456 4038 .nim
482 3983 539 4038 in
567 3984 825 4039 auxilium
855 3984 1078 4040 humani
1108 3985 1352 4055 corporis
1392 3986 1744 4050 contributas,
1777 3986 1905 4040 dum

316 4119 329 4127 .
340 4085 437 4147 pte
467 4092 577 4131 non
606 4078 878 4146 transigit,
907 4076 1083 4133 reddit
1104 4076 1342 4131 inutiles.
1371 4077 1480 4132 Nec
1496 4076 1741 4131 interest
1787 4074 1908 4129 tali-

318 4182 411 4221 :us
436 4173 535 4221 aut
560 4182 776 4223 sumere
801 4167 1004 4236 cibum,
1062 4176 1158 4222 aut
1205 4166 1474 4222 sustinere
1508 4164 1792 4235 jejunium.
1849 4164 1907 4219 In

318 4257 425 4312 lies
451 4256 695 4326 singulos
715 4258 1018 4314 substantia
1048 4258 1169 4312 viva
1191 4257 1377 4313 deﬁcit
1402 4274 1418 4324 ;
1445 4266 1519 4321 et,
1553 4257 1697 4311 velut
1724 4257 1893 4313 rimo-

316 4363 433 4401 ,μω
482 4346 715 4416 dolium,
757 4349 1017 4418 paulatim
1056 4346 1319 4412 defluens,
1374 4346 1546 4402 donec
1595 4356 1903 4412 evacuetur,

302 4438 656 4509 cxpenditur.
725 4436 862 4494 Huic
915 4438 1263 4494 ferocissima:
1290 4437 1528 4507 passioni
1588 4436 1905 4491 beneficium

290 4530 517 4585 montis
546 4528 689 4584 illius
717 4527 909 4584 Divina
942 4530 1247 4586 tribuerunt
1277 4547 1290 4581 :
1316 4529 1406 4584 ubi
1429 4529 1571 4583 aeris
1620 4528 1907 4584 salubritas

388 4760 414 4787 ι
446 4748 583 4803 Vide
629 4746 935 4818 Apuleium,
989 4746 1082 4800 lib.
1115 4743 1422 4818 ttiFloridq
1469 4746 1557 4818 ubi
1610 4761 1909 4818 proconsu-

289 4825 421 4879 lcm
452 4817 648 4873 Africa:
672 4814 953 4886 alloquens
973 4817 1115 4886 inter
1138 4817 1242 4871 alia
1265 4816 1345 4870 sic
1380 4816 1568 4870 scribit
1612 4814 1631 4869 Ξ
1692 4814 1908 4870 Utinam

414 4898 581 4960 petua
603 4885 942 4960 liceret’frui!
974 4885 1112 4953 Quid
1138 4886 1294 4960 nobis
1321 4900 1444 4960 eum
1473 4886 1588 4940 istis
1611 4901 1910 4960 proconsu-

414 4906 581 4960 petua
603 4906 794 4942 111301⁸111
809 4906 942 4941 11⁵1111
974 4906 1112 4953 υωα
1138 4906 1294 4941 1101118
1321 4906 1444 4940 CIIII)
1473 4906 1588 4940 ISUS
1611 4906 1910 4955 pI'UCOIISIl-

286 4906 425 5018 Bactra
460 4958 708 5012 vicibus?
730 4955 870 5024 Quid
914 4972 1037 5012 eum
1067 4958 1221 5011 annis
1250 4955 1502 5011 brevibus
1550 4966 1606 5011 et
1652 4954 1910 5010 festinan-

288 5032 463 5085 tibus
485 5023 806 5083 mensibus?
834 5023 878 5079 Ο
907 5026 1110 5082 celeres
1134 5026 1409 5080 hominum
1434 5025 1581 5079 dies!
1630 5024 1675 5077 0
1721 5026 1908 5096 praesi-

283 5103 444 5157 dum
477 5099 808 5168 optimorum
836 5097 998 5168 citata
1026 5096 1292 5168 pericula!
1321 5095 1513 5150 Juner.

386 5169 415 5207 δ
447 5167 565 5239 Hoc
588 5183 770 5239 supra,
795 5168 847 5220 in
872 5167 1095 5239 formula
1116 5167 1488 5239 defetisoris‘et
1507 5168 1772 5239 curatoris
1800 5167 1909 5239 rei-

344 5239 494 5303 ub|.,
519 5238 613 5292 lib.
642 5234 716 5301 vi,
748 5237 905 5290 form.
936 5235 1035 5303 t8;
1064 5245 1119 5290 et
1146 5236 1235 5289 lib.
1292 5252 1384 5303 vu,
1412 5234 1569 5289 form.
1622 5235 1681 5289 11
1735 5246 1789 5292 et
1820 5237 1903 5290 l2.

344 5260 494 5303 υυ1.,
522 5260 613 5292 111).
643 5260 716 5301 Vl,
749 5260 905 5290 101⁷111.
937 5260 1035 5303 ιοῇ
1064 5260 1119 5290 «τι
1147 5260 1235 5289 IIU.
1294 5260 1384 5303 1⁷11,
1412 5260 1569 5289 ιυΙΊΙΙ.
1623 5260 1681 5289 ll
1735 5260 1789 5292 Cl
1820 5260 1903 5290 ιζ.

286 5260 500 5367 Bretia
520 5309 666 5371 justa
696 5308 858 5361 rebus
899 5307 1175 5361 venalibus
1203 5313 1529 5370 statuantur,
1561 5307 1757 5360 novell.
1787 5305 1905 5371 112,

280 5400 329 5438 c
360 5381 486 5433 lict.
517 5375 571 5441 ϐ,
602 5375 1119 5444 Justiniani;supra,
1169 5376 1260 5430 lib.
1306 5391 1380 5440 ix,
1433 5378 1591 5443 epist.
1650 5375 1699 5438 5,
1752 5393 1801 5430 c.
1854 5377 1905 5437 1.

283 5460 478 5509 extra
500 5449 569 5503 de
595 5456 762 5515 empt.
787 5456 845 5501 et
871 5447 1067 5517 vend.;
1099 5444 1376 5517 Cedrenus
1398 5446 1449 5500 in
1481 5445 1793 5517 Theophilo
1812 5447 1913 5500 im-

284 5527 617 5596 peratore;
650 5518 957 5596 Athenmus,
989 5515 1081 5596 lib.
1108 5515 1710 5596 vt_DipuosOphist.,_'_c.
1770 5515 1824 5585 2,
1845 5517 1912 5596 de

288 5586 557 5666 piscium
602 5587 968 5650 venditorib.;
1017 5586 1393 5658 Moschopulus
1426 5586 1495 5646 iet
1544 5586 1732 5643 Suidas
1762 5627 1776 5653 ,
1859 5587 1912 5642 in

1939 4316 1987 4376 D

2000 1673 2108 1716 tam
2130 1663 2349 1732 pingue,
2382 1671 2440 1717 ut
2462 1662 2665 1716 haereat
2684 1661 2883 1730 digitis,
2907 1677 3030 1715 cum
3055 1663 3383 1732 exprimatur
3412 1662 3465 1717 in
3496 1679 3588 1717 va-

2000 1756 2091 1809 sis.
2122 1754 2236 1821 Qua
2265 1755 2332 1809 de
2352 1769 2413 1808 re
2439 1768 2683 1809 annonas
2736 1752 3022 1821 deputatas
3075 1753 3589 1823 subventionemquo

1999 1847 2359 1902 necessariam
2387 1846 2624 1915 praebete
2644 1844 2880 1899 venienti
2912 1860 2927 1909 ;
2957 1851 3014 1897 ut
3041 1844 3095 1897 in
3126 1845 3435 1914 supradicto
3466 1847 3588 1902 loco

1997 1936 2283 1991 salubriter
2304 1944 2506 2005 pastus,
2532 1932 2725 1989 eodem
2748 1932 3004 1986 alimento
3027 1942 3308 2001 reparetur
3331 1933 3448 2003 ejus
3497 1934 3588 2004 ju-

1997 2036 2213 2095 ventus,
2242 2041 2352 2095 quo
2381 2025 2616 2080 nutritur
2639 2023 2881 2078 infantia.
2909 2020 3229 2091 Consurgite
3277 2025 3442 2078 animi
3494 2026 3587 2080 tali

1999 2119 2253 2189 passione
2283 2118 2663 2173 laborantium.
2690 2114 2809 2170 1am
2839 2130 2947 2170 non
2974 2129 3158 2170 amaro
3185 2115 3432 2170 antidoto
3460 2116 3588 2170 hor-

1996 2208 2186 2264 rebitis
2218 2207 2586 2264 dulcissimam
2634 2208 2822 2261 vitam.
2863 2205 3199 2276 Voluptuose
3247 2206 3415 2262 bibite
3465 2221 3587 2276 qua:

1995 2300 2351 2357 saluberrima
2378 2299 2644 2356 sentiatis.
2674 2297 2969 2354 Felicitatis
3015 2310 3184 2367 genus
3212 2306 3313 2363 est,
3344 2297 3469 2354 inde
3492 2313 3581 2353 cu-

1999 2394 2129 2459 rari,
2155 2393 2297 2449 unde
2324 2393 2498 2448 libens
2517 2392 2698 2447 animo
2724 2406 2869 2461 aeger
2893 2392 3064 2462 possit
3090 2391 3315 2447 expleri.

2736 2520 2824 2575 XI.

2138 2649 2370 2692 EDICTUM
2398 2652 2465 2691 D8
2496 2651 2700 2690 PBETHS
2727 2648 3106 2693 CUSTODIENDIS
3145 2652 3420 2693 ΠΔῩΕΝΝΕ.

1999 2748 2244 2804 Declarat
2272 2766 2327 2803 se
2355 2750 2614 2819 speciebus
2643 2750 2810 2819 pretia
2835 2750 3033 2819 ﬁxisse,
3085 2757 3280 2803 statuta
3299 2751 3456 2807 edicti
3481 2756 3586 2808 υἱοη

2208 2820 2459 2874 latoribus
2480 2820 2782 2890 pecuniaria
2834 2835 3140 2890 corporeave
3158 2836 3331 2891 pecua.

1926 2963 1972 3026 ο
2079 2930 2241 3000 180
2266 2929 2545 2984 Venalitas
2564 2928 2592 2968 δ
2618 2928 2928 2984 vietoalium
2948 2944 3128 2985 rerum
3150 2931 3410 3001 temporis
3435 2931 3584 3006 [Νἱν.

1999 3031 2050 3076 et
2079 3020 2201 3087 6a.,
2233 3018 2516 3092 emptoris]
2538 3020 2696 3076 debet
2724 3021 3004 3093 subjacere
3056 3021 3272 3090 rationi,
3304 3030 3363 3078 ut
3412 3037 3594 3096 neque

1997 3113 2052 3169 in
2081 3112 2291 3169 vilitate
2319 3116 2537 3180 caritas,
2566 3128 2667 3169 nec
2714 3114 2766 3168 iu
2813 3114 3038 3168 caritate
3066 3113 3245 3170 vilitas
3272 3124 3587 3186 expetatur;

1996 3204 2091 3260 sed
2120 3204 2428 3274 aequalitate
2458 3218 2745 3273 perpensa,
2774 3211 2831 3259 et
2877 3220 3119 3259 murmur
3160 3207 3485 3275 ementibus,
3534 3215 3589 3263 et

1998 3306 2292 3365 gravamen
2321 3296 2562 3367 querulis
2616 3296 3043 3365 negotiatoribus
3089 3297 3385 3353 auferatur.
3415 3299 3590 3369 Atque

1998 3389 2121 3444 ideo
2150 3388 2424 3443 trutinatis
2442 3388 2710 3453 omnibus,
2742 3396 2798 3442 et
2823 3386 2892 3442 ad
2935 3386 3197 3457 liquidum
3234 3389 3591 3447 calculatione

2001 3483 2249 3548 collecta,
2273 3481 2606 3537 diversarum
2635 3482 2936 3552 specierum
2967 3481 3137 3551 pretia
3177 3483 3363 3539 subter
3416 3483 3591 3539 afﬁxi-

2003 3590 2124 3631 mus
2150 3614 2165 3639 ,
2191 3583 2253 3629 ut
2280 3575 2425 3630 omni
2456 3572 2806 3643 ambiguitate
2835 3573 3103 3639 submota,
3133 3573 3479 3631 deﬁnitarum
3504 3591 3592 3632 re-

2003 3682 2122 3722 rum
2144 3666 2342 3722 debeat
2368 3681 2587 3720 manere
2612 3665 2876 3721 custodia.
2901 3664 2958 3720 Si
2987 3666 3109 3735 quis
3141 3675 3321 3721 autem
3351 3666 3592 3722 venden—

2008 3758 2142 3812 tium
2176 3773 2283 3812 nou
2313 3748 2610 3812 servaverit
2629 3771 2749 3825 quae
2779 3756 3063 3826 prieseutis
3091 3751 3251 3811 edicti
3301 3763 3458 3811 tenor
3475 3756 3593 3812 elo-

2006 3848 2211 3918 quitur,
2239 3862 2337 3917 per
2355 3846 2593 3916 singulos
2622 3860 2878 3901 excessus
2902 3861 2997 3901 sex
3027 3846 3324 3902 solidorum
3338 3846 3594 3904 muletam

2008 3937 2734 4006 ase'noveritexigendam,
2792 3946 2847 3993 et
2898 3938 3156 3994 fustuario
3208 3954 3367 4009 posse
3416 3939 3595 4009 subja-

2008 4044 2132 4085 cere
2154 4029 2413 4099 supplicio
2445 4040 2467 4067 ε
2492 4045 2508 4093 ;
2536 4037 2800 4097 quatenus
2829 4045 2952 4086 eum
2978 4040 3035 4086 et
3061 4030 3240 4086 damni
3268 4038 3445 4088 metus
3491 4042 3595 4089 ter.

2011 4130 2148 4187 reat,
2179 4128 2234 4175 et
2260 4118 2513 4190 prmdicta
2544 4134 2701 4191 postia
2725 4122 3075 4178 vehementer
3096 4121 3317 4192 afﬂigat.

2786 4273 2898 4330 XII.

2294 4376 2525 4421 EDXCTUM
2550 4383 2849 4421 1³111⁵11⁵1υῆοΜ
2874 4383 2973 4422 PER
3002 4383 3310 4426 FLAHINIAI.

2014 4456 2212 4514 Statuit
2237 4466 2291 4510 ut
2321 4458 2383 4510 ab
2415 4456 2699 4528 lospitibus
2726 4460 3004 4529 exigantur
3053 4469 3253 4514 tantum
3299 4463 3466 4529 pretia
3510 4480 3591 4529 per

2083 4480 2211 4511 αιιιιι
2237 4480 2291 4510 lu
2321 4480 2383 4510 (10
2415 4480 2429 4508 Ι
2452 4480 2699 4528 οδριιιυιιδ
2726 4480 3004 4529 exigantur
3053 4480 3253 4514 tantum
3337 4480 3466 4517 reita
3544 4480 3591 4517 ιι

2083 4530 2296 4582 militent
2319 4544 2486 4592 suum,
2510 4530 2640 4582 cives
2661 4537 2707 4582 et
2730 4530 3022 4601 episc0pum
3064 4531 3163 4585 loci
3208 4480 3444 4602 deﬁetita.
3495 4480 3595 4598 sui

2019 4749 2365 4821 Σιτοφύλακες.
2399 4748 2564 4804 Fonx.

2029 4890 2041 4892 _
2093 4832 2115 4858 ο
2148 4818 2318 4892 llujus
2348 4818 2642 4892 mentiogin‘
2665 4816 2787 4892 jure
2836 4819 3073 4892 (δι-ςξὶῃτρ,Δ
3104 4818 3246 4892 1.7,
3287 4820 3599 4892 S_accularii,

2020 4890 2134 4953 ﬁn.,
2167 4888 2232 4943 de
2255 4898 2391 4969 extr.
2416 4888 2711 4969 criminib.,
2743 4888 2956 4969 iove“;
2973 4888 3287 4969 blajgriani;
3320 4888 3599 4969 Papinia".

2017 4975 2291 5031 respons.,
2315 4960 2401 5031 tit.
2426 4959 2514 5023 11,
2534 4968 2597 5031 et
2626 4958 2803 5031 tit._2|
2832 4960 2902 5025 ;l.
2925 4956 2963 5031 5
2985 4956 3413 5031 C.:Tlieod.,gde'
3436 4966 3601 5031 episc.

2018 5038 2073 5084 et
2095 5027 2251 5094 clem;
2281 5030 2493 5095 l’aulus,
2532 5030 2625 5083 lib.
2656 5046 2689 5082 v
2719 5027 2894 5091 Sent.,
2929 5030 3011 5082 tit.
3042 5027 3096 5087 4.
3124 5038 3180 5083 et
3204 5027 3375 5084 tit.'21
3400 5049 3415 5097 ;
3438 5027 3493 5088 ei
3519 5050 3602 5088 su.

2021 5116 2135 5172 pra,
2166 5098 2366 5172 ΙῇὺζιχἈ
2390 5101 2547 5172 epist.
2570 5097 2636 5172 25
2662 5098 2751 5172 lib.
2770 5114 2839 5172 tv,
2861 5098 3019 5172 epist.
3046 5098 3112 5152 10
3138 5116 3152 5165 ;
3187 5100 3278 5154 lib.
3306 5118 3418 5165 vui,
3443 5104 3603 5172 epist.

2021 5164 2119 5222 ult.
2143 5185 2156 5233 ;
2184 5168 2220 5221 1.
2251 5166 2305 5231 2,
2334 5164 2559 5252 tit._'ult‘.,
2688 5164 2791 5230 Qui
2818 5164 3093 5252 adfccles.
3140 5164 3359 5252 iconlug.
3390 5164 3604 5252 ;Adria.

2015 5255 2115 5293 nus
2137 5253 2272 5307 papa
2295 5239 2435 5309 apud
2495 5236 2813 5309 Gratianum
2845 5255 2856 5289 :
2892 5237 2994 5303 Qui
3027 5239 3077 5292 in
3109 5236 3332 5309 alterius
3384 5242 3602 5309 famam,

2015 5309 2204 5378 inquit,
2236 5308 2466 5377 publice,
2502 5307 2827 5377 scripturam
2869 5316 2962 5362 aut
3006 5308 3173 5363 verba
3215 5307 3605 5369 contumeliosa

2015 5377 2355 5447 conﬁnxerit,
2396 5375 2717 5447 ﬂagelletur,
2748 5392 2869 5431 ean.
2909 5377 2957 5439 1.
2991 5375 3043 5441 5,
3068 5392 3123 5447 q.
3160 5379 3211 5434 1.
3261 5379 3509 5437 Reuovat
3535 5381 3609 5437 le-

2400 5416 2717 5446 ....,,-.......,
2748 5416 2869 5431 η...
2914 5416 2957 5439 ..
2991 5416 3043 5441 ν,
3068 5416 3123 5447 ιι.
3165 5416 3211 5434 ..
3261 5416 3509 5437 ..συν-α.
3535 5416 3609 5437 ..π

2016 5463 2135 5518 gem
2164 5446 2416 5518 xnr'l‘ab.,
2440 5462 2561 5518 qua;
2583 5445 2773 5502 famosi
2806 5447 2972 5518 libelli
3019 5457 3297 5506 auctorem
3348 5450 3610 5507 fustuario

2018 5515 2194 5592 puniri
2233 5515 2478 5587 jubebat.
2522 5515 2750 5573 Cornut.
2788 5518 2842 5574 in
2871 5515 3046 5574 Persii
3074 5529 3242 5593 satyr.
3286 5520 3338 5577 1.
3370 5521 3607 5579 Ὲομιιεειι.
