3990 6170
297 102 400 162 8-H

1557 93 1925 161 VARIARUM
1970 103 2168 159 LIBER
2211 105 2295 159 XI.

3468 120 3575 177 84'].

292 232 518 276 coronae
553 215 787 287 speciem
827 216 1161 272 excelsorum
1203 217 1464 272 montium
1513 217 1884 288 pulcherrinm
1914 224 1957 278 Λ
1990 217 2203 286 pietatis
2251 216 2571 300 stipendium
2624 221 2906 288 tributarii,
2949 231 3004 281 et
3048 227 3387 286 dominorum
3429 236 3574 291 ωειι-

294 311 636 372 summitates
669 328 682 362 :
713 309 864 378 cujus
903 323 996 364 ora
1033 309 1408 378 praetoriorum
1453 309 1740 364 luminibus
1786 309 1886 362 de-

298 413 486 460 center
514 409 726 468 ornata,
759 400 914 471 quasi
943 401 1178 470 quodam
1207 401 1420 470 cingulo
1451 399 1700 455 Palladia:
1737 400 1885 454 silvae

299 493 574 565 perpetuis
604 493 962 546 viriditatibus
1003 492 1330 548 ambiuntur.
1364 492 1536 562 Super
1563 491 1704 546 lnmc
1745 491 1889 545 fron-

299 587 448 642 dosa:
491 585 664 640 vinea:
715 585 856 639 latus
911 584 1109 638 montis
1153 583 1466 639 ascendunt.
1513 583 1662 653 Apex
1709 591 1888 636 autem

297 676 435 748 ipse,
464 675 616 746 quasi
637 674 955 744 quibusdam
977 675 1201 744 capillis,
1231 683 1602 730 castanearum
1624 674 1892 728 densitate

297 767 586 837 crispatus,
620 771 848 820 ornante
879 771 1088 830 natura,
1122 763 1442 834 depingitur.
1495 763 1632 818 Hinc
1673 764 1770 818 rivi
1807 765 1892 818 ni-

295 870 404 912 veo
431 855 668 912 candore
695 857 1002 914 relucentes
1031 859 1083 912 in
1111 873 1290 913 aream
1321 858 1422 914 laci
1453 858 1733 914 altitudine
1763 873 1893 928 pra:-

297 943 562 1014 cipitante
599 945 952 1000 descendunt.
1000 944 1168 1016 Hujus
1210 947 1416 1003 sinibus
1453 947 1519 1001 ab
1561 947 1758 1002 Austro
1797 961 1890 1000 ve-

301 1036 458 1092 niens
488 1035 677 1092 Addua
731 1047 756 1074 ει
816 1035 1008 1093 ﬂuvius
1064 1035 1303 1095 faucibus
1352 1040 1551 1109 apertis
1604 1040 1888 1110 excipitur.

299 1123 403 1192 Qui
442 1125 562 1180 ideo
604 1125 712 1182 tale
759 1143 954 1184 nomen
987 1130 1213 1200 accepit,
1245 1130 1389 1200 quia,
1417 1129 1625 1185 duobus
1655 1130 1893 1186 fontibus

295 1216 616 1286 acquisitus,
651 1218 802 1286 quasi
841 1218 896 1273 in
928 1221 1206 1290 proprium
1247 1236 1396 1276 mare
1436 1221 1767 1288 devolvitur;
1802 1224 1891 1292 qui

295 1313 457 1359 tanto
488 1305 690 1376 impetu
719 1308 1004 1364 vastissimi
1033 1310 1264 1379 :equoris
1287 1310 1456 1366 undas
1479 1312 1680 1380 incidit,
1705 1321 1761 1366 ut
1791 1330 1890 1367 no-

296 1409 427 1449 men
459 1396 699 1451 retinens
727 1406 781 1451 et
811 1398 1048 1453 colorem
1090 1399 1143 1453 in
1185 1399 1618 1470 Septentrionem
1646 1403 1894 1458 obesiore

293 1487 440 1542 alvei
483 1497 673 1544 ventre
712 1499 1017 1559 generetur.
1055 1491 1217 1548 Putes
1252 1493 1540 1562 quamdam
1580 1495 1776 1552 lineam
1807 1495 1891 1550 fu-

297 1578 536 1634 sciorem
569 1579 622 1634 in
653 1581 808 1650 aquis
847 1581 1152 1639 albentibus
1181 1598 1300 1640 esse
1326 1584 1684 1654 descriptam;
1719 1587 1886 1641 miro-
1920 1597 1966 1656 Β

289 1684 410 1739 que
437 1670 601 1727 modo
632 1670 904 1730 inﬂuentis
925 1673 1166 1731 discolor
1188 1685 1376 1730 natura
1399 1678 1748 1747 conspicitur,
1770 1692 1889 1747 qua:

293 1761 514 1816 misceri
558 1777 718 1832 posse
745 1763 903 1818 simili
945 1764 1155 1834 liquore
1183 1766 1429 1822 sentitur.
1461 1765 1576 1823 Hoc
1604 1776 1659 1822 et
1689 1767 1742 1822 in
1771 1783 1888 1822 ma-

291 1852 433 1908 rinis
457 1854 672 1924 quidem
703 1854 952 1912 ﬂuctibus
981 1854 1265 1913 ﬂuviorum
1300 1859 1647 1915 inundatione
1674 1861 1885 1915 contin-

289 1945 376 2014 git
415 1961 430 1999 :
473 1945 568 2000 sed
614 1947 754 2002 ratio
803 1948 917 2017 ipsa
963 1948 1248 2018 vulgariter
1293 1958 1471 2020 patet,
1517 1959 1576 2006 ut
1624 1958 1889 2008 torrentes

292 2039 605 2111 praecipites
653 2041 843 2098 limosa
885 2042 1015 2098 faece
1062 2045 1323 2114 corrupti,
1353 2045 1524 2100 vitreo
1552 2045 1659 2100 sint
1685 2047 1889 2114 aequori

293 2128 618 2187 discolores.
672 2132 787 2188 Hoc
835 2141 1014 2189 autem
1051 2134 1175 2204 jure
1220 2136 1496 2206 putabitur
1539 2135 1885 2207 stupendum,

291 2221 441 2290 quod
465 2222 641 2278 simile
666 2224 827 2278 tantis
849 2225 1194 2293 qualitatibus
1215 2225 1539 2281 elementum
1561 2241 1659 2296 per
1678 2226 1884 2296 pigrum

289 2317 546 2379 stagnum
577 2311 759 2366 videas
801 2312 882 2366 ire
910 2313 1271 2379 celerrimum,
1301 2323 1360 2368 ut
1386 2328 1598 2368 amnem
1627 2328 1727 2384 per
1753 2312 1884 2370 soli-

289 2398 396 2454 dos
443 2415 668 2471 campos
715 2409 872 2471 putes
919 2401 1230 2470 decurrere,
1279 2418 1438 2472 quem
1485 2417 1544 2457 se
1591 2403 1886 2472 peregrinis

290 2490 455 2546 undis
483 2508 590 2546 non
621 2493 806 2548 videas
836 2493 1021 2548 colore
1065 2509 1224 2564 posse
1270 2494 1516 2549 miscere.
1545 2492 1886 2564 Quapropter

287 2583 487 2639 incolis
515 2583 705 2638 barum
745 2600 926 2639 rerum
964 2583 1087 2654 jure
1128 2585 1383 2654 parcitur,
1415 2585 1629 2655 quando
1671 2600 1884 2640 amoma

287 2674 478 2728 omnia
509 2675 735 2730 delicata
779 2685 904 2730 sunt
931 2675 998 2729 ad
1033 2675 1264 2741 labores,
1297 2685 1352 2730 et
1391 2673 1546 2732 facile
1585 2691 1721 2731 onus
1749 2677 1886 2730 aﬂli—

287 2766 492 2821 ctiouis
530 2768 794 2836 sentiunt,
820 2768 911 2836 qui
947 2767 1023 2821 uti
1066 2769 1320 2824 suavibus
1359 2768 1562 2824 deliciis
1589 2785 1884 2824 consueve-

286 2866 440 2910 runt.
468 2855 738 2913 Fruantur
759 2871 889 2926 ergo
918 2874 1138 2914 munere
1161 2858 1328 2929 regali
1357 2868 1640 2930 perpetuo,
1665 2868 1724 2914 ut
1745 2860 1882 2915 sicut

285 2948 530 3016 gaudent
555 2949 748 3002 nativis
776 2950 968 3018 epulis,
998 2950 1067 3002 ita
1097 2965 1192 3004 eos
1220 2950 1492 3005 exsultare
1521 2951 1679 3005 faciat
1706 2950 1878 3004 muni-
1905 2983 1953 3047 ϐ

287 3039 510 3093 licentia
541 3040 870 3110 principalis.

843 3149 1180 3207 EPISTULA
1215 3149 1328 3205 XV.

476 3280 746 3320 LlGl'RIBUS
773 3280 1014 3321 SENATOR
1045 3277 1362 3320 ιηιμεηατυε
1400 3278 1698 3318 ΡΒΕΤΟΒΙΟ.

283 3352 497 3409 Notum
528 3357 652 3423 facit
681 3367 1082 3426 regemrcentunt
1115 3355 1274 3409 libras
1305 3354 1416 3407 auri
1445 3354 1514 3407 ad
1551 3353 1880 3426 necessitates

365 3441 541 3478 eorum
585 3423 924 3478 sublerandas
966 3428 1296 3489 concessisse,
1339 3433 1390 3478 et
1435 3433 1490 3476 ut
1536 3425 1647 3494 regi
1683 3423 1879 3494 gratias

366 3500 600 3565 referant
628 3496 885 3550 hortatur.

368 3583 571 3652 Regale
618 3600 810 3639 munus
859 3587 1201 3655 impetratum
1251 3584 1502 3654 gaudium
1547 3582 1709 3639 debet
1762 3598 1882 3638 esse

280 3683 638 3740 cunctorum,
670 3684 727 3728 ut
754 3677 1059 3745 provocetis
1097 3674 1164 3729 ad
1207 3677 1451 3740 meliora,
1485 3690 1608 3730 cum
1635 3675 1703 3730 de
1729 3673 1883 3730 nobis

279 3782 560 3824 concessa
608 3769 963 3838 probaveritis
1007 3783 1126 3824 esse
1155 3769 1475 3836 gratissima.
1523 3767 1655 3822 Nam
1680 3767 1726 3823 si
1755 3768 1883 3823 sub-

285 3858 486 3914 venire
513 3873 728 3929 semper
755 3861 984 3914 amantis
1011 3868 1111 3924 est,
1145 3859 1443 3930 cujusmodi
1468 3875 1565 3915 vos
1588 3859 1883 3914 aestimatos

287 3950 617 4020 intelligitis,
643 3966 780 4020 quos
809 3952 1078 4008 relevatos
1124 3967 1245 4008 esse
1289 3953 1533 4008 sentitis?
1562 3951 1669 4007 Sed
1698 3967 1766 4006 ne
1793 3966 1884 4006 ve-

283 4052 466 4097 stram
530 4042 770 4096 laztitiam
827 4042 1000 4114 longis
1053 4043 1523 4114 pnelocutionibus
1576 4042 1884 4098 differamus

286 4134 449 4203 (quia
479 4134 744 4188 bonarum
775 4151 951 4189 rerum
981 4135 1259 4190 celerrima
1298 4150 1510 4204 semper
1549 4134 1885 4189 desideratur

277 4226 937 4294 agnitio),gloriosissimi
967 4227 1188 4292 domini,
1211 4227 1418 4283 devota:
1450 4226 1673 4296 Ligurizc
1701 4242 1883 4283 neces-

273 4317 540 4372 sitatibus
568 4317 931 4383 consulentes,
973 4327 1188 4372 centum
1231 4318 1393 4372 libras
1437 4318 1552 4371 auri
1597 4333 1690 4388 per
1730 4317 1874 4370 illum

273 4417 454 4477 atque
486 4407 636 4462 illum
666 4410 731 4462 de
758 4409 1006 4465 cubiculo
1044 4424 1163 4473 suo,
1203 4410 1402 4479 pietate
1435 4409 1616 4475 solita,
1647 4408 1880 4461 destina-

272 4509 518 4563 verunt;
545 4508 601 4552 ut
625 4498 828 4568 judicio
853 4509 1056 4566 vestro,
1082 4501 1274 4570 quibus
1295 4510 1376 4555 est
1398 4515 1556 4555 causa
1579 4501 1876 4565 notissima,

271 4598 438 4645 tanta
471 4591 838 4662 unusquisque
887 4592 1046 4660 hujus
1083 4592 1318 4646 muneris
1348 4593 1757 4662 participatione
1787 4593 1878 4646 lie-

268 4689 456 4746 tetur,
489 4692 693 4750 quanta
723 4685 1040 4739 necessitate
1069 4693 1318 4752 gravatus
1347 4700 1466 4740 esse
1495 4685 1838 4752 cognoscitur
1865 4704 1877 4737 :

260 4788 350 4831 ne
385 4773 536 4843 quod
567 4773 779 4830 afﬂictis
809 4776 991 4834 datum
1033 4786 1116 4833 est
1158 4785 1379 4848 usurpet
1419 4778 1634 4846 illzesns,
1675 4779 1768 4833 sed
1810 4780 1880 4832 illi

261 4864 559 4936 reparatis
586 4865 790 4922 viribus
831 4877 1177 4936 consurgant,
1210 4869 1298 4938 qui
1326 4868 1643 4923 damnorum
1673 4871 1886 4925 sarcina

267 4963 576 5026 premente
619 4965 956 5011 corruerant.
1009 4958 1250 5013 Astensis
1294 4967 1471 5012 autem
1518 4959 1725 5023 civitas,
1765 4974 1885 5028 qua:

262 5060 454 5114 supra
482 5055 706 5101 czcteras
732 5049 1037 5116 suggeritur
1066 5048 1366 5116 ingravata,
1403 5047 1765 5116 dispositionis
1797 5064 1887 5102 ve-

262 5145 414 5190 stra:
428 5135 637 5205 justitia
659 5139 894 5194 maxime
914 5140 1243 5202 sublevetur,
1269 5149 1324 5194 ut
1351 5139 1643 5194 secundum
1667 5139 1883 5195 modum

258 5224 558 5296 dispendii
605 5231 992 5286 commoditate
1035 5231 1280 5286 beneficii
1312 5231 1634 5301 perfruatur.
1677 5231 1887 5288 Sumite

354 5447 390 5477 ⁸
421 5437 640 5520 Fluvius
667 5454 759 5520 _est
804 5444 856 5497 in
883 5441 1231 5520 _Insubribus,
1263 5450 1350 5520 qui
1382 5465 1478 5519 per
1507 5449 1734 5503 medium
1766 5445 1871 5502 La-

257 5512 430 5585 ςξςιω
455 5509 640 5585 lacum
663 5512 853 5581 fertur,
881 5515 953 5569 ita
988 5526 1044 5570 ut
1079 5509 1230 5585 aqua;-
1262 5509 1868 5576 non'commisceautur.

259 5580 430 5641 Hinc
456 5578 784 5640 Claudianus
814 5602 827 5636 :

581 5687 854 5748 Pnnoc.
902 5687 1129 5750 LXIX.

1990 315 2134 360 male
2162 307 2521 372 clementiam,
2556 309 2644 376 qui
2684 311 2992 369 conditione
3018 325 3221 373 mutata
3251 318 3356 375 boc
3385 336 3481 378 vos
3509 325 3576 378 ab

1989 397 2181 452 :erario
2209 398 2400 453 videtis
2430 399 2692 470 accipere,
2735 402 2877 472 quod
2915 413 3314 466 consueveratis
3356 414 3574 470 inferre.

1991 487 2096 543 Sed
2137 500 2192 542 ut
2232 488 2484 545 beneﬁcia
2528 492 2864 549 dominorum
2909 498 3194 555 subtractis
3233 506 3578 563 exactionum

1993 579 2346 635 incommodis
2398 593 2712 648 augeantur,
2763 587 2991 642 celerius
3037 589 3228 647 relatio
3262 603 3438 650 vestra
3479 613 3578 654 nos

1993 668 2221 724 instruat
2251 670 2376 739 quid
2409 671 2690 743 unicuique
2731 675 2797 729 de
2835 674 2936 730 hac
2981 693 3188 734 summa
3227 683 3578 743 relaxandum

1993 778 2114 818 esse
2138 763 2406 832 judicctis,
2438 775 2494 819 ut
2525 776 2727 822 tantum
2761 768 2827 823 de
2857 771 3026 840 prima
3057 772 3293 831 illatione
3324 777 3580 838 faciamus

1993 856 2267 925 suspendi,
2299 867 2555 926 quantum
2583 859 2647 913 ad
2680 876 2776 914 nos
2806 863 2995 917 notitia
3025 864 3228 921 directa
3256 869 3575 938 vulgaverit.

1993 947 2334 1017 Quapropter
2373 949 2623 1020 piissimis
2653 952 2883 1007 dominis
2920 957 3059 1010 votis
3101 957 3422 1016 salutaribus
3457 965 3580 1018 red-

1994 1037 2104 1094 dite
2131 1053 2249 1108 quze
2278 1040 2502 1107 debetis,
2529 1051 2585 1095 ut
2612 1043 2746 1098 ratio
2773 1052 2947 1098 vestra
2981 1047 3328 1117 supplicando
3358 1062 3580 1122 peragat

1995 1129 2138 1199 quod
2166 1145 2226 1185 se
2255 1131 2306 1185 in
2336 1132 2453 1202 ipso
2487 1133 2804 1190 universitas
2830 1137 3099 1206 recepisse
3125 1152 3432 1208 cognoscat.

2515 1269 2848 1327 EPISTULA
2887 1272 3022 1328 XVI.

2175 1373 2446 1413 LIGURIBUS
2473 1375 2713 1416 SENATOR
2753 1379 3073 1420 PREFECTUS
3102 1382 3400 1425 PBETOBIO.

1997 1445 2259 1524 Prontittil
2289 1467 2342 1502 se
2373 1467 2735 1524 perpensurum
2757 1455 2989 1524 querelas
3009 1456 3071 1508 de
3092 1457 3226 1510 libra
3249 1468 3297 1512 et
3325 1465 3578 1520 mensuris

2068 1519 2287 1600 delatus,
2319 1529 2366 1572 et
2397 1523 2440 1573 si
2472 1538 2616 1600 quem
2655 1523 2707 1575 in
2743 1519 2925 1600 fraude
2948 1536 3214 1600 _versatum
3253 1519 3575 1600 compererit,

2065 1589 2135 1640 ad
2157 1604 2510 1664 reparandum
2557 1589 2758 1645 illatam
2796 1595 3044 1664 injuriam
3089 1589 3406 1653 coactat-uni.
3449 1589 3578 1656 Tunt

2065 1659 2191 1743 petit
2218 1667 2283 1743 ut.
2301 1660 2370 1711 ad
2399 1671 2707 1743 apparatum
2746 1659 3000 1718 exercitus
3039 1669 3328 1722 necessaria
3369 1687 3580 1743 qumque

2063 1730 2335 1798 confestim
2364 1739 2413 1782 et
2442 1730 2656 1784 libenter
2679 1743 2973 1802 procurent.

2070 1820 2226 1890 182
2264 1819 2517 1877 Studiose
2566 1837 2666 1877 nos
2712 1833 2932 1893 oportet
2977 1827 3186 1896 erigere
3226 1845 3363 1899 quos
3391 1835 3580 1890 statuit

1989 1910 2183 1980 regalis
2211 1912 2385 1980 pietas
2411 1913 2727 1980 sublevare;
2760 1931 2884 1970 nam
2913 1918 3106 1986 quibus
3129 1919 3266 1995 [Ac.,
3298 1922 3456 1994 quos]
3479 1925 3580 1981 (Ιο-

1990 2008 2259 2062 minorum
2304 2008 2592 2063 clementia
2638 2010 2808 2064 voluit
2841 2011 3298 2084 condescendere,
3324 2019 3579 2074 convenit

1990 2099 2154 2153 etiam
2204 2096 2288 2153 bis
2332 2099 2606 2168 subjectos
2643 2099 2710 2155 de
2754 2101 2971 2172 propria
2999 2102 3261 2173 dignitate
3297 2117 3577 2176 prmstare.

1988 2189 2168 2262 Nuper
2209 2191 2342 2246 mihi
2373 2192 2574 2260 gratias
2601 2193 2858 2248 retulistis
2890 2194 3033 2264 quod
3077 2203 3187 2250 tam
3232 2211 3382 2267 spem
3422 2199 3575 2254 vobis

1987 2279 2254 2336 bonorum
2295 2296 2456 2351 quam
2499 2282 2729 2339 fructum
2773 2284 3004 2354 aliquem
3032 2288 3396 2344 contulissem.
3429 2289 3574 2344 Invio

1988 2372 2142 2425 lastis
2170 2387 2257 2427 me
2300 2371 2367 2426 ad
2410 2372 2689 2439 beneficia,
2721 2376 2846 2443 quia
2873 2390 3066 2446 magna
3107 2379 3420 2448 suscepistis
3447 2395 3574 2450 gra-

1989 2463 2252 2519 tulatione
2294 2465 2578 2534 promissa.
2611 2466 2952 2522 Absolvimus
2978 2476 3163 2523 votum
3206 2468 3402 2537 judicis
3436 2471 3578 2527 obli-

1986 2554 2114 2620 gati.
2147 2553 2277 2620 Qua:
2306 2555 2521 2610 fuerunt
2549 2555 2824 2625 praedicta,
2850 2573 2990 2612 nunc
3011 2558 3308 2627 probantur
3330 2561 3569 2630 impleta.

1986 2641 2199 2698 Initium
2239 2645 2400 2714 igitur
2444 2661 2474 2700 a
2522 2647 2658 2701 libra
2701 2646 2982 2712 faciemus.
3012 2650 3137 2718 quia
3175 2652 3265 2706 ubi
3293 2655 3580 2709 conscien-

1987 2733 2116 2786 tiam
2164 2731 2246 2788 fas
2291 2745 2373 2788 est
2421 2734 2728 2800 intendere,
2783 2735 2904 2790 inde
2944 2737 3106 2792 debet
3157 2754 3336 2794 sermo
3380 2740 3575 2810 judicis

1985 2819 2258 2876 inchoare.
2290 2819 2425 2877 [line
2454 2829 2535 2876 est
2563 2823 2708 2892 quod
2756 2823 2809 2878 in
2857 2823 3182 2894 ponderibus
3217 2836 3378 2896 atque
3419 2847 3571 2886 men—

1985 2912 2122 2967 suris
2152 2928 2248 2967 vos
2275 2912 2558 2982 suggeritis
2601 2913 2928 2983 ingravatos.
2962 2913 3029 2969 Et
3058 2915 3177 2972 ideo
3219 2929 3400 2973 nostra
3443 2937 3573 2976 cura

1985 3000 2285 3069 providebit
2315 3013 2370 3056 ut
2399 3001 2598 3057 nullius
2627 3017 2724 3057 vos
2753 3004 2974 3058 ulterius
3001 3020 3068 3059 ex
3108 3021 3170 3061 ea
3201 3016 3352 3076 parte
3374 3025 3572 3066 vexare

1986 3090 2154 3158 possit
2183 3089 2438 3159 iniquitas
2469 3108 2480 3143 :
2509 3090 2633 3160 quia
2664 3104 2825 3160 grave
2870 3092 3044 3147 scelus
3089 3110 3208 3151 esse
3249 3095 3570 3165 judicamus,

1981 3190 2076 3235 aut
2104 3197 2386 3237 mensuras
2433 3181 2650 3237 modum
2695 3182 2984 3247 excedere,
3016 3195 3108 3240 aut
3149 3187 3336 3241 libram
3372 3191 3570 3260 a:quis-‘

1984 3275 2103 3329 simi
2144 3273 2400 3345 ponderis
2443 3273 2705 3343 justitiam
2755 3289 2862 3330 non
2913 3277 3133 3333 habere.
3171 3277 3366 3336 Milites
3406 3282 3571 3336 etiam

1983 3364 2129 3421 sedis
2156 3373 2374 3432 nostrze,
2408 3379 2618 3420 necnon
2647 3374 2930 3423 exactores
2957 3375 3120 3437 atque
3147 3380 3511 3442 susceptores,
3539 3388 3572 3428 a

1983 3453 2177 3523 quibus
2220 3455 2404 3522 gravia
2451 3454 2606 3509 vobis
2662 3453 2845 3511 inferri
2899 3456 3174 3528 dispendia
3223 3462 3571 3531 suspirastis,

1985 3544 2268 3614 praeceptis
2297 3545 2497 3601 nostris
2525 3545 2750 3602 fecimus
2782 3549 3093 3615 conveniri;
3123 3558 3202 3613 ut,
3235 3550 3478 3608 deductis
3503 3554 3572 3612 ad

1985 3635 2244 3706 liquidum
2265 3636 2585 3702 ratiociniis,
2608 3637 2654 3692 si
2683 3637 2812 3706 quid
2835 3637 3034 3694 fraudis
3059 3641 3296 3709 potuerit
3320 3643 3574 3708 inveniri,

1985 3725 2104 3781 sine
2149 3725 2326 3796 aliqua
2372 3726 2633 3784 dilatione
2679 3729 2988 3797 persolvant
3019 3747 3032 3782 :
3062 3731 3187 3801 quia
3228 3732 3332 3786 hoc
3376 3735 3573 3788 nostris

1987 3821 2323 3890 temporibus
2369 3820 2688 3876 confitemur
2734 3822 3032 3884 inimicum,
3075 3832 3137 3878 ut
3177 3825 3314 3880 alter
3353 3826 3575 3882 alterius

1986 3911 2197 3966 lmtetur
2225 3910 2587 3967 incommodo.
2610 3912 2763 3968 Nunc
2786 3913 2853 3968 ad
2875 3923 3188 3984 apparatum
3211 3913 3573 3970 florentissimi

1985 4003 2256 4059 exercitus
2294 4011 2420 4059 vota
2462 4005 2782 4074 convertite,
2817 4007 3067 4062 universa
3092 4007 3208 4063 sine
3237 4008 3458 4076 querela
3488 4009 3575 4062 vel

1988 4091 2240 4146 tarditate
2266 4092 2445 4162 aliqua
2483 4105 2856 4164 procurantes.
2885 4094 3190 4151 Eﬂicaciter
3216 4099 3360 4152 enim
3389 4114 3474 4153 me
3503 4099 3574 4152 ad

1988 4181 2168 4236 omnia
2216 4181 2445 4250 benigna
2482 4183 2867 4253 constringitis,
2909 4185 2954 4238 si
3001 4193 3277 4252 gratanter
3303 4200 3422 4253 qua:
3449 4195 3572 4240 sunt

1983 4275 2130 4340 jussa
2168 4275 2469 4344 completis.
2500 4275 2678 4332 Laatus
2702 4277 2939 4340 obediat,
2968 4293 3128 4347 quem
3152 4293 3314 4333 causa
3342 4293 3573 4348 genera-

1911 4361 1956 4416 υ
1991 4364 2156 4418 litatis
2183 4364 2392 4418 invitat.
2422 4363 2514 4418 Illa
2544 4365 2656 4420 sola
2685 4365 2869 4421 dolere
2897 4366 3099 4422 debent
3124 4367 3422 4439 dispendia,
3453 4385 3573 4440 qua:

1987 4458 2167 4512 studio
2195 4457 2447 4512 videntur
2471 4457 2779 4528 cupiditatis
2817 4458 3089 4529 imposita.
3128 4460 3259 4515 Nam
3289 4463 3434 4531 quod
3480 4480 3576 4532 pro

1983 4564 2161 4604 rerum
2215 4549 2537 4604 necessitate
2572 4549 2898 4619 pnccipitur,
2930 4549 3054 4605 inde
3082 4550 3423 4622 prudentium
3453 4553 3572 4606 ani-

1986 4655 2103 4695 mus
2129 4655 2234 4694 non
2260 4646 2533 4707 gravatur.

2704 4791 2864 4848 XVII.

1993 4901 2361 4944 PROIIO'I'IONES
2389 4901 2581 4942 OFl-‘ICII
2612 4901 2968 4953 PRETORIASI,
2999 4900 3115 4948 ουλε
3155 4898 3366 4938 ΝΑτΑιε
3400 4899 3573 4938 DOHIN‘

2695 4971 2873 5009 l-‘IUNT.

2063 5047 2120 5102 Si
2154 5047 2416 5101 hodierno
2445 5047 2530 5100 die
2563 5045 2949 5114 redemptionis
2975 5046 3275 5100 invenimus
3302 5047 3466 5103 vitale
3492 5061 3574 5101 re-

1989 5139 2244 5201 medium,
2277 5138 2321 5192 si
2359 5139 2566 5193 cmlesti
2609 5137 2872 5192 beneficio
2920 5139 3172 5207 panditur
3210 5156 3334 5210 spes
3369 5141 3573 5203 salutis,

1989 5233 2243 5287 convenit
2280 5232 2444 5286 etiam
2474 5246 2575 5286 nos
2603 5230 2766 5297 longo
2796 5229 2981 5286 labore
3021 5230 3256 5301 fatigatis
3280 5231 3458 5301 gaudii
3483 5228 3572 5286 de-

2107 5441 2282 5497 Aildna'
2297 5459 2391 5508 quo
2412 5448 2588 5494 scissas
2611 5450 2885 5508 spumosior
2910 5453 3079 5498 incitat
3101 5447 3270 5498 undas.

1982 5531 2161 5584 BONOS
2182 5532 2366 5602 pisces,
2383 5531 2572 5602 nutrit,
2602 5541 2656 5587 et
2677 5533 3012 5602 potissimum
3041 5534 3260 5590 tinulos.
3284 5532 3415 5590 Vide
3441 5533 3574 5590 Plin.

1991 5602 2083 5656 lib.
2117 5599 2324 5674 ιιίςίη).
2352 5599 2470 5655 105.
2498 5599 2685 5658 Buoss.

3067 5698 3144 5759 27
