3990 6170
360 206 469 268 8'5

1568 204 1639 259 Μ.
1681 203 1956 259 AURELII
1997 203 2394 260 CASSIODORI

3535 202 3629 256 θμ

361 329 499 382 ferre
539 323 882 393 medicinam,
923 330 980 376 ιιι
1020 335 1252 392 superna
1289 319 1432 374 bona
1461 333 1581 388 qum
1625 317 1950 388 periclitanti
1979 329 2024 380 Α
2055 318 2255 387 negotii
2288 317 2618 388 perfectione
2647 317 2911 375 laudatur.
2943 314 3009 374 Et
3037 317 3156 373 ideo
3185 315 3633 384 Catellum,quetu

361 416 560 471 mundo
604 416 798 470 collata
850 422 973 468 sunt
1019 411 1341 481 generaliter
1379 410 1700 464 sentiantur.
1737 408 1950 476 Alioqui

364 507 629 578 piaculum
657 505 928 575 quoddam
958 511 1040 556 est
1070 502 1212 557 inter
1242 501 1425 556 tristes
1448 499 1586 555 velle
1609 498 1869 568 gaudere,
1896 508 1952 553 et

365 601 712 658 humanitatis
737 597 932 666 refugit
953 595 1225 660 affectum,
1257 594 1347 666 qui
1377 594 1622 650 dolorem
1651 607 1758 646 non
1779 592 1953 662 sequi-

368 705 454 750 tur
493 695 746 749 alicnum.
788 688 1008 755 Contra,
1049 696 1253 758 quanto
1303 702 1364 742 se
1407 686 1600 744 melius
1640 684 1842 740 excitat
1885 683 1954 739 de

365 782 746 842 communione
772 779 984 835 lzetitia!
1013 778 1283 846 Quantum
1312 777 1718 833 incitamentum
1747 789 1953 844 magna:

365 875 664 933 alacritatis
693 881 796 941 est,
828 873 1088 943 plurimos
1129 869 1316 926 videre
1353 867 1676 938 gaudentes!
1711 866 1848 923 Hinc
1873 875 1956 922 est

367 968 509 1039 quod
539 967 814 1038 sapientes
843 965 1071 1020 mortale
1099 977 1268 1034 genus
1308 978 1474 1018 unum
1518 962 1795 1019 hominem
1836 974 1956 1016 esse

369 1059 553 1115 testati
583 1065 728 1121 sunt,
759 1057 1018 1126 quoniam
1055 1069 1244 1110 omnes
1287 1069 1318 1108 a
1358 1052 1566 1108 cunctis
1593 1051 1807 1107 casibus
1847 1049 1958 1104 suis

368 1148 628 1206 indivisos
679 1161 800 1203 esse
845 1145 1150 1200 voluerunt.
1201 1142 1540 1212 QuaprOpter
1592 1139 1960 1208 unusquisque

368 1243 517 1312 juxta
548 1239 843 1295 matriculzn
871 1238 1065 1293 seriem
1094 1245 1185 1292 tua
1211 1234 1583 1304 designatione
1610 1233 1875 1302 vulgetur,
1900 1239 1960 1286 ut

371 1348 530 1404 quem
553 1330 657 1386 loci
679 1329 813 1385 ordo
839 1327 1098 1399 postulat,
1121 1325 1316 1395 gradus
1337 1323 1695 1396 promotionis
1715 1321 1957 1377 accedat.

371 1421 696 1491 Egrediatur
723 1434 884 1484 unus,
912 1425 972 1472 ut
998 1424 1291 1485 anteponat
1324 1414 1622 1470 universos.
1653 1412 1845 1468 Totam
1875 1427 1964 1467 se-

369 1515 652 1584 quentium
698 1513 894 1568 seriem
939 1510 1006 1565 ad
1050 1515 1364 1579 provectum
1415 1507 1600 1575 trahit,
1651 1507 1777 1561 dum
1815 1505 1964 1576 prior

366 1603 622 1657 militiam
652 1599 966 1671 perfunctus
989 1598 1202 1654 exierit.

699 1841 765 1880 DE
797 1838 1178 1879 CORNICULARIO
1199 1839 1285 1886 QUI
1317 1836 1637 1878 EGREDITUR.

448 1937 836 2011 Amplectcnda
883 1945 966 1991 est
1009 1936 1409 2006 promotionum
1451 1942 1601 2004 grata
1629 1933 1961 1998 solemuitas,

371 2054 495 2110 qua:
542 2034 998 2090 benemcritorum
1046 2031 1208 2086 solvit
1235 2028 1514 2097 excubias,
1543 2029 1668 2099 quia
1700 2028 1965 2083 tironibus

375 2127 689 2185 conceditur
723 2140 848 2194 spes
886 2122 1106 2187 laboris,
1138 2121 1265 2176 dum
1309 2119 1621 2176 vicissitudo
1657 2119 1816 2174 fuerit
1843 2118 1966 2173 red-

376 2220 487 2275 dita
529 2217 814 2272 veteranis.
858 2213 926 2268 Et
976 2214 1097 2269 ideo
1146 2213 1455 2275 Antianum,
1497 2211 1587 2282 qui
1628 2209 1967 2280 prmtorianis

377 2311 774 2382 inculpabiliter
821 2308 1064 2378 paruisse
1111 2305 1424 2376 perhibetur
1478 2300 1778 2373 obsequiis,
1830 2303 1969 2356 inter

368 2402 623 2458 tribunos
656 2406 712 2454 ct
750 2397 988 2452 notarios
1017 2394 1084 2449 ad
1111 2392 1415 2449 adorandos
1443 2400 1694 2462 aspectus
1714 2396 1969 2460 properet

377 2494 722 2567 principales,
772 2499 850 2557 ut,
900 2489 1055 2559 juxta
1103 2485 1550 2542 consuetudinem
1590 2490 1967 2554 prtcsentatus,

381 2583 794 2659 spectabilitatis
819 2581 1108 2636 decoretur
1136 2577 1452 2647 insignibus.

1098 2708 1242 2764 XIX.

739 2817 806 2857 DE
836 2814 1220 2857 CORNICULARIO
1249 2813 1336 2862 QUI
1361 2812 1611 2854 ACCEDI'I‘.

451 2915 679 2989 Optatus
701 2914 767 2968 ad
790 2920 974 2984 optata
995 2911 1334 2982 perveniens,
1359 2910 1440 2964 sui
1462 2908 1696 2965 nominis
1717 2907 1973 2964 sortiatur

380 3010 654 3068 effectum.
705 3003 774 3060 Et
823 3004 943 3060 ideo
989 3002 1382 3073 supradictum,
1423 2999 1653 3055 assiduis
1696 2999 1973 3054 laboribus

383 3097 830 3170 comprobatum,
885 3083 1366 3149 corniculariOrum
1422 3103 1638 3145 sumere
1687 3102 1968 3144 censemus
1997 3107 2042 3170 ρ

383 3189 644 3256 officium,
672 3195 731 3242 ut
756 3185 876 3256 jure
905 3185 1046 3240 inter
1071 3183 1328 3254 primates
1354 3181 1588 3250 assistat,
1613 3181 1705 3252 qui
1735 3181 1969 3244 tironum

310 3277 316 3282 ⁷
382 3275 780 3348 inculpabiliter
808 3273 918 3342 egit
945 3273 1221 3330 excubias.

1119 3385 1237 3442 XX.

718 3499 785 3537 DE
815 3495 1166 3537 PRIIIISCRINIO
1194 3495 1280 3544 QUI
1311 3494 1632 3536 EGREDITUB.

457 3573 601 3631 Olim
650 3573 866 3645 quidem
909 3571 1203 3627 efficaciter
1241 3585 1504 3640 peragens
1536 3569 1823 3640 imperata,
1862 3584 1977 3626 me-

384 3671 542 3728 ruisti
592 3669 882 3724 multorum
913 3665 1054 3720 bona
1091 3663 1292 3733 judicia
1326 3681 1338 3715 :
1377 3663 1468 3718 sed
1517 3678 1658 3718 nunc
1697 3671 1752 3717 et
1795 3661 1977 3717 divino

386 3764 573 3819 favore
602 3757 1014 3816 commendatus
1051 3755 1296 3825 erigeris,
1327 3755 1544 3824 quando
1587 3753 1789 3808 militia:
1826 3753 1980 3809 labo-

386 3855 536 3909 ribus
583 3851 898 3922 perfunctus
943 3862 1063 3902 esse
1100 3844 1438 3901 monstraris.
1478 3844 1818 3914 Quapropter
1854 3858 1978 3913 spe-

388 3943 704 4000 ctabilitatis
738 3942 949 3995 honore
993 3935 1262 4002 suffultus,
1297 3936 1438 3990 inter
1472 3935 1712 3990 tribunos
1739 3943 1795 3990 et
1823 3943 1980 3990 nota-

385 4033 500 4087 rios
526 4027 885 4085 venerandam
925 4040 1214 4096 purpuram
1262 4023 1580 4079 adoraturus
1609 4023 1805 4079 accede
1840 4033 1887 4088 η,
1919 4032 1979 4090 ut

387 4140 487 4195 per
513 4137 699 4177 sacros
723 4129 984 4190 aspectus
1025 4115 1282 4188 principis
1322 4123 1425 4170 tua:
1468 4113 1725 4172 subsistat
1755 4114 1978 4172 firmitas

389 4212 685 4284 dignitatis.

1119 4327 1258 4383 XXI.

770 4439 838 4478 DE
869 4435 1216 4477 PRINISCRINIO
1242 4434 1330 4484 QUI
1359 4434 1605 4474 ACCEDI'I'.

459 4516 674 4572 Differri
705 4531 812 4570 non
840 4513 1075 4584 patimur
1111 4513 1302 4567 merita
1335 4509 1590 4576 fidelium,
1622 4517 1680 4563 ut
1711 4506 1777 4562 ad
1805 4506 1978 4561 studia

392 4613 654 4665 bonorum
710 4615 925 4661 actuum
974 4617 1328 4674 provocemus
1357 4609 1483 4656 vota
1512 4607 1844 4655 cunctorum.
1876 4596 1980 4650 De-

394 4716 516 4758 mus
563 4699 724 4768 igitur
766 4712 886 4766 quae
935 4701 1062 4748 sunt
1099 4693 1243 4762 justa
1290 4691 1580 4753 laboribus,
1625 4697 1682 4742 ut
1725 4694 1981 4759 [.rovcctu

388 4793 630 4864 priorum
679 4788 964 4843 invitemus
1011 4783 1174 4838 corda
1225 4782 1586 4851 sequentium.
1637 4770 1980 4846 Atqueideo

390 4885 654 4946 Andreas,
683 4883 774 4952 qui
817 4878 1155 4950 prwtorianis
1194 4875 1428 4930 fascibus
1457 4870 1854 4942 inculpabiliter
1877 4886 1979 4924 no-

390 4978 560 5031 scitur
615 4973 933 5037 obsecutus,
985 4965 1207 5038 gradum
1263 4964 1489 5019 feliciter
1533 4959 1978 5032 primiscriniatus

389 5068 673 5133 ascendat,
695 5073 753 5118 ut
783 5063 958 5117 locum
980 5073 1139 5128 quem
1165 5055 1400 5112 versutia
1423 5051 1648 5108 nescivit
1673 5050 1977 5121 exquirere,

388 5173 447 5212 sc
475 5157 706 5226 gaudeat
736 5155 920 5227 probis
949 5151 1187 5208 moribus
1217 5147 1510 5204 invenisse.

1104 5284 1266 5343 XXII.

833 5395 899 5434 DE
929 5392 1222 5433 SCBI‘NIARIO
1252 5389 1526 5432 ACTORUI.

459 5491 611 5548 Iuste
640 5492 941 5563 potentiora
968 5488 1332 5557 consequitur,
1357 5486 1447 5555 qui
1473 5484 1539 5540 de
1565 5483 1849 5541 commissa
1871 5481 1974 5536 sibi

2052 413 2348 468 matriculzc
2397 415 2565 470 series
2613 413 2742 469 fecit
2789 413 3066 479 accedere,
3117 421 3303 468 nostra
3351 409 3639 464 auctoritas

2052 517 2268 574 quoque
2297 513 2540 560 actorum
2563 504 2829 560 scriniarii
2849 519 3031 559 curam
3057 503 3316 574 praecepit
3341 499 3605 556 obtinere.

2763 632 2944 689 XXIII.

2519 742 2586 780 DE
2617 741 2750 781 CUM
2784 739 3168 780 EPISTOLARUI.

2127 833 2561 890 Constantiniani
2600 835 2790 890 merita
2842 834 2968 888 licet
3003 833 3184 904 plures
3219 836 3485 899 asserant,
3512 829 3646 886 asti-

2057 925 2264 996 pulatio
2291 940 2507 995 quoque
2536 933 2721 980 nostra
2751 922 3118 978 commendat.
3149 921 3321 976 Tanta
3342 927 3427 976 est
3447 918 3648 975 etenim

2059 1018 2115 1074 in
2144 1033 2210 1073 eo
2240 1018 2522 1073 sinceritas
2553 1016 2769 1078 mentis,
2796 1023 2856 1070 ut
2883 1026 2959 1082 et,
2985 1013 3167 1084 judice
3198 1020 3354 1076 teste,
3379 1019 3650 1066 mereatur

2059 1108 2287 1164 laudari.
2333 1105 2434 1162 Hic
2472 1108 2653 1178 itaque
2683 1106 3032 1178 epistularum
3063 1106 3442 1160 canonicarum
3469 1115 3650 1157 curam

2059 1207 2348 1271 provectus
2398 1197 2650 1268 accipiat,
2681 1206 2737 1251 ut
2783 1197 2938 1269 183
2978 1195 3206 1266 amplius
3244 1201 3517 1249 momenta
3544 1205 3651 1246 sua:

2061 1290 2386 1361 integritatis
2429 1288 2706 1350 exhibeat,
2761 1287 2979 1357 quando
3030 1287 3186 1341 fidem
3235 1284 3505 1356 publicam
3551 1279 3653 1338 sibi

2061 1381 2284 1452 respicit
2313 1395 2435 1435 esse
2465 1379 2831 1435 commissam.

2765 1509 2951 1565 XXIV.

2424 1617 2491 1656 DE
2516 1613 2806 1656 SCRINIAIIIO
2827 1613 2978 1654 ευΜε
3008 1609 3292 1652 ιιιιιτΑιιιε.

1990 1732 2038 1790 Β
2135 1715 2532 1771 Convenienter
2553 1712 2774 1769 honoris
2799 1718 3019 1782 prmstat
3046 1715 3390 1777 augmentum
3419 1704 3659 1776 probitas

2067 1807 2322 1872 actionis;
2365 1821 2464 1860 nec
2489 1805 2650 1860 decet
2695 1801 2925 1865 differri,
2967 1816 3130 1871 quem
3171 1798 3481 1867 frequenter
3527 1794 3658 1869 [ed.,

2066 1894 2345 1965 decenter]
2377 1895 2650 1950 efficacem
2671 1893 2901 1962 contigit
2920 1890 3224 1961 approbari.
3253 1888 3392 1942 lline
3411 1895 3493 1941 est
3513 1885 3661 1955 quod

2069 1988 2326 2043 Lucillum
2358 1985 2698 2040 scriniarium
2719 1997 2861 2038 cura:
2885 1979 3130 2034 militaris
3151 1992 3270 2033 esse
3299 1975 3662 2047 przecipimus,

2067 2077 2401 2133 cxhibiturus
2437 2074 2758 2144 obsequium
2801 2071 2888 2127 cui
2932 2086 2992 2127 se
3038 2070 3232 2124 merito
3285 2083 3396 2123 non
3447 2065 3662 2121 dubitat

2067 2169 2402 2225 attributum.

2780 2275 2944 2330 XXV.

2462 2389 2530 2428 DE
2558 2386 2860 2427 PRIHICERIO
2889 2382 3262 2424 EXCEPTOBUI.

2143 2467 2312 2523 Decet
2335 2479 2435 2520 nos
2451 2465 2826 2520 incunctanter
2844 2459 3080 2514 tribucre
3107 2471 3294 2528 promo
3303 2453 3459 2510 tionis
3479 2466 3670 2507 ascen-

2071 2573 2182 2624 sus,
2211 2573 2348 2626 quos
2373 2557 2527 2610 labor
2553 2554 2756 2609 militiae
2785 2561 3023 2607 meretur
3051 2548 3311 2603 assiduus.
3345 2545 3498 2600 Sicut
3523 2543 3670 2599 enim

2072 2665 2284 2721 arqnum
2315 2657 2396 2704 est
2423 2646 2707 2703 desidiosis
2742 2643 3100 2699 laborantium
3129 2639 3348 2710 praemia
3375 2636 3670 2705 denegare,

2082 2741 2155 2795 ita
2176 2739 2428 2796 convenit
2453 2736 2843 2793 excubantibus
2862 2729 3312 2788 remunerationis
3337 2735 3524 2797 optata
3543 2741 3671 2781 con-

2074 2831 2287 2887 cedere.
2321 2829 2388 2884 Et
2416 2828 2537 2884 ideo
2559 2826 2821 2882 Patricius
2842 2831 3192 2894 exceptorum
3220 2819 3593 2891 primicerium
3616 2832 3672 2872 se

2078 2939 2108 2978 a
2138 2923 2296 2977 nobis
2344 2920 2556 2976 noverit
2585 2919 2926 2982 institutum;
2957 2924 3016 2969 ut
3045 2914 3110 2968 ad
3141 2913 3245 2967 tale
3274 2910 3572 2982 perductus
3597 2907 3660 2964 of
3657 2943 3681 2952 -

2081 3015 2293 3081 ficium,
2327 3013 2595 3084 placuisse
2623 3025 2839 3067 suarum
2883 3008 3073 3064 merita
3103 3006 3333 3078 gaudeat
3372 3004 3670 3060 actionum.

2772 3131 2961 3188 XXVI.

2573 3241 2641 3279 DE
2669 3239 2838 3278 SEXTO
2866 3234 3180 3277 SCIIOLAIIIO.

2155 3340 2358 3409 Dignus
2385 3346 2470 3394 est
2499 3345 2685 3392 nostro
2710 3333 2916 3403 judicio
2945 3329 3278 3403 promoveri,
3301 3329 3394 3399 qui
3425 3343 3457 3383 a
3491 3327 3677 3384 multis

2078 3430 2402 3501 praesulibus
2448 3428 2645 3483 meruit
2693 3423 2998 3496 approbari.
3050 3421 3150 3476 Uni
3197 3421 3338 3475 enim
3387 3427 3674 3488 acceptum

2077 3523 2273 3587 fuisse,
2307 3522 2572 3577 interdum
2617 3519 2789 3589 gratia
2835 3524 2950 3582 est;
2993 3514 3175 3568 multis
3203 3511 3503 3583 placuisse,
3534 3508 3677 3580 judi-

2079 3619 2243 3673 cium.
2280 3615 2464 3670 Justus
2493 3613 2654 3682 igitur
2692 3611 2871 3665 Iocum
2911 3607 3049 3662 sexti
3081 3603 3342 3661 scholar-is
3367 3618 3430 3656 se
3466 3615 3626 3656 novet
3641 3600 3679 3652 it

2079 3714 2428 3762 consecutum
2461 3721 2474 3756 :
2513 3704 2827 3757 inventurus
2871 3697 3072 3753 militia:
3119 3693 3430 3766 pnemium,
3463 3704 3596 3746 cum
3622 3703 3682 3743 se

2079 3799 2288 3856 actibus
2315 3795 2579 3852 studuerit
2607 3791 2816 3850 sociare
2845 3788 3109 3844 fidelibus.

2785 3921 2993 3979 XXVII.

2572 4037 2640 4077 DE
2690 4026 3184 4074 PREROGA'I‘IVARIO.

2157 4137 2287 4205 Quis
2318 4135 2581 4190 Joannem
2610 4147 2716 4186 non
2739 4127 2969 4184 mstimet
2988 4125 3183 4180 merito
3213 4135 3330 4178 esse
3357 4132 3683 4190 promoven-

2089 4228 2238 4292 dnm,
2271 4227 2362 4296 qui
2393 4232 2578 4279 nostro
2602 4220 2802 4291 judicio
2829 4216 3188 4274 cancellorum
3218 4212 3342 4268 olim
3386 4209 3684 4281 sumpserit

2091 4319 2351 4384 officium,
2380 4325 2432 4371 et
2465 4326 2589 4368 tunc
2615 4311 2723 4382 jam
2755 4307 3158 4380 pnerogativam
3187 4302 3540 4360 conscientiae
3568 4315 3681 4355 mc-

2093 4409 2222 4476 ruit,
2261 4406 2475 4478 quando
2498 4404 2691 4459 secreti
2717 4415 2910 4455 munus
2928 4395 3194 4469 judicialis
3223 4393 3475 4463 accepit?
3514 4391 3686 4446 Frua-

2010 4479 2060 4538 Ῐ)
2092 4509 2178 4554 tur
2207 4499 2388 4567 itaque
2414 4493 2607 4565 gaudio
2635 4501 2688 4546 et
2725 4488 2928 4545 ordinis
2965 4495 3021 4542 et
3049 4484 3286 4548 honoris,
3318 4481 3412 4551 qui
3436 4480 3686 4535 moribus

2086 4590 2331 4644 noscitur
2359 4584 2628 4656 placuisse
2655 4580 2901 4636 laudatis.
2934 4575 3086 4632 IIunc
3112 4576 3272 4643 igitur
3289 4573 3685 4643 prmrogativa-

2090 4683 2229 4736 rium
2264 4677 2530 4733 sententia
2576 4682 2757 4728 nostra
2787 4668 3100 4734 confirmat,
3146 4675 3206 4721 ut
3250 4663 3452 4736 gradus
3501 4664 3689 4735 potius

2089 4771 2301 4829 emeriti
2343 4766 2707 4854 devotioribus
2751 4762 2942 4818 animis
2967 4759 3176 4831 publice
3203 4766 3392 4828 parcat
3425 4753 3683 4825 jussioui.

2761 4893 2994 4950 XXVIII.

2585 5025 2653 5064 DE
2691 5021 3173 5063 COIIENTABIENSI.

2157 5107 2319 5162 Juvat
2364 5103 2824 5160 benemeritorum
2852 5098 2994 5154 votis
3034 5093 3312 5151 beneﬁciis
3346 5093 3688 5164 respondere

2089 5201 2333 5262 vicariis;
2362 5209 2420 5254 ut
2449 5195 2730 5251 devotiore
2758 5201 2941 5247 mente
2967 5191 3134 5261 possit
3156 5190 3402 5257 obsequi,
3441 5187 3541 5256 qui
3572 5199 3688 5239 me-
3756 5247 3765 5256 .

2087 5296 2194 5350 ruit
2233 5291 2508 5348 anteferri.
2553 5289 2896 5358 Quapropter
2939 5281 3295 5338 Cheliodorus
3337 5286 3686 5334 commenta—-

2083 5386 2342 5442 riensium
2372 5383 2578 5438 fruatur
2616 5379 2816 5435 officio.
2857 5375 3024 5443 Digne
3065 5372 3327 5440 siquidem
3376 5369 3495 5440 ejus
3544 5367 3689 5421 inte-

2083 5479 2262 5550 gritati
2289 5475 2674 5532 committimus
2702 5484 2822 5541 qua:
2851 5465 3202 5524 cuswdicnda
3229 5479 3349 5519 esse
3369 5474 3684 5519 censemus.

467 5706 492 5734 ι
522 5690 624 5748 Pro
655 5691 927 5769 intellectu
953 5690 1109 5762 hujus
1141 5689 1247 5746 loci
1290 5687 1411 5744 vide
1451 5701 1574 5757 qua:
1617 5683 1867 5742 adnotavi
1899 5681 1963 5738 ad
2003 5681 2166 5753 epist.
2196 5680 2287 5750 51,
2320 5678 2477 5746 infra,
2510 5678 2614 5732 hoc
2643 5672 2836 5731 eodem
2865 5671 3019 5727 libro.
3055 5665 3244 5725 B'uoss.
