3990 6170
969 247 1158 304 XXIX.

818 354 888 396 DE
927 355 1283 396 BEGENDABIO.

326 448 595 521 A‘Iquitati
626 450 837 506 videtur
865 451 1306 519 accommodum,
1335 450 1378 506 si
1407 450 1612 506 efﬁcaci
1643 450 1858 504 actione

255 544 489 599 laudatis
534 543 691 612 digna
722 543 964 598 moribus
1003 543 1309 598 vicissitudo
1337 551 1639 613 praestetur.
1683 540 1858 596 liabet

252 633 398 688 enim
426 649 576 687 suam
605 633 830 701 gloriam
853 675 866 700 ,
898 634 989 702 qui
1036 633 1276 702 pensatis
1304 632 1544 688 excubiis
1572 631 1858 686 militarem

251 723 498 778 noscitur
527 739 848 792 promovere
878 723 1014 794 [Ac.,
1048 722 1115 777 ad
1144 723 1304 776 mil...
1338 720 1641 794 pervenire]
1687 721 1856 778 fortu-

257 829 401 867 nam.
433 813 570 871 llioc
600 824 684 869 est
711 815 856 885 quod
883 813 1221 869 Cartherium
1249 815 1551 884 regendarii
1581 816 1760 870 locum
1786 813 1858 870 fe-

253 905 430 960 liciter
469 906 716 961 obtinere
761 922 1077 973 censemus;
1111 917 1170 961 ut
1215 921 1311 978 spe
1339 907 1501 962 futuri
1548 917 1853 978 provectus,

252 999 463 1054 avidius
488 999 829 1070 pnetorianis
857 1001 1030 1070 possit
1059 999 1322 1054 inhaerere
1343 999 1636 1056 laboribus.

963 1131 1134 1187 XXX.
1213 1175 1218 1180 .

330 1240 395 1276 υε
445 1238 622 1277 Ριιιιιιο
665 1238 750 1276 ιιιι)
791 1240 1180 1278 ῢΕΡυτΛτηΙίυὶι
1207 1267 1222 1288 ,
1267 1241 1332 1278 ΕΤ
1376 1241 1441 1278 DE
1481 1241 1786 1279 PRIIICEBIO

859 1311 915 1347 Al
930 1311 1252 1350 GUSTALIUN.

327 1405 554 1474 Dignum
585 1413 668 1460 est
698 1414 755 1460 ut
784 1417 1038 1476 sequatur
1053 1418 1178 1462 vota
1201 1406 1439 1463 fidelium
1470 1408 1674 1464 fruetus
1702 1407 1854 1462 labo-

255 1514 413 1563 rum;
443 1507 500 1552 et
544 1499 794 1567 superior
838 1497 1035 1568 gradus
1078 1499 1349 1569 excipiat.
1402 1515 1538 1570 quos
1581 1508 1854 1570 gestarum

256 1589 540 1658 integritas
567 1589 761 1644 ell‘ecta
788 1589 1149 1644 commendat.
1184 1589 1321 1646 Hinc
1363 1602 1442 1646 est
1486 1591 1631 1660 quod
1661 1589 1855 1646 Ursum
1888 1624 1932 1683 Β

253 1681 625 1751 primicerium
653 1679 1030 1750 deputatorum
1057 1691 1220 1752 atque
1241 1681 1461 1738 Beatum
1485 1681 1856 1750 Augustalium

256 1786 380 1826 esse
407 1786 722 1838 censemus;
757 1779 815 1826 ut
841 1773 933 1842 qui
963 1773 1030 1828 ad
1059 1773 1263 1844 majora
1292 1775 1533 1844 provecti
1567 1774 1857 1830 tenduntur

253 1866 464 1931 ollicia,
492 1867 831 1938 praedicanda
871 1866 1219 1932 conscientiae
1263 1878 1558 1938 sequantur
1585 1869 1852 1939 exempla.

365 2105 432 2142 υε
474 2103 778 2144 ΡΒΒΙῚΟΕΠΙΟ
817 2102 1241 2144 δικουιιλιιιοιιυιι
1280 2104 1364 2152 QUI
1408 2107 1723 2146 LGREDITUR.

333 2202 496 2258 Decet
537 2203 729 2273 palmae
769 2205 989 2275 praemia
1036 2207 1324 2276 consequi,
1371 2207 1462 2277 qui
1504 2208 1856 2264 sacramentis

255 2294 580 2350 militaribus
617 2295 867 2351 videntur
897 2311 1016 2352 esse
1040 2299 1325 2367 perfuncti,
1359 2299 1482 2366 quia
1508 2297 1744 2354 diutinus
1771 2299 1853 2354 la-

253 2387 362 2440 bor
388 2385 489 2440 sibi
530 2385 765 2442 vindicat
789 2386 932 2458 quod
962 2388 1242 2458 inexperta
1270 2390 1358 2442 vix
1409 2397 1586 2458 potest
1613 2390 1854 2446 invenire

258 2477 537 2532 nobilitas.
587 2476 653 2532 Et
699 2477 821 2533 ideo
846 2521 862 2546 ,
910 2480 1163 2549 quoniam
1200 2479 1424 2536 Urbicus
1463 2481 1856 2550 primiceriatus

255 2566 343 2620 sui
373 2567 617 2622 noscitur
646 2576 886 2638 tempora
917 2570 1205 2639 peregisse,
1235 2571 1376 2624 inter
1423 2571 1756 2628 domesticos
1799 2580 1853 2628 et

253 2667 602 2728 protectores
641 2675 850 2715 sacram
880 2677 1169 2730 purpuram
1199 2662 1520 2717 adoraturns
1548 2663 1766 2719 accedat
1795 2676 1852 2731 υς

253 2756 338 2810 ut,
365 2747 685 2802 venerandis
714 2750 1040 2806 clariticatus
1062 2753 1384 2822 aspectibus,
1418 2754 1734 2810 militaribus
1755 2770 1853 2810 ex-

251 2838 434 2893 cubiis
461 2854 522 2893 se
553 2840 786 2910 gaudeat
814 2842 1116 2898 liberatum.

412 3083 480 3122 υε
522 3084 826 3124 ιἰιιιιιοειιιο
867 3086 1287 3129 διιιϐυιλιιιοιιωι
1325 3090 1410 3138 QUI
1463 3091 1708 3132 ACCEDIT.

328 3181 504 3238 Adest
543 3183 864 3240 militaribus
910 3185 1182 3256 obsequiis
1233 3189 1512 3258 integritas
1533 3191 1850 3261 judicantis,

251 3275 384 3342 quia
431 3282 710 3342 gratanter
738 3276 967 3332 exsolvit
1010 3277 1156 3346 quod
1183 3279 1366 3335 deberi
1388 3281 1533 3350 juste
1559 3285 1849 3351 cognoscit.

254 3365 611 3436 Quapropter
665 3366 868 3425 Pierius
915 3371 1278 3442 primicerium
1333 3374 1742 3443 singulariorum
1793 3393 1852 3432 se

256 3470 452 3513 nostra
503 3461 828 3517 auctoritate
875 3471 1165 3532 cognoscat
1211 3463 1479 3520 effectum.
1512 3466 1700 3538 Siqua
1731 3477 1857 3522 sunt

253 3551 411 3616 talia,
458 3551 777 3607 liducialiter
814 3565 1199 3625 suggerantur;
1229 3559 1354 3627 quia
1384 3575 1494 3614 non
1536 3567 1619 3614 est
1645 3560 1855 3615 ιιωείιο-

254 3643 428 3698 tionis
453 3651 650 3708 metus,
682 3643 770 3698 ubi
800 3659 909 3700 non
939 3654 1022 3701 est
1043 3646 1239 3716 judicis
1269 3649 1473 3703 vernalis
1499 3649 1713 3705 auditus
1734 3649 1782 3702 ιδ.

621 3885 686 3923 [σε
717 3885 1074 3924 εοκοιευελυις
1115 3887 1512 3926 υειιςησιτοιιιις.

341 3979 520 4036 Horas
567 3982 710 4055 [ms.,
767 3981 950 4052 horas]
1003 3982 1305 4053 intercipit,
1365 4001 1523 4055 quem
1577 3988 1864 4057 prazstandi

251 4071 609 4126 consuetudo
656 4073 974 4142 constringit
1008 4091 1019 4125 :
1059 4073 1183 4141 quia
1232 4074 1350 4143 plus
1392 4075 1480 4130 ille
1505 4076 1570 4130 ad
1612 4079 1867 4134 beneﬁcia

251 4163 635 4232 compellitur,
686 4163 780 4233 qui
825 4164 1008 4218 innata
1053 4163 1430 4219 benevolentia
1474 4178 1864 4223 connnovetur.

1595 137 1951 192 VARIARUM
1991 136 2193 193 LIBER
2233 137 2319 192 Xl.

1878 258 1924 312 Α
1957 248 2141 319 Neque
2171 251 2314 305 enim
2342 249 2498 308 decet
2527 261 2583 308 ut
2622 264 2932 312 nostrorum
2958 255 3222 315 factorum
3265 259 3551 319 dissimiles

3444 148 3550 203 846

1957 356 2079 396 esse
2103 342 2413 410 debeamus,
2464 345 2590 401 dum
2614 359 2864 419 oporteat
2889 366 3136 408 crescere
3164 357 3554 413 numerositate

1957 434 2200 500 remedii,
2233 436 2320 490 cui
2351 435 2828 496 administrationis
2850 451 3092 513 tempora
3122 443 3370 502 videntur
3389 462 3556 517 auge-

1959 523 2024 576 ri.
2059 523 2125 577 Et
2155 525 2277 581 ideo
2299 525 2365 582 de
2394 531 2641 598 prresenti
2672 532 2826 586 vobis
2846 533 3204 602 delcgatorios
3231 547 3417 593 nostra
3448 541 3555 596 lar-

1957 617 2101 686 gitur
2128 618 2464 684 humanitas;
2497 631 2556 676 ut
2586 632 2714 677 tunc
2742 623 2983 679 habeatis
3011 628 3294 682 commoda
3323 631 3552 699 praemii,

1957 705 2172 775 quando
2202 708 2332 762 estis
2360 717 2414 764 et
2442 709 2653 766 sudoris
2683 714 2970 768 terminum
2995 717 3290 772 consecuti.
3316 717 3430 773 Non
3456 735 3552 776 vos

1957 798 2117 852 anxia
2145 815 2295 854 mora
2324 801 2718 870 suspendimus,
2754 820 2853 860 nec
2882 807 3156 862 cruciabili
3186 808 3444 866 dilatione
3475 812 3556 866 fa-

1957 891 2207 960 tigamus.
2243 892 2392 948 Unus
2417 894 2488 949 sit
2534 893 2653 951 linis
2681 898 3054 955 sollicitudinis
3082 910 3137 956 ct
3165 900 3384 957 laboris.
3418 903 3554 961 Nam

1957 979 2308 1036 differendum
2337 985 2458 1053 quis
2486 994 2670 1054 putet,
2703 988 2748 1041 si
2776 987 3035 1045 beneﬁcia
3065 1005 3162 1045 sua
3190 990 3421 1048 vendere
3443 1007 3555 1049 non

1958 1081 2218 1128 retractet
2241 1076 2265 1128 ?

2637 1192 2875 1250 XXXIV.

2245 1295 2477 1334 ANTIANO
2515 1298 2856 1340 SUGGEltENTB
2896 1304 3091 1343 DlCTL'Il
3142 1307 3258 1346 EST.

2028 1365 2350 1424 Petitionem
2379 1378 2523 1426 tuam
2553 1375 2804 1431 retinebit
2833 1377 3086 1446 officium,
3116 1381 3290 1439 donec
3318 1401 3517 1441 consen
3535 1416 3553 1427 -

1956 1473 2076 1513 sum
2124 1461 2493 1529 sequentium,
2523 1464 2650 1520 dum
2680 1467 2907 1524 facultas
2937 1471 3120 1536 fuerit,
3172 1473 3502 1543 inquii-anius
3534 1495 3549 1531 :

1959 1550 2081 1620 quia
2112 1551 2202 1605 uni
2233 1551 2446 1608 incaute
2475 1555 2713 1612 creditur
2740 1560 2884 1628 quod
2925 1571 3009 1616 est
3049 1578 3080 1616 a
3123 1564 3362 1632 plurimis
3409 1583 3556 1623 asse-

1957 1643 2202 1697 rendum.
2248 1643 2327 1699 Ite
2374 1662 2561 1703 omnes
2608 1651 2870 1719 provecti.
2905 1651 3086 1708 Estote
3117 1657 3294 1711 cuncti
3327 1657 3556 1714 feliciter

1958 1735 2260 1802 approbati.
2304 1735 2387 1791 Nil
2417 1739 2745 1796 sustinuistis
2773 1743 2990 1798 dubium
3009 1786 3026 1813 ,
3057 1745 3184 1800 dum
3227 1763 3390 1804 omne
3413 1749 3556 1820 judi-

1958 1823 2098 1876 cium
2130 1823 2394 1880 habeatur
2423 1827 2706 1883 incertum.
2749 1830 2875 1886 Sola
2904 1848 3004 1887 nos
3049 1835 3207 1904 alpha
3237 1837 3555 1908 complecti-

1959 1923 2065 1980 tur,
2119 1916 2205 1970 ubi
2236 1932 2298 1970 ea
2329 1917 2506 1972 littera
2552 1936 2658 1974 non
2691 1921 2926 1977 timetur.
2960 1923 3050 1979 Sic
3075 1927 3218 1980 enim
3264 1929 3556 1998 unusquis-

1957 2021 2063 2075 que
2091 2009 2312 2076 proprio
2361 2025 2491 2063 usus
2527 2018 2610 2064 est
2639 2022 2799 2078 voto,
2835 2022 3086 2083 tanquam
3126 2017 3193 2071 de
3222 2020 3400 2075 alieno
3440 2037 3551 2078 non

1958 2098 2299 2168 pependisset
2329 2100 2576 2154 arbitrio.

2641 2238 2851 2293 XXXV.

2566 2347 2952 2386 IIELEGATORM.

2030 2439 2087 2493 Si
2127 2438 2425 2511 Olympiaci
2468 2457 2658 2498 currus
2701 2445 2934 2511 agitator
2982 2448 3122 2519 rapit
3169 2452 3385 2520 przemia
3429 2461 3554 2523 post

1958 2527 2190 2593 labores,
2244 2528 2288 2582 si
2325 2528 2560 2583 ferarum
2613 2540 2887 2587 certamen
2925 2533 3266 2592 inhonestum
3297 2540 3558 2598 velociter

1957 2621 2097 2675 solet
2123 2635 2387 2676 coronare
2416 2621 2671 2688 victores,
2691 2638 2853 2694 quam
2882 2624 3214 2684 celeritatem
3239 2645 3556 2687 remunera-

1960 2711 2123 2766 tionis
2171 2711 2490 2779 merebitur,
2541 2728 2572 2767 a
2603 2729 2712 2783 quo
2742 2715 3081 2772 laudabiliter
3120 2721 3322 2775 militia:
3367 2739 3552 2779 sacra-

1960 2811 2140 2858 menta
2171 2805 2542 2872 peraguntur?
2569 2801 2679 2860 Cur
2706 2807 2849 2861 enim
2880 2809 3150 2878 agentium
3181 2811 3234 2866 in
3260 2811 3422 2868 rebus
3450 2816 3558 2869 mi-

1959 2893 2038 2948 les
2086 2893 2248 2948 ollieii
2293 2902 2415 2964 post
2452 2903 2535 2950 tot
2582 2895 2783 2952 laboris
2821 2898 3024 2954 incerta
3073 2899 3273 2970 aliquid
3322 2905 3558 2973 patiatur

1879 2998 1928 3061 ο
1961 2983 2288 3051 ambiguum,
2321 2983 2413 3052 qui
2442 2986 2646 3040 crebris
2692 2987 2993 3045 actionibus
3040 2991 3388 3058 excubando,
3432 2993 3556 3052 ideo

1964 3073 2218 3143 principis
2245 3088 2438 3128 nomen
2469 3074 2670 3131 habere
2713 3079 3028 3146 promeruit,
3073 3082 3199 3150 quia
3225 3082 3428 3139 militia:
3465 3100 3558 3140 sa-

1962 3161 2252 3217 cramentis
2285 3171 2508 3219 ceteros
2537 3166 2852 3221 antecellit?
2880 3167 3198 3227 Observabit
3235 3174 3377 3228 enim
3401 3173 3553 3246 jugi-

1963 3262 2046 3308 ter
2074 3254 2438 3323 imperialibus
2453 3255 2615 3324 jussis
2634 3299 2649 3324 ,
2679 3266 2736 3313 et
2757 3268 2814 3314 ut
2834 3263 3190 3317 reverentiam
3220 3259 3578 3333 prmtorianae'

1963 3344 2106 3399 sedis
2135 3343 2420 3400 extolleret
2450 3346 2590 3419 [Ac.,
2621 3349 2953 3422 excelleret],
2989 3360 3118 3406 tunc
3163 3354 3228 3407 ad
3267 3354 3383 3424 ejus
3408 3357 3558 3412 venit

1965 3437 2303 3505 obsequium,
2331 3438 2546 3506 quando
2588 3441 2906 3494 vocabulum
2952 3444 3116 3513 εαξβῆ
3141 3444 3340 3501 habere
3371 3448 3558 3517 przeci-

1965 3541 2149 3595 puum.
2185 3524 2340 3580 Tales
2368 3540 2496 3594 ergo
2527 3527 2756 3594 tardare,
2804 3531 3072 3599 piaculum
3121 3544 3222 3602 est,
3272 3536 3396 3605 quia
3430 3547 3555 3607 post

1967 3618 2200 3688 palmam
2233 3633 2394 3672 nemo
2433 3618 2628 3673 dilatus
2671 3629 2773 3676 est.
2815 3621 3065 3680 Votivum
3107 3641 3214 3680 non
3244 3635 3426 3698 potest
3451 3627 3558 3684 dici

1966 3709 2110 3777 quod
2141 3710 2312 3764 tristis
2341 3711 2583 3781 suscipit.
2613 3709 2934 3768 Gravamina
2965 3717 3106 3771 nulla
3136 3728 3377 3774 metuant
3399 3720 3560 3777 abso-

1963 3801 2083 3866 luti,
2115 3816 2183 3856 ne
2205 3809 2394 3872 portus
2427 3801 2531 3856 hoc
2558 3802 2766 3872 ingerat
2791 3803 2972 3859 liberis
2997 3808 3138 3877 quod
3169 3807 3347 3864 facere
3375 3811 3555 3880 potuit

1965 3892 2201 3963 procella
2230 3892 2453 3946 vexatis.
2486 3891 2828 3964 Quapropter
2855 3896 3185 3965 experientia
3217 3907 3306 3952 tua
3347 3899 3417 3955 de
3459 3881 3570 3954 illa,

1970 3983 2276 4054 provincia,
2317 3999 2384 4038 ex
2415 3983 2654 4039 illatione
2694 3985 2849 4040 tertia
2873 4027 2887 4045 .
2931 3986 3184 4042 liscalium
3235 3990 3557 4046 tributorum

1971 4076 2172 4130 solidos
2191 4116 2204 4138 ,
2237 4090 2374 4144 quos
2400 4075 2629 4144 principi
2657 4073 3019 4143 Augustorum
3049 4079 3123 4149 [id
3153 4089 3248 4142 est,
3281 4081 3557 4147 agentium

1973 4167 2025 4220 in
2071 4161 2264 4234 rebus].
2303 4163 2522 4233 provida
2552 4164 2829 4234 deputavit
2867 4167 3184 4235 antiquitas,
3234 4169 3350 4222 sine
3378 4169 3557 4239 aliqua

344 4400 368 4426 ι
398 4386 769 4464 Diaei-entiam
798 4403 916 4444 esse
942 4390 1081 4444 inter
1101 4389 1430 4464 domesticos
1455 4398 1512 4464 et
1537 4399 1872 4460 protectores
1901 4395 1951 4454 Ι)
1977 4389 2217 4464 provinc.
2248 4405 2260 4439 :
2291 4386 2408 4464 Non
2439 4386 2960 4464 sitnvenalejudicis
2988 4390 3320 4464 ve_lnni,_non
3353 4395 3559 4464 ingres-

245 4467 506 4517 constat.
543 4457 672 4512 Nam
717 4459 771 4512 bi
821 4471 1080 4513 armatam
1126 4460 1368 4514 militiam
1399 4457 1724 4523 subeuntes,
1759 4477 1866 4515 non

239 4531 448 4587 solum
463 4526 796 4599 defendendi
840 4530 1084 4599 corporis
1131 4530 1243 4596 sui,
1277 4545 1462 4583 verum
1496 4531 1657 4583 etiam
1688 4541 1870 4598 prote-

237 4599 430 4670 gendi
461 4598 648 4651 lateris
691 4600 861 4653 nostri
901 4598 1314 4656 sollicitudinem
1361 4600 1682 4669 patiuntur:
1723 4601 1867 4654 unde

239 4673 436 4725 etiam
487 4675 852 4736 protectorum
899 4685 1095 4724 nomen
1135 4671 1309 4725 sortiti
1355 4679 1508 4732 sunt,
1560 4678 1615 4723 et
1662 4671 1869 4723 suntin

241 4740 410 4795 acie.
465 4737 596 4803 Alii,
653 4747 710 4791 ut
759 4739 956 4794 indicio
1001 4741 1234 4796 nominis
1265 4749 1522 4809 apparet,
1557 4740 1871 4809 lfatiiiliarius

237 4809 541 4879 militant,
585 4818 640 4862 et
677 4817 802 4879 sunt
840 4809 1124 4864 domestici
1169 4808 1524 4879 protectores.
1556 4808 1665 4863 Sed
1707 4825 1773 4863 ex
1807 4809 1871 4865 iis

237 4881 360 4935 alii
391 4877 548 4949 fuere
576 4878 828 4947 bipedes,
861 4879 950 4934 alii
991 4877 1219 4949 equites,
1276 4888 1334 4932 ut
1386 4879 1475 4932 alii
1517 4879 1742 4933 comites
1769 4881 1868 4933 do-

231 4948 624 5006 mesticorum
653 4949 923 5017 equitum,
954 4948 1055 5003 alii
1071 4951 1296 5004 comites
1321 4949 1739 5004 domesticorum
1768 4964 1865 5017 pe-

231 5022 445 5075 ditum
479 5034 491 5068 :
526 5017 621 5087 viri
653 5018 905 5082 illustres,
939 5035 967 5072 a
990 5019 1183 5087 quibus
1211 5017 1491 5073 domestici
1522 5018 1863 5084 regebantur,

1973 4455 2063 4514 sus
2090 4457 2409 4528 redemptio.
2439 4455 2640 4528 Tullius
2670 4458 2722 4513 in
2751 4458 2974 4513 Verrem
3001 4477 3013 4512 :
3048 4458 3117 4514 Ut
3137 4462 3318 4528 adeas,
3353 4455 3560 4520 tantum

1972 4528 2144 4582 dabis.
2178 4526 2459 4582 Salvianus
2483 4526 2845 4593 Massiliensis,
2873 4529 2962 4583 lib.
2997 4546 3052 4584 ιιι
3081 4530 3148 4586 de
3177 4526 3554 4589 Providentia:

1973 4598 2113 4673 l_ntra
2134 4597 2333 4666 januas
2361 4612 2468 4650 non
2483 4597 2662 4673 _modo
2703 4599 3014 4665 illustrium,
3046 4603 3139 4655 sed
3183 4604 3343 4658 etiam
3375 4605 3559 4673 praesi-

1971 4668 2100 4722 dum
2136 4675 2230 4721 aut
2271 4667 2677 4740 przepo‘sitorum
2726 4685 3065 4740 nonomnes
3115 4675 3312 4740 passim
3356 4667 3559 4728 intrare
3645 4667 3656 4676 ’

1973 4746 2329 4810 pnesumunt,
2361 4737 2462 4791 nisi
2492 4752 2628 4810 quos
2657 4747 2749 4810 aut
2771 4738 2938 4808 judex
2963 4737 3256 4805 vocaverit,
3285 4751 3375 4795 aut
3399 4756 3560 4810 nego-

1976 4807 2106 4880 tium
2131 4807 2378 4880 traxcrit.
2424 4817 2516 4880 aut
2545 4807 2656 4880 ipsa
2697 4808 2916 4880 honoris
2947 4810 3146 4880 proprii
3197 4810 3429 4880 dignitas
3472 4807 3558 4866 in-

1972 4878 2138 4932 troire
2169 4877 2469 4948 permiserit
2497 4893 2510 4940 ;
2545 4877 2615 4948 ita
2645 4887 2704 4930 ut
2744 4880 2789 4933 si
2817 4877 3083 4948 quispiam
3113 4877 3382 4947 ingressus
3413 4883 3558 4937 inso-

1972 4948 2144 5001 lenter
2174 4946 2363 5018 fuerit,
2379 4955 2480 5018 aut
2505 4947 2761 5012 etedatur,
2809 4946 2901 5002 aut
2942 4946 3292 5018 propella’tur,
3327 4960 3421 5004 aut
3461 4953 3560 5007 ali-

1969 5034 2073 5084 qua
2103 5017 2423 5072 verecundia
2453 5026 2615 5084 atque
2640 5017 3057 5073 existimationis
3080 5035 3189 5072 sure
3217 5019 3336 5074 labe
3365 5021 3559 5077 multo;

228 5104 394 5152 cpm
427 5087 510 5141 eis
540 5086 742 5142 licitum
773 5100 891 5142 erat
919 5086 1183 5155 attingere
1211 5104 1275 5143 ac
1316 5088 1543 5141 adorare
1573 5103 1865 5154 purpuram

225 5158 568 5232 principis.
589 5157 649 5212 L.
680 5157 822 5232 2,0.
857 5159 934 5232 De
954 5159 1266 5232 fabricens.;
1359 5156 1496 5232 l,‘C.
1533 5155 1610 5232 pe
1631 5157 1868 5232 domesti-

225 5227 364 5284 ἓίε.
401 5227 459 5280 In
489 5229 788 5282 salutandis
808 5227 1038 5283 etiamet
1059 5229 1365 5283 osculandis
1386 5227 1600 5281 vicariis
1625 5229 1861 5296 pnefcct.

224 5298 570 5372 ιιτειξῑοτίο,Δ
600 5313 664 5352 ac
693 5299 862 5372 multo
914 5299 1083 5372 magis
1108 5298 1436 5372 _pr:esid_i_bus
1474 5297 1822 5372 admittantur
1847 5313 1861 5361 ;

221 5367 824 5442 guiniajumnti
852 5370 1071 5442 honoris
1108 5367 1230 5423 luco
1263 5369 1595 5442 tribuuntur;
1628 5377 1683 5442 et
1709 5368 1785 5421 sic
1811 5367 1862 5420 in

217 5435 292 5498 ιζ
347 5437 475 5501 109,
508 5435 573 5490 C.
609 5437 838 5503 Theod.,
883 5439 950 5493 de
978 5439 1190 5504 decur.,
1229 5437 1468 5493 osculum
1513 5437 1594 5491 his
1634 5438 1685 5490 in
1733 5453 1862 5506 pro-

209 5510 453 5566 vincia
496 5508 848 5576 judicantium
879 5518 933 5562 et
957 5523 1242 5563 consessus
1272 5507 1508 5561 indultus
1549 5508 1637 5560 sit.
1671 5507 1858 5561 Bnoss.

348 5577 373 5615 ιι
405 5577 602 5633 Merito
625 5579 745 5646 quis
789 5578 1078 5649 addubitet
1094 5579 1458 5649 num_rectius
1484 5577 1760 5649 aliquanto
1789 5580 1863 5632 le-

214 5657 460 5724 gatur,
499 5650 691 5701 aditus.
724 5649 846 5717 Arg.
879 5648 914 5702 l.
949 5649 1011 5721 l,
1042 5647 1176 5702 Cod.
1214 5646 1441 5714 Thcod.,
1489 5646 1683 5705 dc'oﬂ‘.
1727 5658 1858 5704 rect.

1971 5097 2074 5140 tur.
2105 5086 2374 5141 Valentin.
2409 5095 2463 5138 et
2494 5086 2689 5158 Valens
2719 5089 2883 5158 impp.
2906 5108 2916 5142 :
2943 5089 3156 5158 Apertis
3183 5088 3384 5144 foribus
3415 5092 3557 5147 intro

1970 5157 2175 5211 vocatis
2199 5158 2475 5222 omnibus,
2517 5167 2625 5212 etc.
2660 5157 2720 5210 L.
2762 5157 2811 5220 2,
2835 5157 2906 5211 Ε.
2940 5157 3169 5221 Theod.,
3193 5159 3260 5213 de
3287 5159 3379 5214 olT.
3414 5173 3551 5218 rect.

1970 5227 2243 5297 provinc.;
2289 5226 2326 5279 l.
2378 5227 2431 5289 9,
2479 5225 2752 5297 Quisquis,
2795 5226 2927 5281 Cod.
2961 5227 3190 5292 Theod.,
3220 5229 3290 5284 de
3334 5231 3556 5285 hieret.:

1970 5296 2190 5370 Aperiat
2219 5296 2410 5370 forum,
2437 5305 2542 5370 ete.
2572 5296 2746 5370 Nolim
2774 5306 2951 5370 tamen
2983 5299 3051 5370 ab
3077 5301 3294 5370 antiqua
3325 5309 3382 5354 ct
3408 5301 3555 5356 edita

1969 5366 2219 5438 let-tione,
2252 5367 2478 5438 (ruditus,
2502 5367 2655 5423 facile
2683 5368 2956 5422 recedere.
2987 5369 3116 5422 Nam
3141 5366 3299 5425 aures
3319 5371 3562 5438 pnebere

1968 5437 2166 5490 dicitur
2189 5435 2374 5501 judex.
2408 5435 2675 5501 Martium,
2709 5439 2904 5492 novell.
2946 5438 2991 5504 l,
3027 5440 3116 5494 lih.
3151 5456 3241 5496 tu:
3276 5435 3559 5495 Neminem

1969 5506 2211 5578 exhiberi
2242 5510 2308 5558 de
2342 5505 2577 5572 provinc.
2613 5507 2849 5578 integras
2878 5510 3197 5564 adeuntibus
3237 5525 3390 5564 aures
3418 5522 3552 5578 pra-

1969 5578 2114 5632 berc.
2150 5576 2380 5647 Contra,
2429 5590 2584 5628 aures
2624 5577 2917 5644 ohseratm,
2950 5579 3126 5634 Valcr.
3175 5576 3431 5647 bluam»,—
3461 5580 3551 5634 lib.

1971 5665 2059 5715 vn,
2088 5663 2206 5716 cap.
2241 5645 2292 5698 5.
2325 5645 2559 5700 ιθυιιλιη.
