  <div class='ocr_page' id='page_1' title='image "/cluster/home/n/w/nwhite01/storage/ocr_20150623/69/hvd.32044054758727/451.png"; bbox 0 0 3990 6170; ppageno 0'>
   <div class='ocr_carea' id='block_1_1' title="bbox 471 233 571 291">
    <p class='ocr_par' dir='ltr' id='par_1_1' title="bbox 471 233 571 291">
     <span class='ocr_line' id='line_1_1' title="bbox 471 233 571 291; baseline 0.02 -3"><span class='ocrx_word' id='word_1_1' title='bbox 471 233 571 291; x_wconf 71' lang='grc' dir='ltr'><strong><em>ΕΠ</em></strong></span> 
     </span>
    </p>
   </div>
   <div class='ocr_carea' id='block_1_2' title="bbox 1702 225 2089 302">
    <p class='ocr_par' dir='ltr' id='par_1_2' title="bbox 1702 225 2086 285">
     <span class='ocr_line' id='line_1_2' title="bbox 1702 225 2086 285; baseline -0.01 -1"><span class='ocrx_word' id='word_1_2' title='bbox 1702 230 1775 285; x_wconf 80' lang='grc' dir='ltr'><strong>Μ.</strong></span> <span class='ocrx_word' id='word_1_3' title='bbox 1818 225 2086 284; x_wconf 75' lang='lat' dir='ltr'><strong>AIillElJI</strong></span> 
     </span>
    </p>
   </div>
   <div class='ocr_carea' id='block_1_3' title="bbox 2189 225 3669 302">
    <p class='ocr_par' dir='ltr' id='par_1_3' title="bbox 2189 227 3669 302">
     <span class='ocr_line' id='line_1_3' title="bbox 2189 227 3669 302; baseline 0.014 -19"><span class='ocrx_word' id='word_1_4' title='bbox 2189 227 2519 286; x_wconf 63' lang='lat' dir='ltr'><strong>lSSIODORI</strong></span> <span class='ocrx_word' id='word_1_5' title='bbox 3058 242 3061 249; x_wconf 87' lang='grc'><em>’</em></span> <span class='ocrx_word' id='word_1_6' title='bbox 3586 245 3669 302; x_wconf 73' lang='grc' dir='ltr'>ω</span> 
     </span>
    </p>
   </div>
   <div class='ocr_carea' id='block_1_4' title="bbox 472 341 3718 429">
    <p class='ocr_par' dir='ltr' id='par_1_4' title="bbox 472 341 3718 429">
     <span class='ocr_line' id='line_1_4' title="bbox 472 341 3718 429; baseline 0.006 -25"><span class='ocrx_word' id='word_1_7' title='bbox 472 348 732 404; x_wconf 82' lang='lat' dir='ltr'><strong>dilatione</strong></span> <span class='ocrx_word' id='word_1_8' title='bbox 776 347 1080 418; x_wconf 90' lang='lat' dir='ltr'><strong>persolvat,</strong></span> <span class='ocrx_word' id='word_1_9' title='bbox 1114 362 1249 416; x_wconf 88' lang='lat' dir='ltr'><strong>quos</strong></span> <span class='ocrx_word' id='word_1_10' title='bbox 1278 345 1493 400; x_wconf 82' lang='lat' dir='ltr'><strong>noveris</strong></span> <span class='ocrx_word' id='word_1_11' title='bbox 1524 344 1693 398; x_wconf 73' lang='lat' dir='ltr'><strong>tertia:</strong></span> <span class='ocrx_word' id='word_1_12' title='bbox 1721 344 1943 398; x_wconf 71' lang='lat' dir='ltr'><strong>deeitnze</strong></span> <span class='ocrx_word' id='word_1_13' title='bbox 1974 342 2055 396; x_wconf 89' lang='lat' dir='ltr'><strong>in-</strong></span> <span class='ocrx_word' id='word_1_14' title='bbox 2083 341 2134 400; x_wconf 84' lang='lat' dir='ltr'><strong>A</strong></span> <span class='ocrx_word' id='word_1_15' title='bbox 2161 344 2362 412; x_wconf 87' lang='lat' dir='ltr'><strong>perior,</strong></span> <span class='ocrx_word' id='word_1_16' title='bbox 2406 361 2512 400; x_wconf 91' lang='lat' dir='ltr'><strong>non</strong></span> <span class='ocrx_word' id='word_1_17' title='bbox 2559 345 2806 403; x_wconf 75' lang='lat' dir='ltr'><strong>redemit.</strong></span> <span class='ocrx_word' id='word_1_18' title='bbox 2849 346 3028 405; x_wconf 78' lang='lat' dir='ltr'><strong>Nostis</strong></span> <span class='ocrx_word' id='word_1_19' title='bbox 3055 363 3215 403; x_wconf 86' lang='lat' dir='ltr'><strong>omne</strong></span> <span class='ocrx_word' id='word_1_20' title='bbox 3245 351 3381 419; x_wconf 81' lang='lat' dir='ltr'><strong>quod</strong></span> <span class='ocrx_word' id='word_1_21' title='bbox 3423 353 3672 429; x_wconf 87' lang='lat' dir='ltr'><strong>loquimur.</strong></span> <span class='ocrx_word' id='word_1_22' title='bbox 3714 417 3718 421; x_wconf 92' lang='lat'><strong>.</strong></span> 
     </span>
    </p>
   </div>
   <div class='ocr_carea' id='block_1_5' title="bbox 473 436 2063 510">
    <p class='ocr_par' dir='ltr' id='par_1_5' title="bbox 473 436 2063 510">
     <span class='ocr_line' id='line_1_5' title="bbox 473 436 2063 510; baseline -0.004 -15"><span class='ocrx_word' id='word_1_23' title='bbox 473 440 723 496; x_wconf 89' lang='lat' dir='ltr'><strong>dictionis</strong></span> <span class='ocrx_word' id='word_1_24' title='bbox 753 438 927 510; x_wconf 78' lang='lat' dir='ltr'><strong>(Anno</strong></span> <span class='ocrx_word' id='word_1_25' title='bbox 956 437 1148 493; x_wconf 80' lang='lat' dir='ltr'><strong>Christi</strong></span> <span class='ocrx_word' id='word_1_26' title='bbox 1196 436 1323 507; x_wconf 74' lang='lat'><strong>555)</strong></span> <span class='ocrx_word' id='word_1_27' title='bbox 1356 437 1657 493; x_wconf 89' lang='lat' dir='ltr'><strong>rationibus</strong></span> <span class='ocrx_word' id='word_1_28' title='bbox 1703 436 2063 508; x_wconf 87' lang='lat' dir='ltr'><strong>imputandos.</strong></span> 
     </span>
    </p>
   </div>
   <div class='ocr_carea' id='block_1_6' title="bbox 473 526 2064 593">
    <p class='ocr_par' dir='ltr' id='par_1_6' title="bbox 473 526 2064 593">
     <span class='ocr_line' id='line_1_6' title="bbox 473 526 2064 593; baseline -0.003 -9"><span class='ocrx_word' id='word_1_29' title='bbox 473 529 582 585; x_wconf 87' lang='lat' dir='ltr'><strong>Sed</strong></span> <span class='ocrx_word' id='word_1_30' title='bbox 612 543 742 583; x_wconf 90' lang='lat' dir='ltr'><strong>cave</strong></span> <span class='ocrx_word' id='word_1_31' title='bbox 766 526 981 582; x_wconf 81' lang='lat' dir='ltr'><strong>venales</strong></span> <span class='ocrx_word' id='word_1_32' title='bbox 1007 542 1188 582; x_wconf 89' lang='lat' dir='ltr'><strong>moras</strong></span> <span class='ocrx_word' id='word_1_33' title='bbox 1217 529 1264 593; x_wconf 79' lang='lat'><strong>“,</strong></span> <span class='ocrx_word' id='word_1_34' title='bbox 1297 527 1506 583; x_wconf 86' lang='lat' dir='ltr'><strong>declina</strong></span> <span class='ocrx_word' id='word_1_35' title='bbox 1533 526 1791 582; x_wconf 88' lang='lat' dir='ltr'><strong>damnosa</strong></span> <span class='ocrx_word' id='word_1_36' title='bbox 1823 526 2064 591; x_wconf 85' lang='lat' dir='ltr'><strong>fastidia;</strong></span> 
     </span>
    </p>
   </div>
   <div class='ocr_carea' id='block_1_7' title="bbox 476 619 2067 693">
    <p class='ocr_par' dir='ltr' id='par_1_7' title="bbox 476 619 2067 693">
     <span class='ocr_line' id='line_1_7' title="bbox 476 619 2067 693; baseline -0.003 -17"><span class='ocrx_word' id='word_1_37' title='bbox 476 631 537 676; x_wconf 88' lang='lat' dir='ltr'><strong>ut</strong></span> <span class='ocrx_word' id='word_1_38' title='bbox 563 621 652 691; x_wconf 87' lang='lat' dir='ltr'><strong>qui</strong></span> <span class='ocrx_word' id='word_1_39' title='bbox 683 619 955 675; x_wconf 85' lang='lat' dir='ltr'><strong>desideras</strong></span> <span class='ocrx_word' id='word_1_40' title='bbox 982 620 1174 675; x_wconf 83' lang='lat' dir='ltr'><strong>similia</strong></span> <span class='ocrx_word' id='word_1_41' title='bbox 1197 620 1477 693; x_wconf 86' lang='lat' dir='ltr'><strong>consequi,</strong></span> <span class='ocrx_word' id='word_1_42' title='bbox 1505 619 1810 692; x_wconf 88' lang='lat' dir='ltr'><strong>exemplum</strong></span> <span class='ocrx_word' id='word_1_43' title='bbox 1841 619 1935 674; x_wconf 84' lang='lat' dir='ltr'><strong>tibi</strong></span> <span class='ocrx_word' id='word_1_44' title='bbox 1962 634 2067 673; x_wconf 87' lang='lat' dir='ltr'><strong>non</strong></span> 
     </span>
    </p>
   </div>
   <div class='ocr_carea' id='block_1_8' title="bbox 2172 436 3677 511">
    <p class='ocr_par' dir='ltr' id='par_1_8' title="bbox 2172 436 3677 511">
     <span class='ocr_line' id='line_1_8' title="bbox 2172 436 3677 511; baseline 0.013 -25"><span class='ocrx_word' id='word_1_45' title='bbox 2172 449 2347 504; x_wconf 88' lang='lat' dir='ltr'><strong>neque</strong></span> <span class='ocrx_word' id='word_1_46' title='bbox 2386 436 2527 490; x_wconf 91' lang='lat' dir='ltr'><strong>enim</strong></span> <span class='ocrx_word' id='word_1_47' title='bbox 2569 437 2624 491; x_wconf 91' lang='lat' dir='ltr'><strong>in</strong></span> <span class='ocrx_word' id='word_1_48' title='bbox 2664 437 2923 495; x_wconf 85' lang='lat' dir='ltr'><strong>cubiculis</strong></span> <span class='ocrx_word' id='word_1_49' title='bbox 2978 440 3177 495; x_wconf 78' lang='lat' dir='ltr'><strong>nostris</strong></span> <span class='ocrx_word' id='word_1_50' title='bbox 3228 444 3494 500; x_wconf 78' lang='lat' dir='ltr'><strong>secretaria</strong></span> <span class='ocrx_word' id='word_1_51' title='bbox 3533 462 3677 511; x_wconf 74' lang='lat' dir='ltr'><strong>nostra</strong></span> 
     </span>
    </p>
   </div>
   <div class='ocr_carea' id='block_1_9' title="bbox 2171 527 3680 599">
    <p class='ocr_par' dir='ltr' id='par_1_9' title="bbox 2171 527 3680 599">
     <span class='ocr_line' id='line_1_9' title="bbox 2171 527 3680 599; baseline 0.015 -22"><span class='ocrx_word' id='word_1_52' title='bbox 2171 533 2387 594; x_wconf 89' lang='lat' dir='ltr'><strong>peracta</strong></span> <span class='ocrx_word' id='word_1_53' title='bbox 2417 535 2562 583; x_wconf 90' lang='lat' dir='ltr'><strong>sunt.</strong></span> <span class='ocrx_word' id='word_1_54' title='bbox 2589 527 2742 595; x_wconf 84' lang='lat' dir='ltr'><strong>Quod</strong></span> <span class='ocrx_word' id='word_1_55' title='bbox 2783 529 3005 599; x_wconf 86' lang='lat' dir='ltr'><strong>egimus,</strong></span> <span class='ocrx_word' id='word_1_56' title='bbox 3029 531 3281 586; x_wconf 83' lang='lat' dir='ltr'><strong>cohortes</strong></span> <span class='ocrx_word' id='word_1_57' title='bbox 3306 548 3556 595; x_wconf 85' lang='lat' dir='ltr'><strong>noverunt.</strong></span> <span class='ocrx_word' id='word_1_58' title='bbox 3581 542 3680 599; x_wconf 83' lang='lat' dir='ltr'><strong>Fui-</strong></span> 
     </span>
    </p>
   </div>
   <div class='ocr_carea' id='block_1_10' title="bbox 2173 617 3681 697">
    <p class='ocr_par' dir='ltr' id='par_1_10' title="bbox 2173 617 3681 697">
     <span class='ocr_line' id='line_1_10' title="bbox 2173 617 3681 697; baseline 0.015 -28"><span class='ocrx_word' id='word_1_59' title='bbox 2173 631 2293 671; x_wconf 86' lang='lat' dir='ltr'><strong>mus</strong></span> <span class='ocrx_word' id='word_1_60' title='bbox 2322 617 2573 673; x_wconf 85' lang='lat' dir='ltr'><strong>nimirum</strong></span> <span class='ocrx_word' id='word_1_61' title='bbox 2600 619 2668 675; x_wconf 90' lang='lat' dir='ltr'><strong>ad</strong></span> <span class='ocrx_word' id='word_1_62' title='bbox 2707 620 3007 676; x_wconf 89' lang='lat' dir='ltr'><strong>nocendum</strong></span> <span class='ocrx_word' id='word_1_63' title='bbox 3046 623 3261 692; x_wconf 80' lang='lat' dir='ltr'><strong>privati,</strong></span> <span class='ocrx_word' id='word_1_64' title='bbox 3300 626 3363 678; x_wconf 86' lang='lat' dir='ltr'><strong>ad</strong></span> <span class='ocrx_word' id='word_1_65' title='bbox 3388 636 3681 697; x_wconf 63' lang='lat' dir='ltr'><strong>pricstaudum</strong></span> 
     </span>
    </p>
   </div>
   <div class='ocr_carea' id='block_1_11' title="bbox 477 704 3686 787">
    <p class='ocr_par' dir='ltr' id='par_1_11' title="bbox 477 704 3686 787">
     <span class='ocr_line' id='line_1_11' title="bbox 477 704 3686 787; baseline 0.006 -23"><span class='ocrx_word' id='word_1_66' title='bbox 477 710 709 766; x_wconf 77' lang='lat' dir='ltr'><strong>videaris</strong></span> <span class='ocrx_word' id='word_1_67' title='bbox 746 710 989 767; x_wconf 79' lang='lat' dir='ltr'><strong>intulisse</strong></span> <span class='ocrx_word' id='word_1_68' title='bbox 1032 712 1317 784; x_wconf 85' lang='lat' dir='ltr'><strong>dispendii.</strong></span> <span class='ocrx_word' id='word_1_69' title='bbox 1368 712 1710 784; x_wconf 83' lang='lat' dir='ltr'><strong>Quapropter</strong></span> <span class='ocrx_word' id='word_1_70' title='bbox 1757 720 2067 783; x_wconf 88' lang='lat' dir='ltr'><strong>poscentem</strong></span> <span class='ocrx_word' id='word_1_71' title='bbox 2167 704 2398 775; x_wconf 66' lang='lat' dir='ltr'><strong>iudices-</strong></span> <span class='ocrx_word' id='word_1_72' title='bbox 2448 707 2720 765; x_wconf 68' lang='grc' dir='ltr'><strong>ῧὶεῐνὶοῑίο</strong></span> <span class='ocrx_word' id='word_1_73' title='bbox 2755 718 2941 766; x_wconf 68' lang='grc' dir='ltr'><strong>ηοεῐτα</strong></span> <span class='ocrx_word' id='word_1_74' title='bbox 2981 712 3032 766; x_wconf 75' lang='lat' dir='ltr'><strong>in</strong></span> <span class='ocrx_word' id='word_1_75' title='bbox 3061 713 3239 768; x_wconf 71' lang='grc' dir='ltr'><strong>νθΐῑιίε</strong></span> <span class='ocrx_word' id='word_1_76' title='bbox 3266 724 3345 769; x_wconf 68' lang='grc' dir='ltr'><strong>εει</strong></span> <span class='ocrx_word' id='word_1_77' title='bbox 3372 716 3686 787; x_wconf 55' lang='lat' dir='ltr'><strong>[ululantia</strong></span> 
     </span>
    </p>
   </div>
   <div class='ocr_carea' id='block_1_12' title="bbox 478 801 2070 878">
    <p class='ocr_par' dir='ltr' id='par_1_12' title="bbox 478 801 2070 878">
     <span class='ocr_line' id='line_1_12' title="bbox 478 801 2070 878; baseline 0.001 -21"><span class='ocrx_word' id='word_1_78' title='bbox 478 803 690 858; x_wconf 85' lang='lat' dir='ltr'><strong>ratione</strong></span> <span class='ocrx_word' id='word_1_79' title='bbox 716 802 858 878; x_wconf 63' lang='grc' dir='ltr'><strong>[ϐυ-η</strong></span> <span class='ocrx_word' id='word_1_80' title='bbox 885 801 975 876; x_wconf 90' lang='lat' dir='ltr'><strong>ne]</strong></span> <span class='ocrx_word' id='word_1_81' title='bbox 1004 804 1348 871; x_wconf 88' lang='lat' dir='ltr'><strong>submoveas,</strong></span> <span class='ocrx_word' id='word_1_82' title='bbox 1379 807 1425 861; x_wconf 93' lang='lat' dir='ltr'><strong>si</strong></span> <span class='ocrx_word' id='word_1_83' title='bbox 1457 815 1509 860; x_wconf 91' lang='lat' dir='ltr'><strong>te</strong></span> <span class='ocrx_word' id='word_1_84' title='bbox 1546 805 1776 862; x_wconf 85' lang='lat' dir='ltr'><strong>actionis</strong></span> <span class='ocrx_word' id='word_1_85' title='bbox 1807 814 1910 860; x_wconf 67' lang='lat' dir='ltr'><strong>tua:</strong></span> <span class='ocrx_word' id='word_1_86' title='bbox 1937 820 2070 876; x_wconf 90' lang='lat' dir='ltr'><strong>qua-</strong></span> 
     </span>
    </p>
   </div>
   <div class='ocr_carea' id='block_1_13' title="bbox 476 893 2072 969">
    <p class='ocr_par' dir='ltr' id='par_1_13' title="bbox 476 893 2072 969">
     <span class='ocr_line' id='line_1_13' title="bbox 476 893 2072 969; baseline 0.002 -22"><span class='ocrx_word' id='word_1_87' title='bbox 476 893 632 949; x_wconf 89' lang='lat' dir='ltr'><strong>litate</strong></span> <span class='ocrx_word' id='word_1_88' title='bbox 684 895 1021 963; x_wconf 67' lang='lat' dir='ltr'><strong>constringas</strong></span> <span class='ocrx_word' id='word_1_89' title='bbox 1087 894 1232 969; x_wconf 82' lang='lat' dir='ltr'><strong>[Ac.,</strong></span> <span class='ocrx_word' id='word_1_90' title='bbox 1287 894 1660 969; x_wconf 80' lang='lat' dir='ltr'><strong>constringat}.</strong></span> <span class='ocrx_word' id='word_1_91' title='bbox 1716 894 2072 952; x_wconf 78' lang='lat' dir='ltr'><strong>Honorabiles</strong></span> 
     </span>
    </p>
   </div>
   <div class='ocr_carea' id='block_1_14' title="bbox 476 982 2073 1053">
    <p class='ocr_par' dir='ltr' id='par_1_14' title="bbox 476 982 2073 1053">
     <span class='ocr_line' id='line_1_14' title="bbox 476 982 2073 1053; baseline 0.002 -16"><span class='ocrx_word' id='word_1_92' title='bbox 476 982 695 1053; x_wconf 86' lang='lat' dir='ltr'><strong>quidem</strong></span> <span class='ocrx_word' id='word_1_93' title='bbox 737 999 765 1038; x_wconf 92' lang='lat' dir='ltr'><strong>a</strong></span> <span class='ocrx_word' id='word_1_94' title='bbox 807 986 1014 1041; x_wconf 89' lang='lat' dir='ltr'><strong>cunctis</strong></span> <span class='ocrx_word' id='word_1_95' title='bbox 1042 985 1276 1041; x_wconf 87' lang='lat' dir='ltr'><strong>habendi</strong></span> <span class='ocrx_word' id='word_1_96' title='bbox 1318 996 1443 1042; x_wconf 87' lang='lat' dir='ltr'><strong>sunt</strong></span> <span class='ocrx_word' id='word_1_97' title='bbox 1470 986 1739 1050; x_wconf 82' lang='lat' dir='ltr'><strong>veterani,</strong></span> <span class='ocrx_word' id='word_1_98' title='bbox 1771 985 1867 1042; x_wconf 89' lang='lat' dir='ltr'><strong>sed</strong></span> <span class='ocrx_word' id='word_1_99' title='bbox 1893 987 1961 1041; x_wconf 76' lang='lat' dir='ltr'><strong>ab</strong></span> <span class='ocrx_word' id='word_1_100' title='bbox 1990 986 2073 1041; x_wconf 91' lang='lat' dir='ltr'><strong>his</strong></span> 
     </span>
    </p>
   </div>
   <div class='ocr_carea' id='block_1_15' title="bbox 482 1075 2073 1146">
    <p class='ocr_par' dir='ltr' id='par_1_15' title="bbox 482 1075 2073 1146">
     <span class='ocr_line' id='line_1_15' title="bbox 482 1075 2073 1146; baseline 0.002 -16"><span class='ocrx_word' id='word_1_101' title='bbox 482 1075 715 1131; x_wconf 81' lang='lat' dir='ltr'><strong>maxime</strong></span> <span class='ocrx_word' id='word_1_102' title='bbox 766 1077 857 1145; x_wconf 90' lang='lat' dir='ltr'><strong>qui</strong></span> <span class='ocrx_word' id='word_1_103' title='bbox 909 1076 1113 1132; x_wconf 70' lang='lat' dir='ltr'><strong>militia:</strong></span> <span class='ocrx_word' id='word_1_104' title='bbox 1161 1077 1352 1134; x_wconf 90' lang='lat' dir='ltr'><strong>labore</strong></span> <span class='ocrx_word' id='word_1_105' title='bbox 1404 1077 1733 1134; x_wconf 86' lang='lat' dir='ltr'><strong>detinentur.</strong></span> <span class='ocrx_word' id='word_1_106' title='bbox 1780 1076 1900 1134; x_wconf 86' lang='lat' dir='ltr'><strong>Tibi</strong></span> <span class='ocrx_word' id='word_1_107' title='bbox 1941 1091 2073 1146; x_wconf 87' lang='lat' dir='ltr'><strong>ergo</strong></span> 
     </span>
    </p>
   </div>
   <div class='ocr_carea' id='block_1_16' title="bbox 478 1166 2075 1242">
    <p class='ocr_par' dir='ltr' id='par_1_16' title="bbox 478 1166 2075 1242">
     <span class='ocr_line' id='line_1_16' title="bbox 478 1166 2075 1242; baseline 0.004 -21"><span class='ocrx_word' id='word_1_108' title='bbox 478 1173 706 1235; x_wconf 59' lang='lat' dir='ltr'><strong>praestas</strong></span> <span class='ocrx_word' id='word_1_109' title='bbox 724 1166 866 1235; x_wconf 89' lang='lat' dir='ltr'><strong>quod</strong></span> <span class='ocrx_word' id='word_1_110' title='bbox 892 1167 1068 1237; x_wconf 89' lang='lat' dir='ltr'><strong>parcis</strong></span> <span class='ocrx_word' id='word_1_111' title='bbox 1098 1169 1276 1235; x_wconf 84' lang='lat' dir='ltr'><strong>alteri,</strong></span> <span class='ocrx_word' id='word_1_112' title='bbox 1293 1169 1507 1239; x_wconf 89' lang='lat' dir='ltr'><strong>quando</strong></span> <span class='ocrx_word' id='word_1_113' title='bbox 1535 1170 1854 1227; x_wconf 75' lang='lat' dir='ltr'><strong>indemnitas</strong></span> <span class='ocrx_word' id='word_1_114' title='bbox 1880 1170 2075 1242; x_wconf 77' lang='lat' dir='ltr'><strong>prioris</strong></span> 
     </span>
    </p>
   </div>
   <div class='ocr_carea' id='block_1_17' title="bbox 485 1258 1313 1330">
    <p class='ocr_par' dir='ltr' id='par_1_17' title="bbox 485 1258 1313 1330">
     <span class='ocr_line' id='line_1_17' title="bbox 485 1258 1313 1330; baseline 0.006 -18"><span class='ocrx_word' id='word_1_115' title='bbox 485 1260 692 1312; x_wconf 89' lang='lat' dir='ltr'><strong>lucrum</strong></span> <span class='ocrx_word' id='word_1_116' title='bbox 721 1258 903 1329; x_wconf 89' lang='lat' dir='ltr'><strong>potius</strong></span> <span class='ocrx_word' id='word_1_117' title='bbox 932 1258 993 1314; x_wconf 87' lang='lat' dir='ltr'><strong>iit</strong></span> <span class='ocrx_word' id='word_1_118' title='bbox 1017 1262 1313 1330; x_wconf 80' lang='lat' dir='ltr'><strong>sequentis.</strong></span> 
     </span>
    </p>
   </div>
   <div class='ocr_carea' id='block_1_18' title="bbox 976 1395 1584 1457">
    <p class='ocr_par' dir='ltr' id='par_1_18' title="bbox 976 1395 1584 1457">
     <span class='ocr_line' id='line_1_18' title="bbox 976 1395 1584 1457; baseline 0.01 -6"><span class='ocrx_word' id='word_1_119' title='bbox 976 1395 1305 1453; x_wconf 80' lang='lat' dir='ltr'><strong>EPISTOLA</strong></span> <span class='ocrx_word' id='word_1_120' title='bbox 1347 1398 1584 1457; x_wconf 77' lang='lat' dir='ltr'><strong>XXXVI.</strong></span> 
     </span>
    </p>
   </div>
   <div class='ocr_carea' id='block_1_19' title="bbox 484 1487 2074 1563">
    <p class='ocr_par' dir='ltr' id='par_1_19' title="bbox 484 1487 2074 1563">
     <span class='ocr_line' id='line_1_19' title="bbox 484 1487 2074 1563; baseline 0.008 -24"><span class='ocrx_word' id='word_1_121' title='bbox 484 1500 790 1543; x_wconf 63' lang='lat' dir='ltr'><strong>autumno</strong></span> <span class='ocrx_word' id='word_1_122' title='bbox 839 1487 972 1561; x_wconf 83' lang='lat' dir='ltr'><strong>[ed.,</strong></span> <span class='ocrx_word' id='word_1_123' title='bbox 1021 1491 1339 1563; x_wconf 69' lang='lat' dir='ltr'><strong>ANATOLICO]</strong></span> <span class='ocrx_word' id='word_1_124' title='bbox 1382 1509 1745 1550; x_wconf 64' lang='lat' dir='ltr'><strong>csacsunro</strong></span> <span class='ocrx_word' id='word_1_125' title='bbox 1781 1510 2074 1552; x_wconf 54' lang='lat' dir='ltr'><strong>meum;</strong></span> 
     </span>
    </p>
   </div>
   <div class='ocr_carea' id='block_1_20' title="bbox 712 1574 1857 1621">
    <p class='ocr_par' dir='ltr' id='par_1_20' title="bbox 712 1574 1857 1621">
     <span class='ocr_line' id='line_1_20' title="bbox 712 1574 1857 1621; baseline 0.01 -11"><span class='ocrx_word' id='word_1_126' title='bbox 712 1575 884 1612; x_wconf 67' lang='lat' dir='ltr'><strong>SAMNII</strong></span> <span class='ocrx_word' id='word_1_127' title='bbox 924 1574 1164 1615; x_wconf 76' lang='lat' dir='ltr'><strong>SENATOR</strong></span> <span class='ocrx_word' id='word_1_128' title='bbox 1199 1578 1518 1619; x_wconf 67' lang='lat' dir='ltr'><strong>PRAEFECTUS</strong></span> <span class='ocrx_word' id='word_1_129' title='bbox 1554 1579 1857 1621; x_wconf 68' lang='grc' dir='ltr'><strong>ιιιιιετοιιιο.</strong></span> 
     </span>
    </p>
   </div>
   <div class='ocr_carea' id='block_1_21' title="bbox 485 1644 2079 1728">
    <p class='ocr_par' dir='ltr' id='par_1_21' title="bbox 485 1644 2079 1728">
     <span class='ocr_line' id='line_1_21' title="bbox 485 1644 2079 1728; baseline 0.008 -29"><span class='ocrx_word' id='word_1_130' title='bbox 485 1644 735 1728; x_wconf 64' lang='lat' dir='ltr'><strong>discernit</strong></span> <span class='ocrx_word' id='word_1_131' title='bbox 755 1658 810 1728; x_wconf 65' lang='lat' dir='ltr'><strong>ut</strong></span> <span class='ocrx_word' id='word_1_132' title='bbox 835 1651 1144 1728; x_wconf 62' lang='lat' dir='ltr'><strong>septingenti</strong></span> <span class='ocrx_word' id='word_1_133' title='bbox 1170 1651 1327 1728; x_wconf 59' lang='lat' dir='ltr'><strong>edidi</strong></span> <span class='ocrx_word' id='word_1_134' title='bbox 1351 1652 1540 1728; x_wconf 68' lang='lat' dir='ltr'><strong>dentur</strong></span> <span class='ocrx_word' id='word_1_135' title='bbox 1558 1656 1607 1709; x_wconf 88' lang='lat' dir='ltr'><strong>ei</strong></span> <span class='ocrx_word' id='word_1_136' title='bbox 1633 1657 1719 1728; x_wconf 71' lang='lat' dir='ltr'><strong>qui</strong></span> <span class='ocrx_word' id='word_1_137' title='bbox 1748 1657 2079 1713; x_wconf 72' lang='lat' dir='ltr'><strong>laudabiliter</strong></span> 
     </span>
    </p>
   </div>
   <div class='ocr_carea' id='block_1_22' title="bbox 560 1716 2158 1799">
    <p class='ocr_par' dir='ltr' id='par_1_22' title="bbox 560 1716 2158 1799">
     <span class='ocr_line' id='line_1_22' title="bbox 560 1716 2158 1799; baseline 0.009 -30"><span class='ocrx_word' id='word_1_138' title='bbox 560 1716 898 1799; x_wconf 26' lang='lat' dir='ltr'><strong>cornicularii’</strong></span> <span class='ocrx_word' id='word_1_139' title='bbox 943 1716 1024 1773; x_wconf 74' lang='lat' dir='ltr'><strong>esi</strong></span> <span class='ocrx_word' id='word_1_140' title='bbox 1073 1723 1372 1799; x_wconf 68' lang='lat' dir='ltr'><strong>perfunctus</strong></span> <span class='ocrx_word' id='word_1_141' title='bbox 1425 1716 1730 1795; x_wconf 60' lang='lat' dir='ltr'><strong>oﬁicio,&#39;et</strong></span> <span class='ocrx_word' id='word_1_142' title='bbox 1774 1744 1922 1781; x_wconf 77' lang='lat' dir='ltr'><strong>suam</strong></span> <span class='ocrx_word' id='word_1_143' title='bbox 1971 1730 2085 1799; x_wconf 76' lang='lat' dir='ltr'><strong>ipse</strong></span> <span class='ocrx_word' id='word_1_144' title='bbox 2114 1716 2158 1776; x_wconf 78' lang='grc' dir='ltr'><strong>Β</strong></span> 
     </span>
    </p>
   </div>
   <div class='ocr_carea' id='block_1_23' title="bbox 562 1787 1284 1858">
    <p class='ocr_par' dir='ltr' id='par_1_23' title="bbox 562 1787 1284 1858">
     <span class='ocr_line' id='line_1_23' title="bbox 562 1787 1284 1858; baseline 0.01 -19"><span class='ocrx_word' id='word_1_145' title='bbox 562 1787 916 1858; x_wconf 73' lang='lat' dir='ltr'><strong>integritatem</strong></span> <span class='ocrx_word' id='word_1_146' title='bbox 940 1787 1284 1846; x_wconf 56' lang='lat' dir='ltr'><strong>cmnten&#39;dat.</strong></span> 
     </span>
    </p>
   </div>
   <div class='ocr_carea' id='block_1_24' title="bbox 566 1876 2085 1956">
    <p class='ocr_par' dir='ltr' id='par_1_24' title="bbox 566 1876 2085 1956">
     <span class='ocr_line' id='line_1_24' title="bbox 566 1876 2085 1956; baseline 0.008 -25"><span class='ocrx_word' id='word_1_147' title='bbox 566 1876 666 1945; x_wconf 85' lang='lat' dir='ltr'><strong>Qui</strong></span> <span class='ocrx_word' id='word_1_148' title='bbox 688 1878 985 1936; x_wconf 87' lang='lat' dir='ltr'><strong>laboriosas</strong></span> <span class='ocrx_word' id='word_1_149' title='bbox 1006 1882 1262 1937; x_wconf 82' lang='lat' dir='ltr'><strong>excubias</strong></span> <span class='ocrx_word' id='word_1_150' title='bbox 1279 1891 1337 1939; x_wconf 88' lang='lat' dir='ltr'><strong>et</strong></span> <span class='ocrx_word' id='word_1_151' title='bbox 1359 1882 1537 1940; x_wconf 83' lang='lat' dir='ltr'><strong>cilicia</strong></span> <span class='ocrx_word' id='word_1_152' title='bbox 1558 1899 1765 1956; x_wconf 73' lang='lat' dir='ltr'><strong>magna:</strong></span> <span class='ocrx_word' id='word_1_153' title='bbox 1784 1887 2085 1944; x_wconf 84' lang='lat' dir='ltr'><strong>sedutitatis</strong></span> 
     </span>
    </p>
   </div>
   <div class='ocr_carea' id='block_1_25' title="bbox 486 1971 2083 2049">
    <p class='ocr_par' dir='ltr' id='par_1_25' title="bbox 486 1971 2083 2049">
     <span class='ocr_line' id='line_1_25' title="bbox 486 1971 2083 2049; baseline 0.007 -24"><span class='ocrx_word' id='word_1_154' title='bbox 486 1971 720 2039; x_wconf 78' lang='lat' dir='ltr'><strong>invenit,</strong></span> <span class='ocrx_word' id='word_1_155' title='bbox 746 1973 1141 2030; x_wconf 61' lang='lat' dir='ltr'><strong>rationabiliter</strong></span> <span class='ocrx_word' id='word_1_156' title='bbox 1159 1983 1216 2031; x_wconf 88' lang='lat' dir='ltr'><strong>et</strong></span> <span class='ocrx_word' id='word_1_157' title='bbox 1244 1979 1503 2048; x_wconf 87' lang='lat' dir='ltr'><strong>temporis</strong></span> <span class='ocrx_word' id='word_1_158' title='bbox 1531 1978 1747 2036; x_wconf 76' lang='lat' dir='ltr'><strong>deﬁnita</strong></span> <span class='ocrx_word' id='word_1_159' title='bbox 1770 1982 2083 2049; x_wconf 88' lang='lat' dir='ltr'><strong>constituit;</strong></span> 
     </span>
    </p>
   </div>
   <div class='ocr_carea' id='block_1_26' title="bbox 495 2062 2085 2145">
    <p class='ocr_par' dir='ltr' id='par_1_26' title="bbox 495 2062 2085 2145">
     <span class='ocr_line' id='line_1_26' title="bbox 495 2062 2085 2145; baseline 0.009 -30"><span class='ocrx_word' id='word_1_160' title='bbox 495 2071 555 2116; x_wconf 93' lang='lat' dir='ltr'><strong>ut</strong></span> <span class='ocrx_word' id='word_1_161' title='bbox 594 2062 739 2131; x_wconf 89' lang='lat' dir='ltr'><strong>quod</strong></span> <span class='ocrx_word' id='word_1_162' title='bbox 786 2073 904 2119; x_wconf 90' lang='lat' dir='ltr'><strong>erat</strong></span> <span class='ocrx_word' id='word_1_163' title='bbox 930 2064 1033 2121; x_wconf 87' lang='lat' dir='ltr'><strong>sub</strong></span> <span class='ocrx_word' id='word_1_164' title='bbox 1059 2066 1184 2122; x_wconf 66' lang='lat' dir='ltr'><strong>vita</strong></span> <span class='ocrx_word' id='word_1_165' title='bbox 1233 2069 1460 2125; x_wconf 84' lang='lat' dir='ltr'><strong>termino</strong></span> <span class='ocrx_word' id='word_1_166' title='bbox 1511 2072 1782 2141; x_wconf 88' lang='lat' dir='ltr'><strong>positum,</strong></span> <span class='ocrx_word' id='word_1_167' title='bbox 1807 2077 2085 2145; x_wconf 79' lang='lat' dir='ltr'><strong>praemium</strong></span> 
     </span>
    </p>
   </div>
   <div class='ocr_carea' id='block_1_27' title="bbox 486 2153 2088 2236">
    <p class='ocr_par' dir='ltr' id='par_1_27' title="bbox 486 2153 2088 2236">
     <span class='ocr_line' id='line_1_27' title="bbox 486 2153 2088 2236; baseline 0.009 -29"><span class='ocrx_word' id='word_1_168' title='bbox 486 2166 604 2207; x_wconf 66' lang='lat' dir='ltr'><strong>unon</strong></span> <span class='ocrx_word' id='word_1_169' title='bbox 634 2153 859 2209; x_wconf 78' lang='lat' dir='ltr'><strong>haberet</strong></span> <span class='ocrx_word' id='word_1_170' title='bbox 886 2154 1173 2213; x_wconf 90' lang='lat' dir='ltr'><strong>incertum.</strong></span> <span class='ocrx_word' id='word_1_171' title='bbox 1207 2158 1421 2230; x_wconf 82' lang='lat' dir='ltr'><strong>Alioqui</strong></span> <span class='ocrx_word' id='word_1_172' title='bbox 1450 2163 1570 2230; x_wconf 89' lang='lat' dir='ltr'><strong>quis</strong></span> <span class='ocrx_word' id='word_1_173' title='bbox 1597 2161 1844 2220; x_wconf 79' lang='lat' dir='ltr'><strong>sufﬁcere</strong></span> <span class='ocrx_word' id='word_1_174' title='bbox 1872 2180 2088 2236; x_wconf 88' lang='lat' dir='ltr'><strong>semper</strong></span> 
     </span>
    </p>
   </div>
   <div class='ocr_carea' id='block_1_28' title="bbox 486 2250 2084 2324">
    <p class='ocr_par' dir='ltr' id='par_1_28' title="bbox 486 2250 2084 2324">
     <span class='ocr_line' id='line_1_28' title="bbox 486 2250 2084 2324; baseline 0.01 -29"><span class='ocrx_word' id='word_1_175' title='bbox 486 2250 552 2296; x_wconf 86' lang='lat' dir='ltr'><strong>et</strong></span> <span class='ocrx_word' id='word_1_176' title='bbox 579 2251 825 2311; x_wconf 90' lang='lat' dir='ltr'><strong>spectare</strong></span> <span class='ocrx_word' id='word_1_177' title='bbox 854 2253 1060 2314; x_wconf 86' lang='lat' dir='ltr'><strong>posset,</strong></span> <span class='ocrx_word' id='word_1_178' title='bbox 1088 2261 1209 2301; x_wconf 83' lang='lat' dir='ltr'><strong>eum</strong></span> <span class='ocrx_word' id='word_1_179' title='bbox 1241 2262 1301 2303; x_wconf 91' lang='lat' dir='ltr'><strong>se</strong></span> <span class='ocrx_word' id='word_1_180' title='bbox 1329 2251 1644 2306; x_wconf 85' lang='lat' dir='ltr'><strong>mortalibus</strong></span> <span class='ocrx_word' id='word_1_181' title='bbox 1673 2252 1762 2307; x_wconf 79' lang='lat' dir='ltr'><strong>lux</strong></span> <span class='ocrx_word' id='word_1_182' title='bbox 1812 2253 1925 2324; x_wconf 89' lang='lat' dir='ltr'><strong>ipsa</strong></span> <span class='ocrx_word' id='word_1_183' title='bbox 1954 2255 2084 2310; x_wconf 87' lang='lat' dir='ltr'><strong>sub-</strong></span> 
     </span>
    </p>
   </div>
   <div class='ocr_carea' id='block_1_29' title="bbox 495 2330 2087 2400">
    <p class='ocr_par' dir='ltr' id='par_1_29' title="bbox 495 2330 2087 2400">
     <span class='ocr_line' id='line_1_29' title="bbox 495 2330 2087 2400; baseline 0.01 -16"><span class='ocrx_word' id='word_1_184' title='bbox 495 2330 759 2386; x_wconf 87' lang='lat' dir='ltr'><strong>duceret?</strong></span> <span class='ocrx_word' id='word_1_185' title='bbox 785 2332 902 2399; x_wconf 89' lang='lat' dir='ltr'><strong>Qua</strong></span> <span class='ocrx_word' id='word_1_186' title='bbox 929 2333 996 2389; x_wconf 91' lang='lat' dir='ltr'><strong>de</strong></span> <span class='ocrx_word' id='word_1_187' title='bbox 1024 2349 1085 2390; x_wconf 89' lang='lat' dir='ltr'><strong>re</strong></span> <span class='ocrx_word' id='word_1_188' title='bbox 1110 2336 1211 2391; x_wconf 88' lang='lat' dir='ltr'><strong>sub</strong></span> <span class='ocrx_word' id='word_1_189' title='bbox 1240 2337 1441 2394; x_wconf 88' lang='lat' dir='ltr'><strong>incerta</strong></span> <span class='ocrx_word' id='word_1_190' title='bbox 1470 2340 1580 2395; x_wconf 83' lang='lat' dir='ltr'><strong>vita</strong></span> <span class='ocrx_word' id='word_1_191' title='bbox 1606 2350 1754 2397; x_wconf 88' lang='lat' dir='ltr'><strong>certa</strong></span> <span class='ocrx_word' id='word_1_192' title='bbox 1777 2342 1961 2398; x_wconf 90' lang='lat' dir='ltr'><strong>militia</strong></span> <span class='ocrx_word' id='word_1_193' title='bbox 1982 2352 2087 2400; x_wconf 90' lang='lat' dir='ltr'><strong>est.</strong></span> 
     </span>
    </p>
   </div>
   <div class='ocr_carea' id='block_1_30' title="bbox 491 2416 2086 2504">
    <p class='ocr_par' dir='ltr' id='par_1_30' title="bbox 491 2416 2086 2504">
     <span class='ocr_line' id='line_1_30' title="bbox 491 2416 2086 2504; baseline 0.011 -30"><span class='ocrx_word' id='word_1_194' title='bbox 491 2418 608 2476; x_wconf 79' lang='lat' dir='ltr'><strong>Nec</strong></span> <span class='ocrx_word' id='word_1_195' title='bbox 632 2421 794 2477; x_wconf 87' lang='lat' dir='ltr'><strong>habet</strong></span> <span class='ocrx_word' id='word_1_196' title='bbox 831 2423 978 2491; x_wconf 90' lang='lat' dir='ltr'><strong>quod</strong></span> <span class='ocrx_word' id='word_1_197' title='bbox 1012 2425 1185 2495; x_wconf 87' lang='lat' dir='ltr'><strong>possit</strong></span> <span class='ocrx_word' id='word_1_198' title='bbox 1222 2436 1494 2494; x_wconf 91' lang='lat' dir='ltr'><strong>metuere,</strong></span> <span class='ocrx_word' id='word_1_199' title='bbox 1525 2416 1617 2502; x_wconf 87' lang='lat' dir='ltr'><strong>qui</strong></span> <span class='ocrx_word' id='word_1_200' title='bbox 1646 2433 1714 2488; x_wconf 91' lang='lat' dir='ltr'><strong>ad</strong></span> <span class='ocrx_word' id='word_1_201' title='bbox 1748 2434 2086 2504; x_wconf 82' lang='lat' dir='ltr'><strong>designatum</strong></span> 
     </span>
    </p>
   </div>
   <div class='ocr_carea' id='block_1_31' title="bbox 488 2511 2090 2596">
    <p class='ocr_par' dir='ltr' id='par_1_31' title="bbox 488 2511 2090 2596">
     <span class='ocr_line' id='line_1_31' title="bbox 488 2511 2090 2596; baseline 0.011 -31"><span class='ocrx_word' id='word_1_202' title='bbox 488 2520 712 2583; x_wconf 79' lang='lat' dir='ltr'><strong>tempus</strong></span> <span class='ocrx_word' id='word_1_203' title='bbox 741 2511 1004 2570; x_wconf 75' lang='lat' dir='ltr'><strong>inoll‘ense</strong></span> <span class='ocrx_word' id='word_1_204' title='bbox 1050 2517 1247 2572; x_wconf 90' lang='lat' dir='ltr'><strong>meruit</strong></span> <span class='ocrx_word' id='word_1_205' title='bbox 1292 2521 1600 2590; x_wconf 83' lang='lat' dir='ltr'><strong>pervenire.</strong></span> <span class='ocrx_word' id='word_1_206' title='bbox 1647 2523 1805 2579; x_wconf 87' lang='lat' dir='ltr'><strong>Astra</strong></span> <span class='ocrx_word' id='word_1_207' title='bbox 1836 2525 1989 2596; x_wconf 76' lang='lat' dir='ltr'><strong>ipsa,</strong></span> <span class='ocrx_word' id='word_1_208' title='bbox 2030 2536 2090 2583; x_wconf 93' lang='lat' dir='ltr'><strong>ut</strong></span> 
     </span>
    </p>
   </div>
   <div class='ocr_carea' id='block_1_32' title="bbox 486 2605 2092 2688">
    <p class='ocr_par' dir='ltr' id='par_1_32' title="bbox 486 2605 2092 2688">
     <span class='ocr_line' id='line_1_32' title="bbox 486 2605 2092 2688; baseline 0.008 -29"><span class='ocrx_word' id='word_1_209' title='bbox 486 2605 793 2659; x_wconf 69' lang='lat' dir='ltr'><strong>astronomi</strong></span> <span class='ocrx_word' id='word_1_210' title='bbox 821 2606 1026 2673; x_wconf 89' lang='lat' dir='ltr'><strong>volunt,</strong></span> <span class='ocrx_word' id='word_1_211' title='bbox 1052 2608 1181 2665; x_wconf 82' lang='lat' dir='ltr'><strong>licet</strong></span> <span class='ocrx_word' id='word_1_212' title='bbox 1193 2608 1406 2666; x_wconf 87' lang='lat' dir='ltr'><strong>assidua</strong></span> <span class='ocrx_word' id='word_1_213' title='bbox 1433 2614 1762 2684; x_wconf 84' lang='lat' dir='ltr'><strong>repetitione</strong></span> <span class='ocrx_word' id='word_1_214' title='bbox 1780 2618 2092 2688; x_wconf 84' lang='lat' dir='ltr'><strong>volvantur,</strong></span> 
     </span>
    </p>
   </div>
   <div class='ocr_carea' id='block_1_33' title="bbox 488 2695 2086 2779">
    <p class='ocr_par' dir='ltr' id='par_1_33' title="bbox 488 2695 2086 2779">
     <span class='ocr_line' id='line_1_33' title="bbox 488 2695 2086 2779; baseline 0.009 -30"><span class='ocrx_word' id='word_1_215' title='bbox 488 2709 689 2750; x_wconf 70' lang='lat' dir='ltr'><strong>tersus</strong></span> <span class='ocrx_word' id='word_1_216' title='bbox 714 2696 796 2750; x_wconf 89' lang='lat' dir='ltr'><strong>sui</strong></span> <span class='ocrx_word' id='word_1_217' title='bbox 818 2695 1034 2752; x_wconf 86' lang='lat' dir='ltr'><strong>definita</strong></span> <span class='ocrx_word' id='word_1_218' title='bbox 1052 2701 1380 2757; x_wconf 89' lang='lat' dir='ltr'><strong>custodiunt.</strong></span> <span class='ocrx_word' id='word_1_219' title='bbox 1410 2703 1606 2774; x_wconf 84' lang='lat' dir='ltr'><strong>Nequit</strong></span> <span class='ocrx_word' id='word_1_220' title='bbox 1621 2720 1742 2761; x_wconf 86' lang='lat' dir='ltr'><strong>esse</strong></span> <span class='ocrx_word' id='word_1_221' title='bbox 1761 2707 2086 2779; x_wconf 78' lang='lat' dir='ltr'><strong>ambiguum,</strong></span> 
     </span>
    </p>
   </div>
   <div class='ocr_carea' id='block_1_34' title="bbox 485 2783 2092 2858">
    <p class='ocr_par' dir='ltr' id='par_1_34' title="bbox 485 2783 2092 2858">
     <span class='ocr_line' id='line_1_34' title="bbox 485 2783 2092 2858; baseline 0.009 -18"><span class='ocrx_word' id='word_1_222' title='bbox 485 2783 645 2855; x_wconf 68' lang='lat' dir='ltr'><strong>quod</strong></span> <span class='ocrx_word' id='word_1_223' title='bbox 679 2783 784 2841; x_wconf 83' lang='lat' dir='ltr'><strong>line</strong></span> <span class='ocrx_word' id='word_1_224' title='bbox 822 2789 1043 2858; x_wconf 89' lang='lat' dir='ltr'><strong>proprio</strong></span> <span class='ocrx_word' id='word_1_225' title='bbox 1070 2795 1288 2846; x_wconf 86' lang='lat' dir='ltr'><strong>tenetur</strong></span> <span class='ocrx_word' id='word_1_226' title='bbox 1318 2791 1608 2850; x_wconf 88' lang='lat' dir='ltr'><strong>inclusum.</strong></span> <span class='ocrx_word' id='word_1_227' title='bbox 1635 2793 1897 2853; x_wconf 87' lang='lat' dir='ltr'><strong>Saturnus</strong></span> <span class='ocrx_word' id='word_1_228' title='bbox 1937 2799 2092 2856; x_wconf 88' lang='lat' dir='ltr'><strong>annis</strong></span> 
     </span>
    </p>
   </div>
   <div class='ocr_carea' id='block_1_35' title="bbox 499 2876 2090 2956">
    <p class='ocr_par' dir='ltr' id='par_1_35' title="bbox 499 2876 2090 2956">
     <span class='ocr_line' id='line_1_35' title="bbox 499 2876 2090 2956; baseline 0.009 -26"><span class='ocrx_word' id='word_1_229' title='bbox 499 2876 718 2945; x_wconf 85' lang='lat' dir='ltr'><strong>triginta</strong></span> <span class='ocrx_word' id='word_1_230' title='bbox 748 2878 1045 2934; x_wconf 83' lang='lat' dir='ltr'><strong>constituta</strong></span> <span class='ocrx_word' id='word_1_231' title='bbox 1074 2879 1176 2936; x_wconf 88' lang='lat' dir='ltr'><strong>sibi</strong></span> <span class='ocrx_word' id='word_1_232' title='bbox 1205 2881 1326 2937; x_wconf 73' lang='grc' dir='ltr'><strong>εωιί</strong></span> <span class='ocrx_word' id='word_1_233' title='bbox 1356 2883 1528 2953; x_wconf 90' lang='lat' dir='ltr'><strong>spatia</strong></span> <span class='ocrx_word' id='word_1_234' title='bbox 1556 2895 1896 2956; x_wconf 76' lang='lat' dir='ltr'><strong>pervagatur.</strong></span> <span class='ocrx_word' id='word_1_235' title='bbox 1924 2888 2090 2945; x_wconf 81' lang='lat' dir='ltr'><strong>Stella</strong></span> 
     </span>
    </p>
   </div>
   <div class='ocr_carea' id='block_1_36' title="bbox 488 2966 2092 3049">
    <p class='ocr_par' dir='ltr' id='par_1_36' title="bbox 488 2966 2092 3049">
     <span class='ocr_line' id='line_1_36' title="bbox 488 2966 2092 3049; baseline 0.008 -27"><span class='ocrx_word' id='word_1_236' title='bbox 488 2966 649 3024; x_wconf 76' lang='lat' dir='ltr'><strong>Jovis</strong></span> <span class='ocrx_word' id='word_1_237' title='bbox 676 2967 956 3025; x_wconf 82' lang='lat' dir='ltr'><strong>duodecim</strong></span> <span class='ocrx_word' id='word_1_238' title='bbox 984 2971 1140 3027; x_wconf 88' lang='lat' dir='ltr'><strong>annis</strong></span> <span class='ocrx_word' id='word_1_239' title='bbox 1180 2973 1495 3029; x_wconf 91' lang='lat' dir='ltr'><strong>attributam</strong></span> <span class='ocrx_word' id='word_1_240' title='bbox 1527 2975 1628 3031; x_wconf 91' lang='lat' dir='ltr'><strong>sibi</strong></span> <span class='ocrx_word' id='word_1_241' title='bbox 1667 2991 1941 3049; x_wconf 76' lang='lat' dir='ltr'><strong>regionem</strong></span> <span class='ocrx_word' id='word_1_242' title='bbox 1971 2979 2092 3035; x_wconf 81' lang='lat' dir='ltr'><strong>ille-</strong></span> 
     </span>
    </p>
   </div>
   <div class='ocr_carea' id='block_1_37' title="bbox 496 3057 2162 3139">
    <p class='ocr_par' dir='ltr' id='par_1_37' title="bbox 496 3057 2162 3139">
     <span class='ocr_line' id='line_1_37' title="bbox 496 3057 2162 3139; baseline 0.008 -25"><span class='ocrx_word' id='word_1_243' title='bbox 496 3066 656 3114; x_wconf 86' lang='lat' dir='ltr'><strong>strat.</strong></span> <span class='ocrx_word' id='word_1_244' title='bbox 689 3057 873 3114; x_wconf 82' lang='lat' dir='ltr'><strong>Martis</strong></span> <span class='ocrx_word' id='word_1_245' title='bbox 896 3060 1068 3129; x_wconf 87' lang='lat' dir='ltr'><strong>sidus,</strong></span> <span class='ocrx_word' id='word_1_246' title='bbox 1093 3063 1246 3132; x_wconf 82' lang='lat' dir='ltr'><strong>ignea</strong></span> <span class='ocrx_word' id='word_1_247' title='bbox 1276 3064 1556 3122; x_wconf 82' lang='lat' dir='ltr'><strong>celeritate</strong></span> <span class='ocrx_word' id='word_1_248' title='bbox 1579 3077 1872 3139; x_wconf 86' lang='lat' dir='ltr'><strong>raptatum,</strong></span> <span class='ocrx_word' id='word_1_249' title='bbox 1899 3069 2086 3126; x_wconf 88' lang='lat' dir='ltr'><strong>decem</strong></span> <span class='ocrx_word' id='word_1_250' title='bbox 2115 3072 2162 3139; x_wconf 87' lang='lat' dir='ltr'><strong><em>C</em></strong></span> 
     </span>
    </p>
   </div>
   <div class='ocr_carea' id='block_1_38' title="bbox 488 3151 2090 3223">
    <p class='ocr_par' dir='ltr' id='par_1_38' title="bbox 488 3151 2090 3223">
     <span class='ocr_line' id='line_1_38' title="bbox 488 3151 2090 3223; baseline 0.008 -20"><span class='ocrx_word' id='word_1_251' title='bbox 488 3158 557 3204; x_wconf 74' lang='lat' dir='ltr'><strong>et</strong></span> <span class='ocrx_word' id='word_1_252' title='bbox 593 3158 719 3205; x_wconf 86' lang='lat' dir='ltr'><strong>octo</strong></span> <span class='ocrx_word' id='word_1_253' title='bbox 764 3151 1038 3207; x_wconf 85' lang='lat' dir='ltr'><strong>mensibus</strong></span> <span class='ocrx_word' id='word_1_254' title='bbox 1082 3152 1336 3223; x_wconf 85' lang='lat' dir='ltr'><strong>deputata</strong></span> <span class='ocrx_word' id='word_1_255' title='bbox 1382 3155 1482 3211; x_wconf 90' lang='lat' dir='ltr'><strong>sibi</strong></span> <span class='ocrx_word' id='word_1_256' title='bbox 1522 3156 1793 3214; x_wconf 86' lang='lat' dir='ltr'><strong>discurrit.</strong></span> <span class='ocrx_word' id='word_1_257' title='bbox 1831 3159 1923 3214; x_wconf 86' lang='lat' dir='ltr'><strong>Sol</strong></span> <span class='ocrx_word' id='word_1_258' title='bbox 1965 3161 2090 3216; x_wconf 85' lang='lat' dir='ltr'><strong>auni</strong></span> 
     </span>
    </p>
   </div>
   <div class='ocr_carea' id='block_1_39' title="bbox 498 3238 2093 3319">
    <p class='ocr_par' dir='ltr' id='par_1_39' title="bbox 498 3238 2093 3319">
     <span class='ocr_line' id='line_1_39' title="bbox 498 3238 2093 3319; baseline 0.009 -27"><span class='ocrx_word' id='word_1_259' title='bbox 498 3239 676 3309; x_wconf 81' lang='lat' dir='ltr'><strong>spatio</strong></span> <span class='ocrx_word' id='word_1_260' title='bbox 718 3238 932 3296; x_wconf 78' lang='lat' dir='ltr'><strong>Zodiaci</strong></span> <span class='ocrx_word' id='word_1_261' title='bbox 963 3242 1149 3298; x_wconf 92' lang='lat' dir='ltr'><strong>circuli</strong></span> <span class='ocrx_word' id='word_1_262' title='bbox 1176 3245 1325 3312; x_wconf 86' lang='lat' dir='ltr'><strong>signa</strong></span> <span class='ocrx_word' id='word_1_263' title='bbox 1353 3248 1712 3319; x_wconf 76' lang='lat' dir='ltr'><strong>praetervolat.</strong></span> <span class='ocrx_word' id='word_1_264' title='bbox 1745 3249 1959 3307; x_wconf 84' lang='lat' dir='ltr'><strong>Astrum</strong></span> <span class='ocrx_word' id='word_1_265' title='bbox 1988 3251 2093 3307; x_wconf 75' lang='lat' dir='ltr'><strong>Ve-</strong></span> 
     </span>
    </p>
   </div>
   <div class='ocr_carea' id='block_1_40' title="bbox 496 3330 2091 3408">
    <p class='ocr_par' dir='ltr' id='par_1_40' title="bbox 496 3330 2091 3408">
     <span class='ocr_line' id='line_1_40' title="bbox 496 3330 2091 3408; baseline 0.008 -21"><span class='ocrx_word' id='word_1_266' title='bbox 496 3330 648 3387; x_wconf 84' lang='lat' dir='ltr'><strong>neris</strong></span> <span class='ocrx_word' id='word_1_267' title='bbox 685 3331 962 3388; x_wconf 80' lang='lat' dir='ltr'><strong>mensibus</strong></span> <span class='ocrx_word' id='word_1_268' title='bbox 1001 3334 1303 3403; x_wconf 88' lang='lat' dir='ltr'><strong>quindecim</strong></span> <span class='ocrx_word' id='word_1_269' title='bbox 1332 3340 1505 3408; x_wconf 90' lang='lat' dir='ltr'><strong>spatia</strong></span> <span class='ocrx_word' id='word_1_270' title='bbox 1529 3355 1782 3397; x_wconf 85' lang='lat' dir='ltr'><strong>concessa</strong></span> <span class='ocrx_word' id='word_1_271' title='bbox 1814 3349 2091 3399; x_wconf 86' lang='lat' dir='ltr'><strong>transcen-</strong></span> 
     </span>
    </p>
   </div>
   <div class='ocr_carea' id='block_1_41' title="bbox 489 3422 2093 3498">
    <p class='ocr_par' dir='ltr' id='par_1_41' title="bbox 489 3422 2093 3498">
     <span class='ocr_line' id='line_1_41' title="bbox 489 3422 2093 3498; baseline 0.008 -21"><span class='ocrx_word' id='word_1_272' title='bbox 489 3422 597 3479; x_wconf 70' lang='lat' dir='ltr'><strong>dit.</strong></span> <span class='ocrx_word' id='word_1_273' title='bbox 631 3422 951 3492; x_wconf 76' lang='lat' dir='ltr'><strong>Mercurius,</strong></span> <span class='ocrx_word' id='word_1_274' title='bbox 981 3427 1268 3483; x_wconf 79' lang='lat' dir='ltr'><strong>velocitate</strong></span> <span class='ocrx_word' id='word_1_275' title='bbox 1292 3431 1620 3498; x_wconf 87' lang='lat' dir='ltr'><strong>succinctus,</strong></span> <span class='ocrx_word' id='word_1_276' title='bbox 1655 3432 1912 3490; x_wconf 88' lang='lat' dir='ltr'><strong>tredecim</strong></span> <span class='ocrx_word' id='word_1_277' title='bbox 1941 3450 2093 3490; x_wconf 91' lang='lat' dir='ltr'><strong>men-</strong></span> 
     </span>
    </p>
   </div>
   <div class='ocr_carea' id='block_1_42' title="bbox 491 3513 2091 3595">
    <p class='ocr_par' dir='ltr' id='par_1_42' title="bbox 491 3513 2091 3595">
     <span class='ocr_line' id='line_1_42' title="bbox 491 3513 2091 3595; baseline 0.006 -25"><span class='ocrx_word' id='word_1_278' title='bbox 491 3513 651 3570; x_wconf 77' lang='lat' dir='ltr'><strong>sibus</strong></span> <span class='ocrx_word' id='word_1_279' title='bbox 689 3517 971 3587; x_wconf 89' lang='lat' dir='ltr'><strong>proposita</strong></span> <span class='ocrx_word' id='word_1_280' title='bbox 1019 3518 1121 3574; x_wconf 89' lang='lat' dir='ltr'><strong>sibi</strong></span> <span class='ocrx_word' id='word_1_281' title='bbox 1171 3518 1453 3576; x_wconf 88' lang='lat' dir='ltr'><strong>intervalla</strong></span> <span class='ocrx_word' id='word_1_282' title='bbox 1504 3523 1871 3593; x_wconf 76' lang='lat' dir='ltr'><strong>praetervehit.</strong></span> <span class='ocrx_word' id='word_1_283' title='bbox 1919 3523 2091 3595; x_wconf 81' lang='lat' dir='ltr'><strong>Luna,</strong></span> 
     </span>
    </p>
   </div>
   <div class='ocr_carea' id='block_1_43' title="bbox 496 3603 2099 3683">
    <p class='ocr_par' dir='ltr' id='par_1_43' title="bbox 496 3603 2099 3683">
     <span class='ocr_line' id='line_1_43' title="bbox 496 3603 2099 3683; baseline 0.007 -25"><span class='ocrx_word' id='word_1_284' title='bbox 496 3603 762 3675; x_wconf 79' lang='lat' dir='ltr'><strong>peculiari</strong></span> <span class='ocrx_word' id='word_1_285' title='bbox 792 3604 947 3661; x_wconf 80' lang='lat' dir='ltr'><strong>nobis</strong></span> <span class='ocrx_word' id='word_1_286' title='bbox 967 3606 1244 3663; x_wconf 84' lang='lat' dir='ltr'><strong>vicinitate</strong></span> <span class='ocrx_word' id='word_1_287' title='bbox 1285 3610 1606 3677; x_wconf 79' lang='lat' dir='ltr'><strong>proximior,</strong></span> <span class='ocrx_word' id='word_1_288' title='bbox 1644 3611 1864 3683; x_wconf 79' lang='lat' dir='ltr'><strong>triginta</strong></span> <span class='ocrx_word' id='word_1_289' title='bbox 1905 3610 2099 3670; x_wconf 87' lang='lat' dir='ltr'><strong>diebus</strong></span> 
     </span>
    </p>
   </div>
   <div class='ocr_carea' id='block_1_44' title="bbox 492 3695 2109 3773">
    <p class='ocr_par' dir='ltr' id='par_1_44' title="bbox 492 3695 2109 3773">
     <span class='ocr_line' id='line_1_44' title="bbox 492 3695 2109 3773; baseline 0.005 -22"><span class='ocrx_word' id='word_1_290' title='bbox 492 3695 747 3766; x_wconf 78' lang='lat' dir='ltr'><strong>peragit,</strong></span> <span class='ocrx_word' id='word_1_291' title='bbox 792 3695 937 3766; x_wconf 89' lang='lat' dir='ltr'><strong>quod</strong></span> <span class='ocrx_word' id='word_1_292' title='bbox 988 3697 1114 3752; x_wconf 79' lang='lat' dir='ltr'><strong>anni</strong></span> <span class='ocrx_word' id='word_1_293' title='bbox 1156 3699 1336 3769; x_wconf 90' lang='lat' dir='ltr'><strong>spatio</strong></span> <span class='ocrx_word' id='word_1_294' title='bbox 1384 3700 1466 3754; x_wconf 92' lang='lat' dir='ltr'><strong>sol</strong></span> <span class='ocrx_word' id='word_1_295' title='bbox 1513 3715 1709 3756; x_wconf 88' lang='lat' dir='ltr'><strong>aureus</strong></span> <span class='ocrx_word' id='word_1_296' title='bbox 1737 3702 2109 3773; x_wconf 84' lang='lat' dir='ltr'><strong>circumactus</strong></span> 
     </span>
    </p>
   </div>
   <div class='ocr_carea' id='block_1_45' title="bbox 503 3784 2096 3857">
    <p class='ocr_par' dir='ltr' id='par_1_45' title="bbox 503 3784 2096 3857">
     <span class='ocr_line' id='line_1_45' title="bbox 503 3784 2096 3857; baseline 0.006 -17"><span class='ocrx_word' id='word_1_297' title='bbox 503 3784 825 3856; x_wconf 85' lang='lat' dir='ltr'><strong>impleverit.</strong></span> <span class='ocrx_word' id='word_1_298' title='bbox 858 3785 1049 3844; x_wconf 75' lang='lat' dir='ltr'><strong>Merito</strong></span> <span class='ocrx_word' id='word_1_299' title='bbox 1075 3802 1204 3857; x_wconf 88' lang='lat' dir='ltr'><strong>ergo</strong></span> <span class='ocrx_word' id='word_1_300' title='bbox 1236 3789 1438 3849; x_wconf 86' lang='lat' dir='ltr'><strong>laboris</strong></span> <span class='ocrx_word' id='word_1_301' title='bbox 1464 3788 1622 3846; x_wconf 84' lang='lat' dir='ltr'><strong>linem</strong></span> <span class='ocrx_word' id='word_1_302' title='bbox 1662 3793 1918 3853; x_wconf 85' lang='lat' dir='ltr'><strong>mortales</strong></span> <span class='ocrx_word' id='word_1_303' title='bbox 1945 3794 2096 3850; x_wconf 83' lang='lat' dir='ltr'><strong>inve-</strong></span> 
     </span>
    </p>
   </div>
   <div class='ocr_carea' id='block_1_46' title="bbox 503 3877 2094 3957">
    <p class='ocr_par' dir='ltr' id='par_1_46' title="bbox 503 3877 2094 3957">
     <span class='ocr_line' id='line_1_46' title="bbox 503 3877 2094 3957; baseline 0.009 -27"><span class='ocrx_word' id='word_1_304' title='bbox 503 3877 660 3931; x_wconf 86' lang='lat' dir='ltr'><strong>niunt</strong></span> <span class='ocrx_word' id='word_1_305' title='bbox 680 3895 693 3930; x_wconf 89' lang='lat'><strong>:</strong></span> <span class='ocrx_word' id='word_1_306' title='bbox 712 3877 949 3948; x_wconf 86' lang='lat' dir='ltr'><strong>quando,</strong></span> <span class='ocrx_word' id='word_1_307' title='bbox 981 3887 1040 3934; x_wconf 86' lang='lat' dir='ltr'><strong>ut</strong></span> <span class='ocrx_word' id='word_1_308' title='bbox 1064 3880 1369 3951; x_wconf 87' lang='lat' dir='ltr'><strong>philosophi</strong></span> <span class='ocrx_word' id='word_1_309' title='bbox 1391 3881 1593 3951; x_wconf 91' lang='lat' dir='ltr'><strong>dicunt,</strong></span> <span class='ocrx_word' id='word_1_310' title='bbox 1625 3892 1680 3939; x_wconf 89' lang='lat' dir='ltr'><strong>et</strong></span> <span class='ocrx_word' id='word_1_311' title='bbox 1708 3885 1823 3957; x_wconf 91' lang='lat' dir='ltr'><strong>ipsa</strong></span> <span class='ocrx_word' id='word_1_312' title='bbox 1850 3900 1971 3957; x_wconf 66' lang='lat' dir='ltr'><strong>qua:</strong></span> <span class='ocrx_word' id='word_1_313' title='bbox 1998 3888 2094 3944; x_wconf 87' lang='lat' dir='ltr'><strong>de-</strong></span> 
     </span>
    </p>
   </div>
   <div class='ocr_carea' id='block_1_47' title="bbox 497 3963 2095 4037">
    <p class='ocr_par' dir='ltr' id='par_1_47' title="bbox 497 3963 2095 4037">
     <span class='ocr_line' id='line_1_47' title="bbox 497 3963 2095 4037; baseline 0.011 -18"><span class='ocrx_word' id='word_1_314' title='bbox 497 3963 672 4022; x_wconf 64' lang='lat' dir='ltr'><strong>iicere</strong></span> <span class='ocrx_word' id='word_1_315' title='bbox 695 3977 969 4035; x_wconf 88' lang='lat' dir='ltr'><strong>nequeunt</strong></span> <span class='ocrx_word' id='word_1_316' title='bbox 997 3969 1097 4024; x_wconf 92' lang='lat' dir='ltr'><strong>nisi</strong></span> <span class='ocrx_word' id='word_1_317' title='bbox 1126 3986 1247 4026; x_wconf 90' lang='lat' dir='ltr'><strong>cum</strong></span> <span class='ocrx_word' id='word_1_318' title='bbox 1277 3973 1476 4028; x_wconf 90' lang='lat' dir='ltr'><strong>mundo</strong></span> <span class='ocrx_word' id='word_1_319' title='bbox 1504 3989 1692 4033; x_wconf 87' lang='lat' dir='ltr'><strong>cursus</strong></span> <span class='ocrx_word' id='word_1_320' title='bbox 1715 3977 1795 4032; x_wconf 89' lang='lat' dir='ltr'><strong>sui</strong></span> <span class='ocrx_word' id='word_1_321' title='bbox 1837 3979 2095 4037; x_wconf 84' lang='lat' dir='ltr'><strong>terminos</strong></span> 
     </span>
    </p>
   </div>
   <div class='ocr_carea' id='block_1_48' title="bbox 498 4060 2095 4132">
    <p class='ocr_par' dir='ltr' id='par_1_48' title="bbox 498 4060 2095 4132">
     <span class='ocr_line' id='line_1_48' title="bbox 498 4060 2095 4132; baseline 0.01 -19"><span class='ocrx_word' id='word_1_322' title='bbox 498 4060 902 4116; x_wconf 72' lang='lat' dir='ltr'><strong>rationabiliter</strong></span> <span class='ocrx_word' id='word_1_323' title='bbox 938 4072 1297 4132; x_wconf 86' lang='lat' dir='ltr'><strong>acceperunt;</strong></span> <span class='ocrx_word' id='word_1_324' title='bbox 1334 4065 1437 4122; x_wconf 86' lang='lat' dir='ltr'><strong>hac</strong></span> <span class='ocrx_word' id='word_1_325' title='bbox 1485 4073 1665 4123; x_wconf 87' lang='lat' dir='ltr'><strong>tamen</strong></span> <span class='ocrx_word' id='word_1_326' title='bbox 1706 4061 2095 4129; x_wconf 85' lang='lat' dir='ltr'><strong>interveniente</strong></span> 
     </span>
    </p>
   </div>
   <div class='ocr_carea' id='block_1_49' title="bbox 505 4148 2095 4232">
    <p class='ocr_par' dir='ltr' id='par_1_49' title="bbox 505 4148 2095 4232">
     <span class='ocr_line' id='line_1_49' title="bbox 505 4148 2095 4232; baseline 0.009 -29"><span class='ocrx_word' id='word_1_327' title='bbox 505 4148 781 4216; x_wconf 86' lang='lat' dir='ltr'><strong>distantia,</strong></span> <span class='ocrx_word' id='word_1_328' title='bbox 812 4151 958 4220; x_wconf 89' lang='lat' dir='ltr'><strong>quod</strong></span> <span class='ocrx_word' id='word_1_329' title='bbox 986 4151 1075 4206; x_wconf 90' lang='lat' dir='ltr'><strong>illa</strong></span> <span class='ocrx_word' id='word_1_330' title='bbox 1106 4167 1241 4223; x_wconf 87' lang='lat' dir='ltr'><strong>opus</strong></span> <span class='ocrx_word' id='word_1_331' title='bbox 1270 4168 1426 4211; x_wconf 91' lang='lat' dir='ltr'><strong>suum</strong></span> <span class='ocrx_word' id='word_1_332' title='bbox 1474 4153 1687 4225; x_wconf 77' lang='lat' dir='ltr'><strong>ﬁniunt,</strong></span> <span class='ocrx_word' id='word_1_333' title='bbox 1718 4168 1775 4213; x_wconf 93' lang='lat' dir='ltr'><strong>ut</strong></span> <span class='ocrx_word' id='word_1_334' title='bbox 1802 4160 1868 4215; x_wconf 90' lang='lat' dir='ltr'><strong>ad</strong></span> <span class='ocrx_word' id='word_1_335' title='bbox 1895 4163 2095 4232; x_wconf 86' lang='lat' dir='ltr'><strong>princi-</strong></span> 
     </span>
    </p>
   </div>
   <div class='ocr_carea' id='block_1_50' title="bbox 504 4239 2092 4324">
    <p class='ocr_par' dir='ltr' id='par_1_50' title="bbox 504 4239 2092 4324">
     <span class='ocr_line' id='line_1_50' title="bbox 504 4239 2092 4324; baseline 0.009 -30"><span class='ocrx_word' id='word_1_336' title='bbox 504 4239 653 4313; x_wconf 88' lang='lat' dir='ltr'><strong>pium</strong></span> <span class='ocrx_word' id='word_1_337' title='bbox 681 4241 937 4312; x_wconf 88' lang='lat' dir='ltr'><strong>redeant;</strong></span> <span class='ocrx_word' id='word_1_338' title='bbox 970 4245 1262 4301; x_wconf 87' lang='lat' dir='ltr'><strong>humanum</strong></span> <span class='ocrx_word' id='word_1_339' title='bbox 1300 4260 1469 4316; x_wconf 80' lang='lat' dir='ltr'><strong>genus</strong></span> <span class='ocrx_word' id='word_1_340' title='bbox 1497 4248 1622 4304; x_wconf 89' lang='lat' dir='ltr'><strong>ideo</strong></span> <span class='ocrx_word' id='word_1_341' title='bbox 1643 4250 1854 4324; x_wconf 72' lang='lat' dir='ltr'><strong>militat,</strong></span> <span class='ocrx_word' id='word_1_342' title='bbox 1887 4261 1945 4307; x_wconf 86' lang='lat' dir='ltr'><strong>ut</strong></span> <span class='ocrx_word' id='word_1_343' title='bbox 1967 4269 2092 4324; x_wconf 89' lang='lat' dir='ltr'><strong>per-</strong></span> 
     </span>
    </p>
   </div>
   <div class='ocr_carea' id='block_1_51' title="bbox 500 4323 2091 4415">
    <p class='ocr_par' dir='ltr' id='par_1_51' title="bbox 500 4323 2091 4415">
     <span class='ocr_line' id='line_1_51' title="bbox 500 4323 2091 4415; baseline 0.008 -28"><span class='ocrx_word' id='word_1_344' title='bbox 500 4333 644 4389; x_wconf 79' lang='lat' dir='ltr'><strong>actis</strong></span> <span class='ocrx_word' id='word_1_345' title='bbox 664 4333 947 4391; x_wconf 69' lang='lat' dir='ltr'><strong>sudoribus</strong></span> <span class='ocrx_word' id='word_1_346' title='bbox 975 4336 1338 4406; x_wconf 88' lang='lat' dir='ltr'><strong>conquiescat.</strong></span> <span class='ocrx_word' id='word_1_347' title='bbox 1366 4336 1435 4393; x_wconf 86' lang='lat' dir='ltr'><strong>Et</strong></span> <span class='ocrx_word' id='word_1_348' title='bbox 1472 4340 1595 4396; x_wconf 89' lang='lat' dir='ltr'><strong>ideo</strong></span> <span class='ocrx_word' id='word_1_349' title='bbox 1624 4341 1697 4395; x_wconf 92' lang='lat' dir='ltr'><strong>illi</strong></span> <span class='ocrx_word' id='word_1_350' title='bbox 1727 4323 1819 4412; x_wconf 85' lang='lat' dir='ltr'><strong>qui</strong></span> <span class='ocrx_word' id='word_1_351' title='bbox 1846 4323 2091 4415; x_wconf 88' lang='lat' dir='ltr'><strong>inculpa-</strong></span> 
     </span>
    </p>
   </div>
   <div class='ocr_carea' id='block_1_52' title="bbox 502 4422 2169 4508">
    <p class='ocr_par' dir='ltr' id='par_1_52' title="bbox 502 4422 2169 4508">
     <span class='ocr_line' id='line_1_52' title="bbox 502 4422 2169 4508; baseline 0.01 -30"><span class='ocrx_word' id='word_1_352' title='bbox 502 4422 689 4480; x_wconf 82' lang='lat' dir='ltr'><strong>biliter</strong></span> <span class='ocrx_word' id='word_1_353' title='bbox 710 4426 1050 4482; x_wconf 86' lang='lat' dir='ltr'><strong>cornicularii</strong></span> <span class='ocrx_word' id='word_1_354' title='bbox 1071 4435 1156 4483; x_wconf 89' lang='lat' dir='ltr'><strong>est</strong></span> <span class='ocrx_word' id='word_1_355' title='bbox 1174 4430 1490 4499; x_wconf 85' lang='lat' dir='ltr'><strong>perfunctus</strong></span> <span class='ocrx_word' id='word_1_356' title='bbox 1504 4431 1704 4500; x_wconf 83' lang='lat' dir='ltr'><strong>officio,</strong></span> <span class='ocrx_word' id='word_1_357' title='bbox 1723 4436 2090 4506; x_wconf 78' lang='lat' dir='ltr'><strong>septingentos</strong></span> <span class='ocrx_word' id='word_1_358' title='bbox 2117 4446 2169 4508; x_wconf 76' lang='grc' dir='ltr'><strong>ι)</strong></span> 
     </span>
    </p>
   </div>
   <div class='ocr_carea' id='block_1_53' title="bbox 507 4513 2094 4598">
    <p class='ocr_par' dir='ltr' id='par_1_53' title="bbox 507 4513 2094 4598">
     <span class='ocr_line' id='line_1_53' title="bbox 507 4513 2094 4598; baseline 0.008 -27"><span class='ocrx_word' id='word_1_359' title='bbox 507 4513 730 4580; x_wconf 83' lang='lat' dir='ltr'><strong>solidos,</strong></span> <span class='ocrx_word' id='word_1_360' title='bbox 762 4530 897 4586; x_wconf 90' lang='lat' dir='ltr'><strong>quos</strong></span> <span class='ocrx_word' id='word_1_361' title='bbox 924 4525 979 4573; x_wconf 90' lang='lat' dir='ltr'><strong>et</strong></span> <span class='ocrx_word' id='word_1_362' title='bbox 1022 4518 1263 4588; x_wconf 82' lang='lat' dir='ltr'><strong>longaeva</strong></span> <span class='ocrx_word' id='word_1_363' title='bbox 1291 4522 1626 4578; x_wconf 85' lang='lat' dir='ltr'><strong>consuetudo</strong></span> <span class='ocrx_word' id='word_1_364' title='bbox 1654 4523 1949 4595; x_wconf 87' lang='lat' dir='ltr'><strong>deputavit,</strong></span> <span class='ocrx_word' id='word_1_365' title='bbox 1995 4542 2094 4598; x_wconf 85' lang='lat' dir='ltr'><strong>per</strong></span> 
     </span>
    </p>
   </div>
   <div class='ocr_carea' id='block_1_54' title="bbox 510 4606 2094 4684">
    <p class='ocr_par' dir='ltr' id='par_1_54' title="bbox 510 4606 2094 4684">
     <span class='ocr_line' id='line_1_54' title="bbox 510 4606 2094 4684; baseline 0.008 -21"><span class='ocrx_word' id='word_1_366' title='bbox 510 4606 657 4663; x_wconf 86' lang='lat' dir='ltr'><strong>illam</strong></span> <span class='ocrx_word' id='word_1_367' title='bbox 704 4607 1048 4665; x_wconf 85' lang='lat' dir='ltr'><strong>indictionem</strong></span> <span class='ocrx_word' id='word_1_368' title='bbox 1078 4610 1147 4666; x_wconf 91' lang='lat' dir='ltr'><strong>de</strong></span> <span class='ocrx_word' id='word_1_369' title='bbox 1186 4613 1390 4667; x_wconf 82' lang='lat' dir='ltr'><strong>Samnii</strong></span> <span class='ocrx_word' id='word_1_370' title='bbox 1436 4615 1710 4684; x_wconf 86' lang='lat' dir='ltr'><strong>provincia</strong></span> <span class='ocrx_word' id='word_1_371' title='bbox 1745 4632 1813 4673; x_wconf 79' lang='lat' dir='ltr'><strong>ex</strong></span> <span class='ocrx_word' id='word_1_372' title='bbox 1854 4618 2094 4677; x_wconf 88' lang='lat' dir='ltr'><strong>illatione</strong></span> 
     </span>
    </p>
   </div>
   <div class='ocr_carea' id='block_1_55' title="bbox 512 4697 2096 4780">
    <p class='ocr_par' dir='ltr' id='par_1_55' title="bbox 512 4697 2096 4780">
     <span class='ocr_line' id='line_1_55' title="bbox 512 4697 2096 4780; baseline 0.009 -27"><span class='ocrx_word' id='word_1_373' title='bbox 512 4697 670 4754; x_wconf 89' lang='lat' dir='ltr'><strong>tertia</strong></span> <span class='ocrx_word' id='word_1_374' title='bbox 711 4697 828 4753; x_wconf 91' lang='lat' dir='ltr'><strong>sine</strong></span> <span class='ocrx_word' id='word_1_375' title='bbox 873 4699 1221 4769; x_wconf 82' lang='lat' dir='ltr'><strong>ambiguitate</strong></span> <span class='ocrx_word' id='word_1_376' title='bbox 1269 4705 1528 4761; x_wconf 88' lang='lat' dir='ltr'><strong>contrade</strong></span> <span class='ocrx_word' id='word_1_377' title='bbox 1560 4723 1574 4758; x_wconf 88' lang='lat'><strong>:</strong></span> <span class='ocrx_word' id='word_1_378' title='bbox 1604 4706 1728 4776; x_wconf 90' lang='lat' dir='ltr'><strong>quia</strong></span> <span class='ocrx_word' id='word_1_379' title='bbox 1775 4724 1882 4764; x_wconf 92' lang='lat' dir='ltr'><strong>nou</strong></span> <span class='ocrx_word' id='word_1_380' title='bbox 1915 4718 2096 4780; x_wconf 83' lang='lat' dir='ltr'><strong>potest</strong></span> 
     </span>
    </p>
   </div>
   <div class='ocr_carea' id='block_1_56' title="bbox 410 4787 2095 4865">
    <p class='ocr_par' dir='ltr' id='par_1_56' title="bbox 410 4787 2095 4865">
     <span class='ocr_line' id='line_1_56' title="bbox 410 4787 2095 4865; baseline 0.007 -22"><span class='ocrx_word' id='word_1_381' title='bbox 410 4816 433 4834; x_wconf 76' lang='grc' dir='ltr'><strong><em>ο</em></strong></span> <span class='ocrx_word' id='word_1_382' title='bbox 511 4787 757 4844; x_wconf 88' lang='lat' dir='ltr'><strong>dubitare</strong></span> <span class='ocrx_word' id='word_1_383' title='bbox 783 4787 850 4845; x_wconf 86' lang='lat' dir='ltr'><strong>de</strong></span> <span class='ocrx_word' id='word_1_384' title='bbox 872 4789 1110 4859; x_wconf 67' lang='lat' dir='ltr'><strong>praemio,</strong></span> <span class='ocrx_word' id='word_1_385' title='bbox 1137 4807 1296 4860; x_wconf 89' lang='lat' dir='ltr'><strong>quem</strong></span> <span class='ocrx_word' id='word_1_386' title='bbox 1322 4809 1448 4847; x_wconf 89' lang='lat' dir='ltr'><strong>vera</strong></span> <span class='ocrx_word' id='word_1_387' title='bbox 1472 4794 1731 4865; x_wconf 88' lang='lat' dir='ltr'><strong>principis</strong></span> <span class='ocrx_word' id='word_1_388' title='bbox 1755 4799 2095 4856; x_wconf 87' lang='lat' dir='ltr'><strong>commendat</strong></span> 
     </span>
    </p>
   </div>
   <div class='ocr_carea' id='block_1_57' title="bbox 511 4872 2091 4959">
    <p class='ocr_par' dir='ltr' id='par_1_57' title="bbox 511 4872 2091 4959">
     <span class='ocr_line' id='line_1_57' title="bbox 511 4872 2091 4959; baseline 0.005 -22"><span class='ocrx_word' id='word_1_389' title='bbox 511 4881 761 4937; x_wconf 82' lang='lat' dir='ltr'><strong>assertio.</strong></span> <span class='ocrx_word' id='word_1_390' title='bbox 781 4879 997 4936; x_wconf 63' lang='lat' dir='ltr'><strong>Praefuit</strong></span> <span class='ocrx_word' id='word_1_391' title='bbox 1016 4872 1158 4937; x_wconf 89' lang='lat' dir='ltr'><strong>enim</strong></span> <span class='ocrx_word' id='word_1_392' title='bbox 1184 4884 1437 4940; x_wconf 82' lang='lat' dir='ltr'><strong>cornibus</strong></span> <span class='ocrx_word' id='word_1_393' title='bbox 1458 4887 1737 4942; x_wconf 87' lang='lat' dir='ltr'><strong>secretarii</strong></span> <span class='ocrx_word' id='word_1_394' title='bbox 1760 4890 2091 4959; x_wconf 68' lang='lat' dir='ltr'><strong>prmtoriani,</strong></span> 
     </span>
    </p>
   </div>
   <div class='ocr_carea' id='block_1_58' title="bbox 513 4972 2099 5044">
    <p class='ocr_par' dir='ltr' id='par_1_58' title="bbox 513 4972 2099 5044">
     <span class='ocr_line' id='line_1_58' title="bbox 513 4972 2099 5044; baseline 0.009 -17"><span class='ocrx_word' id='word_1_395' title='bbox 513 4972 655 5028; x_wconf 89' lang='lat' dir='ltr'><strong>unde</strong></span> <span class='ocrx_word' id='word_1_396' title='bbox 695 4972 747 5027; x_wconf 88' lang='lat' dir='ltr'><strong>ei</strong></span> <span class='ocrx_word' id='word_1_397' title='bbox 791 4988 986 5029; x_wconf 90' lang='lat' dir='ltr'><strong>nomen</strong></span> <span class='ocrx_word' id='word_1_398' title='bbox 1014 4981 1095 5031; x_wconf 88' lang='lat' dir='ltr'><strong>est</strong></span> <span class='ocrx_word' id='word_1_399' title='bbox 1134 4975 1461 5044; x_wconf 85' lang='lat' dir='ltr'><strong>derivatum,</strong></span> <span class='ocrx_word' id='word_1_400' title='bbox 1513 4978 1746 5035; x_wconf 85' lang='lat' dir='ltr'><strong>laudatis</strong></span> <span class='ocrx_word' id='word_1_401' title='bbox 1792 4981 2099 5041; x_wconf 86' lang='lat' dir='ltr'><strong>actionibus</strong></span> 
     </span>
    </p>
   </div>
   <div class='ocr_carea' id='block_1_59' title="bbox 508 5065 2095 5145">
    <p class='ocr_par' dir='ltr' id='par_1_59' title="bbox 508 5065 2095 5145">
     <span class='ocr_line' id='line_1_59' title="bbox 508 5065 2095 5145; baseline 0.005 -26"><span class='ocrx_word' id='word_1_402' title='bbox 508 5065 890 5133; x_wconf 82' lang='lat' dir='ltr'><strong>comprobatus</strong></span> <span class='ocrx_word' id='word_1_403' title='bbox 924 5083 937 5118; x_wconf 90' lang='lat'>:</span> <span class='ocrx_word' id='word_1_404' title='bbox 969 5080 1037 5122; x_wconf 89' lang='lat' dir='ltr'><strong>eo</strong></span> <span class='ocrx_word' id='word_1_405' title='bbox 1073 5066 1413 5123; x_wconf 88' lang='lat' dir='ltr'><strong>ministrante</strong></span> <span class='ocrx_word' id='word_1_406' title='bbox 1455 5068 1739 5126; x_wconf 88' lang='lat' dir='ltr'><strong>caliculum</strong></span> <span class='ocrx_word' id='word_1_407' title='bbox 1778 5070 1919 5145; x_wconf 77' lang='lat' dir='ltr'><strong>[Gr.,</strong></span> <span class='ocrx_word' id='word_1_408' title='bbox 1950 5072 2095 5145; x_wconf 83' lang='lat' dir='ltr'><strong>Cuj.,</strong></span> 
     </span>
    </p>
   </div>
   <div class='ocr_carea' id='block_1_60' title="bbox 514 5151 2097 5236">
    <p class='ocr_par' dir='ltr' id='par_1_60' title="bbox 514 5151 2097 5236">
     <span class='ocr_line' id='line_1_60' title="bbox 514 5151 2097 5236; baseline 0.008 -29"><span class='ocrx_word' id='word_1_409' title='bbox 514 5151 639 5209; x_wconf 76' lang='lat' dir='ltr'><strong>Nic.</strong></span> <span class='ocrx_word' id='word_1_410' title='bbox 693 5165 745 5209; x_wconf 79' lang='lat' dir='ltr'><strong>et</strong></span> <span class='ocrx_word' id='word_1_411' title='bbox 787 5153 909 5222; x_wconf 74' lang='lat' dir='ltr'><strong>6a.,</strong></span> <span class='ocrx_word' id='word_1_412' title='bbox 946 5156 1235 5229; x_wconf 86' lang='lat' dir='ltr'><strong>calculum]</strong></span> <span class='ocrx_word' id='word_1_413' title='bbox 1287 5159 1447 5232; x_wconf 73' lang='lat'><strong>135</strong></span> <span class='ocrx_word' id='word_1_414' title='bbox 1490 5161 1802 5231; x_wconf 88' lang='lat' dir='ltr'><strong>scripsimus</strong></span> <span class='ocrx_word' id='word_1_415' title='bbox 1854 5164 2097 5236; x_wconf 90' lang='lat' dir='ltr'><strong>inempti,</strong></span> 
     </span>
    </p>
   </div>
   <div class='ocr_carea' id='block_1_61' title="bbox 510 5244 2098 5326">
    <p class='ocr_par' dir='ltr' id='par_1_61' title="bbox 510 5244 2098 5326">
     <span class='ocr_line' id='line_1_61' title="bbox 510 5244 2098 5326; baseline 0.007 -24"><span class='ocrx_word' id='word_1_416' title='bbox 510 5244 659 5317; x_wconf 81' lang='lat' dir='ltr'><strong>quod</strong></span> <span class='ocrx_word' id='word_1_417' title='bbox 700 5249 907 5317; x_wconf 82' lang='lat' dir='ltr'><strong>magnis</strong></span> <span class='ocrx_word' id='word_1_418' title='bbox 957 5250 1143 5320; x_wconf 89' lang='lat' dir='ltr'><strong>pretiis</strong></span> <span class='ocrx_word' id='word_1_419' title='bbox 1184 5251 1475 5321; x_wconf 86' lang='lat' dir='ltr'><strong>optabatur</strong></span> <span class='ocrx_word' id='word_1_420' title='bbox 1520 5253 1764 5325; x_wconf 87' lang='lat' dir='ltr'><strong>impleri;</strong></span> <span class='ocrx_word' id='word_1_421' title='bbox 1812 5257 2098 5326; x_wconf 78' lang='lat' dir='ltr'><strong>gratificati</strong></span> 
     </span>
    </p>
   </div>
   <div class='ocr_carea' id='block_1_62' title="bbox 512 5340 2094 5418">
    <p class='ocr_par' dir='ltr' id='par_1_62' title="bbox 512 5340 2094 5418">
     <span class='ocr_line' id='line_1_62' title="bbox 512 5340 2094 5418; baseline 0.008 -26"><span class='ocrx_word' id='word_1_422' title='bbox 512 5352 726 5402; x_wconf 88' lang='lat' dir='ltr'><strong>sumus,</strong></span> <span class='ocrx_word' id='word_1_423' title='bbox 759 5340 842 5395; x_wconf 90' lang='lat' dir='ltr'><strong>cui</strong></span> <span class='ocrx_word' id='word_1_424' title='bbox 887 5341 1033 5410; x_wconf 82' lang='lat' dir='ltr'><strong>leges</strong></span> <span class='ocrx_word' id='word_1_425' title='bbox 1079 5341 1360 5410; x_wconf 85' lang='lat' dir='ltr'><strong>faverunt;</strong></span> <span class='ocrx_word' id='word_1_426' title='bbox 1405 5347 1741 5414; x_wconf 75' lang='lat' dir='ltr'><strong>negavimus,</strong></span> <span class='ocrx_word' id='word_1_427' title='bbox 1778 5348 1863 5404; x_wconf 92' lang='lat' dir='ltr'><strong>cui</strong></span> <span class='ocrx_word' id='word_1_428' title='bbox 1886 5348 2094 5418; x_wconf 84' lang='lat' dir='ltr'><strong>justitia</strong></span> 
     </span>
    </p>
   </div>
   <div class='ocr_carea' id='block_1_63' title="bbox 514 5432 2095 5500">
    <p class='ocr_par' dir='ltr' id='par_1_63' title="bbox 514 5432 2095 5500">
     <span class='ocr_line' id='line_1_63' title="bbox 514 5432 2095 5500; baseline 0.007 -15"><span class='ocrx_word' id='word_1_429' title='bbox 514 5444 623 5485; x_wconf 88' lang='lat' dir='ltr'><strong>non</strong></span> <span class='ocrx_word' id='word_1_430' title='bbox 669 5432 932 5500; x_wconf 90' lang='lat' dir='ltr'><strong>promisit.</strong></span> <span class='ocrx_word' id='word_1_431' title='bbox 976 5433 1143 5491; x_wconf 85' lang='lat' dir='ltr'><strong>Nemo</strong></span> <span class='ocrx_word' id='word_1_432' title='bbox 1174 5436 1345 5491; x_wconf 88' lang='lat' dir='ltr'><strong>tristis</strong></span> <span class='ocrx_word' id='word_1_433' title='bbox 1369 5436 1578 5492; x_wconf 79' lang='lat' dir='ltr'><strong>exstitit</strong></span> <span class='ocrx_word' id='word_1_434' title='bbox 1603 5438 1670 5493; x_wconf 91' lang='lat' dir='ltr'><strong>de</strong></span> <span class='ocrx_word' id='word_1_435' title='bbox 1700 5439 1923 5495; x_wconf 88' lang='lat' dir='ltr'><strong>victoria</strong></span> <span class='ocrx_word' id='word_1_436' title='bbox 1952 5456 2046 5496; x_wconf 90' lang='lat' dir='ltr'><strong>sua</strong></span> <span class='ocrx_word' id='word_1_437' title='bbox 2080 5460 2095 5496; x_wconf 88' lang='lat'><strong>:</strong></span> 
     </span>
    </p>
   </div>
   <div class='ocr_carea' id='block_1_64' title="bbox 516 5519 2098 5597">
    <p class='ocr_par' dir='ltr' id='par_1_64' title="bbox 516 5519 2098 5597">
     <span class='ocr_line' id='line_1_64' title="bbox 516 5519 2098 5597; baseline 0.01 -23"><span class='ocrx_word' id='word_1_438' title='bbox 516 5519 639 5587; x_wconf 78' lang='lat' dir='ltr'><strong>quia</strong></span> <span class='ocrx_word' id='word_1_439' title='bbox 661 5520 821 5576; x_wconf 88' lang='lat' dir='ltr'><strong>salvis</strong></span> <span class='ocrx_word' id='word_1_440' title='bbox 842 5521 1179 5580; x_wconf 84' lang='lat' dir='ltr'><strong>facultatibus</strong></span> <span class='ocrx_word' id='word_1_441' title='bbox 1206 5524 1458 5597; x_wconf 90' lang='lat' dir='ltr'><strong>obtinuit,</strong></span> <span class='ocrx_word' id='word_1_442' title='bbox 1498 5527 1712 5597; x_wconf 87' lang='lat' dir='ltr'><strong>quando</strong></span> <span class='ocrx_word' id='word_1_443' title='bbox 1742 5536 1802 5585; x_wconf 90' lang='lat' dir='ltr'><strong>ut</strong></span> <span class='ocrx_word' id='word_1_444' title='bbox 1830 5528 1982 5588; x_wconf 83' lang='lat' dir='ltr'><strong>fieret</strong></span> <span class='ocrx_word' id='word_1_445' title='bbox 2005 5548 2098 5589; x_wconf 91' lang='lat' dir='ltr'><strong>su-</strong></span> 
     </span>
    </p>
   </div>
   <div class='ocr_carea' id='block_1_65' title="bbox 591 5655 3867 5744">
    <p class='ocr_par' dir='ltr' id='par_1_65' title="bbox 591 5655 3867 5744">
     <span class='ocr_line' id='line_1_65' title="bbox 591 5655 3867 5744; baseline 0.003 -33"><span class='ocrx_word' id='word_1_446' title='bbox 591 5655 905 5744; x_wconf 43' lang='lat' dir='ltr'><strong>:Ycualem</strong></span> <span class='ocrx_word' id='word_1_447' title='bbox 942 5660 1249 5720; x_wconf 87' lang='lat' dir='ltr'><strong>dilationem</strong></span> <span class='ocrx_word' id='word_1_448' title='bbox 1286 5678 1477 5736; x_wconf 65' lang='lat' dir='ltr'><strong>supra,</strong></span> <span class='ocrx_word' id='word_1_449' title='bbox 1526 5664 1629 5723; x_wconf 86' lang='lat' dir='ltr'><strong>hoc</strong></span> <span class='ocrx_word' id='word_1_450' title='bbox 1676 5664 1792 5736; x_wconf 87' lang='lat' dir='ltr'><strong>lib.,</strong></span> <span class='ocrx_word' id='word_1_451' title='bbox 1843 5670 2003 5742; x_wconf 89' lang='lat' dir='ltr'><strong>epist.</strong></span> <span class='ocrx_word' id='word_1_452' title='bbox 2037 5673 2093 5730; x_wconf 90' lang='lat'><strong>7.</strong></span> <span class='ocrx_word' id='word_1_453' title='bbox 2132 5673 2408 5733; x_wconf 68' lang='lat' dir='ltr'><strong>Venalitas</strong></span> <span class='ocrx_word' id='word_1_454' title='bbox 2454 5674 2637 5742; x_wconf 87' lang='lat' dir='ltr'><strong>studii,</strong></span> <span class='ocrx_word' id='word_1_455' title='bbox 2670 5673 2948 5744; x_wconf 84' lang='lat' dir='ltr'><strong>lliajoriani</strong></span> <span class='ocrx_word' id='word_1_456' title='bbox 2979 5671 3189 5728; x_wconf 78' lang='lat' dir='ltr'><strong>noveli.</strong></span> <span class='ocrx_word' id='word_1_457' title='bbox 3223 5671 3285 5740; x_wconf 69' lang='grc' dir='ltr'><em>Ἰ,</em></span> <span class='ocrx_word' id='word_1_458' title='bbox 3340 5670 3410 5727; x_wconf 87' lang='lat' dir='ltr'><strong>de</strong></span> <span class='ocrx_word' id='word_1_459' title='bbox 3464 5666 3587 5722; x_wconf 88' lang='lat' dir='ltr'><strong>bon.</strong></span> <span class='ocrx_word' id='word_1_460' title='bbox 3614 5658 3775 5715; x_wconf 61' lang='lat' dir='ltr'><strong>cattle.</strong></span> <span class='ocrx_word' id='word_1_461' title='bbox 3862 5716 3867 5720; x_wconf 82' lang='lat'><strong>.</strong></span> 
     </span>
    </p>
   </div>
   <div class='ocr_carea' id='block_1_66' title="bbox 517 5722 689 5781">
    <p class='ocr_par' dir='ltr' id='par_1_66' title="bbox 517 5722 689 5781">
     <span class='ocr_line' id='line_1_66' title="bbox 517 5722 689 5781; baseline 0.012 -2"><span class='ocrx_word' id='word_1_462' title='bbox 517 5722 689 5781; x_wconf 61' lang='lat' dir='ltr'><strong>Iunt.</strong></span> 
     </span>
    </p>
   </div>
   <div class='ocr_carea' id='block_1_67' title="bbox 2171 796 3687 876">
    <p class='ocr_par' dir='ltr' id='par_1_67' title="bbox 2171 796 3687 876">
     <span class='ocr_line' id='line_1_67' title="bbox 2171 796 3687 876; baseline 0.011 -24"><span class='ocrx_word' id='word_1_463' title='bbox 2171 796 2329 854; x_wconf 74' lang='lat' dir='ltr'><strong>factis</strong></span> <span class='ocrx_word' id='word_1_464' title='bbox 2357 814 2513 855; x_wconf 88' lang='lat' dir='ltr'><strong>sensa</strong></span> <span class='ocrx_word' id='word_1_465' title='bbox 2544 801 2862 873; x_wconf 80' lang='lat' dir='ltr'><strong>benignitas.</strong></span> <span class='ocrx_word' id='word_1_466' title='bbox 2894 802 3263 860; x_wconf 78' lang='lat' dir='ltr'><strong>irascebamur</strong></span> <span class='ocrx_word' id='word_1_467' title='bbox 3305 806 3482 876; x_wconf 83' lang='lat' dir='ltr'><strong>placati</strong></span> <span class='ocrx_word' id='word_1_468' title='bbox 3503 850 3517 875; x_wconf 87' lang='lat'><strong>,</strong></span> <span class='ocrx_word' id='word_1_469' title='bbox 3555 817 3687 873; x_wconf 79' lang='lat' dir='ltr'><strong>utina-</strong></span> 
     </span>
    </p>
   </div>
   <div class='ocr_carea' id='block_1_68' title="bbox 2174 888 3693 965">
    <p class='ocr_par' dir='ltr' id='par_1_68' title="bbox 2174 888 3693 965">
     <span class='ocr_line' id='line_1_68' title="bbox 2174 888 3693 965; baseline 0.012 -21"><span class='ocrx_word' id='word_1_470' title='bbox 2174 888 2364 945; x_wconf 91' lang='lat' dir='ltr'><strong>bamur</strong></span> <span class='ocrx_word' id='word_1_471' title='bbox 2389 890 2628 959; x_wconf 84' lang='lat' dir='ltr'><strong>innoxii;</strong></span> <span class='ocrx_word' id='word_1_472' title='bbox 2655 900 2710 948; x_wconf 89' lang='lat' dir='ltr'><strong>et</strong></span> <span class='ocrx_word' id='word_1_473' title='bbox 2738 908 2809 949; x_wconf 90' lang='lat' dir='ltr'><strong>ne</strong></span> <span class='ocrx_word' id='word_1_474' title='bbox 2837 895 3199 962; x_wconf 81' lang='lat' dir='ltr'><strong>potuissemus</strong></span> <span class='ocrx_word' id='word_1_475' title='bbox 3236 896 3452 965; x_wconf 75' lang='lat' dir='ltr'><strong>kedere,</strong></span> <span class='ocrx_word' id='word_1_476' title='bbox 3478 912 3693 961; x_wconf 75' lang='lat' dir='ltr'><strong>tenorem</strong></span> 
     </span>
    </p>
   </div>
   <div class='ocr_carea' id='block_1_69' title="bbox 2175 982 3693 1065">
    <p class='ocr_par' dir='ltr' id='par_1_69' title="bbox 2175 982 3693 1065">
     <span class='ocr_line' id='line_1_69' title="bbox 2175 982 3693 1065; baseline 0.011 -28"><span class='ocrx_word' id='word_1_477' title='bbox 2175 982 2488 1038; x_wconf 84' lang='lat' dir='ltr'><strong>videbamur</strong></span> <span class='ocrx_word' id='word_1_478' title='bbox 2548 983 2764 1040; x_wconf 80' lang='lat' dir='ltr'><strong>inferre.</strong></span> <span class='ocrx_word' id='word_1_479' title='bbox 2818 984 3069 1053; x_wconf 77' lang='lat' dir='ltr'><strong>Habetis,</strong></span> <span class='ocrx_word' id='word_1_480' title='bbox 3113 996 3171 1043; x_wconf 93' lang='lat' dir='ltr'><strong>ut</strong></span> <span class='ocrx_word' id='word_1_481' title='bbox 3222 990 3467 1049; x_wconf 88' lang='lat' dir='ltr'><strong>solebatis</strong></span> <span class='ocrx_word' id='word_1_482' title='bbox 3515 994 3693 1065; x_wconf 88' lang='lat' dir='ltr'><strong>dicere,</strong></span> 
     </span>
    </p>
   </div>
   <div class='ocr_carea' id='block_1_70' title="bbox 2175 1074 3701 1157">
    <p class='ocr_par' dir='ltr' id='par_1_70' title="bbox 2175 1074 3701 1157">
     <span class='ocr_line' id='line_1_70' title="bbox 2175 1074 3701 1157; baseline 0.011 -28"><span class='ocrx_word' id='word_1_483' title='bbox 2175 1074 2532 1131; x_wconf 76' lang='lat' dir='ltr'><strong>castissimum</strong></span> <span class='ocrx_word' id='word_1_484' title='bbox 2578 1076 2842 1147; x_wconf 74' lang='lat' dir='ltr'><strong>iudicem,</strong></span> <span class='ocrx_word' id='word_1_485' title='bbox 2889 1078 3190 1149; x_wconf 83' lang='lat' dir='ltr'><strong>relinquam</strong></span> <span class='ocrx_word' id='word_1_486' title='bbox 3237 1096 3333 1137; x_wconf 83' lang='lat' dir='ltr'><strong>vos</strong></span> <span class='ocrx_word' id='word_1_487' title='bbox 3377 1083 3701 1157; x_wconf 75' lang='lat' dir='ltr'><strong>integerrimas</strong></span> 
     </span>
    </p>
   </div>
   <div class='ocr_carea' id='block_1_71' title="bbox 2178 1177 3113 1226">
    <p class='ocr_par' dir='ltr' id='par_1_71' title="bbox 2178 1177 3113 1226">
     <span class='ocr_line' id='line_1_71' title="bbox 2178 1177 3113 1226; baseline 0.009 -3"><span class='ocrx_word' id='word_1_488' title='bbox 2178 1177 2365 1226; x_wconf 84' lang='lat' dir='ltr'><strong>testes.</strong></span> <span class='ocrx_word' id='word_1_489' title='bbox 3110 1180 3113 1184; x_wconf 64' lang='grc'><em>’</em></span> 
     </span>
    </p>
   </div>
   <div class='ocr_carea' id='block_1_72' title="bbox 2656 1302 3286 1361">
    <p class='ocr_par' dir='ltr' id='par_1_72' title="bbox 2656 1302 3286 1361">
     <span class='ocr_line' id='line_1_72' title="bbox 2656 1302 3286 1361; baseline 0.005 -3"><span class='ocrx_word' id='word_1_490' title='bbox 2656 1302 2992 1361; x_wconf 80' lang='lat' dir='ltr'><strong>EPISTOLA</strong></span> <span class='ocrx_word' id='word_1_491' title='bbox 3028 1305 3286 1361; x_wconf 71' lang='lat' dir='ltr'><strong>XXXVII.</strong></span> 
     </span>
    </p>
   </div>
   <div class='ocr_carea' id='block_1_73' title="bbox 2246 1408 3644 1460">
    <p class='ocr_par' dir='ltr' id='par_1_73' title="bbox 2246 1408 3644 1460">
     <span class='ocr_line' id='line_1_73' title="bbox 2246 1408 3644 1460; baseline 0.007 -13"><span class='ocrx_word' id='word_1_492' title='bbox 2246 1408 2434 1449; x_wconf 65' lang='lat' dir='ltr'><strong>LUCINO</strong></span> <span class='ocrx_word' id='word_1_493' title='bbox 2469 1410 2596 1449; x_wconf 77' lang='grc' dir='ltr'><strong>Υιηο</strong></span> <span class='ocrx_word' id='word_1_494' title='bbox 2633 1410 2968 1460; x_wconf 69' lang='grc' dir='ltr'><strong>οιΛιιιεεωο,</strong></span> <span class='ocrx_word' id='word_1_495' title='bbox 3006 1411 3370 1453; x_wconf 63' lang='grc' dir='ltr'><strong>οληοειιλῐιιο</strong></span> <span class='ocrx_word' id='word_1_496' title='bbox 3404 1414 3644 1459; x_wconf 60' lang='grc' dir='ltr'><strong>(ΖΛΙΡΔΜᾸ</strong></span> 
     </span>
    </p>
   </div>
   <div class='ocr_carea' id='block_1_74' title="bbox 2514 1480 3443 1537">
    <p class='ocr_par' dir='ltr' id='par_1_74' title="bbox 2514 1480 3443 1537">
     <span class='ocr_line' id='line_1_74' title="bbox 2514 1480 3443 1537; baseline 0.001 -16"><span class='ocrx_word' id='word_1_497' title='bbox 2514 1480 2752 1522; x_wconf 72' lang='grc' dir='ltr'><strong>εεΜτοκ</strong></span> <span class='ocrx_word' id='word_1_498' title='bbox 2793 1482 3113 1537; x_wconf 64' lang='grc' dir='ltr'><strong>ΡΚΑΞΡΕΕΤῌΒ</strong></span> <span class='ocrx_word' id='word_1_499' title='bbox 3151 1484 3443 1525; x_wconf 62' lang='grc' dir='ltr'><strong>ΡΒΕἸΟΒῙΟ.</strong></span> 
     </span>
    </p>
   </div>
   <div class='ocr_carea' id='block_1_75' title="bbox 2180 1575 3709 1661">
    <p class='ocr_par' dir='ltr' id='par_1_75' title="bbox 2180 1575 3709 1661">
     <span class='ocr_line' id='line_1_75' title="bbox 2180 1575 3709 1661; baseline 0.006 -30"><span class='ocrx_word' id='word_1_500' title='bbox 2180 1575 2377 1631; x_wconf 82' lang='lat' dir='ltr'><strong>Statuit</strong></span> <span class='ocrx_word' id='word_1_501' title='bbox 2419 1586 2477 1630; x_wconf 86' lang='lat' dir='ltr'><strong>ut</strong></span> <span class='ocrx_word' id='word_1_502' title='bbox 2520 1578 3081 1661; x_wconf 38' lang='grc' dir='ltr'><strong>ρήηιίερήζιίοᾎοθῑείο</strong></span> <span class='ocrx_word' id='word_1_503' title='bbox 3111 1580 3228 1661; x_wconf 73' lang='lat' dir='ltr'><strong>jam</strong></span> <span class='ocrx_word' id='word_1_504' title='bbox 3254 1581 3525 1661; x_wconf 63' lang='lat' dir='ltr'><strong>perfuncto,</strong></span> <span class='ocrx_word' id='word_1_505' title='bbox 3551 1585 3709 1661; x_wconf 60' lang='lat' dir='ltr'><strong>solidos</strong></span> 
     </span>
    </p>
   </div>
   <div class='ocr_carea' id='block_1_76' title="bbox 2253 1647 3682 1719">
    <p class='ocr_par' dir='ltr' id='par_1_76' title="bbox 2253 1647 3682 1719">
     <span class='ocr_line' id='line_1_76' title="bbox 2253 1647 3682 1719; baseline 0.006 -18"><span class='ocrx_word' id='word_1_506' title='bbox 2253 1662 2317 1701; x_wconf 60' lang='grc' dir='ltr'><strong>ατ</strong></span> <span class='ocrx_word' id='word_1_507' title='bbox 2346 1663 2542 1701; x_wconf 82' lang='lat' dir='ltr'><strong>canone</strong></span> <span class='ocrx_word' id='word_1_508' title='bbox 2568 1649 2844 1718; x_wconf 68' lang='lat' dir='ltr'><strong>provincia:</strong></span> <span class='ocrx_word' id='word_1_509' title='bbox 2871 1647 3171 1719; x_wconf 68' lang='lat' dir='ltr'><strong>Campaniae</strong></span> <span class='ocrx_word' id='word_1_510' title='bbox 3196 1647 3484 1706; x_wconf 73' lang='lat' dir='ltr'><strong>soleniniter</strong></span> <span class='ocrx_word' id='word_1_511' title='bbox 3505 1655 3682 1710; x_wconf 83' lang='lat' dir='ltr'><strong>tribuat.</strong></span> 
     </span>
    </p>
   </div>
   <div class='ocr_carea' id='block_1_77' title="bbox 2256 1758 3712 1833">
    <p class='ocr_par' dir='ltr' id='par_1_77' title="bbox 2256 1758 3712 1833">
     <span class='ocr_line' id='line_1_77' title="bbox 2256 1758 3712 1833; baseline 0.008 -20"><span class='ocrx_word' id='word_1_512' title='bbox 2256 1758 2403 1816; x_wconf 88' lang='lat' dir='ltr'><strong>Bene</strong></span> <span class='ocrx_word' id='word_1_513' title='bbox 2426 1761 2643 1830; x_wconf 87' lang='lat' dir='ltr'><strong>antiqua</strong></span> <span class='ocrx_word' id='word_1_514' title='bbox 2670 1760 3042 1818; x_wconf 79' lang='lat' dir='ltr'><strong>moderatione</strong></span> <span class='ocrx_word' id='word_1_515' title='bbox 3064 1763 3343 1833; x_wconf 78' lang='lat' dir='ltr'><strong>provisum</strong></span> <span class='ocrx_word' id='word_1_516' title='bbox 3376 1773 3456 1820; x_wconf 85' lang='lat' dir='ltr'><strong>est</strong></span> <span class='ocrx_word' id='word_1_517' title='bbox 3479 1774 3530 1820; x_wconf 79' lang='lat' dir='ltr'><strong>ut</strong></span> <span class='ocrx_word' id='word_1_518' title='bbox 3551 1767 3712 1826; x_wconf 80' lang='lat' dir='ltr'><strong>laboris</strong></span> 
     </span>
    </p>
   </div>
   <div class='ocr_carea' id='block_1_78' title="bbox 2185 1850 3717 1925">
    <p class='ocr_par' dir='ltr' id='par_1_78' title="bbox 2185 1850 3717 1925">
     <span class='ocr_line' id='line_1_78' title="bbox 2185 1850 3717 1925; baseline 0.005 -18"><span class='ocrx_word' id='word_1_519' title='bbox 2185 1850 2266 1907; x_wconf 89' lang='lat' dir='ltr'><strong>sui</strong></span> <span class='ocrx_word' id='word_1_520' title='bbox 2296 1851 2463 1922; x_wconf 89' lang='lat' dir='ltr'><strong>pretia</strong></span> <span class='ocrx_word' id='word_1_521' title='bbox 2489 1853 2769 1924; x_wconf 85' lang='lat' dir='ltr'><strong>recipiant,</strong></span> <span class='ocrx_word' id='word_1_522' title='bbox 2794 1853 2886 1923; x_wconf 91' lang='lat' dir='ltr'><strong>qui</strong></span> <span class='ocrx_word' id='word_1_523' title='bbox 2912 1853 3138 1925; x_wconf 85' lang='lat' dir='ltr'><strong>publicis</strong></span> <span class='ocrx_word' id='word_1_524' title='bbox 3165 1854 3478 1914; x_wconf 85' lang='lat' dir='ltr'><strong>utilitatibus</strong></span> <span class='ocrx_word' id='word_1_525' title='bbox 3500 1858 3717 1915; x_wconf 87' lang='lat' dir='ltr'><strong>obsecun-</strong></span> 
     </span>
    </p>
   </div>
   <div class='ocr_carea' id='block_1_79' title="bbox 2185 1942 3719 2020">
    <p class='ocr_par' dir='ltr' id='par_1_79' title="bbox 2185 1942 3719 2020">
     <span class='ocr_line' id='line_1_79' title="bbox 2185 1942 3719 2020; baseline 0.007 -25"><span class='ocrx_word' id='word_1_526' title='bbox 2185 1942 2311 1996; x_wconf 83' lang='lat' dir='ltr'><strong>dant</strong></span> <span class='ocrx_word' id='word_1_527' title='bbox 2340 1959 2360 2010; x_wconf 90' lang='lat'><strong>;</strong></span> <span class='ocrx_word' id='word_1_528' title='bbox 2407 1957 2477 1998; x_wconf 86' lang='lat' dir='ltr'><strong>ne</strong></span> <span class='ocrx_word' id='word_1_529' title='bbox 2512 1944 2638 2013; x_wconf 88' lang='lat' dir='ltr'><strong>quis</strong></span> <span class='ocrx_word' id='word_1_530' title='bbox 2661 1944 2949 2000; x_wconf 84' lang='lat' dir='ltr'><strong>haberetur</strong></span> <span class='ocrx_word' id='word_1_531' title='bbox 2997 1946 3339 2012; x_wconf 59' lang='lat' dir='ltr'><strong>prater-itus,</strong></span> <span class='ocrx_word' id='word_1_532' title='bbox 3374 1948 3462 2017; x_wconf 85' lang='lat' dir='ltr'><strong>qui</strong></span> <span class='ocrx_word' id='word_1_533' title='bbox 3498 1950 3719 2020; x_wconf 82' lang='lat' dir='ltr'><strong>probabili</strong></span> 
     </span>
    </p>
   </div>
   <div class='ocr_carea' id='block_1_80' title="bbox 2185 2031 3720 2095">
    <p class='ocr_par' dir='ltr' id='par_1_80' title="bbox 2185 2031 3720 2095">
     <span class='ocr_line' id='line_1_80' title="bbox 2185 2031 3720 2095; baseline 0.005 -9"><span class='ocrx_word' id='word_1_534' title='bbox 2185 2031 2360 2088; x_wconf 89' lang='lat' dir='ltr'><strong>fuerat</strong></span> <span class='ocrx_word' id='word_1_535' title='bbox 2385 2032 2598 2089; x_wconf 89' lang='lat' dir='ltr'><strong>actione</strong></span> <span class='ocrx_word' id='word_1_536' title='bbox 2621 2033 2938 2091; x_wconf 88' lang='lat' dir='ltr'><strong>laudandus.</strong></span> <span class='ocrx_word' id='word_1_537' title='bbox 2984 2035 3116 2090; x_wconf 80' lang='lat' dir='ltr'><strong>Nam</strong></span> <span class='ocrx_word' id='word_1_538' title='bbox 3142 2038 3228 2091; x_wconf 87' lang='lat' dir='ltr'><strong>cui</strong></span> <span class='ocrx_word' id='word_1_539' title='bbox 3262 2036 3438 2094; x_wconf 77' lang='lat' dir='ltr'><strong>ofﬁcio</strong></span> <span class='ocrx_word' id='word_1_540' title='bbox 3463 2055 3720 2095; x_wconf 79' lang='lat' dir='ltr'><strong>remunera-</strong></span> 
     </span>
    </p>
   </div>
   <div class='ocr_carea' id='block_1_81' title="bbox 2187 2122 3722 2198">
    <p class='ocr_par' dir='ltr' id='par_1_81' title="bbox 2187 2122 3722 2198">
     <span class='ocr_line' id='line_1_81' title="bbox 2187 2122 3722 2198; baseline 0.002 -20"><span class='ocrx_word' id='word_1_541' title='bbox 2187 2123 2261 2178; x_wconf 91' lang='lat' dir='ltr'><strong>tio</strong></span> <span class='ocrx_word' id='word_1_542' title='bbox 2289 2122 2613 2190; x_wconf 83' lang='lat' dir='ltr'><strong>solveretur,</strong></span> <span class='ocrx_word' id='word_1_543' title='bbox 2631 2125 2672 2178; x_wconf 92' lang='lat' dir='ltr'><strong>si</strong></span> <span class='ocrx_word' id='word_1_544' title='bbox 2700 2125 3035 2194; x_wconf 57' lang='lat' dir='ltr'><strong>praetorianis</strong></span> <span class='ocrx_word' id='word_1_545' title='bbox 3055 2125 3334 2183; x_wconf 89' lang='lat' dir='ltr'><strong>laboribus</strong></span> <span class='ocrx_word' id='word_1_546' title='bbox 3359 2129 3558 2198; x_wconf 69' lang='lat' dir='ltr'><strong>prtemia</strong></span> <span class='ocrx_word' id='word_1_547' title='bbox 3579 2130 3722 2183; x_wconf 82' lang='lat' dir='ltr'><strong>tarda-</strong></span> 
     </span>
    </p>
   </div>
   <div class='ocr_carea' id='block_1_82' title="bbox 2186 2212 3723 2286">
    <p class='ocr_par' dir='ltr' id='par_1_82' title="bbox 2186 2212 3723 2286">
     <span class='ocr_line' id='line_1_82' title="bbox 2186 2212 3723 2286; baseline -0.001 -17"><span class='ocrx_word' id='word_1_548' title='bbox 2186 2214 2415 2269; x_wconf 86' lang='lat' dir='ltr'><strong>rentur?</strong></span> <span class='ocrx_word' id='word_1_549' title='bbox 2438 2212 2707 2285; x_wconf 83' lang='lat' dir='ltr'><strong>Quidquid</strong></span> <span class='ocrx_word' id='word_1_550' title='bbox 2752 2214 2895 2269; x_wconf 77' lang='lat' dir='ltr'><strong>enim</strong></span> <span class='ocrx_word' id='word_1_551' title='bbox 2936 2230 3076 2285; x_wconf 88' lang='lat' dir='ltr'><strong>pene</strong></span> <span class='ocrx_word' id='word_1_552' title='bbox 3122 2215 3175 2270; x_wconf 93' lang='lat' dir='ltr'><strong>in</strong></span> <span class='ocrx_word' id='word_1_553' title='bbox 3227 2215 3496 2286; x_wconf 87' lang='lat' dir='ltr'><strong>republica</strong></span> <span class='ocrx_word' id='word_1_554' title='bbox 3537 2217 3723 2285; x_wconf 78' lang='lat' dir='ltr'><strong>geritur,</strong></span> 
     </span>
    </p>
   </div>
   <div class='ocr_carea' id='block_1_83' title="bbox 2187 2294 3724 2378">
    <p class='ocr_par' dir='ltr' id='par_1_83' title="bbox 2187 2294 3724 2378">
     <span class='ocr_line' id='line_1_83' title="bbox 2187 2294 3724 2378; baseline -0.001 -17"><span class='ocrx_word' id='word_1_555' title='bbox 2187 2320 2375 2361; x_wconf 85' lang='lat' dir='ltr'><strong>eorum</strong></span> <span class='ocrx_word' id='word_1_556' title='bbox 2424 2294 2747 2361; x_wconf 77' lang='lat' dir='ltr'><strong>strenuitate</strong></span> <span class='ocrx_word' id='word_1_557' title='bbox 2771 2306 3095 2376; x_wconf 88' lang='lat' dir='ltr'><strong>completur,</strong></span> <span class='ocrx_word' id='word_1_558' title='bbox 3124 2315 3196 2371; x_wconf 89' lang='lat' dir='ltr'><strong>et,</strong></span> <span class='ocrx_word' id='word_1_559' title='bbox 3224 2307 3378 2378; x_wconf 84' lang='lat' dir='ltr'><strong>quod</strong></span> <span class='ocrx_word' id='word_1_560' title='bbox 3402 2305 3724 2363; x_wconf 71' lang='lat' dir='ltr'><strong>difﬁcillimum</strong></span> 
     </span>
    </p>
   </div>
   <div class='ocr_carea' id='block_1_84' title="bbox 2187 2396 3728 2468">
    <p class='ocr_par' dir='ltr' id='par_1_84' title="bbox 2187 2396 3728 2468">
     <span class='ocr_line' id='line_1_84' title="bbox 2187 2396 3728 2468; baseline -0.001 -15"><span class='ocrx_word' id='word_1_561' title='bbox 2187 2396 2457 2455; x_wconf 88' lang='lat' dir='ltr'><strong>serviendi</strong></span> <span class='ocrx_word' id='word_1_562' title='bbox 2478 2410 2649 2465; x_wconf 74' lang='lat' dir='ltr'><strong>genus</strong></span> <span class='ocrx_word' id='word_1_563' title='bbox 2675 2405 2758 2452; x_wconf 90' lang='lat' dir='ltr'><strong>est</strong></span> <span class='ocrx_word' id='word_1_564' title='bbox 2781 2396 2879 2468; x_wconf 90' lang='lat' dir='ltr'><strong>(sic</strong></span> <span class='ocrx_word' id='word_1_565' title='bbox 2905 2397 3047 2452; x_wconf 91' lang='lat' dir='ltr'><strong>enim</strong></span> <span class='ocrx_word' id='word_1_566' title='bbox 3076 2398 3295 2466; x_wconf 71' lang='lat' dir='ltr'><strong>cogitur</strong></span> <span class='ocrx_word' id='word_1_567' title='bbox 3322 2399 3495 2453; x_wconf 86' lang='lat' dir='ltr'><strong>omnia</strong></span> <span class='ocrx_word' id='word_1_568' title='bbox 3521 2398 3728 2468; x_wconf 76' lang='lat' dir='ltr'><strong>implere,</strong></span> 
     </span>
    </p>
   </div>
   <div class='ocr_carea' id='block_1_85' title="bbox 2191 2490 3730 2562">
    <p class='ocr_par' dir='ltr' id='par_1_85' title="bbox 2191 2490 3730 2562">
     <span class='ocr_line' id='line_1_85' title="bbox 2191 2490 3730 2562; baseline -0.003 -15"><span class='ocrx_word' id='word_1_569' title='bbox 2191 2499 2249 2547; x_wconf 86' lang='lat' dir='ltr'><strong>ut</strong></span> <span class='ocrx_word' id='word_1_570' title='bbox 2276 2506 2386 2546; x_wconf 85' lang='lat' dir='ltr'><strong>non</strong></span> <span class='ocrx_word' id='word_1_571' title='bbox 2411 2492 2751 2562; x_wconf 86' lang='lat' dir='ltr'><strong>permittatur</strong></span> <span class='ocrx_word' id='word_1_572' title='bbox 2794 2490 3101 2562; x_wconf 80' lang='lat' dir='ltr'><strong>excedere),</strong></span> <span class='ocrx_word' id='word_1_573' title='bbox 3133 2491 3463 2549; x_wconf 79' lang='lat' dir='ltr'><strong>exercitibus</strong></span> <span class='ocrx_word' id='word_1_574' title='bbox 3488 2497 3639 2561; x_wconf 87' lang='lat' dir='ltr'><strong>paret,</strong></span> <span class='ocrx_word' id='word_1_575' title='bbox 3662 2505 3730 2543; x_wconf 84' lang='lat' dir='ltr'><strong>ar-</strong></span> 
     </span>
    </p>
   </div>
   <div class='ocr_carea' id='block_1_86' title="bbox 2190 2580 3730 2652">
    <p class='ocr_par' dir='ltr' id='par_1_86' title="bbox 2190 2580 3730 2652">
     <span class='ocr_line' id='line_1_86' title="bbox 2190 2580 3730 2652; baseline -0.003 -15"><span class='ocrx_word' id='word_1_576' title='bbox 2190 2582 2350 2637; x_wconf 88' lang='lat' dir='ltr'><strong>matis</strong></span> <span class='ocrx_word' id='word_1_577' title='bbox 2374 2581 2757 2651; x_wconf 87' lang='lat' dir='ltr'><strong>obtemperat;</strong></span> <span class='ocrx_word' id='word_1_578' title='bbox 2780 2590 2835 2637; x_wconf 90' lang='lat' dir='ltr'><strong>et</strong></span> <span class='ocrx_word' id='word_1_579' title='bbox 2884 2581 3007 2638; x_wconf 91' lang='lat' dir='ltr'><strong>inde</strong></span> <span class='ocrx_word' id='word_1_580' title='bbox 3035 2590 3288 2652; x_wconf 75' lang='lat' dir='ltr'><strong>reportat</strong></span> <span class='ocrx_word' id='word_1_581' title='bbox 3314 2582 3547 2652; x_wconf 77' lang='lat' dir='ltr'><strong>gratiam,</strong></span> <span class='ocrx_word' id='word_1_582' title='bbox 3575 2581 3651 2635; x_wconf 85' lang='lat' dir='ltr'><strong>ubi</strong></span> <span class='ocrx_word' id='word_1_583' title='bbox 3672 2580 3730 2633; x_wconf 86' lang='lat' dir='ltr'><strong>iu-</strong></span> 
     </span>
    </p>
   </div>
   <div class='ocr_carea' id='block_1_87' title="bbox 2192 2670 3731 2743">
    <p class='ocr_par' dir='ltr' id='par_1_87' title="bbox 2192 2670 3731 2743">
     <span class='ocr_line' id='line_1_87' title="bbox 2192 2670 3731 2743; baseline -0.001 -17"><span class='ocrx_word' id='word_1_584' title='bbox 2192 2672 2375 2728; x_wconf 86' lang='lat' dir='ltr'><strong>venire</strong></span> <span class='ocrx_word' id='word_1_585' title='bbox 2419 2679 2599 2742; x_wconf 89' lang='lat' dir='ltr'><strong>potest</strong></span> <span class='ocrx_word' id='word_1_586' title='bbox 2626 2672 2764 2727; x_wconf 91' lang='lat' dir='ltr'><strong>alter</strong></span> <span class='ocrx_word' id='word_1_587' title='bbox 2791 2670 3074 2728; x_wconf 81' lang='lat' dir='ltr'><strong>oll&#39;eusam.</strong></span> <span class='ocrx_word' id='word_1_588' title='bbox 3103 2672 3251 2739; x_wconf 84' lang='lat' dir='ltr'><strong>Quid</strong></span> <span class='ocrx_word' id='word_1_589' title='bbox 3283 2674 3512 2743; x_wconf 87' lang='lat' dir='ltr'><strong>publicas</strong></span> <span class='ocrx_word' id='word_1_590' title='bbox 3537 2673 3731 2728; x_wconf 74' lang='lat' dir='ltr'><strong>rationes</strong></span> 
     </span>
    </p>
   </div>
   <div class='ocr_carea' id='block_1_88' title="bbox 2193 2764 3729 2840">
    <p class='ocr_par' dir='ltr' id='par_1_88' title="bbox 2193 2764 3729 2840">
     <span class='ocr_line' id='line_1_88' title="bbox 2193 2764 3729 2840; baseline -0.001 -21"><span class='ocrx_word' id='word_1_591' title='bbox 2193 2764 2348 2840; x_wconf 60' lang='grc' dir='ltr'><strong>[Μαι.</strong></span> <span class='ocrx_word' id='word_1_592' title='bbox 2379 2774 2430 2820; x_wconf 89' lang='lat' dir='ltr'><strong>et</strong></span> <span class='ocrx_word' id='word_1_593' title='bbox 2457 2764 2578 2830; x_wconf 80' lang='lat' dir='ltr'><strong>Ac.,</strong></span> <span class='ocrx_word' id='word_1_594' title='bbox 2614 2764 2883 2835; x_wconf 77' lang='lat' dir='ltr'><strong>actiones]</strong></span> <span class='ocrx_word' id='word_1_595' title='bbox 2912 2780 3009 2837; x_wconf 89' lang='lat' dir='ltr'><strong>per</strong></span> <span class='ocrx_word' id='word_1_596' title='bbox 3025 2764 3279 2822; x_wconf 81' lang='lat' dir='ltr'><strong>difﬁciles</strong></span> <span class='ocrx_word' id='word_1_597' title='bbox 3304 2767 3546 2823; x_wconf 88' lang='lat' dir='ltr'><strong>minutias</strong></span> <span class='ocrx_word' id='word_1_598' title='bbox 3567 2765 3729 2820; x_wconf 84' lang='lat' dir='ltr'><strong>refera-</strong></span> 
     </span>
    </p>
   </div>
   <div class='ocr_carea' id='block_1_89' title="bbox 2191 2855 3731 2928">
    <p class='ocr_par' dir='ltr' id='par_1_89' title="bbox 2191 2855 3731 2928">
     <span class='ocr_line' id='line_1_89' title="bbox 2191 2855 3731 2928; baseline -0.004 -14"><span class='ocrx_word' id='word_1_599' title='bbox 2191 2874 2314 2915; x_wconf 85' lang='lat' dir='ltr'><strong>mus</strong></span> <span class='ocrx_word' id='word_1_600' title='bbox 2337 2873 2455 2915; x_wconf 90' lang='lat' dir='ltr'><strong>esse</strong></span> <span class='ocrx_word' id='word_1_601' title='bbox 2481 2859 2757 2927; x_wconf 90' lang='lat' dir='ltr'><strong>collectas,</strong></span> <span class='ocrx_word' id='word_1_602' title='bbox 2797 2873 2939 2928; x_wconf 88' lang='lat' dir='ltr'><strong>quas</strong></span> <span class='ocrx_word' id='word_1_603' title='bbox 2953 2871 3147 2927; x_wconf 88' lang='lat' dir='ltr'><strong>magna</strong></span> <span class='ocrx_word' id='word_1_604' title='bbox 3186 2859 3485 2915; x_wconf 85' lang='lat' dir='ltr'><strong>subtilitate</strong></span> <span class='ocrx_word' id='word_1_605' title='bbox 3510 2855 3731 2926; x_wconf 85' lang='lat' dir='ltr'><strong>composi-</strong></span> 
     </span>
    </p>
   </div>
   <div class='ocr_carea' id='block_1_90' title="bbox 2193 2948 3732 3019">
    <p class='ocr_par' dir='ltr' id='par_1_90' title="bbox 2193 2948 3732 3019">
     <span class='ocr_line' id='line_1_90' title="bbox 2193 2948 3732 3019; baseline -0.003 -16"><span class='ocrx_word' id='word_1_606' title='bbox 2193 2959 2277 3004; x_wconf 89' lang='lat' dir='ltr'><strong>tas</strong></span> <span class='ocrx_word' id='word_1_607' title='bbox 2320 2957 2375 3004; x_wconf 92' lang='lat' dir='ltr'><strong>et</strong></span> <span class='ocrx_word' id='word_1_608' title='bbox 2428 2948 2496 3003; x_wconf 86' lang='lat' dir='ltr'><strong>ab</strong></span> <span class='ocrx_word' id='word_1_609' title='bbox 2543 2948 2646 3003; x_wconf 88' lang='lat' dir='ltr'><strong>illis</strong></span> <span class='ocrx_word' id='word_1_610' title='bbox 2675 2949 3090 3019; x_wconf 82' lang='lat' dir='ltr'><strong>exigunt,quos</strong></span> <span class='ocrx_word' id='word_1_611' title='bbox 3130 2948 3413 3005; x_wconf 78' lang='lat' dir='ltr'><strong>offendere</strong></span> <span class='ocrx_word' id='word_1_612' title='bbox 3448 2964 3545 3003; x_wconf 86' lang='lat' dir='ltr'><strong>non</strong></span> <span class='ocrx_word' id='word_1_613' title='bbox 3575 2962 3732 3018; x_wconf 77' lang='lat' dir='ltr'><strong>pncsu-</strong></span> 
     </span>
    </p>
   </div>
   <div class='ocr_carea' id='block_1_91' title="bbox 2192 3033 3733 3112">
    <p class='ocr_par' dir='ltr' id='par_1_91' title="bbox 2192 3033 3733 3112">
     <span class='ocr_line' id='line_1_91' title="bbox 2192 3033 3733 3112; baseline -0.003 -17"><span class='ocrx_word' id='word_1_614' title='bbox 2192 3042 2381 3095; x_wconf 80' lang='lat' dir='ltr'><strong>munt?</strong></span> <span class='ocrx_word' id='word_1_615' title='bbox 2406 3039 2605 3095; x_wconf 81' lang='lat' dir='ltr'><strong>Eorum</strong></span> <span class='ocrx_word' id='word_1_616' title='bbox 2622 3048 2704 3095; x_wconf 89' lang='lat' dir='ltr'><strong>est</strong></span> <span class='ocrx_word' id='word_1_617' title='bbox 2728 3039 2892 3095; x_wconf 91' lang='lat' dir='ltr'><strong>etiam</strong></span> <span class='ocrx_word' id='word_1_618' title='bbox 2912 3040 3202 3096; x_wconf 88' lang='lat' dir='ltr'><strong>sudoribus</strong></span> <span class='ocrx_word' id='word_1_619' title='bbox 3222 3038 3606 3112; x_wconf 87' lang='lat' dir='ltr'><strong>applicandum,</strong></span> <span class='ocrx_word' id='word_1_620' title='bbox 3619 3033 3733 3106; x_wconf 78' lang='lat' dir='ltr'><strong>quod</strong></span> 
     </span>
    </p>
   </div>
   <div class='ocr_carea' id='block_1_92' title="bbox 2193 3128 3736 3199">
    <p class='ocr_par' dir='ltr' id='par_1_92' title="bbox 2193 3128 3736 3199">
     <span class='ocr_line' id='line_1_92' title="bbox 2193 3128 3736 3199; baseline -0.006 -14"><span class='ocrx_word' id='word_1_621' title='bbox 2193 3130 2450 3187; x_wconf 89' lang='lat' dir='ltr'><strong>vietuales</strong></span> <span class='ocrx_word' id='word_1_622' title='bbox 2469 3144 2736 3199; x_wconf 61' lang='lat' dir='ltr'><strong>expensas,</strong></span> <span class='ocrx_word' id='word_1_623' title='bbox 2762 3128 2919 3198; x_wconf 82' lang='lat' dir='ltr'><strong>longe</strong></span> <span class='ocrx_word' id='word_1_624' title='bbox 2939 3129 3156 3197; x_wconf 85' lang='lat' dir='ltr'><strong>quidem</strong></span> <span class='ocrx_word' id='word_1_625' title='bbox 3181 3131 3399 3199; x_wconf 60' lang='lat' dir='ltr'><strong>posita),</strong></span> <span class='ocrx_word' id='word_1_626' title='bbox 3418 3129 3508 3184; x_wconf 87' lang='lat' dir='ltr'><strong>sed</strong></span> <span class='ocrx_word' id='word_1_627' title='bbox 3529 3137 3736 3196; x_wconf 86' lang='lat' dir='ltr'><strong>tanquam</strong></span> 
     </span>
    </p>
   </div>
   <div class='ocr_carea' id='block_1_93' title="bbox 2193 3219 3737 3291">
    <p class='ocr_par' dir='ltr' id='par_1_93' title="bbox 2193 3219 3737 3291">
     <span class='ocr_line' id='line_1_93' title="bbox 2193 3219 3737 3291; baseline -0.006 -15"><span class='ocrx_word' id='word_1_628' title='bbox 2193 3221 2246 3276; x_wconf 89' lang='lat' dir='ltr'><strong>in</strong></span> <span class='ocrx_word' id='word_1_629' title='bbox 2279 3222 2410 3276; x_wconf 89' lang='lat' dir='ltr'><strong>urbe</strong></span> <span class='ocrx_word' id='word_1_630' title='bbox 2435 3220 2582 3289; x_wconf 84' lang='lat' dir='ltr'><strong>regia</strong></span> <span class='ocrx_word' id='word_1_631' title='bbox 2627 3228 2785 3285; x_wconf 60' lang='lat' dir='ltr'><strong>natat,</strong></span> <span class='ocrx_word' id='word_1_632' title='bbox 2816 3220 2933 3275; x_wconf 92' lang='lat' dir='ltr'><strong>sine</strong></span> <span class='ocrx_word' id='word_1_633' title='bbox 2961 3219 3183 3290; x_wconf 89' lang='lat' dir='ltr'><strong>querela</strong></span> <span class='ocrx_word' id='word_1_634' title='bbox 3210 3219 3604 3291; x_wconf 86' lang='lat' dir='ltr'><strong>provincialium</strong></span> <span class='ocrx_word' id='word_1_635' title='bbox 3636 3230 3737 3270; x_wconf 87' lang='lat' dir='ltr'><strong>con-</strong></span> 
     </span>
    </p>
   </div>
   <div class='ocr_carea' id='block_1_94' title="bbox 2191 3308 3739 3383">
    <p class='ocr_par' dir='ltr' id='par_1_94' title="bbox 2191 3308 3739 3383">
     <span class='ocr_line' id='line_1_94' title="bbox 2191 3308 3739 3383; baseline -0.007 -15"><span class='ocrx_word' id='word_1_636' title='bbox 2191 3321 2523 3383; x_wconf 81' lang='lat' dir='ltr'><strong>gregantur:</strong></span> <span class='ocrx_word' id='word_1_637' title='bbox 2555 3312 2681 3382; x_wconf 84' lang='lat' dir='ltr'><strong>quia</strong></span> <span class='ocrx_word' id='word_1_638' title='bbox 2724 3311 2854 3366; x_wconf 92' lang='lat' dir='ltr'><strong>dum</strong></span> <span class='ocrx_word' id='word_1_639' title='bbox 2895 3311 3004 3367; x_wconf 87' lang='lat' dir='ltr'><strong>suis</strong></span> <span class='ocrx_word' id='word_1_640' title='bbox 3049 3312 3397 3383; x_wconf 86' lang='lat' dir='ltr'><strong>temporibus</strong></span> <span class='ocrx_word' id='word_1_641' title='bbox 3439 3308 3617 3380; x_wconf 80' lang='lat' dir='ltr'><strong>aliquid</strong></span> <span class='ocrx_word' id='word_1_642' title='bbox 3640 3313 3739 3374; x_wconf 83' lang='lat' dir='ltr'><strong>apte</strong></span> 
     </span>
    </p>
   </div>
   <div class='ocr_carea' id='block_1_95' title="bbox 2192 3398 3742 3476">
    <p class='ocr_par' dir='ltr' id='par_1_95' title="bbox 2192 3398 3742 3476">
     <span class='ocr_line' id='line_1_95' title="bbox 2192 3398 3742 3476; baseline -0.006 -17"><span class='ocrx_word' id='word_1_643' title='bbox 2192 3404 2466 3476; x_wconf 59' lang='lat' dir='ltr'><strong>quaeritur,</strong></span> <span class='ocrx_word' id='word_1_644' title='bbox 2494 3403 2640 3459; x_wconf 87' lang='lat' dir='ltr'><strong>danti</strong></span> <span class='ocrx_word' id='word_1_645' title='bbox 2669 3402 3003 3474; x_wconf 78' lang='lat' dir='ltr'><strong>dispendium</strong></span> <span class='ocrx_word' id='word_1_646' title='bbox 3034 3419 3144 3458; x_wconf 91' lang='lat' dir='ltr'><strong>non</strong></span> <span class='ocrx_word' id='word_1_647' title='bbox 3174 3411 3425 3475; x_wconf 87' lang='lat' dir='ltr'><strong>putatur.</strong></span> <span class='ocrx_word' id='word_1_648' title='bbox 3461 3401 3611 3456; x_wconf 80' lang='lat' dir='ltr'><strong>Actus</strong></span> <span class='ocrx_word' id='word_1_649' title='bbox 3627 3398 3742 3467; x_wconf 83' lang='lat' dir='ltr'><strong>ipso-</strong></span> 
     </span>
    </p>
   </div>
   <div class='ocr_carea' id='block_1_96' title="bbox 2194 3492 3743 3565">
    <p class='ocr_par' dir='ltr' id='par_1_96' title="bbox 2194 3492 3743 3565">
     <span class='ocr_line' id='line_1_96' title="bbox 2194 3492 3743 3565; baseline -0.006 -16"><span class='ocrx_word' id='word_1_650' title='bbox 2194 3510 2312 3551; x_wconf 90' lang='lat' dir='ltr'><strong>rum</strong></span> <span class='ocrx_word' id='word_1_651' title='bbox 2351 3502 2534 3551; x_wconf 90' lang='lat' dir='ltr'><strong>nostra</strong></span> <span class='ocrx_word' id='word_1_652' title='bbox 2560 3494 2729 3565; x_wconf 85' lang='lat' dir='ltr'><strong>gloria</strong></span> <span class='ocrx_word' id='word_1_653' title='bbox 2757 3502 2874 3560; x_wconf 86' lang='lat' dir='ltr'><strong>est,</strong></span> <span class='ocrx_word' id='word_1_654' title='bbox 2899 3494 3087 3563; x_wconf 87' lang='lat' dir='ltr'><strong>opinio</strong></span> <span class='ocrx_word' id='word_1_655' title='bbox 3113 3502 3454 3565; x_wconf 81' lang='lat' dir='ltr'><strong>temporum,</strong></span> <span class='ocrx_word' id='word_1_656' title='bbox 3485 3492 3638 3547; x_wconf 87' lang='lat' dir='ltr'><strong>virtus</strong></span> <span class='ocrx_word' id='word_1_657' title='bbox 3667 3502 3743 3541; x_wconf 78' lang='lat' dir='ltr'><strong>ex-</strong></span> 
     </span>
    </p>
   </div>
   <div class='ocr_carea' id='block_1_97' title="bbox 2193 3578 3744 3657">
    <p class='ocr_par' dir='ltr' id='par_1_97' title="bbox 2193 3578 3744 3657">
     <span class='ocr_line' id='line_1_97' title="bbox 2193 3578 3744 3657; baseline -0.006 -17"><span class='ocrx_word' id='word_1_658' title='bbox 2193 3586 2457 3657; x_wconf 78' lang='lat' dir='ltr'><strong>plicabilis</strong></span> <span class='ocrx_word' id='word_1_659' title='bbox 2496 3585 2826 3656; x_wconf 87' lang='lat' dir='ltr'><strong>jussionum;</strong></span> <span class='ocrx_word' id='word_1_660' title='bbox 2876 3596 2931 3641; x_wconf 90' lang='lat' dir='ltr'><strong>et</strong></span> <span class='ocrx_word' id='word_1_661' title='bbox 2975 3586 3242 3656; x_wconf 88' lang='lat' dir='ltr'><strong>quidquid</strong></span> <span class='ocrx_word' id='word_1_662' title='bbox 3301 3601 3403 3657; x_wconf 91' lang='lat' dir='ltr'><strong>pro</strong></span> <span class='ocrx_word' id='word_1_663' title='bbox 3454 3578 3744 3640; x_wconf 83' lang='lat' dir='ltr'><strong>continendis</strong></span> 
     </span>
    </p>
   </div>
   <div class='ocr_carea' id='block_1_98' title="bbox 2194 3676 3746 3749">
    <p class='ocr_par' dir='ltr' id='par_1_98' title="bbox 2194 3676 3746 3749">
     <span class='ocr_line' id='line_1_98' title="bbox 2194 3676 3746 3749; baseline -0.006 -15"><span class='ocrx_word' id='word_1_664' title='bbox 2194 3678 2445 3734; x_wconf 84' lang='lat' dir='ltr'><strong>omnibus</strong></span> <span class='ocrx_word' id='word_1_665' title='bbox 2470 3677 2875 3747; x_wconf 76' lang='lat' dir='ltr'><strong>gratificationis</strong></span> <span class='ocrx_word' id='word_1_666' title='bbox 2903 3677 3232 3749; x_wconf 82' lang='lat' dir='ltr'><strong>accipimus,</strong></span> <span class='ocrx_word' id='word_1_667' title='bbox 3257 3692 3448 3734; x_wconf 90' lang='lat' dir='ltr'><strong>eorum</strong></span> <span class='ocrx_word' id='word_1_668' title='bbox 3482 3676 3615 3745; x_wconf 86' lang='lat' dir='ltr'><strong>juste</strong></span> <span class='ocrx_word' id='word_1_669' title='bbox 3646 3685 3746 3740; x_wconf 86' lang='lat' dir='ltr'><strong>pro-</strong></span> 
     </span>
    </p>
   </div>
   <div class='ocr_carea' id='block_1_99' title="bbox 2192 3761 3744 3841">
    <p class='ocr_par' dir='ltr' id='par_1_99' title="bbox 2192 3761 3744 3841">
     <span class='ocr_line' id='line_1_99' title="bbox 2192 3761 3744 3841; baseline -0.006 -15"><span class='ocrx_word' id='word_1_670' title='bbox 2192 3770 2489 3826; x_wconf 86' lang='lat' dir='ltr'><strong>visiouibus</strong></span> <span class='ocrx_word' id='word_1_671' title='bbox 2508 3771 2860 3841; x_wconf 83' lang='lat' dir='ltr'><strong>applicamus.</strong></span> <span class='ocrx_word' id='word_1_672' title='bbox 2884 3770 3293 3841; x_wconf 86' lang='lat' dir='ltr'><strong>Splendescunt</strong></span> <span class='ocrx_word' id='word_1_673' title='bbox 3312 3786 3415 3827; x_wconf 87' lang='lat' dir='ltr'><strong>usu</strong></span> <span class='ocrx_word' id='word_1_674' title='bbox 3442 3770 3553 3841; x_wconf 89' lang='lat' dir='ltr'><strong>ipso</strong></span> <span class='ocrx_word' id='word_1_675' title='bbox 3587 3761 3744 3820; x_wconf 85' lang='lat' dir='ltr'><strong>labori-</strong></span> 
     </span>
    </p>
   </div>
   <div class='ocr_carea' id='block_1_100' title="bbox 2193 3859 3744 3937">
    <p class='ocr_par' dir='ltr' id='par_1_100' title="bbox 2193 3859 3744 3937">
     <span class='ocr_line' id='line_1_100' title="bbox 2193 3859 3744 3937; baseline -0.005 -20"><span class='ocrx_word' id='word_1_676' title='bbox 2193 3862 2296 3917; x_wconf 89' lang='lat' dir='ltr'><strong>bus</strong></span> <span class='ocrx_word' id='word_1_677' title='bbox 2312 3861 2578 3927; x_wconf 88' lang='lat' dir='ltr'><strong>attributi,</strong></span> <span class='ocrx_word' id='word_1_678' title='bbox 2591 3862 2681 3931; x_wconf 92' lang='lat' dir='ltr'><strong>qui</strong></span> <span class='ocrx_word' id='word_1_679' title='bbox 2710 3859 2944 3937; x_wconf 85' lang='lat' dir='ltr'><strong>reddunt</strong></span> <span class='ocrx_word' id='word_1_680' title='bbox 2960 3861 3214 3919; x_wconf 87' lang='lat' dir='ltr'><strong>homines</strong></span> <span class='ocrx_word' id='word_1_681' title='bbox 3229 3878 3451 3933; x_wconf 89' lang='lat' dir='ltr'><strong>semper</strong></span> <span class='ocrx_word' id='word_1_682' title='bbox 3468 3862 3744 3916; x_wconf 85' lang='lat' dir='ltr'><strong>instructos:</strong></span> 
     </span>
    </p>
   </div>
   <div class='ocr_carea' id='block_1_101' title="bbox 2194 3942 3744 4023">
    <p class='ocr_par' dir='ltr' id='par_1_101' title="bbox 2194 3942 3744 4023">
     <span class='ocr_line' id='line_1_101' title="bbox 2194 3942 3744 4023; baseline -0.004 -14"><span class='ocrx_word' id='word_1_683' title='bbox 2194 3953 2431 4020; x_wconf 88' lang='lat' dir='ltr'><strong>labores,</strong></span> <span class='ocrx_word' id='word_1_684' title='bbox 2465 3953 2707 4022; x_wconf 84' lang='lat' dir='ltr'><strong>inquam,</strong></span> <span class='ocrx_word' id='word_1_685' title='bbox 2728 3952 2946 4008; x_wconf 87' lang='lat' dir='ltr'><strong>violenti</strong></span> <span class='ocrx_word' id='word_1_686' title='bbox 2970 3953 3242 4023; x_wconf 88' lang='lat' dir='ltr'><strong>magistri,</strong></span> <span class='ocrx_word' id='word_1_687' title='bbox 3260 3952 3483 4009; x_wconf 86' lang='lat' dir='ltr'><strong>solliciti</strong></span> <span class='ocrx_word' id='word_1_688' title='bbox 3499 3942 3744 4022; x_wconf 52' lang='lat' dir='ltr'><strong>paedagogi.</strong></span> 
     </span>
    </p>
   </div>
   <div class='ocr_carea' id='block_1_102' title="bbox 2196 4029 3748 4117">
    <p class='ocr_par' dir='ltr' id='par_1_102' title="bbox 2196 4029 3748 4117">
     <span class='ocr_line' id='line_1_102' title="bbox 2196 4029 3748 4117; baseline -0.006 -17"><span class='ocrx_word' id='word_1_689' title='bbox 2196 4060 2293 4117; x_wconf 89' lang='lat' dir='ltr'><strong>per</strong></span> <span class='ocrx_word' id='word_1_690' title='bbox 2316 4060 2453 4117; x_wconf 90' lang='lat' dir='ltr'><strong>quos</strong></span> <span class='ocrx_word' id='word_1_691' title='bbox 2478 4029 2687 4100; x_wconf 81' lang='lat' dir='ltr'><strong>cautior</strong></span> <span class='ocrx_word' id='word_1_692' title='bbox 2714 4044 2833 4113; x_wconf 89' lang='lat' dir='ltr'><strong>quis</strong></span> <span class='ocrx_word' id='word_1_693' title='bbox 2859 4042 3113 4110; x_wconf 87' lang='lat' dir='ltr'><strong>efficitur,</strong></span> <span class='ocrx_word' id='word_1_694' title='bbox 3158 4046 3297 4101; x_wconf 86' lang='lat' dir='ltr'><strong>dum</strong></span> <span class='ocrx_word' id='word_1_695' title='bbox 3324 4044 3520 4100; x_wconf 86' lang='lat' dir='ltr'><strong>incurri</strong></span> <span class='ocrx_word' id='word_1_696' title='bbox 3557 4033 3748 4111; x_wconf 78' lang='lat' dir='ltr'><strong>pericula</strong></span> 
     </span>
    </p>
   </div>
   <div class='ocr_carea' id='block_1_103' title="bbox 2196 4129 3749 4208">
    <p class='ocr_par' dir='ltr' id='par_1_103' title="bbox 2196 4129 3749 4208">
     <span class='ocr_line' id='line_1_103' title="bbox 2196 4129 3749 4208; baseline -0.003 -16"><span class='ocrx_word' id='word_1_697' title='bbox 2196 4136 2566 4193; x_wconf 86' lang='lat' dir='ltr'><strong>lormidantur.</strong></span> <span class='ocrx_word' id='word_1_698' title='bbox 2593 4136 2879 4193; x_wconf 88' lang='lat' dir='ltr'><strong>Erudiatur</strong></span> <span class='ocrx_word' id='word_1_699' title='bbox 2905 4138 3023 4208; x_wconf 87' lang='lat' dir='ltr'><strong>quis</strong></span> <span class='ocrx_word' id='word_1_700' title='bbox 3049 4137 3369 4193; x_wconf 88' lang='lat' dir='ltr'><strong>forensibus</strong></span> <span class='ocrx_word' id='word_1_701' title='bbox 3410 4134 3623 4198; x_wconf 85' lang='lat' dir='ltr'><strong>litteris;</strong></span> <span class='ocrx_word' id='word_1_702' title='bbox 3643 4129 3749 4183; x_wconf 65' lang='lat' dir='ltr'><strong>alter</strong></span> 
     </span>
    </p>
   </div>
   <div class='ocr_carea' id='block_1_104' title="bbox 2195 4223 3753 4303">
    <p class='ocr_par' dir='ltr' id='par_1_104' title="bbox 2195 4223 3753 4303">
     <span class='ocr_line' id='line_1_104' title="bbox 2195 4223 3753 4303; baseline -0.004 -16"><span class='ocrx_word' id='word_1_703' title='bbox 2195 4232 2432 4303; x_wconf 90' lang='lat' dir='ltr'><strong>qualibet</strong></span> <span class='ocrx_word' id='word_1_704' title='bbox 2460 4233 2738 4303; x_wconf 81' lang='lat' dir='ltr'><strong>disciplina</strong></span> <span class='ocrx_word' id='word_1_705' title='bbox 2783 4234 3046 4289; x_wconf 88' lang='lat' dir='ltr'><strong>doceatur</strong></span> <span class='ocrx_word' id='word_1_706' title='bbox 3076 4252 3088 4287; x_wconf 91' lang='lat'><strong>:</strong></span> <span class='ocrx_word' id='word_1_707' title='bbox 3126 4233 3222 4289; x_wconf 85' lang='lat' dir='ltr'><strong>ille</strong></span> <span class='ocrx_word' id='word_1_708' title='bbox 3272 4243 3455 4288; x_wconf 88' lang='lat' dir='ltr'><strong>tamen</strong></span> <span class='ocrx_word' id='word_1_709' title='bbox 3485 4223 3753 4286; x_wconf 75' lang='lat' dir='ltr'><strong>instructior</strong></span> 
     </span>
    </p>
   </div>
   <div class='ocr_carea' id='block_1_105' title="bbox 2195 4311 3753 4393">
    <p class='ocr_par' dir='ltr' id='par_1_105' title="bbox 2195 4311 3753 4393">
     <span class='ocr_line' id='line_1_105' title="bbox 2195 4311 3753 4393; baseline -0.01 -15"><span class='ocrx_word' id='word_1_710' title='bbox 2195 4323 2457 4392; x_wconf 90' lang='lat' dir='ltr'><strong>redditur,</strong></span> <span class='ocrx_word' id='word_1_711' title='bbox 2487 4324 2578 4393; x_wconf 91' lang='lat' dir='ltr'><strong>qui</strong></span> <span class='ocrx_word' id='word_1_712' title='bbox 2617 4332 2740 4379; x_wconf 92' lang='lat' dir='ltr'><strong>actu</strong></span> <span class='ocrx_word' id='word_1_713' title='bbox 2781 4324 3051 4380; x_wconf 65' lang='lat' dir='ltr'><strong>continuae</strong></span> <span class='ocrx_word' id='word_1_714' title='bbox 3094 4323 3415 4379; x_wconf 87' lang='lat' dir='ltr'><strong>devotionis</strong></span> <span class='ocrx_word' id='word_1_715' title='bbox 3444 4319 3675 4376; x_wconf 86' lang='lat' dir='ltr'><strong>eruditur.</strong></span> <span class='ocrx_word' id='word_1_716' title='bbox 3701 4311 3753 4364; x_wconf 83' lang='lat' dir='ltr'><strong>Et</strong></span> 
     </span>
    </p>
   </div>
   <div class='ocr_carea' id='block_1_106' title="bbox 2196 4409 3754 4482">
    <p class='ocr_par' dir='ltr' id='par_1_106' title="bbox 2196 4409 3754 4482">
     <span class='ocr_line' id='line_1_106' title="bbox 2196 4409 3754 4482; baseline -0.01 -12"><span class='ocrx_word' id='word_1_717' title='bbox 2196 4415 2317 4470; x_wconf 92' lang='lat' dir='ltr'><strong>ideo</strong></span> <span class='ocrx_word' id='word_1_718' title='bbox 2343 4415 2537 4470; x_wconf 90' lang='lat' dir='ltr'><strong>talibus</strong></span> <span class='ocrx_word' id='word_1_719' title='bbox 2564 4430 2687 4470; x_wconf 89' lang='lat' dir='ltr'><strong>cum</strong></span> <span class='ocrx_word' id='word_1_720' title='bbox 2717 4415 2924 4471; x_wconf 90' lang='lat' dir='ltr'><strong>honore</strong></span> <span class='ocrx_word' id='word_1_721' title='bbox 2944 4414 3274 4469; x_wconf 86' lang='lat' dir='ltr'><strong>solvendum</strong></span> <span class='ocrx_word' id='word_1_722' title='bbox 3302 4422 3389 4469; x_wconf 89' lang='lat' dir='ltr'><strong>est</strong></span> <span class='ocrx_word' id='word_1_723' title='bbox 3414 4409 3555 4482; x_wconf 89' lang='lat' dir='ltr'><strong>quod</strong></span> <span class='ocrx_word' id='word_1_724' title='bbox 3577 4419 3754 4463; x_wconf 84' lang='lat' dir='ltr'><strong>meren-</strong></span> 
     </span>
    </p>
   </div>
   <div class='ocr_carea' id='block_1_107' title="bbox 2198 4495 3755 4590">
    <p class='ocr_par' dir='ltr' id='par_1_107' title="bbox 2198 4495 3755 4590">
     <span class='ocr_line' id='line_1_107' title="bbox 2198 4495 3755 4590; baseline -0.008 -25"><span class='ocrx_word' id='word_1_725' title='bbox 2198 4518 2318 4576; x_wconf 90' lang='lat' dir='ltr'><strong>tur;</strong></span> <span class='ocrx_word' id='word_1_726' title='bbox 2356 4518 2415 4564; x_wconf 92' lang='lat' dir='ltr'><strong>ut</strong></span> <span class='ocrx_word' id='word_1_727' title='bbox 2441 4517 2495 4565; x_wconf 91' lang='lat' dir='ltr'><strong>et</strong></span> <span class='ocrx_word' id='word_1_728' title='bbox 2522 4508 2623 4565; x_wconf 91' lang='lat' dir='ltr'><strong>sibi</strong></span> <span class='ocrx_word' id='word_1_729' title='bbox 2650 4507 2940 4579; x_wconf 86' lang='lat' dir='ltr'><strong>aliquando</strong></span> <span class='ocrx_word' id='word_1_730' title='bbox 2968 4507 3229 4577; x_wconf 79' lang='lat' dir='ltr'><strong>accipiat,</strong></span> <span class='ocrx_word' id='word_1_731' title='bbox 3260 4506 3357 4576; x_wconf 85' lang='lat' dir='ltr'><strong>qui</strong></span> <span class='ocrx_word' id='word_1_732' title='bbox 3386 4516 3593 4572; x_wconf 88' lang='lat' dir='ltr'><strong>semper</strong></span> <span class='ocrx_word' id='word_1_733' title='bbox 3614 4495 3755 4590; x_wconf 38' lang='lat' dir='ltr'><strong>reip&quot;:</strong></span> 
     </span>
    </p>
   </div>
   <div class='ocr_carea' id='block_1_108' title="bbox 2194 4588 3762 4686">
    <p class='ocr_par' dir='ltr' id='par_1_108' title="bbox 2194 4588 3762 4686">
     <span class='ocr_line' id='line_1_108' title="bbox 2194 4588 3762 4686; baseline -0.014 -30"><span class='ocrx_word' id='word_1_734' title='bbox 2194 4600 2348 4657; x_wconf 82' lang='lat' dir='ltr'><strong>blicac</strong></span> <span class='ocrx_word' id='word_1_735' title='bbox 2374 4596 2691 4656; x_wconf 88' lang='lat' dir='ltr'><strong>utilitatibus</strong></span> <span class='ocrx_word' id='word_1_736' title='bbox 2719 4598 3049 4669; x_wconf 90' lang='lat' dir='ltr'><strong>acquirebat.</strong></span> <span class='ocrx_word' id='word_1_737' title='bbox 3079 4596 3361 4664; x_wconf 86' lang='lat' dir='ltr'><strong>Quocirca</strong></span> <span class='ocrx_word' id='word_1_738' title='bbox 3404 4595 3477 4651; x_wconf 89' lang='lat' dir='ltr'><strong>illi</strong></span> <span class='ocrx_word' id='word_1_739' title='bbox 3515 4588 3762 4686; x_wconf 57' lang='lat' dir='ltr'><strong>primisqu-</strong></span> 
     </span>
    </p>
   </div>
   <div class='ocr_carea' id='block_1_109' title="bbox 2197 4690 3763 4778">
    <p class='ocr_par' dir='ltr' id='par_1_109' title="bbox 2197 4690 3763 4778">
     <span class='ocr_line' id='line_1_109' title="bbox 2197 4690 3763 4778; baseline -0.008 -29"><span class='ocrx_word' id='word_1_740' title='bbox 2197 4695 2307 4758; x_wconf 88' lang='lat' dir='ltr'><strong>nio,</strong></span> <span class='ocrx_word' id='word_1_741' title='bbox 2329 4692 2439 4762; x_wconf 86' lang='lat' dir='ltr'><strong>jam</strong></span> <span class='ocrx_word' id='word_1_742' title='bbox 2463 4692 2666 4747; x_wconf 86' lang='lat' dir='ltr'><strong>militiae</strong></span> <span class='ocrx_word' id='word_1_743' title='bbox 2695 4690 2879 4747; x_wconf 89' lang='lat' dir='ltr'><strong>labore</strong></span> <span class='ocrx_word' id='word_1_744' title='bbox 2901 4690 3218 4759; x_wconf 86' lang='lat' dir='ltr'><strong>perfuncto,</strong></span> <span class='ocrx_word' id='word_1_745' title='bbox 3249 4705 3321 4745; x_wconf 82' lang='lat' dir='ltr'><strong>ex</strong></span> <span class='ocrx_word' id='word_1_746' title='bbox 3355 4690 3763 4778; x_wconf 78' lang='lat' dir='ltr'><strong>canone</strong></span> 
     </span>
    </p>
   </div>
   <div class='ocr_carea' id='block_1_110' title="bbox 2196 4773 3766 4853">
    <p class='ocr_par' dir='ltr' id='par_1_110' title="bbox 2196 4773 3766 4853">
     <span class='ocr_line' id='line_1_110' title="bbox 2196 4773 3766 4853; baseline -0.017 -11"><span class='ocrx_word' id='word_1_747' title='bbox 2196 4785 2292 4841; x_wconf 71' lang='lat' dir='ltr'><strong>cia:</strong></span> <span class='ocrx_word' id='word_1_748' title='bbox 2317 4783 2641 4853; x_wconf 75' lang='lat' dir='ltr'><strong>Campaniae,</strong></span> <span class='ocrx_word' id='word_1_749' title='bbox 2674 4782 2843 4837; x_wconf 83' lang='lat' dir='ltr'><strong>tertiae</strong></span> <span class='ocrx_word' id='word_1_750' title='bbox 2865 4781 3118 4836; x_wconf 80' lang='lat' dir='ltr'><strong>illationis</strong></span> <span class='ocrx_word' id='word_1_751' title='bbox 3151 4788 3240 4835; x_wconf 92' lang='lat' dir='ltr'><strong>tot</strong></span> <span class='ocrx_word' id='word_1_752' title='bbox 3262 4779 3472 4835; x_wconf 84' lang='lat' dir='ltr'><strong>solidos</strong></span> <span class='ocrx_word' id='word_1_753' title='bbox 3495 4773 3766 4829; x_wconf 82' lang='lat' dir='ltr'><strong>solemuiter</strong></span> 
     </span>
    </p>
   </div>
   <div class='ocr_carea' id='block_1_111' title="bbox 2202 4857 3766 4958">
    <p class='ocr_par' dir='ltr' id='par_1_111' title="bbox 2202 4857 3766 4958">
     <span class='ocr_line' id='line_1_111' title="bbox 2202 4857 3766 4958; baseline -0.011 -28"><span class='ocrx_word' id='word_1_754' title='bbox 2202 4883 2254 4931; x_wconf 92' lang='lat' dir='ltr'><strong>te</strong></span> <span class='ocrx_word' id='word_1_755' title='bbox 2283 4875 2410 4931; x_wconf 89' lang='lat' dir='ltr'><strong>dare</strong></span> <span class='ocrx_word' id='word_1_756' title='bbox 2439 4889 2751 4940; x_wconf 88' lang='lat' dir='ltr'><strong>censemus;</strong></span> <span class='ocrx_word' id='word_1_757' title='bbox 2784 4882 2842 4928; x_wconf 91' lang='lat' dir='ltr'><strong>ut</strong></span> <span class='ocrx_word' id='word_1_758' title='bbox 2863 4881 2917 4928; x_wconf 91' lang='lat' dir='ltr'><strong>et</strong></span> <span class='ocrx_word' id='word_1_759' title='bbox 2945 4872 3034 4927; x_wconf 87' lang='lat' dir='ltr'><strong>ille</strong></span> <span class='ocrx_word' id='word_1_760' title='bbox 3050 4870 3222 4942; x_wconf 76' lang='lat' dir='ltr'><strong>iustis</strong></span> <span class='ocrx_word' id='word_1_761' title='bbox 3263 4868 3545 4958; x_wconf 84' lang='lat' dir='ltr'><strong>laboribus</strong></span> <span class='ocrx_word' id='word_1_762' title='bbox 3571 4857 3766 4958; x_wconf 40' lang='lat' dir='ltr'><strong>perfruar</strong></span> 
     </span>
    </p>
   </div>
   <div class='ocr_carea' id='block_1_112' title="bbox 2203 4951 3768 5047">
    <p class='ocr_par' dir='ltr' id='par_1_112' title="bbox 2203 4951 3768 5047">
     <span class='ocr_line' id='line_1_112' title="bbox 2203 4951 3768 5047; baseline -0.006 -26"><span class='ocrx_word' id='word_1_763' title='bbox 2203 4974 2319 5035; x_wconf 91' lang='lat' dir='ltr'><strong>tur,</strong></span> <span class='ocrx_word' id='word_1_764' title='bbox 2368 4973 2424 5022; x_wconf 91' lang='lat' dir='ltr'><strong>et</strong></span> <span class='ocrx_word' id='word_1_765' title='bbox 2473 4963 2674 5036; x_wconf 87' lang='lat' dir='ltr'><strong>posteri</strong></span> <span class='ocrx_word' id='word_1_766' title='bbox 2727 4962 2847 5032; x_wconf 85' lang='lat' dir='ltr'><strong>ejus</strong></span> <span class='ocrx_word' id='word_1_767' title='bbox 2880 4960 3193 5031; x_wconf 84' lang='lat' dir='ltr'><strong>exemplum</strong></span> <span class='ocrx_word' id='word_1_768' title='bbox 3226 4960 3422 5015; x_wconf 65' lang='lat' dir='ltr'><strong>liber-az</strong></span> <span class='ocrx_word' id='word_1_769' title='bbox 3452 4951 3768 5047; x_wconf 53' lang='grc' dir='ltr'><strong>[εωυιθξῖίξιιιέ</strong></span> 
     </span>
    </p>
   </div>
   <div class='ocr_carea' id='block_1_113' title="bbox 2201 5040 3769 5128">
    <p class='ocr_par' dir='ltr' id='par_1_113' title="bbox 2201 5040 3769 5128">
     <span class='ocr_line' id='line_1_113' title="bbox 2201 5040 3769 5128; baseline -0.016 -14"><span class='ocrx_word' id='word_1_770' title='bbox 2201 5058 2486 5128; x_wconf 87' lang='lat' dir='ltr'><strong>accipiant,</strong></span> <span class='ocrx_word' id='word_1_771' title='bbox 2517 5071 2640 5113; x_wconf 87' lang='lat' dir='ltr'><strong>cum</strong></span> <span class='ocrx_word' id='word_1_772' title='bbox 2668 5071 2791 5112; x_wconf 91' lang='lat' dir='ltr'><strong>eum</strong></span> <span class='ocrx_word' id='word_1_773' title='bbox 2821 5070 2919 5126; x_wconf 86' lang='lat' dir='ltr'><strong>pro</strong></span> <span class='ocrx_word' id='word_1_774' title='bbox 2946 5069 3042 5109; x_wconf 90' lang='lat' dir='ltr'><strong>sua</strong></span> <span class='ocrx_word' id='word_1_775' title='bbox 3072 5052 3184 5109; x_wconf 80' lang='lat' dir='ltr'><strong>fide</strong></span> <span class='ocrx_word' id='word_1_776' title='bbox 3208 5054 3359 5109; x_wconf 77' lang='lat' dir='ltr'><strong>bene</strong></span> <span class='ocrx_word' id='word_1_777' title='bbox 3380 5049 3615 5106; x_wconf 81' lang='lat' dir='ltr'><strong>habitum</strong></span> <span class='ocrx_word' id='word_1_778' title='bbox 3639 5040 3769 5093; x_wconf 80' lang='lat' dir='ltr'><strong>fuisse</strong></span> 
     </span>
    </p>
   </div>
   <div class='ocr_carea' id='block_1_114' title="bbox 2200 5159 2552 5221">
    <p class='ocr_par' dir='ltr' id='par_1_114' title="bbox 2200 5159 2552 5221">
     <span class='ocr_line' id='line_1_114' title="bbox 2200 5159 2552 5221; baseline -0.014 -13"><span class='ocrx_word' id='word_1_779' title='bbox 2200 5159 2552 5221; x_wconf 87' lang='lat' dir='ltr'><strong>cognoscunt.</strong></span> 
     </span>
    </p>
   </div>
   <div class='ocr_carea' id='block_1_115' title="bbox 2675 5275 3347 5337">
    <p class='ocr_par' dir='ltr' id='par_1_115' title="bbox 2675 5275 3347 5337">
     <span class='ocr_line' id='line_1_115' title="bbox 2675 5275 3347 5337; baseline -0.01 -1"><span class='ocrx_word' id='word_1_780' title='bbox 2675 5279 3002 5337; x_wconf 76' lang='lat' dir='ltr'><strong>EPISTULA</strong></span> <span class='ocrx_word' id='word_1_781' title='bbox 3039 5275 3347 5333; x_wconf 70' lang='lat' dir='ltr'><strong>XXXVIII.</strong></span> 
     </span>
    </p>
   </div>
   <div class='ocr_carea' id='block_1_116' title="bbox 2271 5368 3718 5431">
    <p class='ocr_par' dir='ltr' id='par_1_116' title="bbox 2271 5368 3718 5431">
     <span class='ocr_line' id='line_1_116' title="bbox 2271 5368 3718 5431; baseline -0.008 -2"><span class='ocrx_word' id='word_1_782' title='bbox 2271 5390 2453 5431; x_wconf 74' lang='lat' dir='ltr'><strong>JOANNI</strong></span> <span class='ocrx_word' id='word_1_783' title='bbox 2483 5389 2829 5431; x_wconf 65' lang='lat' dir='ltr'><strong>CANONICARIO</strong></span> <span class='ocrx_word' id='word_1_784' title='bbox 2858 5388 3096 5429; x_wconf 76' lang='lat' dir='ltr'><strong>TIIUSCI£</strong></span> <span class='ocrx_word' id='word_1_785' title='bbox 3129 5386 3391 5425; x_wconf 64' lang='lat' dir='ltr'><strong>SENA&#39;I‘OR</strong></span> <span class='ocrx_word' id='word_1_786' title='bbox 3424 5368 3718 5422; x_wconf 64' lang='lat' dir='ltr'><strong>MFECTcs</strong></span> 
     </span>
    </p>
   </div>
   <div class='ocr_carea' id='block_1_117' title="bbox 2844 5458 3143 5499">
    <p class='ocr_par' dir='ltr' id='par_1_117' title="bbox 2844 5458 3143 5499">
     <span class='ocr_line' id='line_1_117' title="bbox 2844 5458 3143 5499; baseline -0.013 0"><span class='ocrx_word' id='word_1_787' title='bbox 2844 5458 3143 5499; x_wconf 65' lang='lat' dir='ltr'><strong>PRAETOR“).</strong></span> 
     </span>
    </p>
   </div>
   <div class='ocr_carea' id='block_1_118' title="bbox 2201 5521 3776 5602">
    <p class='ocr_par' dir='ltr' id='par_1_118' title="bbox 2201 5521 3776 5602">
     <span class='ocr_line' id='line_1_118' title="bbox 2201 5521 3776 5602; baseline -0.017 -11"><span class='ocrx_word' id='word_1_788' title='bbox 2201 5534 2459 5592; x_wconf 73' lang='lat' dir='ltr'><strong>Describit</strong></span> <span class='ocrx_word' id='word_1_789' title='bbox 2485 5536 2694 5591; x_wconf 81' lang='lat' dir='ltr'><strong>modum</strong></span> <span class='ocrx_word' id='word_1_790' title='bbox 2716 5534 3052 5602; x_wconf 74' lang='lat' dir='ltr'><strong>conﬁcienda:</strong></span> <span class='ocrx_word' id='word_1_791' title='bbox 3078 5535 3316 5595; x_wconf 66' lang='lat' dir='ltr'><strong>chartaa,</strong></span> <span class='ocrx_word' id='word_1_792' title='bbox 3350 5542 3546 5584; x_wconf 76' lang='lat' dir='ltr'><strong>nemon</strong></span> <span class='ocrx_word' id='word_1_793' title='bbox 3570 5521 3671 5592; x_wconf 73' lang='lat' dir='ltr'><strong>ejus</strong></span> <span class='ocrx_word' id='word_1_794' title='bbox 3694 5522 3776 5568; x_wconf 62' lang='grc' dir='ltr'><strong>ιη’</strong></span> 
     </span>
    </p>
   </div>
   <div class='ocr_carea' id='block_1_119' title="bbox 3873 793 3884 1390">
    <p class='ocr_par' dir='ltr' id='par_1_119' title="bbox 3873 877 3881 1235">
     <span class='ocr_line' id='line_1_119' title="bbox 3873 877 3881 1235; baseline 0 0"><span class='ocrx_word' id='word_1_795' title='bbox 3873 1024 3881 1235; x_wconf 69' lang='lat' dir='ltr'><strong>l</strong></span> 
     </span>
    </p>
   </div>
   <div class='ocr_carea' id='block_1_120' title="bbox 3876 1389 3886 1657">
    <p class='ocr_par' dir='ltr' id='par_1_120' title="bbox 3876 1389 3886 1657">
     <span class='ocr_line' id='line_1_120' title="bbox 3876 1389 3886 1657; baseline 0 0"><span class='ocrx_word' id='word_1_796' title='bbox 3876 1389 3886 1657; x_wconf 64' lang='grc' dir='ltr'>Ρ</span> 
     </span>
    </p>
   </div>
   <div class='ocr_carea' id='block_1_121' title="bbox 3880 1662 3883 1709">
    <p class='ocr_par' dir='ltr' id='par_1_121' title="bbox 3880 1662 3883 1709">
     <span class='ocr_line' id='line_1_121' title="bbox 3880 1662 3883 1709; baseline 0 0"><span class='ocrx_word' id='word_1_797' title='bbox 3880 1662 3883 1709; x_wconf 70' lang='lat' dir='ltr'><strong>l</strong></span> 
     </span>
    </p>
   </div>
   <div class='ocr_carea' id='block_1_122' title="bbox 3878 1746 3883 1871">
    <p class='ocr_par' dir='ltr' id='par_1_122' title="bbox 3878 1746 3883 1871">
     <span class='ocr_line' id='line_1_122' title="bbox 3878 1746 3883 1871; baseline 0 0"><span class='ocrx_word' id='word_1_798' title='bbox 3878 1746 3883 1845; x_wconf 55' lang='lat' dir='ltr'><strong>l</strong></span> 
     </span>
    </p>
   </div>
   <div class='ocr_carea' id='block_1_123' title="bbox 3878 1984 3888 2419">
    <p class='ocr_par' dir='ltr' id='par_1_123' title="bbox 3878 1984 3888 2419">
     <span class='ocr_line' id='line_1_123' title="bbox 3878 1984 3888 2419; baseline 0 -6"><span class='ocrx_word' id='word_1_799' title='bbox 3878 1984 3888 2407; x_wconf 72' lang='grc' dir='ltr'><strong>ἑ</strong></span> 
     </span>
    </p>
   </div>
   <div class='ocr_carea' id='block_1_124' title="bbox 3885 2381 3889 2917">
    <p class='ocr_par' dir='ltr' id='par_1_124' title="bbox 3885 2468 3887 2739">
     <span class='ocr_line' id='line_1_124' title="bbox 3885 2468 3887 2559; baseline 0 0"><span class='ocrx_word' id='word_1_800' title='bbox 3885 2468 3887 2559; x_wconf 52' lang='grc' dir='ltr'>ψ</span> 
     </span>
     <span class='ocr_line' id='line_1_125' title="bbox 3885 2634 3887 2739; baseline 0 0"><span class='ocrx_word' id='word_1_801' title='bbox 3885 2634 3887 2739; x_wconf 56' lang='grc' dir='ltr'>ψ</span> 
     </span>
    </p>
   </div>
   <div class='ocr_carea' id='block_1_125' title="bbox 3885 2381 3890 3095">
    <p class='ocr_par' dir='ltr' id='par_1_125' title="bbox 3885 2468 3887 3095">
     <span class='ocr_line' id='line_1_126' title="bbox 3885 2468 3887 2559; baseline 0 0"><span class='ocrx_word' id='word_1_802' title='bbox 3885 2468 3887 2559; x_wconf 52' lang='grc' dir='ltr'>ψ</span> 
     </span>
     <span class='ocr_line' id='line_1_127' title="bbox 3885 2634 3887 2739; baseline 0 0"><span class='ocrx_word' id='word_1_803' title='bbox 3885 2634 3887 2739; x_wconf 56' lang='grc' dir='ltr'>ψ</span> 
     </span>
     <span class='ocr_line' id='line_1_128' title="bbox 3886 3042 3887 3095; baseline 0 0"><span class='ocrx_word' id='word_1_804' title='bbox 3886 3042 3887 3095; x_wconf 64' lang='grc' dir='ltr'>ι</span> 
     </span>
    </p>
   </div>
  </div>
