3990 6170
301 260 418 316 853

1555 264 1914 321 VARIARUM
1956 263 2154 320 LIBER
2192 265 2304 323 XII.

3476 285 3587 344 8ῗῶ

301 385 429 424 mox
460 376 519 423 ut
546 366 613 422 ad
642 381 700 422 se
729 367 949 424 exitium
978 385 1132 425 suum
1175 372 1456 430 invitatum
1491 376 1656 434 fuisse
1691 394 1892 449 cognn-
1924 393 1964 447 Α
1996 395 2199 436 cemus.
2230 381 2422 439 Patere
2464 386 2677 455 parnale
2715 390 3060 445 secretarium
3091 400 3237 448 tuum
3269 395 3588 456 innocenter

298 459 461 525 verit,
493 458 546 511 in
597 456 830 511 caudam
881 457 1097 526 labitur,
1155 463 1415 530 paulatim
1455 480 1514 520 se
1545 466 1613 521 ab
1659 476 1888 537 angusto

295 549 625 606 subducens.
673 548 844 615 Quem
875 550 920 604 si
946 550 1082 606 alter
1111 552 1347 622 ejusdem
1374 557 1588 625 generis
1613 574 1885 629 cognove-

295 640 368 694 rit
397 639 685 706 irretitum,
735 648 979 695 extrema
1009 641 1124 710 ejus
1166 644 1434 700 mordicus
1477 648 1674 715 trahit;
1708 661 1766 704 ut
1790 653 1883 720 qui

292 728 396 783 sibi
425 737 616 799 captus
674 746 780 785 non
838 739 1018 801 potest
1067 733 1372 798 subvenire,
1420 737 1643 794 alterius
1691 741 1885 796 solatio

293 821 554 892 probetur
580 821 828 878 evadere.
859 826 950 880 Sic
989 836 1044 880 et
1069 827 1214 880 sauri
1243 837 1488 897 argutum
1532 832 1759 900 piscium
1799 848 1886 902 ge-

293 927 419 980 nus,
443 928 473 967 a
503 913 788 970 velocitate
818 916 1098 985 nominati,
1130 933 1252 972 cum
1277 933 1335 973 se
1363 920 1413 973 in
1437 920 1654 978 insidias
1685 940 1889 980 nevuo-

293 1020 380 1058 sas
408 1005 736 1074 impulerint,
781 1006 932 1075 quasi
961 1007 1278 1076 quibusdam
1309 1008 1521 1066 funibus
1550 1015 1888 1082 aequabiliter

289 1094 502 1162 illigati,
530 1096 656 1149 totis
687 1096 890 1150 nisibus
922 1098 1196 1153 trahentes
1227 1107 1544 1166 retrorsum,
1576 1104 1757 1160 socios
1788 1122 1885 1160 con

290 1194 494 1239 nantur
523 1185 753 1242 liberare
781 1188 1042 1256 captivos.
1073 1187 1232 1244 Plura
1261 1199 1406 1256 sunt,
1437 1192 1481 1246 si
1515 1193 1640 1247 talia
1670 1196 1881 1264 perqui-

191 1275 193 1277 ’
289 1290 501 1335 rantur.
529 1279 720 1336 Omnia
749 1282 894 1336 enim
923 1297 1040 1352 quae
1086 1292 1309 1352 possunt
1347 1285 1546 1340 habere
1586 1292 1878 1358 contraria,

288 1369 464 1427 facilis
494 1388 650 1427 casus
671 1373 997 1438 absumeret,
1029 1373 1074 1428 si
1096 1389 1280 1428 curam
1302 1374 1490 1429 salutis
1519 1377 1749 1446 propriae
1773 1394 1880 1432 non

287 1462 572 1519 haberent.
601 1464 682 1519 Ad
713 1472 765 1518 te
799 1464 1158 1520 claustrorum
1188 1465 1500 1536 magistrum
1531 1469 1691 1523 verba
1722 1485 1881 1526 revo-

1992 486 2113 528 esse
2141 482 2428 529 secretum.
2464 475 2756 547 Torqueris
2784 481 3021 550 quidem,
3051 485 3197 553 quod
3237 487 3417 543 nullus
3445 490 3583 545 alni-

1990 564 2160 634 gitur:
2183 581 2214 620 a
2243 569 2617 624 communibus
2644 571 2850 638 gaudiis
2881 582 3103 630 mtestus
3132 577 3417 645 exciperis,
3450 579 3578 635 dum

1992 657 2087 711 tibi
2114 659 2212 712 soli
2244 675 2351 713 non
2381 662 2622 730 parcitur
2648 663 2806 719 venia
2834 667 3093 733 generali,
3146 668 3321 724 livida:
3365 670 3588 727 invidias

1989 748 2398 817 comparandus.
2443 751 2661 807 Sustine
2699 753 2766 807 de
2795 757 3036 810 omnium
3072 759 3362 815 securitate
3399 760 3578 829 jactu-

1993 855 2126 902 ram,
2161 842 2254 909 qui
2284 842 2516 898 habuisti
2545 844 2612 899 de
2649 846 2938 902 multorum
2969 847 3261 906 afﬂictione
3311 852 3573 908 lzetitiam.

1991 929 2101 984 Sed
2133 940 2188 986 ut
2220 941 2339 987 tuos
2369 950 2586 1003 quoque
2624 939 2854 1006 gemitus
2883 941 3246 1007 consolemur,
3301 944 3424 999 illos
3479 946 3587 1000 tibi.

1993 1023 2360 1102 tantummodo
2383 1025 2596 1080 vindica
2622 1065 2636 1089 ,
2686 1044 2823 1097 quos
2867 1030 2952 1084 lex
2995 1033 3210 1100 pietatis
3255 1036 3431 1102 gratia
3471 1053 3579 1091 non

1989 1097 2234 1166 relaxat:
2261 1129 2326 1168 ne
2355 1130 2475 1169 cum
2506 1118 2823 1174 truculentis
2867 1130 3131 1190 parceret,
3164 1125 3459 1192 asperrima
3497 1126 3580 1180 fa-

1988 1201 2172 1256 cinora
2202 1203 2476 1274 levigaret.
2504 1206 2787 1264 Solvamus
2825 1223 2955 1279 ergo
2994 1221 3204 1278 cuncta,
3232 1215 3580 1270 sarcularibus

1985 1293 2193 1350 actibus
2221 1295 2500 1366 implicati.
2554 1298 2762 1355 Patitur
2806 1306 2982 1360 omnis
3031 1305 3194 1360 homo
3240 1307 3578 1376 periculosos

1986 1397 2176 1449 nexus,
2209 1401 2344 1455 quos
2369 1387 2585 1444 festinet
2601 1391 2849 1447 evadere.
2870 1393 3114 1450 Claustra
3141 1412 3267 1452 reos
3283 1397 3579 1466 dimittant,

1987 1489 2089 1530 nos
2116 1477 2327 1532 vincula
2358 1479 2616 1550 improba:
2645 1484 2990 1554 cogitationis
3018 1487 3323 1543 absolvant.

1325 1705 1667 1787 LIBER
1725 1708 2566 1802 DUODECIMUS.

1783 1869 2092 1883 w-

677 1951 836 2020 188
872 1945 1203 2004 EPISTOLA
1243 1946 1478 2001 PRIMA.

281 2076 518 2116 ωνεκεις
547 2075 924 2116 ολπειιλιιιιε
965 2073 1350 2113 PBOVINCIARUM
1401 2072 1732 2113 FIVCULARUM
1780 2075 1870 2115 SB-

637 2147 811 2185 NA’I‘OR
850 2146 964 2184 “LE
973 2145 1171 2184 FECTUS
1210 2143 1509 2181 PIUE'I‘OBIO.

279 2222 473 2278 laedis
498 2242 530 2276 a
552 2225 794 2292 prwfecte
816 2223 1059 2291 prtetorio
1086 2219 1431 2292 cancvllariis,
1469 2226 1517 2292 et
1551 2219 1605 2271 in
1639 2219 1868 2274 diversas

343 2288 640 2353 nrovincius
665 2288 854 2355 missis,
886 2291 1136 2346 salutaria
1182 2290 1379 2342 monita
1414 2288 1482 2339 ad
1528 2304 1706 2344 manus
1745 2293 1868 2343 bene

345 2365 647 2435 gerendum,
705 2374 753 2416 et
809 2363 1066 2432 prwcipue
1108 2360 1176 2412 ad
1223 2359 1494 2412 avaritiam
1538 2359 1862 2428 fugiendam,

344 2435 534 2487 trudun
545 2444 646 2486 tur.

341 2524 536 2578 Nescio
563 2523 683 2592 quis
714 2536 936 2591 magnus
966 2537 1085 2578 esse
1109 2521 1368 2585 creditur,
1398 2520 1489 2589 qui
1517 2519 1585 2574 de
1613 2527 1864 2589 penetra-

271 2615 412 2668 .ibus
453 2613 651 2682 judicis
696 2612 1042 2666 destinatur:
1085 2611 1341 2681 quoniam
1384 2617 1535 2664 tanto
1567 2609 1688 2678 plus
1717 2607 1862 2662 :esti-

271 2715 454 2760 matur
480 2706 602 2774 quis
639 2717 825 2759 amare
862 2703 1145 2773 justitiam,
1177 2709 1378 2771 quanto
1403 2701 1471 2756 ab
1500 2702 1590 2756 illo
1622 2700 1869 2769 frequen-

270 2799 376 2851 tius
405 2804 622 2852 constat
659 2797 913 2849 auditam.
949 2797 1047 2849 Per
1084 2794 1282 2849 milites
1308 2809 1435 2848 suos
1472 2793 1635 2862 judcx
1668 2793 1864 2847 intelli-

267 2888 448 2954 gitur,
480 2895 535 2941 et
554 2887 694 2941 sicut
713 2885 958 2955 discipuli
983 2883 1223 2953 magistri
1250 2883 1527 2937 scientiam
1548 2883 1784 2952 produnt
1818 2894 1862 2946 ",

267 2977 348 3032 sic
375 2991 479 3030 nos
509 2975 919 3043 obsequentium
948 2987 1129 3027 mores
1165 2971 1434 3041 aperiunt.
1468 2969 1718 3039 Prteceps
1753 2987 1860 3026 non

266 3073 494 3137 putatur
520 3067 835 3120 observasse
880 3064 1191 3128 moderato,
1240 3075 1435 3115 avarus
1475 3061 1722 3130 paruisse
1751 3077 1859 3115 non

264 3158 571 3213 advertitur
601 3155 930 3219 continenti;
982 3153 1176 3207 stultus
1215 3150 1566 3222 prudentibus
1614 3151 1866 3206 serviisse

265 3265 376 3303 non
402 3247 664 3302 creditur.
707 3244 1098 3306 Periclitemur,
1121 3243 1309 3308 fateor,
1348 3243 1401 3296 in
1443 3242 1744 3296 actionibus
1774 3258 1865 3297 ve-

1906 1952 1948 2011 Β
1974 1954 2143 2010 sentis
2168 1957 2449 2025 pudorem.
2485 1961 2615 2016 Nam
2645 1963 2772 2034 quid
2801 1965 3000 2022 debeas
3035 1976 3245 2025 tentare
3267 1971 3372 2026 vile
3398 1971 3569 2045 [Cor.,

1973 2040 2096 2110 σιμ,
2129 2045 2320 2118 vides],
2353 2049 2442 2116 qui
2470 2050 2666 2106 militas
2686 2054 2784 2108 sub
2805 2054 3052 2110 honore?
3074 2056 3274 2113 Fasces
3295 2040 3564 2129 tibiujudi-

1971 2146 2092 2186 cum
2135 2146 2355 2203 parent;
2389 2147 2444 2192 et
2475 2140 2600 2194 dum
2637 2141 2786 2210 jussa
2815 2146 3157 2213 praetoriana:
3182 2148 3325 2202 sedis
3352 2159 3569 2220 portare

1970 2223 2228 2286 crederis,
2272 2226 2443 2296 ipsam
2492 2231 2890 2297 quodammodo
2939 2244 3262 2304 potestatem
3310 2253 3562 2294 reveren-

1969 2312 2068 2367 dus
2098 2317 2343 2373 assumis.
2387 2317 2576 2375 Edicta
2623 2330 2809 2377 nostra
2859 2331 2916 2378 tu
2967 2326 3172 2394 primus
3203 2325 3330 2398 [ed.,
3382 2328 3573 2399 impri-

1967 2401 2090 2473 mis]
2122 2404 2368 2471 observa,
2398 2409 2623 2465 ostende
2652 2411 2850 2466 bonam
2883 2421 2935 2468 te
2966 2415 3369 2471 intendentibus
3390 2420 3556 2472 viam.

1967 2492 2098 2548 Nam
2131 2496 2282 2564 cujus
2311 2506 2395 2552 est
2430 2501 2627 2568 judicis
2651 2502 2936 2558 custodire
2968 2506 3245 2573 mandata,
3295 2509 3340 2562 si
3370 2510 3570 2565 milites

1969 2595 2152 2642 nostra
2191 2588 2472 2646 videantur
2501 2593 2774 2662 negligere
2823 2597 3161 2651 constituta?
3211 2597 3470 2666 Reginam
3501 2600 3564 2654 il-

1968 2675 2072 2730 lam
2113 2679 2422 2746 procacimn
2450 2680 2709 2737 vitiorum
2751 2685 3039 2738 avaritiam
3079 2685 3223 2753 fuge,
3257 2689 3340 2741 cui
3373 2697 3564 2743 cuncta

1966 2765 2190 2820 crimina
2217 2765 2518 2822 detestabili
2561 2769 2852 2826 devotione
2881 2772 3210 2828 famulantur
3242 2793 3256 2828 :
3287 2790 3408 2844 qua:
3438 2776 3566 2830 dum

1965 2863 2154 2925 pectus
2175 2857 2406 2913 hominis
2436 2861 2672 2927 ingressa
2703 2861 2878 2926 fuerit,
2905 2865 3166 2932 gregatim
3196 2881 3416 2935 quoque
3446 2882 3561 2920 ma-

1967 2946 2152 3003 lefidas
2188 2949 2442 3004 cohortes
2483 2951 2740 3007 admittit.
2772 2953 2925 3009 Ferri
2969 2971 3075 3010 non
3109 2965 3290 3026 potest
3319 2966 3562 3028 recepta,

1965 3041 2089 3108 quia
2120 3041 2292 3096 nescit
2334 3055 2455 3098 esse
2498 3044 2758 3100 solitaria.
2810 3045 3013 3114 Agmen
3070 3048 3233 3103 habet
3273 3050 3555 3106 blandissi-

1965 3148 2130 3198 mum,
2165 3148 2314 3189 arma
2357 3136 2582 3206 suscipit
2611 3152 2679 3192 ex
2724 3137 2963 3206 talentis,
2995 3147 3051 3195 et
3095 3156 3196 3211 per
3221 3143 3562 3198 dulcedinem

1964 3233 2183 3294 superat
2208 3241 2346 3295 quos
2374 3243 2556 3282 amara
2587 3229 2909 3299 deceptione
2939 3235 3200 3302 captivat.
3229 3233 3462 3291 Proinde
3489 3237 3556 3290 ad

260 3340 412 3405 stris,
456 3337 506 3392 si
537 3351 634 3390 vos
661 3335 799 3389 mala
832 3335 1128 3389 intentione
1158 3333 1433 3399 tractetis;
1465 3340 1539 3399 et,
1562 3332 1703 3400 quod
1733 3333 1863 3386 nulli

1973 3315 2225 3371 utilitates
2253 3317 2495 3386 publicas
2547 3327 2666 3374 esto
2721 3321 3008 3390 sollicitus,
3065 3323 3305 3393 injuncta
3363 3328 3558 3382 morali

259 3425 467 3481 accidit
498 3433 754 3488 vestrum,
779 3423 1010 3476 alienum
1048 3421 1236 3476 vitium
1290 3427 1531 3474 nostrum
1561 3419 1864 3474 celebratur

260 3515 641 3587 opprobrium.
673 3514 1010 3569 Sustincmus
1039 3513 1174 3567 tales
1201 3527 1380 3578 casus,
1425 3510 1612 3579 quales
1663 3527 1761 3566 nos
1809 3511 1862 3566 in

259 3608 403 3662 alios
420 3605 666 3674 judicare
696 3620 802 3658 non
863 3618 1178 3674 possumus;
1235 3610 1293 3656 et
1335 3602 1421 3656 lex
1471 3615 1576 3669 qua
1613 3599 1862 3655 fruuntur

259 3698 450 3753 cuncti
492 3698 545 3750 in
577 3696 730 3751 nobis
785 3710 892 3749 non
929 3703 1112 3764 potest
1138 3693 1417 3749 custodiri.
1449 3692 1556 3747 Sed
1602 3693 1860 3747 habemus

260 3789 463 3842 iterum
496 3803 562 3842 ex
591 3787 695 3841 alia
723 3794 876 3856 parte
903 3786 1176 3852 solatium,
1206 3784 1350 3853 quod
1373 3792 1554 3838 vestra
1580 3783 1721 3838 bona
1752 3798 1853 3837 no-

257 3885 379 3931 stra
409 3877 706 3930 creduntur
733 3891 856 3931 esse
877 3875 1164 3939 mandata;
1196 3883 1250 3929 et
1279 3873 1434 3930 nobis
1460 3873 1648 3928 otiosis
1679 3873 1862 3942 acqui-

257 3967 422 4030 ritur,
455 3965 712 4035 quidquid
763 3967 948 4036 gloria:
988 3965 1181 4020 vestris
1233 3963 1508 4018 laboribus
1555 3961 1854 4032 expeditur.

250 4056 316 4112 Si
344 4066 399 4112 te
427 4057 573 4112 enim
589 4043 789 4126 aliquis
808 4057 1080 4126 sapienter
1106 4068 1265 4123 agere
1309 4053 1508 4116 videat,
1554 4053 1736 4108 statim
1776 4051 1856 4106 fa-

255 4165 410 4203 mam
439 4149 518 4202 tui
565 4149 912 4218 przeceptoris
958 4147 1202 4202 exaltat:
1248 4145 1372 4198 dum
1398 4144 1504 4198 tale
1554 4143 1858 4198 institutum

253 4239 434 4294 fuisse
457 4236 722 4305 creditur,
751 4238 928 4306 qualia
957 4244 1107 4305 gesta
1147 4234 1492 4289 nihilominus
1530 4233 1853 4288 sentiuntur.

255 4326 384 4384 Una
417 4336 502 4383 est
529 4328 792 4383 sententia
816 4327 1009 4397 plebis,
1058 4326 1196 4380 tales
1243 4339 1363 4379 esse
1406 4323 1616 4392 judices
1670 4323 1857 4392 quales

249 4434 368 4474 nos
399 4418 685 4487 contigerit
711 4418 1015 4488 approbari.
1051 4415 1116 4470 Et
1143 4415 1267 4470 ideo
1305 4427 1632 4483 magnopere
1661 4428 1855 4468 caven-

246 4513 392 4566 dum
421 4519 528 4577 est,
560 4525 628 4565 ne
657 4510 746 4565 ille
775 4510 842 4565 de
867 4511 1019 4564 vobis
1039 4509 1258 4578 incipiat
1279 4506 1542 4576 judicare,
1572 4505 1726 4574 cujus
1756 4519 1854 4560 vos

245 4601 578 4670 Opinionem
619 4600 907 4667 contigerit
946 4608 1070 4652 ante
1110 4598 1394 4652 lacerasse.
1431 4594 1715 4650 Ulciscitur
1744 4609 1855 4664 pa:-

1965 3406 2330 3474 compulsione
2356 3424 2607 3478 procura.
2647 3411 2774 3466 Plus
2805 3414 2915 3481 agit
2964 3415 3265 3472 inculcator
3310 3417 3554 3485 rationis,

1963 3508 2124 3562 quam
2155 3498 2324 3565 possit
2350 3513 2608 3556 exercere
2661 3503 2933 3560 terribilis.
2987 3504 3224 3562 Persona
3266 3516 3358 3562 tua
3405 3509 3554 3564 refu—

1962 3585 2106 3652 gium
2135 3586 2204 3640 sit
2232 3602 2511 3657 oppresso,
2562 3589 2756 3645 infirmi
2802 3592 3066 3660 defensio,
3113 3597 3421 3666 przesidium
3453 3599 3552 3653 ali-

1961 3687 2066 3742 qua
2091 3674 2396 3732 calamitate
2425 3681 2700 3734 concluso.
2755 3681 2846 3737 Sic
2873 3684 3016 3737 enim
3065 3687 3288 3756 proprie
3338 3699 3557 3746 nostros

1961 3769 2230 3824 cancellos
2257 3771 2429 3839 agitis,
2455 3772 2500 3826 si
2523 3773 2768 3828 laesorum
2793 3775 2955 3845 impia
2977 3777 3208 3832 claustra
3237 3779 3479 3836 solvatis.

2435 3884 2592 3954 139
2627 3882 2956 3939 EPISTULA
3016 3886 3078 3940 ιι.

1964 3987 2230 4028 υκινεκςιε
2257 3989 2518 4030 ιυωοωυε
2549 3991 2936 4032 νειονικειλκυιι
2967 3995 3208 4035 δεΝΑτοιι
3233 3999 3553 4040 f'BtEFECTth'

2596 4062 2898 4102 ΡΒΕΤΟΒΙΟ.

1961 4130 2155 4210 Invitat
2176 4134 2380 4203 judices
2404 4137 2474 4188 ad
2501 4137 2744 4210 suiipsius
2788 4139 3150 4194 imitationem.
3195 4141 3322 4195 Tum
3362 4147 3547 4210 prmi-

2029 4204 2105 4274 pit
2123 4213 2172 4256 et
2197 4221 2539 4272 possessorem
2569 4205 2884 4260 admoneant
2932 4219 2987 4261 ut
3017 4212 3209 4263 tributa
3250 4204 3548 4266 indictionis

2032 4273 2099 4326 15
2115 4275 2305 4356 devota
2325 4285 2493 4327 mente
2515 4275 2921 4356 temporibusque
2937 4281 3146 4356 statutis
3168 4281 3552 4356 persolvant”,

2027 4353 2076 4421 et
2103 4343 2320 4421 ﬁdelem.
2346 4343 2690 4409 expensarnm
2737 4343 2974 4399 notitiam
3007 4348 3076 4400 ad
3114 4343 3306 4402 scrinia
3356 4343 3545 4421 prauo?

2028 4415 2179 4466 riana
2217 4413 2469 4483 dirigant.

2026 4508 2237 4564 Gratias
2265 4507 2537 4563 Divinitati
2568 4509 2763 4577 refero,
2796 4511 2921 4581 quia
2965 4521 3021 4568 et
3069 4514 3425 4582 provinciales
3468 4515 3544 4570 fe-

1955 4611 2145 4656 cerunt
2175 4617 2292 4670 qua:
2316 4601 2520 4666 monui,
2549 4610 2603 4657 et
2623 4616 2724 4670 ego
2753 4603 3020 4674 complevi
3069 4607 3248 4660 omnia
3278 4623 3397 4676 qua:
3420 4624 3542 4678 pro-

244 4691 342 4744 nis
399 4687 547 4758 quod
601 4689 820 4743 miSiSliS
876 4689 928 4742 in
977 4688 1195 4751 ιὶιιιυιίε;
1245 4695 1301 4742 ei
1348 4685 1630 4740 ιοΓηὶθηιίε
1668 4685 1859 4739 vestris
1891 4680 1935 4738 D
1963 4694 2102 4748 misi.
2132 4693 2262 4748 Nam
2295 4709 2393 4749 nec
2422 4709 2508 4750 me
2536 4695 2704 4750 sensit
2740 4697 3022 4766 quisquam
3053 4698 3230 4766 aliqua
3256 4698 3544 4751 venalitate

239 4790 583 4854 wnipensat
629 4781 782 4854 με..
837 4792 896 4837 ιιι
942 4782 1223 4837 tormentis
1275 4780 1476 4835 nostris
1517 4776 1850 4848 compescat]

236 4875 406 4946 quod
437 4875 667 4945 populus
697 4875 1008 4930 vulneratus
1038 4882 1344 4943 exaggerat.
1381 4871 1551 4938 Quam
1583 4871 1852 4941 periculo-

232 4983 378 5024 sum
403 4976 491 5022 est
529 4967 638 5038 pati
664 4967 901 5036 judiccm
931 4967 1324 5022 rationabiliter
1352 4966 1545 5018 iratum
1570 5003 1584 5027 ,
1616 4970 1672 5018 et
1701 4961 1848 5016 illum

230 5061 311 5115 de
346 5059 585 5114 fortunis
624 5060 728 5112 tuis
755 5058 1068 5123 decernere,
1097 5073 1257 5127 quem
1289 5065 1342 5112 te
1363 5063 1577 5111 constat
1613 5055 1850 5125 graviter

232 5150 539 5206 irritasse!
569 5149 908 5220 Quapropter
945 5148 1100 5203 stude
1153 5149 1324 5217 magis
1367 5156 1428 5203 ut
1459 5156 1639 5204 nostra
1667 5147 1845 5216 potius

226 5257 391 5298 voce
420 5240 695 5296 lauderis:
721 5241 847 5312 quia
875 5242 1014 5296 sicut
1045 5248 1098 5296 te
1121 5249 1301 5311 potest
1334 5239 1532 5309 judicis
1557 5237 1641 5291 vel
1668 5251 1848 5291 sermo

228 5332 606 5403 deprimere,
657 5331 730 5385 ita
771 5331 1134 5402 prosperrima
1214 5329 1481 5384 sententia
1542 5326 1844 5380 sublevare.

225 5419 432 5490 Perge
465 5419 626 5490 igitur
650 5435 748 5492 per
775 5421 922 5475 illam
949 5418 1320 5484 indictionem,
1361 5418 1585 5487 iuvante
1615 5415 1748 5478 Deo,
1779 5412 1846 5466 ad

222 5528 402 5583 illam
426 5521 761 5593 provinciam
777 5558 794 5582 ,
816 5516 1179 5572 cancellorum
1205 5529 1397 5584 pompa
1440 5515 1723 5568 decoratus
1739 5551 1754 5576 ,
1787 5520 1846 5565 et

220 5616 497 5692 gloriosa
546 5612 810 5684 gravitate
855 5609 1200 5681 praeiuctus.
1243 5607 1450 5662 Absens
1486 5605 1662 5676 cogita
1697 5617 1834 5674 pra:-

1962 4784 2377 4853 pollutum,'nec
2403 4800 2506 4855 ego
2528 4786 2724 4856 pertuli
2755 4788 3069 4842 tributarios
3100 4790 3398 4843 iudevotos.
3433 4787 3543 4842 lla-

1959 4875 2146 4932 bemus
2175 4876 2387 4948 utrique
2415 4876 2558 4946 quod
2588 4878 2638 4931 in
2686 4879 2840 4934 nobis
2869 4878 3088 4947 diligere
3116 4878 3438 4945 debeamus;
3465 4879 3541 4934 illi

1957 4979 2272 5039 repererunt
2295 4968 2618 5024 alfectuosos
2641 4968 2870 5037 judices,
2912 4984 3010 5023 nos
3049 4967 3427 5035 a-‘quisivimus
3457 4969 3539 5021 in-

1954 5059 2268 5127 tegerrimas
2285 5074 2579 5128 praecones.
2611 5059 2843 5127 Agamus
2867 5059 3065 5127 itaque,
3097 5058 3204 5112 Deo
3225 5068 3536 5128 praestante,

1953 5150 2096 5219 quod
2141 5150 2419 5218 coepimus.
2467 5149 2753 5204 Possessor
2806 5149 2935 5203 mihi
2990 5149 3230 5219 publicas
3281 5150 3536 5219 pecunias

1952 5238 2124 5292 libens
2153 5237 2385 5292 inferat:
2419 5252 2520 5307 ego
2558 5239 2628 5292 illi
2662 5240 2716 5293 in
2746 5249 3044 5296 conventus
3084 5239 3303 5307 justitize
3335 5241 3530 5295 tributa

1951 5328 2268 5398 persolvam.
2305 5327 2466 5381 Vobis
2510 5337 2687 5382 autem
2735 5330 3017 5385 commode
3059 5331 3338 5400 repetitur,
3386 5332 3531 5403 quod

1947 5407 2212 5474 veraciter
2239 5427 2416 5473 actum
2446 5433 2564 5473 esse
2589 5421 2835 5487 sentitur,
2862 5422 3076 5490 quando
3098 5423 3164 5477 de
3190 5425 3349 5479 rebus
3389 5439 3532 5495 pra:-

1949 5510 2120 5565 teritis
2142 5525 2266 5580 spes
2290 5524 2480 5579 magna
2509 5510 2752 5566 redditur
2771 5513 2824 5568 in
2849 5511 3061 5569 futuris.
3093 5514 3368 5572 Probastis
3385 5517 3531 5572 enim

1947 5602 2073 5672 quia
2103 5601 2304 5657 nullum
2335 5601 2608 5673 coegimus
2636 5605 2766 5659 dare
2809 5603 2953 5674 quod
2992 5621 3100 5661 non
3127 5605 3403 5664 debuisset
3447 5604 3538 5660 of-

321 5782 358 5810 -
397 5766 454 5822 In
503 5768 643 5822 hanc
689 5782 801 5822 rem
846 5765 982 5822 belle
1034 5761 1334 5829 Salvianus,
1366 5761 1431 5819 dc
1468 5757 1682 5818 Provid.
1729 5756 1845 5823 Dci,
1878 5778 1998 5836 pag.
2031 5763 2118 5820 97.
2152 5762 2448 5834 Ennodius,
2472 5781 2594 5840 pag.
2625 5768 2752 5830 327,
2783 5770 2974 5828 Ιυηετ,

1135 5878 1246 5889 ⁴σαψ-η...
1263 5885 1289 5890 ._
