3990 6170
444 389 547 446 Ῡ55

438 503 598 558 ferre.
650 500 764 556 Non
790 497 1053 567 Apublicis,
1107 511 1213 550 non
1263 493 1483 564 privatis
1529 508 1559 546 a
1612 506 1697 545 me
1735 490 2018 560 quisquam
2050 491 2091 545 A

439 591 648 647 damnis
685 561 912 643 amittas
960 598 1058 643 est.
1107 586 1472 642 Discussorum
1521 591 1755 636 terrores
1805 578 2024 633 fecimus

440 681 693 752 ignorari.
725 679 834 734 Nec
857 677 1285 732 cxtr..ordinaria
1313 675 1676 745 quzesivimus,
1705 671 1796 741 qui
1831 677 2021 724 cuncta

437 774 550 840 geri
582 772 788 838 legibus
811 771 1148 840 optabamus.
1177 767 1283 821 Sed
1314 782 1413 822 nec
1443 781 1536 819 vos
1565 765 1682 817 sitis
1712 764 1762 816 in
1788 777 1848 816 ea
1871 770 2024 831 parte

439 863 745 922 dissimiles.
785 861 1042 916 Prmsules
1069 859 1366 913 imitatores
1387 873 1504 912 esse
1530 854 1806 923 dignitatis
1826 860 2024 905 nostra:

434 958 556 1025 jura
612 955 915 1018 voluerunt,
956 952 1151 1021 quibus
1184 966 1321 1020 pene
1368 947 1612 1002 eamdem
1657 960 1818 1014 quam
1870 943 2026 996 nobis

435 1047 864 1118 jurisdictionem
912 1060 1009 1115 per
1054 1043 1358 1114 provincias
1403 1039 1765 1095 contulerunt.
1813 1034 2023 1090 Nullum

438 1139 689 1211 repudiat
712 1137 980 1206 sequenda
1001 1135 1230 1204 justitia,
1253 1147 1442 1188 omnes
1471 1127 1748 1190 clarificat,
1780 1142 1917 1197 quos
1945 1125 2026 1180 sui

439 1229 856 1303 participatione
883 1226 1172 1281 sublimat:
1212 1225 1477 1278 minorem
1507 1236 1564 1276 se
1595 1220 1683 1274 ille
1708 1220 1854 1273 solus
1876 1215 2024 1282 facit,

441 1322 532 1392 qui
558 1321 626 1376 ab
657 1321 769 1390 ipsa
799 1318 1062 1373 discessit.
1090 1315 1198 1370 Cur
1224 1313 1519 1384 accipiendi
1553 1321 1674 1366 vota
1714 1309 2026 1366 sectemur?

440 1413 652 1472 Nullam
701 1412 927 1482 gloriam
973 1409 1180 1478 recipit,
1219 1407 1310 1476 qui
1349 1407 1499 1462 dives
1546 1411 1806 1459 vocatur:
1839 1409 2027 1455 contra

445 1505 593 1560 omni
622 1501 779 1558 laude
808 1500 1113 1566 decoratur,
1139 1498 1230 1568 qui
1254 1497 1431 1566 justus
1469 1493 1715 1549 edicitur.
1746 1490 2028 1546 Desidere-

443 1611 567 1651 mus
595 1595 774 1664 potius
800 1592 943 1661 quod
966 1606 1066 1645 nos
1091 1588 1444 1661 pretiosiores
1484 1584 1839 1655 locupletibus
1881 1579 2026 1637 facit.

446 1686 644 1743 Fasces
673 1686 987 1754 accipimus,
1014 1691 1070 1736 ut
1097 1695 1289 1750 graves
1317 1694 1437 1736 esse
1470 1677 1784 1733 debeamus.
1817 1673 2028 1746 ,Tribu—

445 1780 590 1834 nalia
619 1776 1056 1844 conscendimus,
1084 1783 1144 1828 ut
1171 1787 1380 1828 morum
1424 1771 1676 1840 gradibus
1717 1768 2029 1825 evehamur.

444 1871 531 1928 Nil
560 1869 684 1933 vile,
716 1870 790 1924 nil
810 1868 1062 1939 cupidum
1087 1866 1294 1936 judices
1321 1865 1495 1920 decet.
1529 1862 1715 1918 Claras
1738 1862 1882 1917 enim
1905 1874 2032 1915 suas
2065 1856 2109 1914 Β

447 1961 689 2017 maculas
712 1958 960 2024 reddunt,
993 1957 1039 2012 si
1068 1957 1142 2012 illi
1164 1957 1230 2011 ad
1259 1972 1394 2027 quos
1422 1955 1578 2009 multi
1617 1952 1914 2024 respiciunt
1941 1951 2032 2005 ali-

443 2067 552 2122 qua
582 2050 1002 2120 reprehensione
1028 2048 1371 2104 sordescunt.
1411 2045 1627 2115 Alioqui
1666 2043 1883 2114 expedit
1919 2056 2032 2096 non

446 2144 647 2210 videri,
704 2157 864 2213 quam
915 2149 1229 2197 cunctorum
1275 2139 1522 2194 irrisione
1566 2136 1782 2206 signari.
1835 2131 2034 2188 Omnes

448 2251 598 2307 ergo,
621 2236 714 2307 qui
735 2235 1062 2307 gremiorum
1087 2233 1212 2308 [ed.,
1235 2228 1600 2305 praemiorum]
1615 2230 1758 2286 celsa
1779 2229 2031 2301 petimus,

449 2328 702 2383 vitiorum
722 2325 942 2381 humilia
964 2325 1294 2382 deseramus.
1318 2324 1400 2379 Sit
1423 2324 1474 2378 in
1498 2323 1654 2378 nobis
1676 2321 1822 2376 frons
1843 2321 2035 2386 libera,

448 2426 510 2472 ut
533 2417 761 2472 aliorum
791 2416 1057 2487 possimus
1085 2413 1374 2470 emendare
1405 2420 1647 2482 peccata.
1684 2410 1888 2480 IEquat
1926 2408 2035 2464 cri-

449 2526 575 2566 men
603 2524 763 2565 omne
791 2524 927 2578 quos
957 2508 1219 2578 inquinat,
1249 2515 1303 2560 et
1332 2504 1453 2561 ideo
1482 2504 1755 2560 dissimilis
1781 2504 1849 2557 ab
1871 2516 2035 2556 accu-

449 2609 572 2654 sato
601 2598 761 2653 debet
793 2612 912 2653 esse
940 2598 1031 2666 qui
1056 2597 1280 2666 judicat.
1313 2596 1437 2651 Haec
1469 2611 1565 2648 nos
1586 2610 1764 2648 annuo
1787 2605 2039 2648 sermone

451 2686 704 2742 convenit
747 2685 914 2755 loqui,
951 2685 1076 2756 quia
1103 2685 1368 2740 bonarum
1399 2697 1578 2736 rerum
1628 2681 1770 2736 nulla
1818 2681 2038 2734 satietas

453 2788 556 2836 est.
588 2777 786 2833 Fateor
810 2776 1121 2831 aviditatem
1164 2775 1413 2831 desiderii
1458 2775 1586 2841 mei,
1635 2772 1794 2841 cupio
1825 2786 1911 2826 me
1939 2786 2038 2826 vo.-

453 2871 660 2930 biscum
682 2871 820 2927 velle
840 2869 1121 2941 praedicari
1138 2876 1184 2922 ⁸.
1211 2868 1500 2924 Veniamus
1517 2881 1656 2921 nunc
1679 2862 1746 2918 ad
1759 2870 2036 2919 consueta:

454 2982 575 3037 qua:
597 2965 720 3023 ideo
749 2965 946 3020 debent
974 2963 1171 3033 suscipi
1207 2970 1379 3032 grata,
1411 2961 1536 3026 quia
1574 2958 1872 3030 probantur
1922 2969 2043 3010 esse

454 3058 736 3115 solemnia.
767 3056 1138 3126 Quapropter,
1169 3053 1312 3123 quod
1343 3053 1570 3108 feliciter
1613 3050 1812 3105 dictum
1859 3047 1952 3113 sit,
1992 3055 2044 3102 te

456 3147 801 3216 officiumque
846 3156 1020 3213 tuum,
1065 3162 1186 3200 cum
1217 3145 1312 3198 Dei
1351 3142 1644 3213 juvamine,
1675 3154 2042 3212 possessorem

457 3239 801 3310 prmcipimus
840 3237 1149 3301 admouere,
1184 3245 1240 3290 ut
1279 3237 1477 3290 tributa
1525 3234 1830 3289 indictionis
1871 3233 2040 3287 tertia.-
2070 3231 2114 3292 C

458 3333 681 3388 decima:
709 3330 878 3403 (Anno
902 3331 1090 3384 Christi
1121 3327 1244 3399 555)
1275 3328 1470 3384 devota
1498 3335 1677 3383 mente
1705 3326 2044 3397 persolvant,

460 3431 746 3492 quatenus,
781 3422 934 3476 trina:
963 3420 1216 3476 illationis
1239 3419 1607 3475 moderamine
1631 3417 1925 3484 custodito,
1949 3415 2044 3471 de-

460 3513 628 3568 bitam
701 3512 1007 3584 reipublicae
1070 3510 1302 3566 inferant
1369 3510 1721 3565 functionem.
1780 3507 2045 3577 Tempora

461 3604 805 3660 cxactionum
850 3611 1050 3658 statuta
1097 3609 1411 3666 serventur;
1445 3601 1520 3654 ita
1552 3608 1752 3659 tamen,
1785 3607 1844 3653 ut
1872 3598 2049 3652 nullus

463 3696 564 3751 sub
612 3697 911 3750 immatura:
965 3693 1349 3764 compulsionis
1392 3691 1582 3760 injuria
1629 3705 1688 3745 se
1735 3689 2050 3756 ingemiscat

464 3795 710 3842 exactum
728 3829 748 3854 ,
773 3801 876 3842 nec
899 3787 1088 3841 iterum
1111 3785 1210 3839 sub
1233 3782 1374 3853 turpi
1396 3783 1686 3838 venalitate
1715 3779 2047 3834 induciarum

465 3879 689 3949 largitas
743 3877 1002 3934 damnosa
1051 3876 1372 3946 prmbeatur.
1428 3874 1623 3928 Dilatio
1671 3873 1812 3928 enim
1865 3871 2050 3926 tributi

463 3968 640 4038 major
671 3969 727 4021 lit
756 3984 917 4023 causa
947 3965 1232 4036 dispendii,
1268 3964 1483 4036 quando
1512 3966 1663 4019 irrite
1709 3963 2054 4035 suspenditur

469 4059 616 4128 quod
666 4059 828 4112 nullis
883 4056 1340 4127 protractionibus
1385 4055 1634 4108 evitatur.
1667 4050 2050 4123 'Expensarum

469 4161 685 4218 quoque
714 4145 922 4201 fidelem
961 4145 1229 4214 notitiam,
1261 4143 1538 4212 quaternis
1588 4144 1860 4198 mensibus
1905 4158 2054 4197 com-

467 4240 790 4312 prehensam
805 4238 850 4302 δ,
869 4237 1255 4294 consuetudine
1277 4236 1562 4302 custodita,
1575 4236 1639 4291 ad
1655 4235 1847 4292 scrinia
1873 4243 2055 4290 nostra

470 4329 702 4400 dirigere
725 4330 1055 4395 maturabis;
1085 4337 1143 4382 ut
1165 4328 1328 4383 totius
1353 4328 1554 4382 erroris
1575 4326 1788 4382 detersa
1807 4325 2054 4394 caligine,

470 4421 670 4494 publici
711 4421 979 4476 ratiocinii
1027 4420 1199 4491 possit
1236 4419 1454 4474 claritas
1500 4433 1779 4490 apparere.
1831 4417 1965 4471 Nam
2012 4417 2056 4470 si

469 4511 631 4567 aliter
658 4511 839 4576 facias,
869 4519 924 4566 te
942 4511 1136 4566 damna
1159 4509 1468 4580 respiciunt,
1496 4525 1616 4588 quae
1636 4524 1730 4578 per
1754 4507 2055 4578 neglectum

472 4610 624 4657 tuum
653 4602 880 4673 publicis
909 4602 1230 4657 utilitatibus
1276 4602 1609 4671 ingeruntur.
1640 4598 1705 4653 Et
1743 4608 1801 4654 ut
1850 4597 2058 4653 facilius
2089 4612 2135 4670 ι)

470 4695 668 4766 possis,
704 4693 816 4748 Deo
859 4693 1171 4756 auxiliante,
1200 4708 1319 4761 qua:
1365 4701 1492 4747 sunt
1536 4699 1736 4746 statuta
1778 4689 2056 4761 perlicere,

470 4792 623 4848 illum
652 4797 814 4857 atque
845 4786 992 4840 illum
1019 4785 1162 4842 sedis
1193 4794 1391 4840 nostrae
1419 4783 1615 4838 milites
1645 4784 1740 4837 tibi
1776 4781 2060 4850 officioque

470 4894 654 4941 vestro
683 4881 1152 4940 consuctudinarie
1181 4879 1515 4950 prtecipimus
1543 4877 1850 4943 imminere,
1872 4883 2060 4944 quate-

471 4992 574 5032 nus
595 4975 863 5031 ordinatio
886 4981 1067 5028 nostra
1091 4971 1486 5042 inculpabiliter
1509 4968 1766 5024 sortiatur
1787 4965 2060 5022 enectum.

474 5070 619 5126 Cave
645 5083 772 5138 ergo
799 5083 866 5123 ne
896 5075 949 5121 te
975 5066 1233 5135 imparem
1257 5064 1452 5119 nostris
1481 5070 1704 5132 przestes
1732 5059 2018 5115 admonitis
2044 5077 2057 5113 :

473 5163 600 5236 quia
631 5163 788 5217 nimis
833 5159 1036 5217 foedum
1068 5168 1151 5214 est
1193 5167 1251 5214 ut
1295 5173 1326 5211 a
1364 5172 1473 5228 quo
1511 5154 1776 5211 laudanda
1827 5153 2062 5223 reposci-

473 5271 614 5325 mus,
641 5255 932 5311 resccanda
965 5253 1142 5325 potius
1163 5251 1541 5324 approbemus.

547 5531 574 5560 ι
605 5519 738 5575 νὶιιρ
794 5519 1044 5582 Plinium,
1096 5518 1148 5572 in
1200 5515 1636 5586 Paucgyr.,pag.
1675 5507 1828 5566 357:
1886 5509 2062 5573 Vota,

475 5604 851 5662 qumsemper,
875 5597 983 5662 etc.
1007 5587 1126 5642 Jun.

550 5664 574 5698 ι)
607 5649 756 5713 ΙΙὶηό
799 5649 1254 5726 quadrimenstrui
1301 5656 1529 5726 breves,
1573 5653 1664 5726 qui
1722 5652 1789 5707 de
1843 5649 2066 5726 singulis

479 5719 832 5801 pensionibus
865 5727 1225 5801 conficiuntur
1263 5741 1293 5780 a
1325 5719 1688 5801 cbartulariis,
1745 5731 1801 5775 et
1841 5721 1908 5801 ad
1948 5719 2068 5775 olli—

475 5791 1052 5880 uium‘palatinum_aut
1073 5793 1391 5880 praefectum
1406 5797 1658 5880 praetorio
1689 5791 2064 5873 transmittun-

481 5885 586 5928 ιω.
612 5860 839 5921 Constat
867 5865 1008 5918 enim
1041 5860 1214 5920 tribus
1245 5860 1590 5936 pensibnibus
1633 5864 1757 5917 anni
1807 5860 2069 5930 cujusque

1653 379 1722 433 Μ.
1769 375 2036 432 AURELII
2079 369 2469 428 CASSIUDORI

3595 368 3692 426 856

2697 476 3024 534 EPISTOLA
3054 478 3140 534 ΠΙ.

2129 589 2396 632 υκινεκειε
2423 586 2694 628 5Α1οΧ1Βυ5
2712 586 2810 641 ⁵ΩΙῙΙ
2862 585 2992 623 ευκτ
3023 584 3398 624 CANCELLARIIS
3418 583 3704 634 DEPUTATI,

2464 658 2706 698 εεκλτοιι
2735 656 3052 696 PR£FECTUS
3081 655 3380 693 PBrETORlO.

2127 737 2399 802 Quomodo
2448 738 2654 807 sajones
2709 733 3032 788 cancellariis
3074 732 3344 807 deputatas
3403 730 3568 800 ofﬁcio
3616 744 3704 784 suo

2551 807 2699 877 fungi
2725 811 2978 875 oporteat,
3019 803 3276 855 admonet.

2195 899 2422 970 Oportet
2450 899 2662 969 quidem
2689 904 2882 952 cuncta
2927 895 3026 949 sub
3075 892 3459 960 tranquillitate
3504 893 3706 960 peragi,

2127 989 2580 1060 quemadmodum
2612 987 2781 1057 possit
2811 987 2967 1041 bonis
2999 985 3238 1040 moribus
3267 984 3576 1038 convenire.
3607 981 3708 1037 Sed

2127 1090 2275 1136 tanta
2307 1082 2461 1134 estin
2491 1079 2801 1148 reipublic-.2
2828 1077 2895 1132 de
2931 1093 3140 1131 mormn
3175 1075 3437 1129 varietate
3484 1073 3707 1128 diversi-

2128 1179 2230 1234 tas,
2277 1179 2336 1224 ut
2382 1185 2542 1224 nemo
2595 1169 2768 1223 valeat
2815 1168 2959 1236 leges
3015 1165 3325 1235 defendere,
3383 1166 3485 1221 nisi
3541 1173 3707 1222 terror

2126 1259 2370 1313 videatur
2397 1259 2571 1326 aliqua
2599 1268 2917 1327 temperare.
2952 1255 3132 1328 Egris
3164 1273 3269 1309 non
3301 1271 3404 1310 una
3435 1271 3598 1310 causa
3629 1272 3709 1311 sa-

2125 1349 2253 1404 lutis
2279 1356 2400 1403 est:
2433 1349 2570 1402 alter
2615 1349 2745 1402 cibis
2788 1345 3042 1411 reficitur,
3091 1346 3226 1400 alter
3254 1361 3348 1414 per
3378 1346 3710 1400 abstinentiae

2128 1439 2386 1494 beneficia
2419 1448 2700 1504 tenuatur;
2732 1439 2821 1493 hic
2871 1438 3082 1492 lavacra
3131 1437 3334 1502 mollia,
3379 1437 3468 1491 ille
3513 1437 3712 1491 ferrum

2130 1531 2322 1600 quzerit
2357 1530 2422 1584 ad
2459 1531 2708 1596 vulnera;
2745 1537 2799 1585 et
2828 1530 3031 1583 varium
3075 1529 3250 1598 poscit
3296 1529 3593 1583 remedium
3642 1528 3712 1584 di-

2133 1639 2286 1680 versa
2336 1623 2564 1692 qualitas
2594 1623 2940 1692 passionum:
2975 1622 3052 1678 sic
3097 1623 3186 1692 qui
3231 1623 3441 1692 populis
3483 1637 3719 1692 prmesse

2133 1717 2493 1785 cognoscitur,
2543 1731 2650 1770 non
2679 1730 2787 1770 uno
2814 1715 3037 1769 consilio
3066 1715 3318 1784 pneditus
3347 1715 3490 1786 [ms.,
3523 1715 3717 1784 pandi-

2133 1809 2307 1881 turus]
2330 1809 2618 1864 invenitur.
2647 1807 2874 1862 Feroces
2901 1806 3235 1860 districtione
3264 1805 3541 1875 premendi
3569 1814 3715 1872 sunt,

2135 1900 2399 1955 mansueti
2423 1900 2652 1953 civiliter
2672 1897 3027 1960 admonendi;
3052 1895 3225 1951 dolosi
3246 1905 3423 1960 caute,
3446 1896 3719 1965 simplices

2135 1995 2234 2050 sub
2260 1994 2482 2048 lenitate
2509 1990 2771 2046 tractandi
2798 1998 2941 2046 sunt.
2974 1988 3042 2042 Et
3080 1989 3201 2043 ideo
3232 1989 3426 2058 ubique
3459 1988 3720 2057 probatur

2135 2103 2254 2144 esse
2283 2085 2587 2142 necessaria
2635 2083 2942 2154 prudentia,
2983 2082 3235 2151 quoniam
3274 2081 3437 2136 rebus
3467 2082 3721 2137 omnibus

2135 2179 2394 2234 adhibere
2433 2177 2648 2231 videtur
2691 2173 3059 2229 accommoda.
3087 2171 3431 2242 QuaprOptcr
3471 2171 3738 2227 devotio--

2137 2285 2260 2324 nem
2290 2276 2432 2322 tuam
2480 2265 2686 2320 solatiis
2739 2263 2880 2317 illius
2927 2262 3028 2315 viri
3077 2261 3358 2316 clarissimi
3409 2261 3722 2316 caucellarii

2140 2360 2308 2415 nostri
2347 2357 2577 2412 solemni
2623 2371 2776 2410 more
2815 2355 3165 2424 deputamus;
3203 2361 3257 2407 ut
3288 2361 3477 2407 contra
3521 2353 3724 2406 nullum

2138 2449 2299 2504 alium
2328 2447 2573 2518 erigaris,
2605 2447 2702 2500 nisi
2725 2445 2815 2516 qui
2843 2444 3049 2512 legibus
3070 2458 3260 2512 parere
3287 2442 3618 2512 despexerit.
3645 2441 3721 2496 Ad

2140 2543 2315 2598 forum
2351 2540 2504 2595 trahe
2533 2539 2623 2610 qui
2650 2539 2794 2607 justa
2825 2552 2933 2591 non
2973 2536 3199 2608 recipit;
3242 2534 3340 2590 sub
3390 2535 3730 2590 continentia

2139 2636 2394 2698 irascere,
2425 2633 2524 2688 sub
2552 2631 2864 2686 maturitate
2887 2629 3167 2696 distringe.
3191 2626 3389 2681 Timeri
3417 2635 3472 2681 te
3499 2626 3735 2696 amplius

2141 2727 2387 2783 volumus
2412 2739 2573 2796 quam
2603 2721 2839 2793 probari,
2865 2721 2989 2791 quia
3020 2720 3254 2774 maxime
3275 2717 3406 2773 illud
3431 2718 3611 2787 vigori
3644 2726 3736 2772 tuo

2140 2819 2497 2890 reputabitur,
2523 2815 2566 2870 si
2597 2815 2794 2870 nullius
2822 2810 3242 2881 praesumptione
3269 2816 3546 2878 peccetur.
3575 2807 3739 2876 Cogi-

2143 2921 2286 2968 tetur
2327 2925 2436 2982 prte
2465 2908 2715 2966 omnibus
2757 2904 2998 2976 pecuniae
3023 2901 3251 2972 publicae
3294 2898 3465 2954 fidelis
3495 2898 3734 2954 exactio.

2144 3004 2226 3060 Sit
2252 3013 2398 3058 tuum
2451 2998 2792 3056 commodum
2835 3004 3178 3062 contemptus
3219 2991 3446 3046 alienus.
3498 2989 3739 3045 Coactus

2145 3099 2324 3161 faciat,
2357 3097 2448 3167 qui
2472 3095 2615 3164 justa
2661 3099 2859 3161 sponte
2896 3087 3167 3158 complere
3195 3084 3512 3154 neglexerit.
3545 3083 3743 3138 Causis

2150 3199 2354 3244 tantum
2388 3196 2444 3242 te
2469 3184 2731 3254 delegatis
2765 3181 3035 3252 impende.
3067 3178 3124 3234 Si
3154 3187 3421 3249 pmcepta
3467 3175 3739 3244 sequeris,

2150 3278 2304 3333 devia
2336 3292 2442 3331 non
2471 3273 2720 3343 requiris.
2759 3271 2921 3325 Caret
2944 3269 3125 3338 culpa,
3167 3267 3260 3336 qui
3305 3267 3572 3335 imperata
3621 3279 3748 3334 per-

2150 3369 2353 3425 fecerit.
2387 3366 2444 3420 ln
2473 3371 2795 3420 exsecutore
2817 3359 2946 3415 illud
2977 3367 3060 3415 est
3103 3357 3417 3427 pessimum,
3456 3354 3502 3409 si
3540 3352 3748 3421 judicis

2156 3465 2313 3534 190
2341 3460 2609 3528 relinquat
2652 3454 2953 3510 arbitrium.
2999 3451 3116 3505 Non
3157 3448 3280 3504 inde
3316 3445 3568 3515 jacteris,
3601 3442 3752 3515 quod

2150 3555 2246 3609 tibi
2287 3569 2395 3608 non
2438 3557 2620 3621 potest
2661 3545 2907 3602 obviari:
2956 3556 3060 3596 nec
3107 3553 3381 3595 assumere
3425 3536 3751 3606 superbiam

2150 3644 2303 3706 velis,
2352 3641 2478 3711 quia
2527 3648 2581 3693 te
2621 3636 2912 3691 multorum
2940 3631 3217 3686 humilitas
3242 3627 3606 3699 pertimescit.
3640 3624 3755 3680 Viri

2153 3733 2319 3790 fortes
2346 3747 2559 3802 semper
2589 3731 2641 3785 in
2666 3743 2800 3799 pace
2843 3724 3072 3781 modesti
3099 3731 3254 3787 sunt,
3283 3728 3336 3776 et
3358 3720 3635 3789 justitiam
3665 3719 3753 3773 ni-

2152 3826 2253 3878 mis
2299 3823 2557 3891 diligunt,
2611 3819 2704 3889 qui
2755 3815 3068 3885 frequenter
3108 3811 3291 3882 prazlia
3350 3813 3758 3864 tractaverunt.

2153 3913 2324 3981 Quam
2355 3921 2564 3981 gratum
2587 3919 2688 3970 est,
2718 3908 2763 3965 si
2796 3908 2938 3962 inter
2964 3912 3216 3974 parentes
3242 3915 3513 3963 reversus,
3544 3913 3757 3968 quere-

2155 4007 2324 4060 larum
2355 4019 2464 4058 non
2504 4010 2750 4072 reportes
2779 3997 3149 4069 opprobrium,
3202 3993 3297 4048 sed
3346 3993 3420 4047 ita
3453 4002 3507 4046 te
3546 4005 3764 4060 cogno-

2154 4107 2309 4150 scant
2360 4093 2556 4163 egisse,
2599 4088 3052 4160 quemadmodum
3103 4083 3385 4152 diligentes
3447 4081 3766 4151 probantur

2156 4183 2372 4255 Optare!
2418 4183 2527 4238 Nos
2565 4181 2726 4236 etiam
2765 4184 3040 4247 gratanter
3080 4174 3378 4243 excipimus
3423 4185 3554 4226 cum
3598 4169 3768 4224 laude

2155 4275 2460 4330 venientem
2479 4313 2494 4335 ,
2518 4281 2573 4328 et
2600 4271 2712 4326 otio
2732 4283 2926 4324 vacare
2955 4283 3065 4321 non
3091 4266 3335 4328 sinimus,
3363 4277 3528 4331 quem
3557 4264 3766 4331 proba-

2156 4366 2336 4423 biliter
2361 4365 2534 4435 egisse
2579 4362 2859 4418 sentimus.
2886 4358 2978 4413 llis
3019 4358 3181 4413 etiam
3211 4366 3266 4411 et
3290 4370 3472 4409 rerum
3502 4354 3774 4408 dominus

2158 4457 2364 4528 majora
2394 4454 2582 4519 credit,
2612 4467 2750 4522 quos
2779 4453 2921 4506 bona
2959 4446 3291 4504 conscientia
3337 4444 3614 4499 utilitates
3645 4457 3777 4496 suas

2161 4551 2335 4619 egisse
2363 4547 2693 4618 probaverit.
2739 4543 2950 4611 Quanta
2986 4549 3112 4596 sunt
3139 4555 3258 4608 qua:
3302 4546 3532 4608 possunt
3573 4537 3780 4592 tollere

2163 4638 2460 4712 sapientes!
2497 4638 2664 4692 Nemo
2689 4635 2920 4706 amplius
2948 4632 3178 4702 acquirit
3206 4645 3368 4699 quam
3395 4629 3488 4697 qui
3529 4643 3602 4684 se
3631 4629 3784 4684 bona

2167 4731 2576 4788 conversatione
2606 4726 2938 4782 tractaverit.

2742 4813 3076 4871 EPISTOLA
3104 4812 3189 4867 Ν.

2275 4927 2626 4972 CANONICARIO
2655 4923 2998 4965 VBNETIARUI
3036 4918 3274 4959 SENATOR
3305 4915 3656 4958 ναίει-τετοῦ

2811 4992 3110 5034 ΡΒᾹΞΤΟΒΙΟ.

2167 5079 2321 5135 lubet
2350 5085 2405 5130 ut
2433 5076 2596 5145 pisces
2619 5073 2914 5145 exquisitos
2944 5078 2994 5122 et
3014 5069 3186 5121 riuum
3226 5066 3602 5145 acinaticium,
3647 5063 3795 5136 quod

2347 5135 2578 5216 pluribus
2609 5135 2876 5203 laudatur,
2905 5154 3095 5192 mensa:
3129 5139 3265 5208 regis
3293 5135 3593 5205 provideat.

2240 5240 2439 5296 Mensa:
2489 5236 2682 5305 regalis
2731 5239 3020 5303 apparatus
3049 5229 3365 5292 ditissimus,
3417 5241 3529 5280 non
3578 5241 3801 5296 parvus

2169 5504 2490 5561 indictiones
2521 5499 2678 5566 solvi,
2708 5499 2800 5552 lib.
2836 5496 2956 5560 ult.,
2983 5493 3044 5550 C.
3064 5491 3159 5566 iDe
3180 5508 3376 5566 annon.
3409 5497 3475 5566 et_
3495 5487 3672 5566 trib_.;
3699 5488 3807 5544 lib.

2170 5559 2246 5631 svi
2283 5582 2338 5628 et
2377 5589 2463 5627 xvi
2508 5570 2570 5625 C.
2603 5559 2834 5632 Tlieod.,
2865 5559 2986 5620 eod.
3036 5565 3144 5626 tit.;
3184 5571 3240 5617 et
3269 5561 3392 5614 inde
3433 5559 3813 5632 singularum

2170 5628 2716 5716 pensionumbrevcs
2753 5628 3375 5716 qdadrirnepstruisunt,
3408 5638 3464 5684 ut
3500 5628 3631 5707 μορ
3673 5630 3818 5686 loco

2172 5700 2355 5771 videre
2385 5722 2490 5770 est.
2506 5711 2629 5768 llaec
2653 5700 2829 5764 autem
2849 5704 3085 5760 auctoris
3108 5702 3271 5762 verba
3297 5700 3819 5771 Accursinsusur-

2175 5766 2538 5857 pavitriittﬂlib.
2563 5798 2601 5857 ι,
2628 5779 2687 5835 C.
2717 5776 3031 5857 penapochia
3053 5774 3304 5846 publicis;
3333 5777 3388 5826 et
3415 5766 3820 5839 Majurianus,

2177 5847 2388 5914 novella
2417 5855 2485 5910 de
2508 5853 2621 5908 ind.
2657 5849 2755 5906 rel.
2789 5847 2977 5903 Bnoss.
