3990 6170
170 178 378 247 θέεν

1536 173 1905 237 γΑιιιΑῐιυΜ
1945 176 2143 233 LIBER
2181 178 2292 233 XII.
2339 205 2345 209 -

3439 176 3543 233 858

272 305 581 377 reipublica:
614 306 879 375 probatur
923 314 1147 365 ornatus
1166 346 1185 370 ,
1234 304 1362 375 quia
1418 310 1571 358 tanta
1609 297 1859 355 dominus
1891 294 1938 355 A
1963 293 2157 351 decora
2187 304 2291 362 est,
2321 304 2376 350 et
2404 310 2596 351 serena
2625 293 2863 365 paritas;
2895 301 2954 348 ut
2995 292 3124 348 illud
3149 291 3219 349 de
3253 293 3411 357 rosis,
3438 292 3546 350 hoc

273 399 549 470 possidere
578 399 834 465 creditur,
857 400 1074 468 quantis
1095 398 1426 453 novitatibus
1454 394 1719 465 epulatur.
1754 389 1864 445 Pri-

272 493 384 547 vati
427 500 510 546 est
551 491 751 546 habere
801 492 944 561 quod
987 491 1136 546 locus
1167 491 1440 553 continet;
1484 487 1539 541 in
1579 482 1860 557 principali

273 583 519 639 convivio
550 583 654 638 hoc
682 583 927 653 profecto
957 582 1111 637 decet
1139 581 1366 652 exquiri,
1398 579 1539 650 quod
1570 577 1739 631 visum
1764 574 1861 629 de-

276 674 401 729 beat
423 674 697 729 admirari.
740 673 983 730 Destinet
1009 689 1225 744 carpam
1274 671 1565 735 Danubius,
1609 685 1637 723 a
1670 668 1862 721 Rheno

274 766 458 821 veniat
484 765 816 836 anchorago,
848 766 1179 819 exormiston
1207 763 1386 818 Sicula
1428 760 1755 831 quibuslibet
1785 757 1865 810 la-

274 859 496 914 boribus
540 856 831 924 offeratur,
887 857 1194 912 Brutiorum
1249 871 1401 911 mare
1441 853 1630 908 dulces
1686 851 1868 908 mittat

274 950 542 1018 acernias,
566 949 749 1020 sapori
778 949 955 1020 pisces
977 948 1047 1004 de
1074 947 1300 1004 diversis
1330 946 1523 1001 linibus
1551 943 1862 998 all‘erantur.

275 1040 367 1097 Sic
392 1040 554 1098 decet
594 1055 777 1111 regem
822 1054 1066 1111 pascere,
1098 1046 1158 1095 ut
1185 1053 1217 1094 a
1260 1037 1449 1109 legatis
1474 1035 1714 1106 gentium
1744 1048 1866 1089 cre-

276 1133 438 1189 datur
479 1149 616 1204 pene
663 1133 846 1189 omnia
888 1131 1188 1203 possidere.
1238 1129 1306 1184 Et
1351 1129 1474 1184 ideo
1503 1124 1864 1197 procuranda

275 1234 404 1282 sunt
432 1228 575 1290 vina,
604 1242 725 1296 qua:
748 1226 1091 1296 singulariter
1121 1223 1344 1279 fecunda
1391 1223 1559 1277 nutrit
1595 1220 1765 1283 Italia,
1801 1234 1869 1274 ne

276 1318 368 1388 qui
417 1327 644 1374 externa
692 1316 950 1373 debemus
998 1324 1277 1387 appetere,
1328 1314 1606 1369 videamur
1651 1310 1868 1380 prepria

278 1425 385 1464 non
435 1410 735 1479 quarsiisse.
768 1408 993 1465 Comitis
1023 1410 1205 1479 itaque
1251 1405 1559 1477 patrimonii
1608 1403 1870 1459 relatione

277 1501 613 1556 declaratum
645 1509 749 1565 est,
772 1500 1137 1564 acinaticium,
1158 1500 1244 1555 cui
1266 1513 1463 1554 nomen
1493 1512 1558 1551 ex
1585 1496 1741 1551 acino
1764 1501 1866 1557 est,

279 1592 529 1647 euthecis
574 1591 763 1647 aulicis
806 1590 969 1648 fuisse
1025 1597 1324 1645 tenuatum.
1375 1587 1442 1643 Et
1490 1586 1616 1656 quia
1664 1591 1871 1642 cunctae

279 1682 571 1752 dignitates
598 1683 736 1756 [Ac.,
765 1680 1033 1752 civitates]
1057 1682 1287 1737 invicem
1315 1679 1416 1735 sibi
1459 1678 1659 1733 debent
1686 1690 1874 1731 neces-

280 1774 423 1829 saria
452 1773 785 1842 ministrare,
822 1787 943 1843 quze
966 1773 1262 1843 probantur
1290 1771 1358 1826 ad
1403 1785 1583 1825 rerum
1625 1768 1876 1823 dominos

281 1865 580 1935 pertinere,
617 1864 685 1920 ad
713 1879 1054 1935 possessores
1082 1864 1444 1930 Veronenses,
1492 1862 1582 1917 ubi
1631 1860 1749 1931 ejus
1796 1859 1876 1915 rei

283 1971 415 2015 cura
445 1956 715 2026 prmcipua
735 1963 840 2023 est,
863 1971 960 2011 vos
977 1955 1230 2025 jubemus
1259 1954 1518 2010 accedere
1544 1969 1559 2019 ;
1587 1959 1875 2021 quatenus,

283 2054 515 2116 accepto
561 2049 740 2117 pretio
788 2046 1139 2118 competenti,
1190 2046 1368 2101 nullus
1407 2045 1591 2100 tardet
1644 2042 1880 2097 vendere

284 2140 432 2209 quod
473 2139 756 2209 principali
803 2139 987 2208 gratiae
1016 2137 1239 2193 deberet
1279 2135 1495 2191 oll'erre.
1522 2134 1690 2204 Digna
1721 2133 1883 2203 plane

287 2231 525 2301 species,
551 2230 619 2286 de
646 2246 753 2301 qua
782 2245 841 2285 se
865 2229 1035 2301 jactet
1073 2228 1246 2284 Italia.
1280 2227 1415 2282 Nam
1445 2228 1574 2282 licet
1604 2218 1911 2295 ingeniosa

286 2320 501 2378 ϐπ·ωεὶει
530 2320 821 2376 multifaria
848 2335 908 2377 se
944 2319 1235 2390 diligentia:
1277 2317 1579 2374 subtilitate
1607 2329 1885 2372 commen-

287 2415 399 2479 det,
429 2421 489 2468 et
509 2413 633 2469 vina
660 2428 756 2468 sua
782 2419 876 2468 aut
909 2412 1167 2468 odoribus
1194 2410 1411 2467 condiat
1449 2418 1497 2475 ι,
1528 2415 1623 2463 aut
1660 2407 1885 2463 marinis

287 2504 744 2575 permixtionibus
766 2504 1078 2574 insaporet:
1107 2502 1208 2557 sub
1241 2508 1390 2555 tanta
1434 2507 1616 2553 tamen
1647 2496 1890 2567 exquisi-

293 2599 443 2652 tione
472 2597 743 2666 reperitur
771 2595 947 2651 simile
975 2594 1049 2649 nil
1077 2594 1299 2649 habere.
1341 2592 1456 2647 Hoc
1482 2597 1565 2647 est
1594 2591 1738 2646 enim
1756 2604 1887 2645 .me-

294 2704 416 2743 rum
460 2696 517 2741 et
567 2687 752 2743 colore
799 2687 1039 2757 regium,
1096 2692 1151 2740 et
1192 2699 1388 2754 sapore
1431 2682 1785 2753 praecipuum,
1829 2686 1889 2733 ut

291 2780 527 2836 blattam
554 2788 650 2833 aut
692 2777 859 2848 ipsius
905 2784 1061 2848 putes
1087 2774 1325 2830 fontibus
1354 2773 1503 2842 tingi,
1530 2780 1625 2827 aut
1650 2772 1891 2840 liquores

294 2872 417 2941 ejus
453 2887 483 2924 a
535 2885 773 2941 purpura
823 2870 1113 2926 credantur
1172 2867 1432 2937 expressi.
1490 2865 1728 2920 Dulcedo
1779 2863 1889 2919 illic

294 2961 558 3018 hieﬂ'abili
585 2961 852 3017 suavitate
879 2960 1110 3014 sentitur
1135 2976 1149 3011 :
1173 2958 1355 3027 stipsis
1384 2955 1567 3011 nescio
1585 2969 1691 3024 qua
1722 2953 1890 3008 ﬁrmi-

1965 386 2215 442 credatur
2239 396 2420 441 natum
2450 401 2570 442 esse
2592 385 2658 441 de
2688 386 2827 440 liliis.
2861 384 3057 441 Colore
3103 385 3319 456 quidem
3360 393 3547 440 extra-

1964 494 2145 544 neum,
2178 478 2269 534 sed
2300 494 2497 549 sapore
2526 491 2842 545 germanum
2889 487 2970 533 est
3005 495 3018 530 :
3060 486 3308 547 aspectus
3344 476 3545 547 dispar,

1965 578 2021 627 et
2048 572 2238 628 similis
2261 573 2310 625 in
2337 581 2567 639 utroque
2588 571 2847 626 suavitas.
2878 570 3013 625 Nam
3041 570 3184 638 quod
3208 578 3365 624 acute
3383 570 3548 640 sapit,

1966 665 2109 733 quod
2165 665 2273 719 cito
2325 663 2517 728 reﬁcit,
2567 679 2854 718 commune
2900 664 3002 717 illis
3042 662 3402 730 intelligitur:
3451 662 3557 718 sed

1966 772 2158 827 magna
2188 759 2537 814 estdistantia
2571 773 2690 827 quae
2731 759 2959 813 videtur.
2994 756 3137 812 Istud
3190 757 3413 811 intueris
3460 773 3557 810 ru-

1966 849 2097 903 bore
2119 849 2318 911 laetum,
2352 847 2479 903 illud
2503 849 2772 918 conspicis
2793 849 3028 902 candore
3051 847 3315 901 festivum.
3342 846 3409 900 Et
3429 846 3552 901 ideo

1967 942 2277 1009 procuratio
2319 955 2506 994 eorum
2539 939 2706 995 debet
2743 954 2863 994 esse
2902 938 3204 1003 celerrima,
3235 937 3450 1006 quando
3498 936 3554 991 in

1968 1035 2229 1090 ambobus
2257 1048 2378 1090 esse
2403 1033 2750 1103 cognoscitur
2790 1032 2937 1103 quod
2980 1031 3183 1102 pariter
3209 1036 3559 1101 exspectatur

1969 1123 2097 1197 [ed.,
2125 1122 2449 1195 expetatur].

2541 1256 2876 1313 EPISTULA
2915 1255 2980 1311 V.

1973 1388 2269 1427 nummo
2318 1369 2557 1443 [ms.A.,
2605 1366 2858 1439 vaesano]
2899 1383 3022 1424 νικο
3066 1382 3273 1422 susum
3318 1379 3559 1422 summa

2438 1476 2689 1517 PRJEPECT
2698 1476 2757 1514 US
2794 1473 3095 1513 PRAETOR“).

1979 1568 2258 1649 Significat
2286 1576 2652 1649 regempretia
2676 1588 2844 1649 rerum
2864 1572 2919 1649 in
2949 1569 3204 1649 Laconia,
3238 1567 3567 1649 Brutiorum-

2086 1636 2147 1702 ue
2166 1650 2306 1718 agris
2336 1636 2397 1701 5b
2419 1636 2626 1718 illatam,
2662 1642 2728 1696 ab
2748 1643 2973 1718 exercitu
3002 1641 3255 1718 injuriant
3293 1636 3560 1718 minuisse.

2086 1667 2147 1702 ue
2166 1667 2306 1718 agris
2336 1667 2397 1701 ου
2419 1667 2621 1700 titulum
2662 1667 2728 1696 αυ
2748 1667 2973 1695 emeram
3002 1667 3249 1712 mlunum
3294 1667 3560 1691 uuuuwoc.

2050 1667 2178 1772 λιιι
2196 1718 2341 1785 jubet
2370 1726 2424 1770 ut
2453 1715 2628 1785 populi
2666 1730 2698 1767 a
2730 1711 3014 1785 iudicibus,
3048 1728 3079 1763 a
3118 1707 3328 1785 ducibus
3373 1707 3564 1785 milites

2051 1735 2178 1772 lum
2227 1735 2340 1771 uoet
2370 1735 2424 1770 ιιι
2453 1735 2628 1785 popuu
2666 1735 2698 1767 a
2730 1735 3014 1784 Juazcwus,
3048 1735 3079 1763 ιι
3118 1735 3328 1763 αιιιῑιυαδ
3374 1735 3564 1761 utrtuca

2047 1790 2102 1843 in
2124 1735 2293 1858 ofﬁjcio
2322 1787 2701 1858 contineantur.
2732 1782 3129 1858 Deniquevetat
3155 1780 3424 1858 quominus
3454 1775 3564 1857 ulla

2051 1846 2257 1942 donius,
2288 1874 2352 1913 nc
2380 1874 2475 1911 sua
2502 1854 2727 1927 quidem,
2754 1861 2846 1907 aut
2873 1846 3038 1924 regia,
3069 1849 3134 1904 ab
3156 1846 3359 1904 alendis
3399 1846 3567 1917 copiis

2047 1938 2325 1986 eximatur.

2051 2040 2390 2099 Generaliter
2408 2038 2625 2108 quidem
2643 2036 3030 2107 amplissimum
3052 2032 3386 2103 cognitorem
3410 2030 3569 2086 decet

1980 2132 2240 2188 beneﬁcia
2272 2131 2500 2186 dilatare
2536 2146 2549 2182 :
2599 2126 2856 2199 quoniam
2902 2124 2993 2196 qui
3040 2123 3290 2179 omnibus
3337 2133 3571 2191 pmesse

1982 2222 2347 2294 cognoscitur,
2379 2221 2589 2277 cunctis
2618 2216 2931 2288 impendere
2979 2214 3262 2287 profutura
3290 2220 3567 2268 censetur.

1983 2317 2091 2374 Sed
2118 2313 2452 2386 gratiﬁcaute
2479 2319 2670 2366 natura
2717 2309 2825 2364 illis
2869 2307 3101 2378 amplius
3150 2304 3431 2370 debemus,
3474 2300 3569 2372 qui

1984 2408 2142 2465 nobis
2171 2406 2349 2475 aliqua
2378 2396 2723 2474 proximitate
2761 2400 3090 2469 junguntur;
3130 2395 3257 2451 dum
3296 2392 3567 2463 quoddam

1985 2513 2155 2570 genus
2180 2496 2313 2553 recti
2357 2493 2604 2550 videatur
2647 2505 2780 2548 esse.
2807 2488 3092 2560 propositi,
3142 2488 3212 2542 ab
3261 2483 3573 2555 aequalitate

1985 2589 2206 2648 discedi.
2237 2587 2372 2642 Nam
2394 2583 2714 2640 modestiam
2743 2581 2964 2650 collegis
2992 2575 3369 2649 impendimus,
3415 2586 3575 2629 reven

1987 2681 2220 2738 rentiam
2240 2676 2487 2749 patribus
2509 2673 2826 2729 exhibemus
2855 2690 2869 2725 :
2896 2669 3105 2725 civibus
3133 2666 3393 2722 debemus
3420 2676 3575 2719 com-

1989 2786 2208 2829 munem
2245 2768 2494 2839 gratiam,
2527 2764 2625 2821 sed
2662 2764 2913 2820 affectum
2957 2759 3083 2816 ﬁliis
3129 2757 3491 2828 singularem;
3515 2766 3571 2814 et

1990 2872 2140 2919 tanta
2169 2856 2737 2918 necessitudinumvvis
2776 2862 2877 2920 est,
2916 2861 2980 2907 ut
3014 2850 3197 2907 nullus
3242 2863 3302 2905 se
3327 2854 3578 2902 contem.

1993 2965 2143 3027 ptum
2170 2952 2446 3023 dijudicet,
2487 2950 2533 3004 si
2578 2948 2682 3004 sibi
2728 2947 2902 3002 aliena
2944 2945 3171 3015 pignora
3198 2940 3420 3012 praelata
3457 2951 3580 2993 esse

294 3060 412 3107 tate
453 3051 762 3117 roboratur,
806 3056 977 3103 tactus
1005 3048 1124 3117 ejus
1169 3004 1434 3101 densitate
1474 3004 1795 3116 pingjuescit,
1826 3050 1886 3097 ut
1916 3004 1964 3069 ϐ
1994 3004 2293 3117 Zogmsét.
2324 3041 2390 3096 Et
2417 3041 2541 3097 ideo
2570 3054 2680 3094 non
2708 3045 2793 3093 est
2830 3004 3033 3105 aliquid
3077 3031 3353 3101 injustum,
3388 3027 3459 3083 de
3484 3041 3589 3101 pa—.

295 3143 454 3200 dicas
483 3156 601 3198 esse
630 3147 724 3195 aut
745 3155 999 3196 carneum
1029 3139 1315 3208 liquorem,
1361 3144 1453 3191 aut
1490 3135 1742 3191 edihilem
1791 3149 1892 3203 po-

298 3236 531 3288 tionem.
562 3230 715 3286 Libet
743 3231 944 3286 referre
968 3244 1129 3300 quam
1163 3227 1448 3298 singularis
1477 3240 1598 3282 esse
1644 3227 1893 3281 videatur

297 3324 425 3392 ejus
453 3322 728 3378 collectio.
771 3322 1043 3376 Autumno
1068 3319 1207 3374 lecta
1232 3317 1301 3374 de
1347 3316 1518 3372 vineis
1561 3316 1616 3371 in
1659 3317 1897 3386 pergulis

299 3413 629 3469 domesticis
667 3427 769 3467 uva
824 3410 1075 3481 resupina
1121 3407 1501 3480 suspenditur,
1542 3415 1791 3464 servatur
1841 3408 1896 3463 in

298 3507 453 3561 vasis
493 3504 628 3574 suis,
670 3503 843 3560 thecis
889 3502 1225 3559 naturalibus
1272 3502 1589 3558 custoditur.
1640 3502 1898 3572 Bigescit,

311 3615 427 3654 non
461 3597 705 3666 liquescit
745 3611 813 3652 ex
856 3597 1050 3653 senio:
1082 3604 1208 3651 tunc
1231 3595 1407 3651 fatuos
1441 3596 1695 3652 humores
1741 3612 1904 3652 exsu.

303 3686 469 3752 dans,
499 3698 692 3750 magna
736 3684 1001 3739 suavitate
1039 3683 1318 3740 dulcescit.
1347 3683 1601 3738 Trahitur
1646 3685 1712 3738 ad
1752 3700 1904 3740 men-

305 3795 427 3834 sem
462 3775 834 3841 Decembrem,
864 3775 1039 3830 donec
1080 3773 1281 3830 ﬂuxum
1324 3775 1446 3843 ejus
1473 3776 1666 3832 hiemis
1695 3785 1907 3846 tempus

313 3868 568 3937 aperiat;
598 3866 845 3935 miroque
874 3865 1035 3922 modo
1061 3866 1251 3937 incipit
1278 3881 1399 3922 esse
1440 3882 1660 3933 novum,
1692 3867 1908 3938 quando

314 3958 475 4015 cellis
501 3957 752 4012 omnibus
772 3957 1042 4027 reperitur
1059 3957 1355 4028 antiquum.
1385 3955 1630 4014 Iliemale
1650 3968 1906 4027 mustum,

315 4064 550 4106 uvarum
579 4049 803 4119 frigidus
828 4050 1067 4118 sanguis,
1098 4049 1151 4104 in
1177 4051 1356 4120 rigore
1393 4050 1681 4118 vindemia,
1712 4067 1912 4108 cruen-

314 4151 410 4199 tus
434 4144 633 4213 liquor,
664 4159 901 4214 purpura
932 4143 1202 4213 potabilis,
1224 4144 1460 4200 violeum
1487 4152 1674 4201 nectar
1699 4163 1712 4199 :
1744 4145 1915 4202 defer-

317 4245 415 4291 vet
441 4236 675 4306 primum
716 4234 770 4289 in
808 4234 1020 4303 origine
1055 4249 1184 4300 sua;
1232 4242 1290 4290 et
1331 4250 1454 4291 cum
1502 4235 1743 4305 potuerit
1786 4235 1915 4291 ado-

1996 3142 2098 3196 tria
2126 3139 2247 3210 plus
2263 3148 2385 3193 esse
2404 3132 2715 3194 sollicitum,
2742 3143 2809 3184 eo
2830 3125 3128 3199 przesertim
3161 3130 3427 3192 tempore,
3456 3131 3581 3173 cum

1997 3232 2115 3303 ejus
2129 3208 2422 3285 videamur
2445 3222 2700 3295 periculis
2725 3218 3033 3276 subvenire.
3066 3213 3195 3271 Plus
3218 3213 3363 3269 enim
3388 3225 3485 3265 eos
3503 3208 3588 3263 di-

1968 3301 2169 3395 ligere
2194 3320 2482 3383 credimur,
2527 3329 2665 3385 quos
2711 3312 2926 3382 eripere
2963 3308 3303 3395 festinamus.
3351 3301 3593 3358 Veniens

2001 3394 2186 3486 itaque
2242 3424 2564 3469 numerosus
2608 3404 2906 3468 exercitus,
2956 3400 3048 3472 qui
3100 3398 3169 3453 ad
3214 3394 3586 3451 defensionem

2011 3484 2163 3581 191
2192 3502 2501 3575 reipublicae
2532 3499 2774 3555 noscitur
2812 3494 3135 3559 destinatus,
3171 3487 3421 3543 Lucania:
3458 3484 3595 3538 Bru-

2007 3574 2313 3664 tio'rumqne
2364 3591 2562 3648 dicitur
2602 3588 2747 3645 culta
2791 3592 3057 3648 vastasse,
3098 3589 3156 3637 et
3208 3574 3595 3664 abundantiam

2006 3661 2287 3758 regionum
2313 3680 2494 3739 studio
2519 3686 2770 3733 tenuasse
2816 3673 3149 3744 rapinarum.
3182 3666 3289 3723 Sed
3337 3661 3596 3758 quoniam

2006 3754 2199 3837 et‘illis
2223 3780 2357 3832 dare
2377 3777 2433 3828 et
2458 3770 2574 3826 istis
2624 3778 2842 3824 sumere
2888 3776 2990 3835 pro
3038 3758 3297 3830 temporis
3337 3754 3598 3827 qualitate

2011 3882 2234 3927 necesse
2262 3872 2369 3933 est,
2397 3861 2570 3933 pretia
2596 3873 2717 3929 quae
2743 3856 2998 3926 antiquus
3039 3850 3174 3907 ordo
3215 3844 3497 3903 constituit
3530 3856 3601 3898 ex

2007 3962 2252 4033 jussione
2304 3968 2491 4015 rerum
2543 3950 2744 4007 domini
2787 3943 3100 4017 cognoscite
3154 3945 3451 4008 temperata
3476 3972 3492 3999 ,
3543 3940 3605 3989 ut

2014 4032 2189 4110 multo
2217 4048 2420 4105 arctius
2448 4059 2609 4117 quam
2630 4040 2867 4099 vendere
2910 4032 3168 4094 solebatis
3196 4032 3250 4087 in
3281 4043 3458 4084 assem
3504 4041 3604 4096 pu«

2014 4146 2215 4204 blicum
2245 4138 2470 4211 praebita
2489 4135 2725 4191 debeant
2751 4127 3040 4200 imputari;
3070 4130 3337 4193 quatenus
3363 4133 3468 4211 nec
3489 4130 3608 4187 pos~

2016 4248 2198 4292 sessor
2235 4207 2537 4298 dispendia,
2580 4238 2681 4278 nec
2701 4218 2974 4276 exercitus
3020 4215 3273 4269 laborans
3339 4207 3608 4263 sustinere

314 4294 552 4393 Ieseere,
598 4294 922 4395 perpetuam
965 4294 1400 4395 incipit'habere
1440 4294 1759 4382 novitatem.
1796 4326 1914 4382 Non
1942 4388 1984 4397 _
2018 4324 2192 4397 possit
2234 4294 2494 4389 inopiam.
2524 4312 2704 4369 Nolite
2729 4310 2889 4378 igitur
2910 4318 3030 4397 esse
3075 4299 3313 4358 solliciti.
3351 4294 3611 4397 Evasistis

316 4386 565 4473 calcibus
593 4386 852 4484 inju'riose
883 4386 1146 4482 tunditur,
1190 4428 1292 4469 nec
1320 4414 1499 4485 aliqua
1539 4415 1780 4471 sordium
1823 4415 1917 4472 ad-
1942 4388 1994 4450 θ
2023 4386 2352 4482 exigendum
2379 4420 2590 4466 manus,
2622 4401 2820 4456 tributa
2845 4394 2999 4452 vobis
3027 4404 3264 4464 praesens
3298 4386 3613 4485 adimit-ap-

317 4506 592 4561 mixtione
616 4503 886 4570 fuscatur;
913 4502 1031 4571 sed,
1069 4502 1522 4573 quemadmodum
1552 4503 1727 4572 decet,
1760 4505 1917 4561 nobi-

320 4596 450 4651 litas
478 4603 627 4650 tanta
655 4602 1001 4665 provocatur.
1045 4592 1257 4660 Deﬂuit,
1289 4595 1417 4649 dum
1458 4608 1593 4664 aqua
1644 4594 1916 4663 durescit;

320 4684 560 4742 fecunda
589 4690 691 4751 est,
721 4699 845 4739 cum
893 4683 1072 4740 omnis
1116 4698 1367 4753 agrorum
1406 4684 1609 4741 fructus
1656 4686 1918 4743 abscedit.

325 4776 570 4834 Distillat
625 4776 855 4844 gemmis
908 4789 1219 4846 comparem
1271 4775 1535 4845 liquorem
1558 4817 1574 4841 ,
1626 4774 1921 4846 jucundum

327 4869 522 4925 nescio
551 4868 679 4939 quid
708 4868 1045 4940 illacrymat;
1075 4876 1131 4924 et
1153 4874 1351 4939 praeter
1375 4866 1521 4938 quod
1551 4868 1667 4939 ejus
1694 4868 1926 4926 delectat

327 4959 587 5023 dulcedo,
617 4959 670 5014 in
706 4967 932 5030 aspectu
967 4959 1253 5029 singularis
1279 4958 1397 5029 ejus
1438 4968 1524 5015 est
1561 4960 1923 5031 pulchritudo.

332 5051 456 5108 IIoc
482 5052 810 5123 quantocius
824 5052 1195 5121 perquisitum,
1218 5061 1275 5108 et
1292 5052 1725 5124 competentibus
1742 5053 1929 5123 pretiis

330 5156 711 5218 aggregatum,
759 5146 1046 5203 chartariis
1090 5147 1185 5218 qui
1213 5147 1269 5202 in
1297 5162 1412 5203 rem
1452 5146 1641 5203 directi
1667 5155 1795 5203 sunt
1820 5154 1930 5202 tra—

335 5242 459 5295 dite
505 5238 877 5295 deferendum.
925 5238 1035 5295 Nec
1088 5238 1218 5295 illud
1266 5239 1639 5309 negligendum
1694 5239 1928 5310 putetis,

331 5330 490 5405 quod
519 5331 695 5387 lacteo
724 5330 922 5401 poculo
950 5330 1261 5397 relucescit,
1291 5330 1507 5401 quando
1552 5331 1671 5401 plus
1699 5337 1805 5386 est-
1826 5328 1932 5383 mi-

334 5423 518 5481 rabile
544 5422 694 5492 quod
724 5423 1011 5495 potueritis
1039 5422 1311 5481 difficilius
1341 5422 1602 5480 invenire.
1635 5421 1840 5478 Albedo
1861 5420 1934 5478 ibi

1640 5532 1667 5551 σ

420 5640 451 5669 ι
478 5628 781 5701 Notandum
802 5630 1005 5701 hicest
1032 5635 1246 5701 veteres
1279 5626 1589 5701 frequenter
1617 5640 1745 5683 usos
1770 5624 1933 5701 fuisse

337 5701 479 5755 vino
499 5698 756 5754 odoribus
776 5699 1023 5768 condito,
1053 5708 1190 5755 teste
1220 5693 1500 5772 Athenmo,
1524 5698 1615 5755 lib.
1646 5713 1705 5767 η,
1731 5712 1850 5768 cap.
1879 5693 1931 5762 I;

2022 4476 2261 4578 paratus.
2292 4497 2402 4555 Sed
2430 4511 2539 4566 quo
2567 4491 2779 4548 facilius
2807 4489 3164 4543 instrueretur
3187 4488 3370 4578 vestra
3398 4476 3609 4578 notitia,

2023 4564 2439 4665 imputatiouum
2450 4564 2705 4640 summas
2729 4577 2870 4634 infra
2898 4574 3116 4645 scriptis
3155 4570 3420 4665 brevibus.

2023 4656 2202 4738 (limus
2230 4673 2627 4749 exprimendas,
2670 4677 2730 4725 ut
2768 4682 2928 4723 nemo
2956 4665 3116 4721 vobis
3159 4661 3361 4717 vendat
3406 4656 3616 4713 benefi—

2023 4778 2165 4835 cium
2199 4773 2344 4848 quod
2379 4771 2593 4844 publica
2622 4765 2848 4824 nescitis
2875 4763 3124 4832 largitate
3152 4757 3450 4848 collatuma
3473 4750 3619 4808 Con-

2031 4870 2200 4924 tinete
2217 4843 2350 4935 ergo
2372 4843 2745 4935 possessorum
2767 4856 3189 4924 intemperantes
3206 4853 3405 4935 motus.
3423 4843 3621 4935 Arnent

2033 4961 2236 5030 quieta,
2266 4931 2404 5027 quos
2441 4952 2619 5009 nullus
2640 4948 2709 5005 ad
2753 4948 2956 5003 incerta
2985 4932 3473 5030 precipitat._Dum
3502 4931 3620 4987 bel-

2035 5026 2228 5121 ligerat
2254 5026 2555 5105 Gothorum
2606 5040 2900 5102 exercitus,
2930 5035 3000 5090 sit
3038 5033 3091 5087 in
3139 5026 3618 5121 paceAI’tomauus.

2037 5116 2296 5199 Felicium
2325 5146 2508 5193 votum
2538 5142 2622 5190 est
2640 5128 2785 5202 quod
2801 5127 3041 5200 jubetur.
3070 5121 3149 5178 Ne
3174 5119 3380 5185 rustici,
3412 5116 3624 5186 agreste

2040 5237 2316 5292 hominum
2346 5244 2533 5299 genus,
2564 5227 2689 5281 dum
2721 5217 2998 5277 Iaborandi
3029 5215 3185 5271 tzcdia
3212 5212 3439 5281 fugiunt,
3473 5209 3626 5266 illici-

2041 5330 2111 5384 tis
2129 5325 2346 5381 ausibus
2374 5320 2694 5384 efferantur;
2726 5323 2782 5371 et
2809 5320 3001 5370 contra
3030 5325 3129 5366 vos
3168 5306 3425 5378 incipiant
3470 5301 3625 5372 erigi,

2040 5432 2179 5488 quos
2207 5414 2293 5469 vix
2324 5407 2586 5483 poteratis
2610 5406 2666 5462 in
2693 5420 2827 5476 pace
2855 5400 3149 5459 moderari.
3188 5398 3529 5468 Quapropter
3561 5405 3631 5447 ex

2042 5616 2264 5681 Alliam,
2298 5614 2392 5672 lib.
2425 5628 2498 5668 xu
2526 5609 2665 5668 Ilist.
2695 5608 2932 5680 Ennap.;
2955 5603 3235 5673 Sardian.,
3264 5597 3320 5654 in
3346 5591 3636 5658 Jamblioo;

2041 5697 2097 5746 et
2124 5688 2361 5761 Arnob.,
2381 5685 2474 5741 lib.
2504 5697 2557 5738 v.
2583 5682 2769 5739 Baoss.
