3990 6170
439 296 546 358 859

1636 307 1706 363 Μ.
1747 309 2022 366 AURELII
2061 310 2455 370 CASSIODORI

3543 327 3626 379 360

432 419 578 484 regia
598 413 837 486 jussione
858 419 1095 487 singulos
1116 421 1471 478 conductores
1500 437 1793 476 massarunt
1817 432 1871 477 et
1891 439 2012 492 pos-
2040 427 2086 483 Α
2116 425 2292 492 genita
2323 427 2526 495 pietate
2565 439 2969 499 prteceperunt,
3003 429 3442 494 interminationes
3482 449 3634 502 tamen

433 522 676 563 sessores
699 511 902 564 validos
929 511 1233 580 admonete,
1265 521 1324 567 ut
1353 514 1552 568 nullam
1601 515 1928 567 contrahant
1957 514 2011 567 in

433 599 833 653 concertatione
874 601 1215 668 barbariem;
1260 619 1327 657 ne
1373 619 1479 657 non
1510 613 1713 657 tantum
1759 602 2014 657 festinent

430 684 587 739 bellis
616 687 890 754 prodesse,
929 699 1188 758 quantum
1229 693 1409 762 quiete
1457 693 1804 749 confundere.
1862 695 2013 748 Arri-

430 774 582 842 piant
637 775 853 842 ferrum,
915 779 1009 833 sed
1064 781 1205 836 unde
1259 796 1418 850 agros
1461 785 1739 845 excolant;
1797 793 2012 840 sumant

428 864 699 933 cuspides,
740 867 900 922 boum
937 870 1202 936 stimulos,
1239 889 1347 926 non
1398 872 1611 927 furoris.
1656 873 2009 928 Defensurum

427 956 661 1010 maxima
685 957 800 1012 laus
827 969 930 1023 est,
976 962 1020 1015 si
1050 977 1169 1016 cum
1200 964 1272 1018 illi
1303 965 1584 1019 videantur
1610 965 1889 1035 praedictas
1918 982 2007 1020 re-

427 1044 614 1111 giones
663 1057 964 1117 protegere,
1009 1053 1093 1107 isti
1125 1069 1229 1108 non
1275 1055 1521 1110 desinant
1552 1057 1863 1126 patrioticas
1892 1072 2011 1126 pos-

426 1137 695 1190 sessiones
741 1140 1009 1195 excolere.
1043 1142 1124 1196 Sit
1157 1143 1426 1212 judicibus
1479 1149 1628 1212 vigor
1667 1163 1731 1201 ex
1781 1149 2004 1215 legibus,

424 1224 677 1280 subsellia
704 1245 809 1283 non
841 1230 1089 1286 desinant
1121 1234 1244 1303 jura
1275 1239 1429 1292 malis
1458 1240 1694 1294 moribus
1737 1241 2001 1296 intonare.

426 1317 635 1375 Timeat
659 1323 795 1377 latro
812 1323 1070 1392 judicium
1112 1330 1254 1396 quod
1293 1347 1507 1400 semper
1527 1333 1759 1401 expavit.
1786 1333 2008 1388 Adulter

426 1413 724 1479 gremiuma|
747 1414 942 1482 judicis
974 1419 1327 1475 intremiscat.
1356 1422 1621 1478 Falsarius
1650 1440 1837 1478 vocem
1867 1441 2006 1494 prte-

421 1504 576 1560 couis
601 1507 907 1561 exborreat.
942 1507 1050 1564 Fur
1078 1511 1191 1565 fora
1223 1530 1329 1567 non
1362 1515 1562 1580 rideat,
1593 1517 1716 1583 quia
1764 1527 1891 1590 tunc
1943 1517 2007 1571 Ii-

424 1593 610 1650 bertas
638 1597 859 1663 gaudet,
896 1599 939 1651 si
970 1600 1096 1654 talia
1127 1619 1233 1656 non
1263 1603 1527 1659 lmtentur.
1572 1605 1662 1660 Sic
1691 1607 1831 1660 enim
1881 1623 2008 1677 pro-

421 1689 684 1755 sperrime
710 1691 820 1758 geri
852 1708 958 1746 non
989 1693 1231 1748 sentietis
1262 1694 1479 1760 bellum,
1511 1697 1554 1749 si
1585 1697 1738 1752 vobis
1766 1697 1835 1751 sit
1855 1713 2004 1751 com-

2117 518 2436 587 importunis
2464 530 2518 576 et
2547 521 2704 576 fatuis
2731 523 2965 577 adhibita
2986 523 3306 583 districtione
3332 534 3630 605 geminamus,

2115 620 2173 665 ut
2200 613 2289 680 qui
2321 622 2593 682 nequeunt
2619 615 2957 685 erubescere,
2978 617 3167 670 saltem
3187 634 3244 675 se
3263 625 3540 680 contineant
3559 645 3630 698 per

2115 701 2378 756 timorem.
2401 703 2531 769 Quis
2559 705 2700 758 cnim
2731 705 2798 759 de
2823 721 2919 759 sua
2943 710 3346 777 praesumptione
3369 717 3632 785 gratuletur,

2111 793 2326 860 quando
2358 791 2548 848 famam
2571 797 2874 866 perditurus
2901 805 3004 864 est,
3035 799 3122 867 qui
3154 801 3415 856 interdicta
3434 812 3640 863 tentare-

2112 881 2214 934 rit'!
2257 882 2590 938 Retundatur
2619 885 2756 957 [Ac.,
2790 885 3141 958 recondatur]
3172 889 3380 945 ambitio
3411 906 3536 947 ett-ca
3561 912 3636 950 cu-

2110 972 2397 1040 pientium;
2442 984 2690 1044 proterva
2735 976 3038 1031 refrenetur
3078 979 3329 1046 audacia;
3357 984 3440 1051 qui
3466 985 3638 1042 lucrum

2111 1062 2178 1118 de
2222 1065 2364 1119 malo
2393 1067 2600 1133 quaerit,
2632 1083 2789 1136 paena
2823 1070 3097 1138 proposita
3130 1079 3415 1140 terreatur;
3442 1077 3522 1144 qui
3561 1079 3641 1132 ho-

2112 1167 2294 1206 norem
2325 1169 2422 1222 per
2443 1155 2668 1209 nefanda
2697 1156 2984 1221 desiderat,
3011 1159 3204 1212 amissa
3233 1162 3401 1229 potius
3427 1165 3642 1232 Opinione

2111 1243 2368 1298 turbetur.
2399 1244 2623 1300 Additur
2651 1247 2811 1300 etiam
2842 1249 2985 1316 quod
3016 1250 3210 1302 nostris
3238 1254 3540 1321 temporibus
3557 1270 3646 1310 sce-

2107 1331 2290 1387 lerata:
2318 1336 2557 1402 pecunia:
2587 1351 2691 1390 non
2721 1337 3003 1401 valebunt;
3030 1352 3132 1392 nec
3151 1339 3356 1408 culpam
3378 1357 3511 1395 suam
3529 1343 3644 1396 redi-

2107 1422 2223 1489 mit,
2255 1423 2346 1492 qui
2376 1439 2526 1478 reum
2576 1440 2634 1480 se
2681 1441 2800 1480 esse
2845 1427 3143 1494 cognoscit.
3195 1427 3386 1498 Iniquis
3415 1428 3650 1486 fraudibus

2107 1528 2214 1566 non
2245 1514 2448 1582 patebit
2475 1515 2715 1580 occasio;
2748 1517 3138 1586 persequimur,
3168 1535 3268 1573 non
3296 1521 3551 1576 vendimus
3573 1539 3650 1576 ex-

2106 1599 2375 1658 cedentes.
2411 1602 2510 1658 Ubi
2559 1605 2668 1672 jam
2717 1607 2856 1660 male
2907 1607 3184 1675 capientes
3212 1624 3362 1677 spem
3400 1611 3649 1674 habebitis.

2105 1693 2323 1762 quando
2347 1695 2500 1749 vobis
2527 1704 2583 1750 et
2609 1711 2786 1750 rerum
2815 1696 3017 1750 domini
3046 1706 3102 1751 ct
3129 1700 3291 1753 vestri
3317 1699 3508 1766 judices
3529 1716 3654 1755 com-

423 1781 658 1835 muniter
705 1783 773 1838 de
825 1785 1086 1840 civilitate
1140 1787 1444 1841 consilimn.
1495 1788 1682 1844 Nullus
1735 1791 2004 1862 opprimat
2038 1797 2076 1852 Β
2107 1782 2409 1838 minamur?
2439 1784 2546 1839 VOS
2586 1793 2762 1840 tamen
2791 1803 2925 1856 QUOS
2966 1787 3032 1841 ad
3085 1789 3324 1856 Ρυῦιίαιε
3351 1789 3653 1844 admittis"?

425 1870 753 1940 indigentem
787 1892 799 1927 :
833 1876 1067 1931 invadite
1091 1893 1425 1947 pervaseres,
1453 1879 1790 1948 iusequimini
1820 1897 2002 1951 perse-

421 1974 668 2032 quentes.
699 1964 791 2020 Est
821 1968 976 2023 vobis
1003 1979 1320 2039 competens
1354 1987 1528 2042 pugna
1575 1974 1767 2028 civilis.
1812 1973 2002 2030 Omnia

419 2064 614 2125 pacata
654 2073 751 2112 vos
780 2058 1024 2127 redditis,
1063 2061 1107 2114 si
1137 2061 1298 2116 duces
1325 2063 1586 2117 scelerum
1614 2064 2000 2134 comprimatis.

420 2145 480 2201 In
505 2150 732 2204 annonis
752 2165 884 2205 vero
909 2151 1222 2219 reputandis
1242 2160 1358 2209 esto
1379 2153 1657 2219 sollicitus,
1676 2169 1743 2208 ne
1769 2154 2001 2223 aliquem

421 2238 738 2308 cujusquam
784 2242 954 2310 possit
983 2241 1232 2297 fraudare
1267 2246 1520 2298 versutia.
1555 2244 1874 2300 Rectoribus
1904 2261 2004 2300 au-

425 2338 534 2383 tem
564 2332 834 2386 exercitus
863 2348 892 2386 a
923 2348 1102 2387 rerum
1132 2334 1361 2389 dominis
1407 2336 1506 2390 sub
1555 2351 1675 2391 mea
1723 2337 2003 2406 prtesentia

423 2420 735 2485 cognoscite
763 2420 1100 2488 delegatum;
1150 2433 1209 2477 ut
1253 2423 1378 2478 dum
1419 2440 1450 2480 a
1499 2425 1652 2480 vobis
1702 2427 2002 2483 necessario

426 2505 629 2562 fuerint
683 2512 1026 2573 commoniti,
1081 2514 1314 2578 gravatis
1368 2530 1465 2583 per
1516 2515 1761 2584 injuriam
1810 2517 2005 2573 debeat

425 2597 716 2651 subveniri.
745 2597 1065 2653 Custodiam
1095 2601 1440 2658 nihilominus
1465 2604 1830 2674 disciplinam,
1865 2607 2005 2661 unde

425 2686 700 2740 robustius
743 2696 982 2741 armatur
1025 2705 1239 2759 semper
1285 2693 1569 2749 exercitus.
1617 2695 1866 2750 Additum
1921 2705 2006 2752 est

424 2776 591 2831 etiam
622 2777 867 2833 beneficii
890 2793 1058 2846 genus
1079 2822 1094 2847 ,
1127 2789 1183 2833 ut
1210 2795 1242 2834 a
1271 2784 1518 2850 praesenti
1545 2783 1835 2841 devotione
1862 2802 2002 2856 pra:-

425 2867 598 2936 ceptis
630 2869 770 2936 regis
827 2884 926 2923 nec
975 2868 1154 2923 divina
1201 2869 1390 2925 domus
1438 2873 1680 2927 videatur
1728 2887 2001 2945 excepta:

427 2956 521 3012 sed
552 2965 723 3011 totum
762 2959 1122 3014 communiter
1159 2961 1502 3020 sustineatur.
1535 2963 1679 3033 quod
1707 2978 1808 3034 pro
1835 2980 2003 3034 gene-

425 3047 638 3102 ralitate
667 3057 934 3103 censetur.
983 3049 1134 3105 Nunc
1161 3064 1289 3118 ergo
1324 3067 1444 3106 cum
1472 3053 1720 3108 omnibus
1752 3053 2005 3111 fratribus

411 3141 622 3216 .vestris
661 3141 898 3197 studiose
929 3144 1252 3210 consurgite,
1286 3152 1340 3197 et
1367 3144 1466 3199 sub
1494 3146 1640 3199 omni
1665 3147 1876 3202 cautela
1907 3163 2004 3203 ne—
2030 3156 2076 3218 C

430 3233 661 3284 cessaria
705 3233 1008 3300 providete,
1041 3243 1098 3288 ut
1129 3235 1295 3304 prosit
1323 3251 1508 3290 revera
1541 3237 1880 3292 nobilissima:
1909 3254 2006 3308 pa.

433 3321 548 3375 trite
576 3322 700 3376 talia
729 3324 996 3378 volumina
1026 3326 1343 3394 pnetulisse.
1374 3326 1562 3393 Quieta
1607 3329 1748 3383 enim
1795 3343 1999 3397 regere,

427 3421 485 3466 et
511 3427 579 3467 ex
610 3429 707 3467 usu
733 3414 1105 3474 administrare
1134 3417 1457 3494 provincias,
1486 3419 1728 3474 homines
1759 3421 1842 3475 vel
1885 3436 2000 3476 me-

427 3504 1034 3581 diorrisintelligentim
1056 3525 1282 3584 possunt
1313 3534 1326 3568 :
1358 3516 1452 3570 sed
1475 3522 1577 3572 hoc
1604 3535 1757 3587 opus,
1789 3512 1877 3575 llic
1922 3524 2000 3572 la-

429 3600 528 3655 bor
567 3608 666 3665 est,
699 3603 826 3656 illud
871 3607 1041 3672 magis
1067 3620 1284 3674 regere,
1315 3608 1460 3675 quod
1500 3623 1558 3662 se
1597 3610 1842 3664 relictum
1891 3627 1999 3666 non

428 3701 604 3760 potest
632 3696 926 3751 continere.
959 3696 1148 3752 Cessat
1187 3699 1328 3753 enim
1358 3708 1638 3753 nautarum
1666 3701 1720 3754 in
1743 3704 1999 3772 tranquil-

427 3781 578 3836 litate
608 3786 832 3854 peritia;
868 3801 967 3841 nec
1007 3803 1201 3842 nomen
1230 3797 1444 3858 prtestat
1470 3787 1680 3856 artifici,
1711 3791 1809 3844 nisi
1841 3790 2000 3847 fuerit

427 3875 506 3928 vis
532 3891 720 3944 magna
749 3879 986 3947 periculi.
1020 3880 1239 3937 Habetis
1271 3896 1399 3950 ergo
1445 3890 1687 3951 tempus,
1719 3885 1805 3938 tibi
1837 3894 1891 3939 et
1920 3886 2001 3940 fa-

423 3980 566 4019 mam
591 3969 888 4035 sapientum
918 3972 1132 4039 possitis
1176 3974 1471 4042 acquirere,
1501 3985 1556 4030 et
1584 3977 1638 4030 in
1673 3979 1816 4032 omni
1845 3988 1997 4048 parte

424 4070 522 4109 vos
553 4055 908 4121 laudabiliter,
936 4059 1156 4127 juvante
1206 4064 1465 4131 Domino,
1514 4068 1804 4124 custodire.
1848 4071 1997 4128 Meos

423 4152 602 4197 autem
633 4146 769 4199 ultra
791 4157 1015 4204 creteros
1043 4150 1263 4206 minime
1288 4155 1603 4211 commendo
1628 4176 1641 4210 :
1669 4159 1791 4228 quia
1822 4162 1996 4216 omni-

422 4234 521 4288 bus
544 4234 645 4289 boc
671 4236 914 4305 cupimus
941 4240 1205 4304 accidere,
1231 4243 1374 4309 quod
1405 4247 1602 4300 nostris
1629 4246 1831 4302 laribus
1860 4249 1991 4321 [ed.,

419 4323 712 4395 laboribus]
752 4327 1118 4385 desideramus
1164 4333 1398 4388 evenire.
1440 4333 1568 4388 Mihi
1599 4337 1741 4390 enim
1774 4341 1991 4408 propria

415 4430 545 4469 cura
569 4415 771 4485 dilapsa
809 4427 910 4482 est,
943 4430 1225 4492 postquam
1255 4425 1558 4492 generalem
1583 4429 1721 4496 οωρί
1751 4429 1990 4497 cogitare

2104 1873 2280 1929 tiones
2329 1876 2607 1943 pervenire
2648 1886 2829 1930 nostra
2875 1876 3000 1932 fecit
3042 1877 3280 1942 electio,
3311 1878 3375 1933 de
3419 1881 3654 1933 actionum

2103 1963 2385 2020 honestate
2412 1965 2664 2022 confidite
2684 1986 2697 2020 :
2721 1969 2845 2037 quia
2867 1985 2963 2024 vos
2981 1970 3126 2023 nulla
3153 1971 3410 2025 venalitas
3433 1972 3656 2036 excludit,

2103 2055 2147 2109 si
2194 2055 2434 2127 probitas
2480 2059 2805 2114 continuerit
2833 2061 3082 2114 actionis.
3119 2059 3351 2116 Publicis
3377 2062 3658 2118 utilitatibus

2102 2145 2299 2200 servite
2335 2144 2446 2212 fixi,
2468 2149 2682 2215 quando
2713 2164 2806 2203 vos
2853 2149 2998 2202 nulla
3040 2149 3253 2218 privata
3279 2150 3460 2203 damna
3489 2166 3659 2204 concu-

2103 2232 2258 2288 tient.
2310 2233 2537 2291 Reddite
2573 2238 2714 2292 hanc
2759 2237 3186 2293 vicissitudinem
3231 2238 3429 2306 judicio
3457 2255 3591 2302 meo,
3615 2248 3662 2291 ut

2103 2324 2195 2392 qui
2229 2340 2327 2380 vos
2357 2327 2504 2383 nullo
2528 2329 2748 2398 preprio
2781 2328 3032 2399 sutl'ragio
3059 2332 3277 2400 gravari
3307 2331 3663 2396 feci,studeatis

2107 2413 2159 2467 in
2186 2415 2339 2470 vobis
2367 2432 2486 2470 mea
2533 2417 2673 2474 facta
2702 2419 2930 2474 laudari.
2965 2418 3255 2477 Prtefixum
3288 2423 3460 2491 itaque
3486 2433 3666 2494 tempus

2104 2515 2134 2555 a
2164 2518 2343 2558 rerum
2370 2505 2602 2562 dominis
2646 2510 2902 2565 noveritis
2949 2526 3070 2566 esse
3120 2513 3474 2577 servandum;
3504 2513 3566 2566 ita
3594 2523 3662 2566 ta-

2102 2606 2248 2660 men,
2281 2602 2338 2647 ut
2366 2608 2431 2649 ea
2459 2610 2579 2663 qua:
2608 2598 2758 2653 vobis
2803 2614 2902 2669 pro
2951 2600 3171 2668 publica
3204 2601 3437 2656 utilitate
3479 2601 3668 2656 decreta

2102 2691 2247 2746 sunt,
2281 2683 2562 2753 providere
2582 2702 2646 2742 ac
2669 2687 2880 2744 solvere
2908 2689 3174 2746 debeatis.

2653 2805 2984 2861 EPISTOLA
3019 2807 3137 2862 VII.

2138 2907 2486 2950 CANONICARIO
2516 2910 2854 2951 VENETIARUII
2889 2912 3134 2953 SENATOR
3166 2914 3486 2954 ιικιειξεετυε
3513 2913 3648 2952 "Li"

2802 2983 2982 3022 TOBIO.

2106 3054 2315 3110 Iudicat
2334 3059 2702 3130 regent/iscum
2718 3058 3010 3112 indictionis
3035 3058 3104 3112 15
3121 3061 3386 3130 aliquibus
3408 3058 3671 3113 inuasione

2481 3125 2762 3182 Sueuorum
2786 3131 2994 3182 vastatis
3020 3125 3321 3186 relaxassc.

2174 3216 2285 3271 Sub
2315 3217 2596 3271 clementia
2628 3217 2754 3272 boni
2802 3219 3061 3288 principis
3091 3220 3235 3273 nihil
3282 3228 3493 3275 constat
3535 3218 3674 3272 licere

2104 3309 2366 3374 fortuitis;
2397 3308 2610 3376 quando
2637 3309 2883 3365 sinistros
2903 3325 3060 3366 casus
3087 3311 3398 3379 corrigunt,
3427 3311 3574 3381 192
3597 3307 3675 3375 qui

2102 3409 2358 3471 praestare
2383 3403 2743 3472 prosperrime
2771 3413 3178 3458 consueverunt
3208 3403 3340 3473 |Ms.
3371 3414 3421 3457 et
3439 3406 3548 3463 Ac.,
3570 3415 3678 3454 cea-

2098 3501 2364 3572 suorum].
2395 3494 2526 3556 Nam
2578 3494 3026 3571 quemadmodum
3086 3495 3262 3549 ferret
3308 3496 3479 3548 nudus
3505 3507 3675 3550 satvam

2100 3593 2489 3656 barbariem,et
2517 3592 2815 3646 districtum
2843 3593 3167 3661 principem,
3191 3593 3415 3662 quando
3443 3591 3680 3659 Spoliatus

2095 3681 2218 3749 jure
2247 3682 2564 3750 negatquod
2587 3681 2812 3736 afﬂuens
2840 3682 3036 3737 inferre
3059 3677 3672 3750 didicerat?Atqneideo

2099 3771 2174 3825 illi
2195 3770 2278 3825 vel
2304 3771 2399 3837 illi,
2426 3769 3056 3836 Suevorumincursione
3092 3773 3354 3837 vastatis,
3391 3769 3570 3824 ﬁscum
3596 3767 3679 3819 de-

2097 3862 2248 3916 cima:
2267 3862 2468 3930 quinta:
2499 3862 2801 3916 indictionis
2833 3862 3015 3929 (Auno
3042 3861 3250 3915 Christi
3271 3861 3381 3914 557
3405 3864 3424 3928 )
3449 3857 3683 3914 serenitas

2097 3951 2288 4019 regalis
2308 3951 2542 4013 indulsit,
2566 3954 2706 4006 sicut
2732 3959 2784 4005 te
2811 3951 3007 4022 poterit
3033 3953 3324 4006 instruere
3348 3951 3544 4005 reiecta
3569 3963 3685 4016 pra!-

2097 4040 2294 4109 ceptio.
2328 4038 2478 4094 Unde
2526 4041 2886 4096 obelientiam
2929 4041 3399 4094 commendantes
3441 4054 3470 4091 a
3513 4051 3681 4104 supra-

2095 4131 2252 4187 dictis
2279 4133 2676 4202 possessoribus
2711 4133 2780 4187 de
2810 4132 3038 4202 praediis,
3063 4147 3197 4200 quae
3223 4142 3411 4186 tamen
3445 4142 3687 4197 cognove-

2095 4228 2169 4282 ris
2215 4242 2336 4282 esse
2376 4235 2582 4282 vastata
2611 4269 2628 4296 ,
2657 4227 2929 4296 prmsentis
2975 4226 3305 4281 indictionis
3360 4225 3553 4278 tributa
3595 4235 3684 4272 nou

2094 4315 2314 4385 exigas:
2347 4316 2548 4386 reliqua
2598 4333 2728 4372 vero
2767 4316 2991 4370 solemni
3032 4316 3433 4386 compulsione
3467 4323 3688 4384 procura.

2094 4415 2154 4458 ut
2200 4406 2504 4460 constitutis
2559 4407 2886 4475 temporibus
2921 4406 3142 4460 arcario
3203 4415 3402 4464 nostro
3444 4403 3688 4457 residuam

414 4505 736 4558 custodiam.
778 4504 916 4575 Οριο
963 4491 1098 4562 meis,
1143 4511 1298 4575 bene,
1345 4513 1439 4567 sed
1484 4515 1630 4582 quod
1661 4491 1847 4584 ῥοθεῖ(
1867 4532 1988 4573 esse
2020 4534 2066 4593 υ
2092 4494 2339 4593 suppleas
2361 4496 2731 4593 quantitatem.
2753 4494 2896 4593 Cave
2915 4509 3045 4562 ergo
3068 4510 3144 4549 ne
3167 4496 3400 4593 gravior
3421 4493 3517 4593 fias
3538 4491 3688 4547 hosti-

413 4585 702 4647 commnne
733 4611 746 4645 :
777 4597 898 4662 quia
931 4613 1132 4666 magna:
1163 4600 1432 4670 injustitiaz
1477 4616 1643 4671 genus
1681 4615 1785 4671 est,
1839 4607 1984 4661 aliud

414 4679 516 4734 sibi
549 4679 783 4747 judicem
829 4684 962 4737 velle
1009 4701 1169 4754 quam
1225 4697 1402 4757 potest
1448 4693 1774 4759 generalitas
1817 4695 1984 4749 susti-

417 4787 566 4826 nere.

982 4905 1308 4961 EPISTULA
1344 4909 1432 4963 Vl.

470 5025 735 5068 UNIVERSIS
764 5029 1137 5068 PREFECTUBzE
1169 5032 1391 5072 TITULOS
1419 5034 1918 5078 ADHINISTBANTIBUS

743 5099 980 5139 SENATOR
1011 5102 1326 5140 PBEFtCTUS
1356 5104 1651 5143 PliETf)RIO.

408 5211 644 5267 Minatur
669 5233 844 5287 poenas
878 5216 1140 5287 jutlicibus
1168 5218 1373 5287 iniquis,
1414 5227 1463 5271 et
1490 5219 1722 5272 hortatur
1743 5220 1899 5276 bonos
1931 5231 1989 5274 ut

620 5285 836 5355 publicis
864 5285 1168 5341 utilitatibus
1196 5285 1440 5358 indefessi
1477 5290 1768 5342 consulant.

479 5395 730 5462 Quamvis
754 5400 966 5454 abunde
1005 5399 1270 5455 sufficiant
1306 5415 1426 5470 qua:
1456 5416 1634 5456 rerum
1661 5403 1860 5457 domini
1900 5405 1982 5458 in-

485 5552 711 5626 τῇπερ.
744 5563 897 5626 putat
951 5555 1252 5624 legendum,
1277 5557 1505 5626 genium,
1541 5564 1597 5610 ut
1625 5555 1715 5626 lib.
1749 5572 1785 5618 ι.
1818 5557 1975 5626 epist.

409 5621 461 5684 ὁ,
481 5623 621 5692 licet
645 5621 838 5678 dixerit
862 5621 1120 5691 gremium
1152 5621 1314 5679 curia:
1343 5627 1432 5679 lib.
1465 5641 1536 5688 χι,
1562 5625 1717 5692 epist.
1745 5627 1829 5680 I5.

481 5690 589 5746 Ilac
610 5692 832 5746 formula
865 5690 1115 5748 tributum
1143 5695 1430 5749 remittitur
1469 5697 1538 5748 ob
1569 5690 1843 5747 transitum
1874 5695 1969 5747 mi-

412 5759 601 5828 litum,
629 5777 786 5830 quem
832 5765 1166 5818 inuocentem
1208 5778 1326 5819 esse
1379 5765 1574 5818 debere
1619 5765 1975 5829 constituitur,

2090 4583 2221 4646 bus,
2247 4583 2291 4638 si
2322 4583 2497 4637 adhuc
2545 4585 2743 4638 mutare
2781 4584 2913 4639 velis
2959 4592 3204 4638 exutos:
3237 4583 3555 4653 chlamydes
3597 4595 3690 4633 non

2089 4682 2394 4744 pavescant,
2426 4675 2516 4742 qui
2543 4689 2691 4728 arma
2721 4675 3031 4740 timuerunt,
3065 4675 3307 4744 rapinas
3337 4690 3449 4730 non
3477 4673 3693 4728 sentiant

2092 4773 2212 4834 post
2235 4765 2529 4834 praedones.
2553 4764 2768 4821 Validas
2794 4775 2979 4821 contra
3003 4774 3055 4820 te
3079 4767 3345 4837 apochas
3367 4769 3691 4827 invenerunt;

2091 4855 2316 4911 invictas
2341 4858 2652 4912 securitates
2689 4857 2793 4912 illis
2827 4857 2973 4912 dedit
3001 4857 3309 4914 calamitas
3338 4875 3474 4925 sua;
3505 4857 3694 4912 violen-

2095 4955 2180 5002 tus
2223 4947 2443 5000 abstulit
2485 4947 2628 5016 quod
2655 4948 2951 5016 qumrebas.
2982 4947 3084 5002 Cui
3120 4949 3269 5003 nihil
3304 4950 3523 5004 videtur
3552 4949 3697 5002 relic-

2093 5045 2224 5102 tum,
2253 5051 2282 5088 a
2314 5037 2523 5091 tributis
2551 5047 2762 5092 constat
2787 5053 2904 5092 esse
2933 5037 3262 5093 liberatum.

2624 5158 2951 5213 EPISTOLA
2997 5160 3143 5215 VIII.

2146 5261 2433 5301 CONSULARI
2462 5263 2748 5302 ῐικονιλείηε
2779 5264 3002 5303 ιισυκυε
3028 5264 3302 5307 ΞΕΝΛΤυΒ
3335 5268 3653 5310 ΡΒΑῐΐΕῦτυδ

2720 5336 3019 5373 ΡΒΑΞΤΟΙΠΟ.

2086 5403 2287 5470 Eximit
2320 5422 2469 5460 casas
2517 5411 2855 5476 quorumdam
2890 5425 2923 5460 a
2948 5409 3085 5476 ﬁsco
3117 5409 3344 5477 publica
3385 5408 3697 5468 exactoribus

2086 5558 2281 5636 nove".
2319 5558 2436 5636 I59,
2462 5568 2520 5612 ut
2544 5559 2612 5636 o_b
2636 5559 2876 5614 eamdem
2897 5577 3128 5636 causam
3153 5570 3398 5636 privatis
3417 5569 3698 5636 con-lucta.

2089 5628 2235 5708 ribus
2264 5629 2543 5708 censjopes
2566 5627 2694 5708 jure
2715 5638 2899 5708 nostro
2925 5627 3341 5708 remittuntur,
3373 5642 3477 5708 leg.
3513 5637 3595 5708 lii,
3628 5635 3702 5687 fit

2089 5697 2357 5767 conducto,
2385 5697 2411 5767 §
2445 5697 2504 5751 Si
2535 5698 2626 5760 eis,
2669 5697 2697 5767 ς
2725 5698 2786 5752 Si
2806 5702 3061 5755 exercitus
3090 5697 3718 5767 prwteri'eustDJocut.

2089 5723 2357 5760 wuuucw,
2385 5723 2411 5767 3
2445 5723 2503 5751 οι
2535 5723 2626 5760 vis,
2669 5723 2697 5767 ε
2725 5723 2784 5752 οι
2806 5723 3061 5755 exercuit;
3135 5723 3275 5761 rane

2089 5777 2136 5818 et
2164 5766 2340 5835 cond.,
2375 5783 2514 5836 sup.,
2551 5767 2639 5821 lib.
2677 5784 2727 5833 v,
2757 5770 2917 5839 epist.
2953 5770 3044 5824 26.
3084 5723 3275 5832 βου.
