3990 6170
397 182 501 241 861

1650 186 1956 244 VARlARU
1965 187 2008 241 Μ
2052 187 2251 242 LIBER
2290 186 2383 244 XII

3577 205 3681 262 86‘)

472 299 783 388 tributorum
801 303 1154 388 persolvendo,
1182 304 1457 360 dummodo
1486 306 1593 388 suis
1621 306 1719 388 ipsi
1746 303 1982 388 manibus
2015 308 2059 365 Α
2092 320 2212 358 nem
2236 296 2543 361 memoratio
2562 306 2639 362 rei
2664 305 2897 362 ofﬁcium
2910 318 3143 366 vestrum
3161 313 3399 371 celebret
3418 330 3485 371 ex
3506 333 3678 388 more,

473 373 621 425 illum
647 373 819 443 regias
840 375 893 427 in
924 390 1070 427 arcus
1100 383 1326 445 tempore
1348 373 1650 445 prtescripto
1672 375 1927 445 deferant.

473 463 680 519 Novum
709 478 878 534 genus
907 465 1115 519 videtur
1142 480 1263 520 esse
1300 464 1626 535 compendii.
1658 465 1990 534 postulantes

399 553 769 623 acquirere,et
789 563 1103 623 pnestantes
1131 555 1272 609 nulla
1294 555 1486 608 damna
1514 542 1735 611 sentire.
1767 555 1897 608 Nam
1912 555 1990 609 sic

394 644 662 714 accipitur
689 645 756 698 ab
786 660 912 707 uno,
941 653 995 699 ut
1026 646 1201 717 perire
1229 661 1334 701 non
1362 645 1530 716 possit
1556 647 1624 700 ab
1654 646 1825 700 altero
1852 665 1864 699 :
1889 645 1987 701 do-

398 745 561 791 natur
580 735 695 792 sine
710 735 995 807 dispendio
1016 739 1255 801 ;ceditnr
1282 739 1398 794 sine
1419 738 1809 801 imminutione,
1828 748 1877 792 et
1897 754 1989 794 no.

396 842 522 882 men
553 827 715 883 habet
736 825 1112 883 muniﬁcentiae
1138 830 1281 898 quod
1314 828 1606 902 [Ac.,qui]
1625 829 1744 897 jura
1777 828 1985 884 Domini

393 920 574 975 nescit
599 920 766 975 exire.
797 919 1138 990 Quapropter
1158 922 1247 975 ille
1276 937 1521 976 casarum
1548 938 1765 977 suarum
1798 922 1985 976 ﬁscum

394 1011 450 1066 in
480 1011 569 1065 illa
614 1012 885 1081 provincia
926 1012 1371 1077 constitutarum,
1403 1027 1537 1081 quas
1580 1012 1761 1067 brevis
1799 1013 1986 1067 subter

393 1103 731 1172 conscriptus
759 1102 1028 1171 eloquitur
1051 1112 1363 1159 exacturum
1403 1104 1639 1173 suggerit
1664 1104 1986 1159 enormitate

389 1192 602 1258 vexari,
647 1193 961 1249 desiderans
998 1194 1114 1250 sine
1153 1195 1329 1266 aliqua
1361 1197 1731 1251 imminutione
1760 1197 1983 1266 publica:

297 1296 315 1310 '
391 1284 673 1350 utilitatis,
705 1284 901 1340 inferre
938 1300 995 1340 se
1017 1286 1214 1341 debere
1252 1286 1449 1342 nostris
1477 1286 1697 1341 arcariis
1744 1288 1980 1341 debitam

388 1373 743 1431 functionem.
788 1375 942 1443 Quod
981 1392 1079 1431 nos
1104 1376 1194 1446 qui
1224 1376 1491 1431 nullorum
1520 1377 1727 1432 damnis
1765 1377 1983 1432 studere

387 1464 785 1531 cognoscimur,
811 1465 1101 1521 dummodo
1134 1467 1264 1522 ﬁsco
1286 1468 1644 1537 competentia
1676 1468 1980 1521 rationabili

387 1553 758 1610 satisfactione
783 1556 1078 1621 solvantur,
1112 1557 1340 1613 libenter
1361 1559 1646 1614 annuimus
1676 1576 1691 1611 :
1723 1559 1845 1629 quia
1878 1558 1981 1614 hoc

2092 407 2358 464 quatenus
2385 399 2601 468 antiqua
2635 398 2809 468 pietas
2855 403 3187 471 regnantium
3220 408 3561 475 prtesentium
3603 425 3683 464 reo

2091 496 2245 556 paret
2272 486 2528 541 beneﬁcia
2553 487 2921 554 dominorum;
2946 498 3000 545 et
3022 493 3188 560 possit
3212 509 3310 565 pro
3342 494 3447 549 illis
3473 497 3681 566 suppli-

2089 593 2233 641 care,
2263 579 2362 632 sub
2385 579 2579 648 quibus
2617 593 2676 632 se
2716 580 2886 650 magis
2915 580 3163 650 intelligit
3189 582 3369 637 votiva
3399 586 3679 641 meruisse.

2092 669 2349 724 Resumat
2387 670 2717 736 facultatem,
2742 687 2904 741 quam
2942 688 3001 728 se
3023 675 3386 745 suspiraverat
3412 679 3677 736 amisisse.

2090 762 2435 832 Peregrinum
2480 778 2538 818 se
2565 763 2700 818 ultra
2747 766 2929 821 dicere
2977 783 3083 822 non
3114 769 3317 837 potuit,
3350 770 3439 840 qui
3492 779 3677 841 optata

2088 871 2212 908 rura
2236 855 2376 928 [Ac.,
2404 852 2546 925 jura]
2579 856 2865 924 conquirit.
2903 856 3108 911 Habeat
3136 874 3506 928 possessorum
3528 861 3679 914 simi-

2088 946 2194 1001 lem
2226 947 2565 1014 dignitatem,
2600 955 2655 1001 et
2678 946 2787 1013 jam
2814 948 3008 1002 tributa
3040 957 3320 1018 reparatus
3344 948 3555 1016 inferat,
3585 951 3678 1020 qui

2087 1053 2247 1107 opem
2292 1038 2359 1092 ab
2387 1037 2578 1093 alienis
2604 1039 2855 1095 manibus
2884 1041 3193 1110 expetebat.
3247 1039 3491 1096 Gaudeat
3518 1057 3577 1096 se
3607 1042 3677 1097 ad

2084 1130 2190 1186 ltoc
2216 1130 2532 1200 perductum
2557 1173 2572 1195 ,
2605 1139 2665 1185 ut
2704 1130 2859 1185 daret
2902 1133 3046 1202 quod
3086 1133 3271 1201 utique
3313 1134 3415 1187 nisi
3456 1133 3677 1189 habenti

2036 1276 2043 1282 ,
2087 1235 2193 1274 non
2224 1220 2484 1291 probatur
2512 1230 2788 1288 emergere
2813 1236 2827 1284 ;
2862 1221 3070 1275 caeteris
3100 1221 3328 1276 dominis
3350 1223 3402 1275 in
3431 1222 3531 1277 bac
3558 1231 3676 1276 tan-

2088 1320 2197 1364 tum
2227 1319 2371 1363 sorte
2417 1310 2689 1374 deterior,
2721 1310 2975 1378 quoniam
3022 1312 3257 1366 alienare
3301 1314 3489 1381 nequit
3530 1314 3673 1383 quod

2085 1400 2359 1472 possidere
2392 1399 2685 1468 pnevaluit.
2717 1399 2823 1455 Sed
2853 1411 2909 1455 et
2945 1401 3050 1457 hoc
3089 1417 3304 1471 quoque
3335 1419 3524 1473 magna
3554 1419 3674 1459 cre-

2084 1492 2257 1546 tlimus
2284 1491 2536 1560 tequitate
2565 1501 2932 1561 repertum,ut
2958 1495 3047 1563 qui
3076 1494 3193 1550 loco
3222 1496 3461 1551 succedit
3485 1497 3673 1566 pigno-

2082 1584 2157 1639 ris
2178 1625 2192 1648 ,
2224 1583 2575 1639 substantiam
2606 1597 2756 1637 suam
2806 1582 3003 1651 affectu
3047 1582 3263 1657 [Grul.,
3294 1584 3435 1656 διάη
3469 1584 3593 1640 Niv.
3623 1595 3673 1641 et

386 1649 472 1746 Fs‘
511 1643 650 1746 boﬁa
695 1643 957 1746 δίῗδίάθτίθ
986 1648 1315 1746 ⁵¹¹ἓῐξεξξξέίθτθ
1337 1686 1352 1709 ν
1383 1648 1527 1717 qm"!
1570 1648 1750 1746 mica“?
1786 1663 1980 1746 pe'Pe‘
2016 1681 2056 1737 Β
2084 1643 2206 1739 6a.,
2239 1672 2508 1746 ell'ectam]
2551 1674 2717 1746 patris
2741 1673 2865 1743 jure
2905 1643 3085 1730 servet
3125 1643 3672 1729 extraneisabliscra-

385 1741 552 1787 trare.
586 1733 701 1799 Qua
725 1734 792 1788 de
821 1750 880 1789 re
908 1736 1276 1805 spectabilitas
1305 1746 1389 1790 tua
1433 1737 1776 1792 commonitis
1797 1739 1978 1792 curia-

384 1821 544 1903 libus,
569 1824 654 1878 vel
703 1825 1165 1894 compulsoribus,
1199 1842 1408 1881 necnon
1438 1837 1493 1881 ct
1520 1828 1603 1882 bis
1632 1844 1861 1898 quorum
1893 1830 1977 1883 in-

386 1923 591 1968 teresse
622 1918 926 1983 cognoscit,
955 1917 1023 1971 ab
1053 1917 1140 1971 illa
1188 1917 1482 1973 indictione
1525 1919 1794 1988 praedictis
1839 1922 1979 1977 casis

382 2003 724 2057 exactionem
766 2002 928 2060 faciet
962 2005 1062 2060 sub
1100 2005 1204 2061 bac
1240 2006 1548 2061 conditione
1589 2009 1886 2075 removeri;
1918 2018 1979 2064 ut

388 2088 436 2141 si
468 2090 605 2143 intra
638 2090 758 2146 illas
778 2091 1027 2148 calendas
1056 2109 1260 2147 summa
1289 2108 1409 2163 quae
1433 2096 1693 2165 competit
1721 2111 1826 2151 non
1857 2094 1974 2153 fue—

380 2180 453 2234 rit
481 2181 694 2236 areario
732 2184 1033 2251 persoluta,
1060 2183 1196 2238 intra
1240 2184 1569 2254 provinciam
1598 2183 1854 2240 solemnis
1882 2201 1977 2241 ex-

381 2273 529 2327 actio
557 2282 863 2343 peragatur.
893 2274 1133 2331 Minusve
1157 2274 1315 2330 ﬁdem
1342 2291 1455 2330 sum
1484 2276 1856 2347 promissionis
1888 2293 1975 2333 ar-

377 2362 650 2417 cariorum
694 2364 914 2433 apocbis
960 2365 1272 2435 probaverit
1317 2380 1436 2421 esse
1489 2366 1853 2436 completam,
1904 2368 1974 2424 ab

377 2453 529 2507 omni
576 2454 943 2523 inquietudine
989 2456 1390 2527 compulsorum
1433 2456 1709 2527 designata
1768 2459 1973 2528 praedia

377 2543 871 2615 liberenturzquia
919 2546 1009 2600 illa
1056 2547 1227 2616 magis
1273 2546 1471 2603 debent
1514 2547 1660 2615 eligi,
1691 2562 1812 2618 quae
1857 2548 1974 2604 sine

374 2633 684 2705 suspicione
735 2636 918 2691 damni
963 2636 1149 2692 libenti
1194 2636 1375 2692 animo
1421 2634 1742 2707 probantur
1766 2636 1969 2693 olferri.

374 2723 545 2781 Grata
567 2728 710 2782 enim
740 2727 896 2783 nobis
923 2739 1006 2783 est
1050 2728 1171 2783 sine
1212 2728 1465 2785 instantia
1490 2729 1847 2798 compulsoris
1871 2745 1970 2786 ex-

375 2818 564 2886 actio;
594 2827 652 2874 et
675 2817 781 2875 hoc
801 2818 1056 2874 devotum
1082 2818 1281 2885 facere,
1309 2819 1454 2889 quod
1481 2821 1568 2876 vix
1596 2829 1811 2890 poterat
1838 2836 1971 2877 coa-

373 2916 497 2963 ctus
535 2907 779 2977 implere.
829 2909 1003 2979 Atque
1044 2909 1248 2964 utinam
1285 2924 1566 2980 possessor
1610 2910 1889 2969 ultroneus
1916 2920 1973 2968 et

372 2998 535 3054 nobis
566 3001 942 3056 necessitatem
980 3016 1252 3057 morarum
1283 3001 1496 3057 tolleret
1518 3039 1534 3065 ,
1566 3010 1623 3057 et
1648 3002 1749 3057 sibi
1775 3003 1969 3058 damna

371 3092 808 3162 competentibus
852 3092 1181 3148 illationibus
1210 3093 1533 3162 abrogaret!
1566 3093 1684 3164 lpse
1709 3094 1853 3149 enim
1875 3094 1976 3149 im-

370 3179 671 3236 minentem
714 3182 1079 3238 necessarium
1126 3180 1282 3248 facit,
1306 3182 1399 3252 qui
1446 3182 1705 3238 solemnia
1735 3184 1977 3253 praebere

368 3270 663 3329 distulerit.

936 3430 1268 3489 EPISTOLA
1323 3431 1416 3488 IX.

430 3556 715 3605 PASCIIASIO
744 3558 1036 3600 PREFECTO
1064 3560 1286 3600 ANNONE
1316 3559 1556 3600 SENA'I'OR
1584 3561 1910 3604 PMFECTUS

1016 3630 1316 3670 PRETORIO.

370 3700 656 3777 Signiﬁcat
675 3706 857 3777 Afrum
880 3705 1103 3777 aliquem
1133 3704 1374 3777 ambiisse
1402 3706 1677 3777 facultates
1704 3708 1916 3777 relictas
1937 3727 1969 3763 a

442 3773 667 3842 quodam
695 3773 852 3828 nullis
876 3773 1004 3843 ﬁliis
1024 3784 1114 3829 aut
1136 3773 1427 3829 heredibus
1446 3776 1802 3843 superstitibus
1830 3796 1963 3833 mor-

446 3853 555 3908 tuo,
584 3859 732 3911 quem
752 3844 899 3916 jubet
920 3861 1062 3899 more
1081 3847 1299 3900 solemni
1322 3846 1376 3899 in
1398 3846 1517 3899 illas
1542 3846 1821 3900 introduci.

444 3951 655 4010 Pietate
698 3955 916 4025 plenum
961 3965 1064 4023 est,
1097 3955 1436 4026 peregrinam
1473 3964 1689 4026 gentem
1742 3957 1968 4028 publicis

369 4044 651 4115 beneﬁciis
673 4045 913 4115 obligare
938 4086 955 4114 ,
982 4053 1039 4101 et
1064 4061 1169 4099 non
1200 4053 1406 4099 tantum
1435 4046 1870 4113 consanguineos
1897 4047 1964 4101 ad

367 4134 686 4191 substantiae
705 4135 852 4192 lucra
874 4136 1089 4192 mittere
1109 4134 1237 4208 [Ηε.
1257 4135 1373 4207 Cuj.
1394 4146 1443 4189 et
1472 4134 1590 4202 Gr.,
1604 4135 1960 4209 permittere],

365 4232 630 4295 quantum
676 4225 822 4295 ipsos
848 4240 1065 4295 quoque
1107 4224 1345 4281 advenas
1387 4222 1637 4280 invitare.
1666 4222 1964 4280 Haereditas

363 4329 490 4385 qum
516 4323 602 4370 est
646 4315 762 4370 sine
807 4315 1097 4385 proximis,
1126 4314 1330 4383 absque
1359 4312 1631 4383 parentela
1656 4312 1958 4379 successio;

2086 1768 2231 1822 tione
2257 1776 2459 1840 pastus,
2491 1782 2633 1821 nunc
2674 1775 2861 1836 pascat
2888 1773 2943 1820 et
2971 1766 3104 1821 alios
3138 1784 3150 1819 :
3185 1766 3309 1821 felix
3346 1766 3417 1820 illi
3451 1767 3675 1835 contigit

2081 1871 2137 1916 et
2164 1858 2500 1934 prmdicauda
2530 1859 2832 1927 captivitas,
2862 1858 3101 1912 Romana
3129 1858 3343 1913 civitate
3373 1856 3593 1927 perfrui,
3617 1866 3673 1913 et

2080 1953 2330 2009 Afrorum
2353 1950 2645 2023 privilegiis
2674 1950 2911 2021 potuisse
2942 1950 3175 2005 misceri.

2631 2085 2964 2143 EPISTOLA
2999 2086 3068 2141 X.

2077 2191 2312 2233 DIVBRSIS
2335 2192 2712 2233 CANCBLLANIS
2741 2191 3130 2233 PROVINCIABUI
3169 2192 3412 2234 SENATOB
3452 2195 3668 2237 Ριιιεινπφ

2619 2262 2753 2303 C'I'US
2781 2262 3080 2302 PBETORIO.

2074 2355 2327 2429 Prwcipit
2375 2364 2433 2411 ut
2467 2372 2722 2429 sumntum
2764 2357 2967 2429 future,
3004 2357 3308 2429 indictionis
3354 2361 3467 2414 sine
3518 2377 3666 2416 mora

2145 2427 2257 2503 αμα
2281 2429 2516 2499 exigant.
2546 2427 2610 2483 Si
2638 2442 2786 2485 secus
2813 2428 3049 2498 fecerint,
3080 2427 3311 2484 minatur
3337 2446 3394 2485 se
3418 2446 3505 2485 eos
3532 2432 3663 2503 rigi-

2151 2498 2265 2552 dius
2296 2498 2655 2552 tractaturum.

2147 2589 2438 2645 Rationum
2473 2589 2804 2659 publicarum
2833 2588 3071 2658 reliquiae
3100 2590 3243 2644 infau
3276 2598 3342 2645 tae
3362 2600 3487 2646 sunt
3510 2594 3665 2662 κει-ἰ-

2075 2682 2245 2736 tudini
2292 2679 2698 2750 comparandae,
2724 2695 2845 2750 qua:
2873 2689 3097 2749 gravant
3123 2689 3178 2735 ct
3218 2681 3501 2737 debilitant
3528 2684 3658 2757 πρά..

2074 2780 2356 2843 gravatum
2403 2768 2729 2842 debilitant],
2762 2770 2862 2825 nisi
2909 2770 3008 2825 sub
3053 2771 3332 2826 celeritate
3359 2772 3659 2827 discedant.

2076 2864 2276 2920 Reatns
2298 2862 2515 2932 quidam
2560 2870 2644 2917 est
2688 2877 2808 2917 esse
2835 2862 2935 2917 sub
2962 2861 3162 2927 debito,
3195 2877 3297 2917 nec
3324 2863 3458 2919 liber
3484 2871 3665 2934 potest

2073 2955 2339 3010 veraciter
2372 2953 2527 3025 193
2570 2952 2699 3020 diei,
2727 2952 2818 3023 qui
2847 2952 3104 3023 probatur
3126 2952 3389 3008 obnoxius
3416 2953 3658 3024 reperiri.

2001 3051 2045 3111 C
2080 3045 2324 3102 Prudens
2344 3060 2403 3101 se
2428 3046 2540 3116 ipse
2568 3044 2843 3116 compellit
2870 3063 2883 3098 :
2916 3044 3091 3099 minus
3114 3054 3302 3101 cautus
3327 3054 3427 3113 est,
3456 3047 3546 3116 qui
3572 3062 3663 3101 ur-

2077 3149 2237 3211 getur
2260 3139 2328 3194 ab
2353 3138 2545 3193 altero.
2575 3136 2708 3192 Nam
2746 3134 2876 3208 quid
2915 3138 3023 3205 egit
3055 3137 3219 3191 totius
3257 3137 3381 3191 anni
3408 3144 3661 3207 suscepta

2077 3230 2408 3302 compulsio?
2434 3227 2655 3284 Summa
2702 3226 2893 3282 futura:
2939 3227 3244 3282 indictionis
3288 3235 3344 3282 et
3388 3227 3662 3296 quantitas

2075 3324 2340 3392 exigatur.
2371 3319 2650 3376 Parcendo
2693 3334 2801 3374 non
2849 3318 3065 3389 parcitis
3088 3361 3105 3387 ,
3135 3320 3480 3374 exonerando
3518 3333 3661 3388 pra:-

2074 3413 2343 3482 gravatis;
2396 3418 2452 3465 et
2504 3408 2630 3463 dum
2675 3408 2893 3463 venales
2943 3423 3123 3463 moras
3171 3408 3433 3479 quteritis,
3479 3408 3660 3463 tributi

2073 3517 2240 3559 onera
2265 3500 2568 3571 duplicatis.
2599 3500 2905 3571 Relinquite
2934 3498 3148 3554 tandem
3177 3498 3449 3554 crudelem
3494 3499 3659 3554 mise-

2072 3590 2380 3653 ricordiam,
2407 3588 2666 3645 beneﬁcia
2696 3597 2809 3643 tota
2836 3587 3194 3657 detestatione
3223 3586 3406 3643 fellita.
3430 3587 3660 3644 Gravius

2071 3682 2321 3751 percutit,
2352 3681 2445 3749 qui
2467 3679 2790 3735 blandiendo
2820 3688 3131 3748 grassatur;
3169 3688 3224 3733 et
3250 3678 3351 3734 sub
3377 3678 3657 3748 indulgen-

2071 3776 2144 3830 tia
2180 3774 2342 3837 lredit,
2376 3774 2468 3845 qui
2514 3773 2787 3829 consuetis
2817 3771 3148 3841 temporibus
3192 3772 3408 3839 exigere
3457 3772 3657 3826 tributa

2068 3866 2355 3923 distulerit.
2399 3865 2465 3920 Et
2511 3864 2632 3920 ideo
2677 3863 2907 3919 desinite
2948 3864 3236 3933 aliquando
3282 3878 3654 3934 possessorum

2067 3958 2261 4011 damna
2289 3955 2675 4026 mercari,quia
2697 3961 2869 4010 totum
2891 3954 3162 4009 constricti
3193 3968 3291 4023 per
3314 3952 3657 4009 incommoda

2065 4048 2289 4106 redditis
2313 4047 2458 4118 quod
2479 4047 2673 4116 iniquis
2697 4042 3044 4101 dilationibus
3061 4045 3374 4099 abstulistis.
3403 4043 3532 4098 Post
3552 4044 3654 4099 ista

2065 4141 2348 4194 enimnon
2393 4154 2492 4193 vos
2538 4136 2776 4191 credatis
2822 4136 3001 4191 verbis
3048 4135 3240 4189 iterum
3292 4134 3654 4197 commoneri,

2062 4230 2156 4284 sed
2187 4227 2540 4283 irremissibili
2588 4226 2871 4281 exactione
2914 4226 3189 4295 compelli.
3244 4225 3585 4294 Quapropter
3607 4225 3653 4280 si

2062 4318 2130 4373 ad
2179 4318 2325 4371 illum
2378 4315 2521 4370 diem
2578 4315 2787 4369 arcario
2848 4322 3053 4373 nostro,
3083 4328 3202 4382 qua:
3254 4314 3321 4368 de
3363 4314 3654 4383 provinciis

361 4406 593 4475 solaque
622 4403 753 4461 ﬁdes
774 4407 989 4475 generis
1017 4417 1121 4473 est,
1164 4405 1368 4476 patrios
1413 4418 1609 4459 sonare
1660 4419 1957 4459 sermones.
1993 4414 2037 4470 ῃ
2062 4408 2377 4464 solemniler
2426 4406 2766 4477 postulantur
2788 4447 2803 4471 ,
2833 4405 3127 4474 dispunctis
3175 4405 3472 4460 rationibus
3493 4446 3508 4472 ,
3540 4421 3648 4461 non

360 4500 497 4556 Afer
524 4500 669 4555 enim
715 4500 795 4554 sic
835 4500 1041 4569 expetit
1064 4497 1325 4554 beneﬁcia
1343 4536 1359 4562 ,
1392 4504 1453 4550 ut
1479 4496 1579 4552 sibi
1608 4496 1735 4550 olim
1762 4496 1958 4552 doceat

360 4588 535 4644 fuisse
559 4603 814 4645 concessa
838 4606 852 4642 :
873 4588 1072 4643 donum
1099 4587 1217 4642 sine
1237 4584 1550 4655 accipientis
1578 4584 1792 4640 nomine
1820 4601 1957 4655 pne-

360 4690 454 4737 ter
496 4694 785 4751 personam
833 4679 1089 4749 largitas,
1118 4679 1245 4749 quia
1297 4677 1531 4747 primum
1569 4676 1824 4732 collatum
1872 4684 1959 4732 est

358 4772 537 4840 genti,
560 4778 621 4826 ut
639 4779 827 4841 postea
848 4771 1145 4840 petentium
1167 4769 1489 4825 vocabulum
1507 4767 1772 4838 potuisset
1790 4765 1951 4834 attigi.

357 4858 506 4916 Hinc
545 4867 630 4915 est
668 4859 813 4929 quod
846 4859 969 4928 jure
1013 4857 1247 4929 quodam
1295 4856 1568 4928 postulant
1612 4855 1957 4912 hmreditates

356 4949 601 5016 alienas,
630 4958 686 5005 et
707 4949 810 5005 illis
836 4957 1042 5003 tantum
1072 4947 1283 5002 videtur
1309 4952 1639 5016 competere,
1670 4944 1812 5013 quod
1845 4944 1956 5000 Ro-

360 5052 560 5094 manus
587 5053 694 5094 non
722 5045 905 5108 potest
926 5037 979 5092 in
1003 5037 1181 5093 causis
1199 5034 1462 5090 similibus
1489 5033 1754 5089 obtinere.
1787 5033 1955 5089 Bene-

362 5127 551 5185 ﬁcium
575 5128 681 5183 tale
703 5142 810 5184 non
850 5127 1155 5184 habuerunt
1181 5125 1233 5181 in
1265 5124 1437 5195 patria
1476 5140 1595 5192 sua,
1617 5122 1709 5179 sed
1731 5122 1820 5179 hic
1839 5140 1957 5179 om-

358 5234 466 5275 nes
486 5217 589 5274 sub
628 5218 729 5274 hac
755 5217 1067 5273 conditione
1090 5223 1343 5287 parentes
1384 5222 1508 5269 sunt
1538 5230 1552 5267 :
1585 5213 1831 5268 universa
1862 5228 1958 5268 na-

357 5306 467 5371 tio,
495 5315 756 5379 quantum
784 5306 853 5363 ad
879 5306 1234 5362 successionis
1262 5303 1604 5369 beneﬁcium,
1629 5318 1733 5358 una
1756 5302 1955 5358 familia

358 5408 470 5455 est.
502 5398 763 5465 Quocirca
794 5396 1123 5469 experientia
1172 5403 1260 5450 tua
1312 5409 1500 5466 preces
1540 5393 1682 5449 illius
1716 5392 1959 5461 diligenti

359 5489 769 5547 examinatione
796 5487 1046 5545 discutiat
1066 5527 1082 5552 ,
1114 5493 1171 5541 et
1207 5485 1253 5540 si
1300 5499 1487 5540 revera
1515 5483 1604 5539 ille
1631 5497 1792 5553 quem
1829 5495 1957 5550 sug-

359 5581 507 5651 gerit
532 5579 603 5636 de
627 5580 728 5636 hac
750 5576 894 5635 luce
944 5577 1216 5632 transiisse
1257 5575 1395 5633 ﬁlios
1433 5592 1539 5631 non
1593 5573 1825 5644 reliquit,
1858 5588 1961 5631 nec

365 5677 445 5733 ab
468 5670 581 5731 alio
611 5678 826 5729 constat
858 5667 1247 5735 rationabiliter
1293 5667 1577 5741 possideri,
1605 5662 1957 5720 iutroduetio~

2065 4509 2158 4556 aut
2198 4515 2294 4571 per
2342 4509 2394 4555 te
2445 4498 2711 4567 intuleris,
2740 4506 2831 4553 aut
2878 4497 3230 4554 destinaveris
3275 4498 3648 4567 quantitatem,

2063 4592 2373 4661 degeniatus
2393 4591 2445 4644 in
2470 4589 2742 4661 provincia
2773 4589 3029 4644 velociter
3045 4587 3258 4653 reddes,
3282 4605 3401 4658 qua:
3430 4598 3483 4644 te
3511 4588 3650 4644 male

2062 4682 2328 4739 distulisse
2353 4682 2635 4750 cognoscis
2666 4699 2679 4733 :
2713 4681 2835 4751 quia
2867 4680 3023 4735 nimis
3056 4680 3292 4748 iniquum
3323 4689 3405 4733 est
3432 4687 3487 4732 ut
3514 4680 3649 4733 assis

2062 4773 2305 4844 publicus
2326 4773 2427 4829 sub
2467 4780 2556 4827 tua
2583 4772 2907 4841 negligentia
2931 4771 3138 4842 jaceat,
3177 4780 3231 4826 et
3264 4770 3483 4825 arcariis
3513 4767 3649 4841 [ed.,

2062 4865 2324 4938 arcarius]
2367 4874 2664 4920 mutuatum
2714 4865 2995 4935 pecuniam
3045 4864 3271 4935 publicis
3324 4860 3646 4917 utilitatibus

2060 4957 2392 5014 incessanter
2419 4955 2713 5027 expcndas.

2634 5127 2961 5184 EPISTOLA
2989 5126 3080 5181 XI.

2058 5241 2233 5283 ρετιιο
2259 5239 2382 5280 ἚἹΒΟ
2410 5237 2736 5284 CLARISSIIO,
2769 5235 3062 5275 EROGATORI
3093 5234 3443 5287 OBSONIORUI,
3482 5235 3641 5277 SENL~

2460 5310 2565 5349 TOR
2597 5306 2917 5347 Ριιιεεεοτυε
2948 5305 3241 5345 ναιετοιιιο.

2057 5385 2210 5441 lubet
2233 5394 2290 5441 ut
2313 5383 2527 5440 obsonia
2558 5383 2745 5454 popqu
2777 5381 3075 5454 liontauoa
3100 5398 3219 5453 rege
3245 5397 3488 5437 concessa
3519 5380 3642 5438 abo-

2535 5452 2632 5525 que
2658 5454 2842 5523 fraude
2863 5452 3158 5507 distribuat.

2133 5566 2377 5621 Probata:
2417 5562 2579 5618 debet
2620 5575 2740 5616 esse
2784 5559 3148 5626 conscientize,
3191 5560 3282 5633 qui
3323 5560 3639 5633 principalia

2060 5658 2323 5716 beneﬁcia
2353 5655 2681 5729 praeponitur
2706 5666 2954 5722 erogare,
3003 5669 3071 5711 ne
3110 5654 3288 5727 aliqua
3334 5645 3648 5728 cupiditatis
