3990 6170
384 234 489 335 εδδ

1627 278 1697 333 Μ.
1742 270 2016 333 AllRELll
2057 274 2458 331 CASSIODORI

3505 283 3587 339 8M

376 398 529 445 sorte
558 389 857 450 desiccetur
884 391 1028 461 quod
1069 406 1099 446 a
1139 400 1286 447 tanta
1325 392 1650 447 liberalitate
1689 392 1968 463 prol‘undi-
2000 410 2045 462 Α
2076 388 2305 459 ﬂagrans
2347 394 2547 447 virtute
2574 391 2809 459 diversa,
2837 393 3009 450 thuris
3034 392 3255 450 sentitur
3288 393 3515 466 inspirare
3535 399 3593 456 si-

378 492 487 535 tur.
541 480 751 536 Mntant
806 482 947 537 enim
1005 483 1271 552 quaslibet
1325 484 1599 554 largitates
1650 484 1971 554 rapientium

382 586 596 631 manus.
628 570 694 627 Et
722 572 858 627 sicut
887 571 1049 628 fontis
1079 576 1286 644 puritas
1328 590 1424 645 per
1451 576 1641 631 limosa
1671 574 1972 644 corrumpi-

384 671 493 722 tur,
538 660 616 715 sic
661 660 935 720 afﬂuentia
972 666 1100 719 boni
1139 667 1279 733 regis
1307 667 1481 720 avaris
1510 666 1974 721 distributionibus

383 747 714 805 immittatur.
749 751 953 807 Aurum
981 755 1173 824 ipsum,
1200 770 1319 810 cum
1347 756 1575 810 solvitur
1605 756 1657 809 in
1688 756 1971 825 liquorem,

385 838 488 894 nisi
519 842 869 897 mundissimo
896 844 1121 900 calicnlo
1146 848 1491 915 suscipiatur,
1520 847 1776 911 inficitur,
1803 861 1975 916 quan-

380 935 452 985 do
483 932 767 1001 puritatem
798 936 879 990 sui
907 935 994 990 illa
1025 937 1140 991 sola
1171 937 1501 1006 custodiunt,
1533 954 1652 1009 qua:
1684 938 1827 993 nulla
1857 954 1975 992 sor-

383 1024 531 1079 dium
563 1025 895 1083 admixtione
922 1027 1217 1084 fuscantur.
1243 1030 1412 1096 Quam
1435 1039 1643 1100 gratum
1669 1047 1765 1101 per
1790 1031 1976 1087 niveos

383 1120 642 1176 caliculos
671 1123 873 1178 rivulos
904 1123 1083 1178 videre
1111 1134 1408 1191 currentes,
1441 1132 1497 1181 et
1527 1125 1694 1195 ipsam
1722 1124 1978 1193 quodam-

386 1209 551 1266 modo
580 1219 783 1267 natura:
806 1212 1028 1268 liberam
1051 1213 1226 1268 ridere
1250 1214 1559 1284 puritatem,
1581 1212 1797 1283 quando
1820 1213 1977 1268 nullis

385 1302 615 1357 maculis
663 1302 913 1370 injuriata
958 1305 1234 1374 turpatur!
1277 1303 1371 1360 Sic
1397 1304 1536 1360 dona
1565 1320 1745 1359 rerum
1775 1301 1979 1358 domini

390 1393 535 1447 nulla
578 1392 777 1449 debent
821 1395 1117 1463 pollutione
1157 1394 1355 1451 fuscari
1390 1413 1404 1449 :
1435 1395 1530 1451 sed
1569 1395 1709 1450 sicut
1751 1394 1819 1450 ab
1863 1393 1981 1464 ipso

378 1491 592 1537 exeunt
638 1484 879 1554 copiosa,
929 1485 1003 1539 ita
1051 1484 1252 1541 debent
1287 1484 1357 1540 ad
1386 1484 1659 1541 Romanos
1699 1484 1982 1555 pervenire

389 1573 696 1644 purissima.
729 1574 862 1629 Nam
897 1575 1023 1630 licet
1048 1576 1225 1631 omnis
1253 1574 1398 1631 fraus
1425 1575 1602 1644 gravis
1642 1589 1761 1629 esse
1799 1572 1982 1628 videa-

391 1672 500 1734 tur,
530 1663 618 1719 illa
647 1671 825 1720 tamen
856 1666 1213 1736 importabilis
1247 1665 1510 1730 redditur,
1546 1680 1667 1736 qua:
1696 1665 1749 1719 in
1778 1662 1983 1718 Romu-

391 1754 478 1810 lea
504 1755 659 1826 plebe
683 1765 958 1827 grassatur
984 1775 997 1810 :
1028 1759 1183 1813 turba
1209 1773 1330 1829 qua:
1359 1757 1489 1813 vivit
1512 1758 1723 1827 quieta;
1755 1754 1984 1827 populus

2077 482 2245 536 milia.
2286 480 2423 537 lluic
2464 490 2613 537 tanta
2658 483 2925 553 pinguedo
2971 483 3224 552 sociatur,
3267 495 3322 539 ut
3364 487 3594 545 arbitreris

2077 572 2234 626 simul
2264 571 2551 628 decurrere
2598 572 2894 628 Palladium
2943 573 3229 641 liquorem;
3271 574 3364 630 nisi
3395 578 3518 645 quod
3542 578 3596 633 ab

2078 662 2167 717 illa
2188 662 2401 732 prasina
2420 663 2689 718 viriditate
2710 664 2868 718 niveo
2890 662 3127 718 candore
3150 660 3455 720 discernitur.
3477 664 3599 722 Tunc

2078 752 2227 807 cadis
2255 752 2362 807 late
2386 753 2691 822 patentibus
2719 753 2875 823 copia
2901 752 2989 807 illa
3009 752 3260 806 mirabilis
3285 753 3396 809 la:to
3418 755 3600 810 nimium

2081 844 2217 917 [alii,
2267 842 2538 915 nimirum]
2587 851 2806 915 pastore
2852 852 3124 913 suscepta,
3165 858 3281 898 cum
3324 844 3603 902 admixtione

2080 939 2289 1008 coaguli
2313 939 2368 994 in
2390 939 2648 995 callosam
2670 938 2894 1009 coeperit
2917 936 3318 993 teneritudinem
3343 938 3603 1003 condnrari,

2080 1029 2150 1085 ad
2173 1030 2595 1100 pulcherrimum
2619 1030 2806 1084 orbem
2832 1028 3004 1085 forma
3032 1028 3360 1100 perducitur;
3381 1044 3486 1099 qum
3506 1033 3606 1087 sub-

2080 1123 2347 1179 terraneis
2383 1122 2594 1178 horreis
2630 1119 3019 1192 aliquantulum
3067 1131 3396 1189 congregata,
3432 1120 3607 1176 diutur-

2084 1229 2209 1268 nam
2247 1213 2392 1269 casei
2430 1212 2557 1267 facit
2603 1226 2722 1268 esse
2767 1210 3143 1268 substantiam.
3192 1209 3301 1266 lloc
3338 1213 3609 1281 quantocius

2082 1304 2558 1374 superimpositum
2586 1302 2809 1371 navigiis
2841 1301 3157 1369 destinahis,
3187 1310 3244 1355 ut
3268 1299 3515 1357 desideriis
3538 1318 3609 1358 re-
3662 1340 3673 1353 .

2084 1395 2295 1463 galibus
2335 1409 2503 1465 parvo
2530 1408 2753 1448 munere
2794 1392 3120 1448 satisfecisse
3150 1391 3426 1447 videamur.
3454 1392 3612 1449 Vinum

2086 1499 2323 1556 quoque,
2348 1484 2492 1553 quod
2526 1483 2746 1538 laudare
2788 1483 3037 1554 cupiens,
3067 1479 3433 1536 Palmatianum
3453 1481 3608 1557 [Fam

2085 1586 2136 1633 et
2158 1576 2305 1645 Con,
2335 1573 2459 1642 6a.,
2495 1575 2869 1642 Palmatinum,
2900 1574 2978 1629 vel
3004 1574 3341 1646 Palmarinm]
3367 1574 3616 1630 nominavit

2089 1668 2384 1738 antiquitas
2396 1665 2445 1732 δ,
2468 1682 2574 1722 non
2598 1666 2749 1737 stipsi
2773 1664 3154 1736 aspernm,sed
3177 1673 3371 1734 gratum
3396 1665 3615 1721 suavitate

2092 1761 2362 1832 perquire.
2411 1759 2544 1814 Nam
2590 1760 2717 1815 licet
2755 1759 2900 1814 inter
2926 1758 3051 1813 vina
3092 1757 3271 1812 Brutia
3298 1757 3516 1813 videatur
3535 1774 3618 1813 ex-

390 1846 484 1914 qui
511 1846 767 1910 ηθδείιυΐν
801 1847 904 1903 nisi
939 1863 1060 1902 cum
1103 1848 1257 1902 ia‘lus
1293 1856 1404 1915 est;
1436 1847 1641 1903 clamor
1682 1847 1800 1902 sine
1844 1845 1986 1901 sedi-
2019 1823 2064 1883 Β
2091 1823 2340 1917 ίιιθωυιη,
2374 1850 2571 1908 factum
2622 1861 2800 1907 tamen
2846 1858 2932 1907 est
2978 1866 3120 1920 pene
3159 1849 3381 1919 generali
3408 1849 3619 1920 opinione

394 1935 578 1998 tione;
610 1937 866 2007 strepitus
894 1936 1089 1994 furoris
1122 1940 1362 2007 nescius;
1394 1939 1588 2011 quibus
1613 1939 1729 1996 sola
1759 1947 1977 1995 conten-

395 2030 473 2083 tio
519 2035 603 2083 est
642 2038 1013 2100 paupertatem
1054 2030 1238 2099 fugere
1281 2040 1337 2087 et
1380 2030 1592 2086 divitias
1636 2044 1741 2084 non
1783 2043 1986 2083 amare.

396 2117 654 2173 Nesciunt
676 2119 819 2175 enim
849 2136 969 2175 esse
992 2120 1302 2191 lucripetes,
1332 2136 1434 2177 nec
1461 2121 1637 2192 aliqua
1657 2135 1720 2175 se
1748 2120 1992 2187 negatio-

398 2209 483 2265 nis
504 2209 797 2267 calliditate
815 2211 1147 2269 discruciant
1164 2233 1175 2268 :
1200 2215 1385 2269 vivunt
1407 2213 1620 2269 fortuna
1639 2212 1991 2269 mediocrium

401 2310 460 2355 et
502 2302 833 2358 conscientia
873 2303 1119 2359 divitum.
1169 2304 1358 2359 Nonne
1389 2304 1660 2374 piaculum
1689 2310 1774 2358 est
1801 2301 1995 2356 talibus

402 2406 624 2461 rapere,
674 2394 766 2462 qui
814 2395 1060 2449 nesciunt
1103 2395 1275 2449 aliena
1326 2395 1614 2449 fraudare?
1653 2393 1997 2464 Quapropter

402 2483 630 2538 obsonia
676 2482 921 2539 Romano
971 2486 1171 2556 populo
1217 2486 1580 2543 distribuenda
1619 2486 1687 2541 ab
1727 2485 1813 2539 illa
1856 2484 1997 2539 indi-

400 2575 600 2640 ctione,
632 2576 866 2645 propitia
913 2577 1009 2632 tibi
1055 2578 1367 2643 Divinitate,
1406 2576 1772 2642 concedimus,
1797 2583 1855 2631 ut
1879 2576 1998 2631 sine

403 2664 583 2732 aliqua
613 2664 969 2720 diminutione
997 2667 1278 2737 percipere
1323 2666 1494 2737 possit
1530 2663 1677 2736 quod
1719 2664 1864 2734 regia
1889 2662 1999 2718 lar-

404 2756 569 2824 gitate
597 2756 914 2825 promeruit.
943 2755 1087 2812 Cave
1117 2773 1183 2812 ne
1211 2757 1355 2827 quod
1381 2756 1457 2811 illi
1494 2766 1828 2817 meruerunt,
1861 2755 1999 2810 alter

403 2844 668 2915 accipiat;
692 2855 747 2900 et
773 2855 828 2901 tu
856 2862 887 2901 a
916 2848 1085 2917 gratia
1117 2857 1301 2903 nostra
1331 2845 1644 2919 peregrinus
1666 2844 1932 2909 reddaris,
1952 2844 2000 2900 si

401 2950 433 2987 a
464 2933 636 2990 civico
665 2950 851 2991 amore
878 2936 1209 2993 discesseris.
1239 2937 1357 2992 Non
1399 2933 1493 2990 fiat
1535 2933 1757 2991 Latialis
1800 2934 1998 3006 pretio,

406 3025 500 3095 qui
527 3026 761 3084 civitatis
791 3029 931 3086 illius
976 3044 1082 3084 non
1129 3029 1290 3085 habet
1325 3028 1447 3098 jura
1484 3026 1777 3084 nascendo.
1811 3023 1999 3082 Hono-

408 3115 636 3171 randum
689 3133 904 3188 semper
953 3127 1037 3174 est
1088 3118 1232 3190 quod
1287 3134 1484 3175 nomen
1530 3118 1781 3189 gentibus
1820 3117 1997 3184 dedit,

2088 1945 2436 2017 praecipuum.
2483 1943 2559 1999 lbi
2607 1943 2752 1999 enim
2800 1942 3066 2013 reperitur
3108 1949 3167 1996 et
3206 1940 3395 1997 Gazeto
3427 1952 3447 1980 ε
3484 1939 3621 2012 [Cvj.,

2088 2033 2292 2106 Gazeo]
2331 2049 2446 2106 par,
2480 2042 2536 2089 et
2580 2032 2785 2088 Sabino
2829 2032 3023 2095 simile,
3067 2039 3127 2085 et
3172 2031 3368 2099 magnis
3409 2030 3623 2085 odoribus

2091 2126 2378 2195 singulare.
2429 2122 2538 2179 Sed
2575 2124 2700 2194 quia
2739 2122 2868 2178 illud
2906 2120 3106 2176 famam
3152 2121 3253 2177 sibi
3290 2119 3622 2175 nobilissimam

2092 2216 2405 2280 vindicavit,
2446 2215 2550 2271 hoc
2586 2222 2643 2270 et
2679 2214 2733 2268 in
2768 2229 2867 2269 suo
2894 2225 3095 2282 genere
3125 2211 3281 2266 nimis
3304 2209 3500 2278 elegans
3522 2223 3623 2277 pcr-

2093 2312 2360 2380 quiratur,
2391 2323 2458 2364 ne
2496 2307 2779 2379 prudentia
2826 2305 3098 2375 majorum
3144 2300 3339 2372 aliquid
3374 2299 3628 2370 appellasse

2094 2403 2342 2457 videatur
2387 2399 2759 2471 improprium.
2808 2396 2908 2452 Est
2959 2396 3105 2451 enim
3159 2394 3303 2449 suavi
3356 2389 3628 2463 pinguedine

2096 2496 2331 2550 molliter
2376 2509 2617 2550 crassum
2663 2490 2802 2566 [Gr.,
2847 2489 2991 2561 (111).,
3037 2486 3167 2544 Nic.
3206 2497 3255 2542 et
3291 2485 3406 2551 σα..
3444 2479 3626 2553 satum},

2096 2586 2384 2641 vivacitate
2408 2583 2792 2651 firmissimum,
2813 2597 2945 2637 nare
2965 2581 3282 2645 violentum,
3303 2577 3514 2634 candore
3528 2590 3632 2645 quo-

2099 2691 2206 2747 que
2231 2677 2610 2747 perspicuum;
2639 2673 2784 2745 quod
2814 2673 2887 2727 ita
2915 2671 3129 2727 redolet
3167 2685 3264 2725 ore
3302 2674 3560 2728 ructatum,
3585 2670 3633 2717 ut

2098 2772 2293 2827 merito
2338 2770 2417 2826 illi
2456 2785 2487 2826 a
2526 2770 2701 2841 palma
2731 2783 2928 2826 nomen
2957 2768 3209 2824 videatur
3237 2765 3535 2836 impositum.
3563 2760 3645 2825 νὴ

2100 2878 2253 2919 scera
2288 2863 2498 2919 defecta
2539 2862 2878 2932 constringit,
2913 2860 3139 2916 vulnera
3181 2856 3385 2915 madida
3417 2854 3632 2916 desiccat,

2100 2960 2301 3016 lassum
2330 2958 2504 3014 reficit
2532 2964 2753 3028 pectus;
2786 2964 2843 3011 et
2878 2954 3020 3024 quod
3049 2954 3142 3009 vix
3168 2950 3417 3022 praevalet
3452 2944 3635 3014 implere

2101 3058 2262 3123 potos
2290 3057 2407 3105 arte
2434 3047 2788 3119 compositus,
2829 3045 2922 3100 hic
2960 3041 3281 3098 naturaliter
3307 3042 3508 3110 przestat
3529 3031 3638 3088 infe-

2102 3148 2244 3198 ctus.
2291 3138 2398 3196 Sed
2448 3138 2670 3209 provide
2720 3144 2781 3192 ut
2830 3133 3173 3207 supradictas
3222 3130 3423 3202 species
3459 3132 3639 3184 exactas

407 3208 623 3276 quando
664 3209 843 3279 potior
888 3213 943 3266 in
988 3211 1239 3268 humanis
1276 3211 1440 3267 rebus
1469 3210 1728 3276 redditur,
1758 3208 1824 3265 de
1852 3208 2004 3279 cujus
2033 3216 2079 3279 C
2108 3233 2306 3288 debeas
2348 3208 2622 3286 ἀθείίηπε
2645 3268 2660 3292 ,
2696 3226 2822 3297 quia
2861 3225 2973 3280 falli
3000 3238 3110 3280 non
3142 3234 3432 3294 possumus,
3459 3216 3537 3288 qui
3557 3214 3639 3268 hoc

407 3299 608 3371 aliquid
659 3301 903 3358 claritate
947 3312 1252 3374 praestatur.
1311 3303 1529 3360 Munera
1584 3304 1685 3359 ista
1737 3303 2001 3370 Quiritum

408 3399 554 3447 sunt.
584 3391 702 3449 Non
730 3393 992 3465 subripiat
1020 3395 1198 3451 locum
1229 3394 1382 3452 liberi
1420 3394 1634 3451 fortuna
1678 3395 1907 3451 servilis.
1938 3394 1997 3449 ln

409 3479 747 3549 iitajestatem
769 3481 998 3539 Romani
1019 3484 1201 3555 populi
1224 3491 1431 3557 peccat,
1456 3484 1545 3554 qui
1568 3483 1842 3553 sanguinis
1863 3483 2006 3540 illius

410 3572 698 3648 puritatem
719 3574 1325 3634 famulorumsocietate
1353 3577 1711 3634 commaculat
1736 3586 1789 3632 ι.

983 3704 1314 3762 EPISTOLA
1342 3705 1452 3760 XII.

413 3808 701 3852 ANASTASIO
735 3812 1103 3855 CANCBLLARIO
1141 3815 1384 3856 LUCANIE
1422 3814 1492 3854 ET
1519 3813 1823 3854 BRUTIORUI
1851 3813 2011 3854 SENA-

819 3885 924 3924 ‘l‘OB
950 3886 1269 3926 PBJBPECTUS
1300 3884 1601 3925 PB‘ETORIO.

416 3954 625 4012 Laudat
669 3958 927 4026 imprimis
974 3962 1146 4014 vinum
1189 3959 1603 4026 Palmatianum,
1633 3973 1832 4012 necnon
1867 3956 2013 4013 Sila-

485 4043 608 4107 mtm
638 4043 845 4111 caseum
862 4037 954 4111 :3}
976 4030 1122 4111 jubet
1142 4041 1198 4083 ut
1227 4038 1505 4111 utrumque.
1524 4027 1594 4082 ad
1616 4027 1791 4081 aulam
1817 4029 2013 4099 regiam

489 4097 794 4151 mittendum
824 4097 1099 4153 sollicitius
1126 4099 1410 4171 pcrquirat.

492 4202 627 4260 Cum
657 4206 797 4278 apud
826 4223 1004 4263 rerum
1035 4208 1312 4264 dominum
1342 4209 1567 4265 solemni
1599 4224 1749 4264 more
1778 4205 2016 4278 prande-

422 4312 625 4359 remus,
653 4306 711 4351 et
750 4298 978 4354 diversa:
1030 4299 1319 4371 provinciae
1353 4298 1420 4355 de
1459 4300 1571 4356 suis
1599 4299 1804 4355 deliciis
1833 4297 2018 4353 lauda-

424 4395 631 4450 rentur,
656 4386 727 4441 ad
753 4387 876 4443 vina
906 4387 1214 4445 Brutiorum
1242 4400 1296 4446 et
1316 4389 1485 4445 Silani
1507 4390 1649 4447 casei
1671 4390 2014 4453 suavitatem,

426 4483 698 4538 currente,
730 4483 789 4530 ut
819 4478 1039 4546 assolet,
1069 4493 1339 4545 sermone,
1385 4488 1701 4550 perventum
1731 4488 1841 4546 est;
1872 4476 2020 4551 quod

427 4561 716 4620 herbarum
743 4564 1002 4623 beneflcio
1033 4576 1179 4623 tanta
1209 4569 1281 4624 ibi
1312 4578 1516 4624 natura:
1538 4568 1875 4638 iucunditate
1893 4582 2018 4624 con-

431 4652 629 4720 ficitur,
660 4662 719 4709 ut
758 4670 868 4710 non
913 4656 1103 4712 credas
1147 4657 1340 4714 deesse
1387 4657 1562 4713 mellis
1596 4665 1832 4727 gustum,
1863 4671 2025 4728 quem

426 4746 575 4801 nulla
604 4746 873 4816 conspicis
902 4747 1162 4817 qualitate
1209 4748 1554 4819 permixtum.
1586 4746 1766 4803 Manat
1807 4746 1918 4802 illic
1949 4746 2026 4801 le-

428 4839 570 4894 viter
599 4848 950 4909 provocatum
985 4839 1070 4895 lac
1101 4840 1356 4896 uberibus
1385 4839 1660 4907 fistulosis,
1692 4848 1748 4909 et
1788 4839 1940 4908 quasi
1968 4840 2023 4894 in

428 4931 568 4987 alios
611 4939 826 4987 ventres
869 4940 1076 4986 naturae
1104 4932 1351 4987 ubertate
1380 4929 1693 4994 collectum,
1722 4944 1831 4984 non
1860 4928 2025 4998 guttis

430 5020 663 5090 impluit,
689 5020 784 5078 sed
804 5021 1123 5092 quibusdam
1152 5021 1448 5092 repentinis
1475 5019 1802 5076 torrentibus
1834 5016 2025 5074 inﬂue-

430 5110 537 5164 scit
576 5107 713 5183 [.4c.,
748 5111 1097 5184 intumescit].
1126 5110 1357 5167 Redolet
1390 5110 1568 5166 suavis
1595 5116 1653 5164 et
1681 5109 1862 5165 varius
1888 5108 2026 5164 odor

435 5199 742 5269 bet-barum,
774 5203 993 5260 naribus
1038 5203 1345 5274 agnoscitur
1387 5201 1657 5275 pecudum
1694 5209 1901 5273 pastus,
1929 5201 2023 5272 qui

510 5440 537 5468 ι
551 5427 684 5484 Vide
699 5441 817 5496 quae
843 5426 910 5482 de
932 5426 1312 5497 donationibus
1328 5426 1527 5483 Tiberii
1547 5425 1807 5497 principis
1834 5422 2024 5480 scribit

439 5499 752 5581 Dion.,_lib..
775 5513 899 5559 Lvn,
934 5511 1055 5620 pag.
1085 5498 1208 5552 787.
1239 5496 1433 5579 lnam:

512 5570 538 5609 ιι
581 5568 699 5620 Vni.
739 5584 792 5620 tn
830 5569 974 5620 hunc
1034 5583 1191 5620 ocum
1239 5567 1433 5620 Barom

512 5570 538 5609 δ
581 5568 699 5623 Vid.
739 5568 792 5621 in
830 5569 974 5622 hunc
1016 5568 1066 5620 lo

581 5568 699 5623 Vid.
739 5568 792 5621 in
830 5564 974 5622 hunc
1011 5564 1191 5623 locum
1239 5567 1548 5633 Baronium,
1592 5574 1725 5622 tom.
1775 5564 1908 5631 Vlll,
1953 5564 2020 5619 ad

560 5639 686 5692 (1hr.
720 5636 844 5692 591.
878 5651 997 5692 Dag.
1031 5636 1119 5691 2|.
1150 5635 1343 5691 Junnr.

442 5656 529 5696 an.
560 5655 686 5692 (δην.
720 5655 844 5698 θυι,

878 5651 997 5717 pag.
1031 5636 1119 5717 ἓξ.
1150 5635 1343 5717 itinera.
1567 5705 1610 5717 __
1828 5704 1859 5717 μ

517 5719 540 5747 ε
580 5706 763 5761 ϐίηοιί
787 5702 894 5759 vini
924 5702 1125 5760 mentio
1157 5705 1214 5761 fit
1243 5722 1273 5760 a
1297 5706 1521 5772 Gregor.
1567 5705 1794 5771 Turon.,
1828 5704 1918 5757 lib.
1951 5702 2020 5757 de

447 5778 629 5837 Gloria
656 5774 909 5845 confess,
938 5791 1057 5844 cap.
1087 5775 1121 5831 5
1150 5785 1205 5832 et
1231 5775 1296 5844 6;
1331 5792 1361 5831 a
1391 5776 1578 5835 Sidon.
1611 5775 1786 5847 Apoll.
1816 5774 1869 5829 in
1897 5788 2016 5829 car-

2105 3324 2392 3397 patriotica
2442 3322 2674 3378 veritate
2721 3319 2863 3393 [ms.,
2913 3313 3205 3386 varietate]
3252 3313 3540 3369 retinemus.
3579 3302 3642 3359 Ad

2106 3432 2342 3489 pnesens
2367 3415 2509 3470 enim
2535 3413 2603 3469 de
2625 3411 2859 3468 cellariis
2881 3409 3082 3465 nostris
3109 3421 3232 3477 qua:
3256 3400 3647 3489 desiderabantur

2108 3508 2419 3564 obtulimus.
2469 3505 2550 3560 Tu
2594 3512 2774 3560 autem
2824 3511 2916 3558 tuo
2961 3500 3204 3574 periculo
3237 3494 3496 3553 dissimilia
3520 3488 3644 3553 facis,

2108 3621 2336 3678 quorum
2362 3603 2473 3675 jam
2499 3600 2701 3674 judicia
2728 3599 2902 3657 teneri
2930 3613 3092 3670 posse
3120 3592 3416 3666 cognoscis.

2738 3714 2896 3788 194
2931 3712 3069 3768 xm.

2778 3822 3033 3864 EDICTUI.

2114 3924 2182 3980 In
2202 3941 2288 3980 cos
2315 3925 2401 3996 qui
2427 3938 2642 3978 munera
2672 3920 2807 3991 regis
2832 3919 3023 3973 collata
3043 3915 3298 3972 Ecclesiis
3317 3913 3650 3996 subripuerunt.

2190 4012 2299 4069 llsu
2327 3994 2593 4068 contineri
2621 4009 2783 4066 debet
2811 4008 3054 4064 omnium
3086 4006 3307 4076 largitas
3335 4004 3553 4073 impensa
3576 3994 3653 4049 do-

2116 4108 2404 4171 minorum,
2434 4103 2650 4176 quando
2688 4115 2912 4158 necesse
2938 4108 3022 4155 est
3049 4097 3384 4155 universitati
3416 4090 3654 4176 profiteri»

2115 4197 2262 4268 quod
2299 4196 2421 4252 illos
2453 4173 2698 4265 impulsu
2732 4190 3038 4247 Divinitatis
3063 4189 3355 4259 probatum
3384 4182 3527 4239 fuerit

2116 4266 2275 4344 cisse.
2331 4286 2511 4341 Pietas
2565 4281 2832 4353 siquidem
2888 4280 3193 4351 principum
3251 4286 3418 4334 totum
3466 4266 3658 4328 custodit

2118 4377 2421 4450 imperium,
2461 4382 2519 4431 et
2562 4374 2689 4429 dum
2736 4372 2842 4428 illis
2887 4369 3208 4427 vicissitudo
3237 4368 3395 4437 digna
3436 4360 3654 4450 redditur.

2120 4447 2410 4524 incolumia
2469 4463 2779 4535 reipublicae
2839 4462 3082 4517 membra
3137 4465 3437 4515 servantur.
3491 4447 3658 4506 Dudum

2048 4558 2387 4639 Dsiquidem
2436 4554 2735 4626 imperialia
2790 4552 3081 4609 constituta
3138 4564 3241 4621 per
3288 4545 3490 4601 Brutios
3531 4546 3661 4605 atque

2127 4650 2415 4709 Lucaniam
2466 4656 2842 4705 sacrosanctas
2882 4643 3154 4701 Ecclesiae
3206 4642 3384 4711 aliqua
3426 4641 3662 4690 munerum

2126 4743 2415 4800 devotione
2456 4740 2730 4810 juverunt.
2777 4736 2884 4794 Sed
2921 4744 2982 4792 ut
3018 4744 3101 4792 est
3139 4732 3414 4800 sacrilegis
3440 4721 3663 4782 sterilibus

2126 4836 2408 4902 familiare,
2441 4843 2498 4890 et
2536 4834 2588 4887 in
2632 4833 2746 4903 ipsa
2776 4844 2991 4901 quoque
3019 4826 3328 4884 reverentia
3372 4822 3535 4879 divina
3566 4825 3665 4885 pec.

2128 4942 2274 4993 care,
2309 4924 2618 4981 nonnullam
2660 4920 2855 4978 exinde
2893 4926 3101 4991 partem
3147 4912 3559 4972 numerariorum
3585 4915 3661 4956 no-

2131 5019 2275 5073 mine
2328 5012 2659 5073 canonicarii
2715 5010 3148 5074 subtrahebant,
3209 5005 3459 5062 facientes
3505 4994 3665 5050 laieltm

2129 5108 2470 5167 commodum
2502 5104 2854 5163 substantiam
2883 5101 3230 5157 clericorum.
3260 5093 3413 5164 Quod
3443 5087 3570 5146 sedis
3594 5094 3665 5134 no-

2129 5208 2254 5256 stm
2282 5198 2576 5254 numerarii
2612 5195 2986 5252 exsecratione
3022 5188 3333 5248 detestabili
3376 5181 3668 5255 respuentcsi

2129 5424 2275 5479 mine
2298 5420 2386 5488 Π,
2418 5420 2485 5476 ad
2511 5417 2841 5474 Ommatium
2871 5432 2884 5468 :

2250 5536 2373 5585 Vina
2389 5535 2511 5584 mihi
2533 5544 2625 5582 non
2645 5539 2758 5579 sunt
2783 5527 3031 5587 Gazetica,
3051 5522 3196 5584 Chia,
3224 5519 3439 5570 Falerna.

2125 5644 2239 5700 Hoc
2260 5653 2439 5697 autem
2460 5639 2658 5694 dictum
2682 5651 2711 5690 a
2732 5634 2951 5702 regione
2976 5630 3146 5695 Gaza,
3168 5624 3372 5702 scilicet
3390 5612 3663 5702 [ζαιεῳιιε.

2125 5689 2900 5776 ntvscribithlsit-lorus,Origin.
2933 5703 3027 5758 lib.
3056 5689 3147 5767 xx,
3176 5711 3297 5766 cap.
3329 5694 3379 5749 3.
3404 5689 3575 5744 lunas.
