3990 6170
357 144 462 202 865

1633 129 1989 188 VARIABUM
2028 128 2229 186 LIBER
2267 129 2378 186 ΧΠ.

3509 138 3618 197 888

357 273 633 329 nunquam
670 255 770 311 sibi
810 254 1011 310 illatum
1042 251 1201 308 fuisse
1234 256 1541 319 suggerunt,
1577 247 1721 317 quod
1745 246 1810 300 de
1839 244 1931 301 tali
1960 246 2009 306 Δ
2037 245 2125 298 vix
2150 246 2318 315 possit
2345 246 2554 317 aliquos
2581 248 2843 319 cophinos
2872 248 2940 307 de
2965 266 3172 308 summa
3196 252 3440 310 ubertate
3465 271 3612 312 com~

356 352 562 408 scelere
606 362 799 402 manus
845 344 1020 413 impiae
1063 341 1530 397 defraudavernnt.
1575 336 1713 404 Quid
1757 335 1931 390 adhuc

361 441 601 504 minime,
643 436 869 492 audacia
918 436 1172 500 humana,
1200 431 1450 495 tentabis,
1482 429 1529 486 si
1576 436 1631 484 ct
1672 427 1745 482 ibi
1795 426 1934 481 furta

359 531 613 604 porrigis,
644 527 730 581 ubi
764 536 815 580 te
858 524 1077 579 minime
1119 522 1291 576 latere
1334 536 1491 591 posse
1520 517 1834 588 cognoscis?
1866 513 1936 569 Ut

362 621 554 675 illudas
593 617 762 671 oculis
810 615 1034 670 fortasse
1078 612 1410 674 mortalibus,
1452 609 1695 678 quamvis
1733 607 1936 677 iniqua,

361 719 540 763 tmnen
589 706 763 775 aliqua
805 702 1015 756 videtur
1043 699 1385 770 prmsumptio
1414 703 1647 765 :qnanta
1678 710 1806 764 ergo
1834 709 1938 747 cm-

358 798 524 851 citate
571 793 875 856 damnatur,
925 790 1014 859 qui
1060 803 1119 844 se
1166 787 1396 841 aestimat
1439 793 1751 854 perpetrare
1795 780 1940 851 quod

359 890 621 944 Divinitas
648 902 754 941 non
781 885 951 957 possit
978 881 1288 938 advertere!
1322 879 1432 936 Sed
1473 895 1541 934 ne
1582 880 1769 934 similis
1798 879 1938 933 ulte-

357 984 471 1037 rius
498 986 768 1049 grassetur
796 975 933 1032 forte
960 973 1324 1045 prmsumptio,
1351 979 1445 1027 aut
1472 970 1704 1026 divinam
1733 970 1940 1041 patien-

360 1075 490 1128 tiam
542 1070 794 1141 frequens
839 1080 1137 1137 provocare
1188 1063 1358 1134 possit
1407 1078 1677 1126 excessus,
1725 1060 1939 1116 edictali

356 1169 758 1235 programmate
782 1158 1083 1218 deﬁnimus,
1121 1155 1291 1225 utqui
1322 1155 1375 1208 in
1404 1153 1512 1208 hac
1538 1151 1694 1207 fuerit
1718 1151 1940 1206 ulterius

356 1256 549 1313 fraude
577 1264 839 1317 versatus,
870 1259 926 1307 et
966 1251 1153 1306 militia
1200 1255 1421 1310 careat,
1463 1255 1519 1303 et
1562 1243 1939 1315 compendium

357 1347 591 1421 proprize
620 1344 889 1402 facultatis
928 1343 1158 1399 amittat.
1189 1341 1450 1397 Graviore
1489 1338 1748 1407 siquidem
1780 1349 1937 1405 paena

356 1439 677 1512 plectendas
701 1446 787 1507 est
811 1436 901 1508 qui
931 1450 1099 1504 usque
1127 1434 1193 1489 ad
1225 1433 1475 1502 iujuriam
1512 1431 1744 1486 divinam
1786 1443 1938 1482 suam

357 1529 710 1585 nihilominus
759 1526 984 1583 tetendit
1029 1524 1326 1580 audaciam.
1387 1521 1628 1577 Habeant
1678 1535 1941 1589 pauperes

2037 333 2204 403 plere.
2238 335 2296 390 In
2338 336 2511 393 hortis
2556 347 2736 394 autem
2780 341 3101 397 rusticorum
3146 358 3338 414 agmen
3389 346 3619 404 habetur

2037 440 2345 494 operosum,
2373 429 2498 497 quia
2529 429 2648 485 olus
2676 430 2785 486 illic
2811 447 2972 488 omne
3000 448 3252 502 saporum
3290 444 3375 491 est
3411 438 3618 493 marina

2036 515 2358 572 irroratione
2399 534 2720 589 respersum.
2754 520 2908 588 Quod
2946 522 3176 579 humana
3215 524 3475 581 industria
3502 526 3618 584 lieri

2036 610 2335 674 consuevit,
2368 611 2471 666 hoc
2501 627 2623 668 cum
2678 614 2971 669 nutriretur
3014 617 3242 685 accepit.
3271 616 3471 672 Contra
3500 618 3618 674 Ma-v

2037 698 2183 751 rouis
2214 708 2392 754 autem
2424 701 2742 757 sententiam
2772 704 3075 773 intyborum
3110 706 3218 761 illic
3247 704 3392 762 librze
3418 707 3622 765 dulcis-

2036 788 2186 842 simae
2233 797 2375 856 sunt,
2424 805 2548 860 qua:
2587 793 2889 861 prmeinctze
2929 792 3070 851 foliis
3119 797 3373 852 tortuosis
3417 798 3619 855 callosa

2039 881 2400 938 teneritudine
2445 883 2836 952 conglobantur
2886 902 2899 939 :
2948 888 3088 940 unle
3135 887 3187 940 in
3241 902 3444 944 morem
3492 890 3619 945 nitri

2040 970 2180 1038 [Ac.,
2223 970 2368 1044 vitri]
2406 972 2607 1043 aliquid
2649 974 2960 1046 decerptum
3008 977 3287 1049 frangitur,
3320 979 3458 1037 dum.
3481 997 3512 1036 a
3544 982 3622 1037 fe-

2038 1063 2214 1119 cundo
2261 1067 2465 1136 cespite
2510 1079 2844 1137 segregatur.
2900 1070 2994 1127 llis
3040 1073 3391 1140 victualibus,
3441 1077 3487 1133 si
3540 1080 3623 1134 vis

2039 1169 2224 1223 nosse,
2252 1157 2402 1226 regio
2431 1157 2518 1212 illa
2548 1157 2770 1214 fecunda
2803 1170 2913 1226 est;
2941 1175 3061 1217 nam
3090 1171 3146 1217 et
3172 1164 3390 1219 marinis
3411 1166 3623 1222 deliciis

2039 1248 2259 1317 copiosa
2299 1248 2636 1317 jucunditate
2664 1251 2970 1321 perfruitur,
3001 1254 3125 1322 quia
3154 1255 3229 1310 ibi
3256 1271 3408 1312 mare
3434 1274 3624 1327 super-

2042 1353 2167 1392 num
2199 1354 2262 1404 ac
2299 1338 2586 1405 infernum,
2616 1343 2830 1397 insertis
2859 1342 3123 1400 frontibus
3148 1347 3462 1416 adunatum,
3488 1350 3624 1405 deli-

2041 1431 2151 1489 cias
2178 1433 2456 1501 utriusque
2485 1434 2656 1503 pelagi
2688 1435 2739 1489 in
2771 1451 2927 1490 unam
2963 1440 3432 1506 congregationem
3473 1443 3627 1496 sinus

2043 1520 2124 1574 sui
2153 1521 2485 1576 volubilitate
2529 1522 2791 1591 perducit.
2840 1523 3070 1580 Necesse
3116 1535 3200 1581 est
3244 1528 3385 1582 enim
3423 1528 3532 1585 illic
3568 1538 3627 1584 et

357 1620 504 1675 dona
549 1616 913 1687 regnantium;
955 1614 1263 1685 possideant
1307 1609 1527 1680 aliquid,
1564 1609 1758 1679 quibus
1797 1609 1939 1663 nulla
1976 1600 2016 1656 Β
2044 1608 2217 1676 pisces
2255 1624 2570 1679 properare,
2614 1611 2702 1666 ubi
2740 1621 2952 1668 constat
2992 1622 3047 1670 et
3089 1615 3286 1670 undam
3324 1632 3485 1686 posse
3525 1619 3629 1673 de-

358 1709 589 1766 facultas
614 1717 716 1762 est.
760 1707 870 1762 Cur
903 1705 1076 1760 aliena
1118 1702 1415 1759 substantia
1460 1700 1512 1755 in
1559 1699 1720 1768 regali
1769 1699 1942 1769 posita

356 1800 610 1869 largitate
639 1796 984 1869 pervaditur?
1010 1793 1285 1850 Possessio
1314 1792 1430 1862 ejus
1456 1790 1710 1861 principis
1751 1803 1943 1844 munus

357 1898 463 1947 est.
496 1887 955 1957 Quemadmodum
986 1892 1276 1957 pratsumat
1322 1883 1594 1951 subjectus
1631 1882 1944 1949 contingere

357 1978 504 2048 quod
552 1977 664 2033 Deo
707 1975 927 2046 respicit
970 1972 1325 2029 humilitatem
1364 1970 1686 2025 dominantis
1716 1968 1944 2023 olferre?

357 2067 591 2123 Additur
619 2066 761 2137 quod
812 2064 1005 2119 talibus
1051 2079 1161 2119 non
1202 2063 1351 2127 dare,
1393 2061 1579 2117 tulisse
1610 2068 1721 2127 est;
1751 2069 1805 2114 et
1832 2074 1944 2112 me-

356 2159 491 2226 rito,
528 2156 745 2227 quando
781 2154 873 2224 qui
920 2162 1098 2225 potest
1137 2152 1496 2209 esurientibus
1542 2149 1850 2211 subvenire,
1897 2147 1943 2202 si

358 2266 469 2306 non
514 2250 707 2321 pascit,
751 2248 1060 2316 exstinguit.
1108 2244 1312 2300 Pudeat
1358 2243 1462 2297 illis
1508 2241 1716 2305 tollere,
1753 2238 1946 2308 quibus

351 2340 609 2412 iubemur
646 2339 862 2395 offerre.
897 2335 1044 2392 Ultra
1091 2350 1278 2391 omnes
1324 2331 1671 2387 crudelitates
1699 2338 1781 2383 est
1808 2326 1943 2382 divi-

358 2444 470 2489 tem
496 2432 638 2487 vclle
668 2431 779 2486 fieri
807 2431 875 2485 de
898 2428 1188 2498 exiguitate
1211 2425 1460 2482 mendici.
1492 2423 1751 2485 Amentur
1777 2422 1945 2476 hone-

357 2533 442 2580 sta
471 2522 646 2586 lucra,
689 2522 1012 2577 horreantur
1053 2519 1309 2574 damnosa
1353 2514 1669 2587 compendia
1715 2532 1728 2566 :
1770 2513 1947 2568 nullus

358 2613 560 2669 audeat
596 2612 718 2668 inde
749 2612 938 2668 tollere
965 2611 1110 2682 quod
1146 2609 1315 2680 possit
1358 2609 1585 2664 collecta
1616 2606 1942 2676 dispergere.

358 2702 626 2760 Addendo
654 2703 849 2774 perdit,
877 2702 968 2772 qui
998 2699 1275 2755 retinendo
1303 2698 1607 2766 collegerit;
1636 2705 1691 2751 et
1720 2709 1950 2765 pauper-

361 2803 530 2850 tatem
579 2795 758 2865 potius
802 2793 869 2850 ad
908 2808 969 2850 se
1014 2792 1198 2869 trahit,
1238 2791 1282 2847 si
1326 2790 1650 2859 exigendum
1695 2786 1948 2859 pecunias

361 2901 474 2941 non
512 2885 744 2956 repellit.

899 3015 1231 3072 EPISTULA
1268 3014 1407 3069 XIV.

355 3124 652 3166 ΔΕΔΒΤΔΒΙΟ
679 3123 1043 3164 οΑΝοειιΑιιιο
1073 3122 1311 3161 ΙιυΩΛΝΙιΕ
1344 3121 1410 3158 ΕΤ
1442 3117 1745 3158 πλυτιοιιωι
1782 3118 1946 3158 SENA-

758 3194 859 3235 TOR
891 3193 1209 3232 PREFECTUS
1239 3190 1533 3230 Ριυετοῐιιο.

359 3290 625 3346 Describit
670 3289 1003 3360 Rhegiensem
1030 3287 1308 3360 regionem,
1341 3285 1648 3360 etproltibel
1676 3286 1948 3360 quominus

432 3361 664 3415 laridum
714 3355 1037 3412 et'triticum
1089 3355 1154 3409 ob
1207 3373 1268 3409 ea
1321 3355 1561 3425 deinceps
1615 3356 1948 3424 coemptionis

434 3432 645 3485 nomine
673 3429 1019 3500 postulentur.

438 3542 771 3610 Rbegienses
797 3541 963 3604 cives,
988 3538 1160 3592 ultimi
1187 3536 1513 3601 Brutiorum,
1539 3550 1675 3606 quos
1702 3552 1733 3591 a
1755 3536 1949 3592 Siciliae

362 3649 598 3704 corpore
626 3631 842 3687 violenti
870 3628 1140 3700 quondam
1176 3628 1339 3683 maris
1368 3627 1599 3696 impetus
1626 3627 1947 3695 segregavit,

364 3724 515 3781 inde
554 3723 741 3777 civitas
774 3735 961 3777 eorum
991 3734 1187 3775 nomen
1216 3719 1425 3787 accepit
1454 3718 1663 3786 (divisio
1686 3718 1829 3772 enim
1854 3720 1949 3792 ῥή-

363 3838 477 3892 γων
519 3812 704 3868 Graeca
751 3811 929 3882 lingua
977 3809 1290 3879 vocitatur),
1338 3808 1518 3878 iniqua
1562 3817 1853 3877 suggerunt
1890 3824 1949 3864 se

364 3915 682 3964 exactorum
730 3904 1144 3975 praesumptione
1188 3903 1395 3971 fatigari
1426 3902 1814 3973 :implorantes
1841 3918 1948 3958 non

365 3997 604 4061 aurium,
636 3994 1037 4050 sedoeulorum
1066 4002 1372 4048 nostrorum
1412 4001 1540 4047 nota
1574 3992 1831 4056 remedia,
1858 3991 1949 4060 qui

366 4100 660 4157 possumus
686 4086 824 4140 scire
853 4082 1183 4138 territorium
1215 4097 1404 4137 eorum
1432 4080 1575 4150 quod
1613 4082 1816 4152 petitur
1841 4097 1950 4138 non

366 4176 595 4231 habere.
632 4172 726 4230 Est
768 4173 909 4229 enim
957 4172 1224 4228 montanis
1264 4171 1457 4241 lapillis
1486 4179 1626 4226 terra
1654 4171 1949 4238 rarissima,

366 4262 525 4320 arida
570 4262 807 4334 pascuis,
836 4262 930 4317 sed
959 4261 1165 4317 undosa
1194 4260 1504 4327 vindemiis;
1543 4261 1813 4328 segetibus
1850 4261 1948 4315 ad-

364 4368 549 4417 versa,
590 4352 686 4408 sed
732 4352 886 4407 olivis
930 4350 1274 4407 accommoda
1308 4369 1322 4405 :
1353 4358 1408 4405 et
1450 4350 1572 4406 ideo
1598 4352 1805 4406 cultura
1833 4352 1949 4422 ejus

364 4444 550 4500 omnis
588 4445 644 4498 in
684 4442 909 4498 sarculis
950 4451 1052 4508 est,
1083 4441 1209 4512 quia
1247 4441 1559 4511 superﬁcies
1600 4441 1766 4510 ipsius
1806 4442 1946 4498 sicca

364 4536 582 4591 nutrire
629 4551 734 4590 non
780 4535 922 4590 valet
970 4548 1202 4604 superne
1248 4534 1539 4589 nascentia.
1578 4533 1812 4603 Tergore
1840 4535 1949 4591 illic

365 4642 505 4698 ager
530 4624 722 4689 nudus,
754 4624 1009 4679 industria
1047 4624 1226 4692 potius
1262 4637 1421 4691 quam
1469 4630 1658 4676 natura
1703 4624 1945 4679 vestitur.

366 4718 506 4772 Nam
538 4713 789 4769 Palladia:
817 4714 963 4768 silva:
988 4712 1257 4767 viriditate
1284 4711 1606 4779 contegitur,
1629 4712 1719 4780 qui
1751 4713 1802 4765 in
1830 4712 1949 4766 solo

364 4807 708 4863 aridissimus
734 4805 1079 4876 approbatur.
1108 4803 1326 4858 Talibus
1355 4804 1496 4858 enim
1539 4804 1676 4860 locis
1702 4804 1790 4859 illa
1821 4819 1950 4874 pro-

366 4899 580 4963 ﬁciunt,
609 4913 729 4968 quae
770 4896 1041 4951 radicibus
1082 4894 1322 4965 proceris
1367 4893 1435 4947 ad
1484 4894 1628 4948 humi
1676 4896 1953 4964 penetrale

362 4989 724 5045 descendunt.
738 4987 959 5056 Segetes
983 4988 1238 5054 rigantur,
1257 4993 1317 5039 ut
1338 4986 1543 5049 vivant;
1569 4994 1624 5038 et
1645 4986 1953 5044 conditione

362 5088 579 5134 mutata
619 5077 725 5132 hoc
760 5076 938 5131 aristis
966 5074 1310 5144 impenditur.
1342 5073 1486 5140 quod
1526 5073 1759 5127 oleribus
1797 5075 1952 5130 exhi-

365 5170 553 5224 betur.
583 5165 793 5233 Quanta
832 5178 987 5235 seges
1024 5173 1127 5232 est,
1161 5178 1281 5234 qua:
1317 5177 1478 5216 manu
1518 5162 1785 5230 colligitur
1809 5163 1948 5235 [Ac.,

365 5254 629 5327 colitur]?
658 5255 801 5310 Raro
829 5255 938 5310 illic
972 5254 1039 5308 ab
1075 5268 1199 5308 area
1240 5252 1386 5307 venit
1425 5252 1661 5306 humeris
1699 5262 1951 5321 gravatus

366 5346 637 5416 agricola,
677 5355 738 5404 ut
777 5362 885 5401 non
933 5359 1134 5399 messes
1162 5345 1214 5398 in
1242 5343 1451 5397 horreis
1491 5343 1825 5412 colligantur,
1857 5344 1952 5399 sed

450 5490 476 5518 ι
520 5480 617 5550 Est
660 5479 820 5550 piscis
839 5548 845 5550 _
867 5492 1043 5550 genus
1072 5480 1143 5533 ita
1173 5494 1202 5532 a
1230 5477 1427 5536 Cra-cis
1457 5480 1558 5534 illis
1586 5481 1674 5548 qui
1707 5481 1945 5535 ultimam

361 5566 529 5610 oram
578 5547 794 5604 Grz'rcize
837 5548 889 5603 in
934 5547 1080 5602 Italia
1133 5550 1446 5604 accolehaut
1494 5547 1767 5608 vocatum.
1821 5551 1943 5617 quia

365 5620 604 5680 fundum
630 5620 790 5676 maris
818 5620 1068 5676 deserere
1091 5619 1222 5676 solet
1246 5659 1263 5686 ,
1291 5631 1345 5675 ut
1376 5622 1425 5675 in
1453 5635 1718 5677 sumntum
1746 5630 1945 5685 enatat,

2045 1696 2231 1754 liuere.
2284 1699 2629 1756 Exormiston
2686 1704 2714 1734 ⁸
2760 1718 2977 1776 quoque
3020 1707 3163 1762 inter
3206 1708 3381 1778 pisces
3422 1711 3628 1779 regium

2044 1803 2233 1859 genus,
2266 1807 2487 1862 compar
2513 1794 2753 1849 murenis
2801 1812 3032 1866 corpore
3055 1798 3141 1853 vel
3178 1800 3360 1856 colore
3400 1800 3628 1869 distans,

2046 1882 2264 1935 naribus
2287 1884 2504 1952 setosis,
2534 1884 2800 1941 colostrea
2835 1887 3062 1944 delicata
3092 1893 3452 1949 teneritudine
3492 1910 3629 1965 ιιι-ω-

2045 1971 2234 2041 ditum,
2263 1974 2448 2030 oleoso
2487 1990 2554 2031 ac
2598 1978 2748 2033 suavi
2794 1979 3002 2049 liquore
3028 1983 3390 2052 coagulatum,
3417 1987 3628 2057 appeti-

2044 2061 2166 2116 bilis
2201 2072 2460 2133 grataque
2504 2066 2791 2136 pinguedo,
2832 2082 2955 2122 cum
2996 2070 3201 2138 spumis
3244 2070 3628 2129 ﬂuctuantibus

2047 2155 2188 2209 inter
2216 2157 2359 2211 aeris
2383 2156 2614 2212 conﬁnia
2642 2159 2867 2228 cmperit
2886 2170 3129 2226 enatare,
3152 2164 3323 2218 nescit
3344 2164 3411 2218 ad
3433 2166 3627 2221 cubilia

2046 2246 2221 2302 redire
2244 2262 2364 2317 qua:
2388 2248 2624 2303 deserit:
2652 2249 2834 2316 credo,
2859 2258 2953 2305 aut
2978 2251 3263 2307 immemor
3282 2255 3625 2320 reversionis,

2048 2345 2160 2405 aut,
2192 2338 2553 2395 teneritudine
2578 2356 2785 2397 summa
2822 2342 3082 2410 mollitus,
3113 2345 3301 2414 nequit
3330 2344 3485 2399 undis
3512 2346 3628 2400 ele-

2046 2429 2297 2487 vantibus
2342 2431 2614 2486 contraria
2660 2433 3024 2489 obluctatione
3070 2436 3413 2505 demergere;
3462 2436 3630 2491 fertur

2047 2519 2196 2574 velut
2221 2534 2417 2589 corpus
2437 2521 2702 2587 exanime,
2732 2524 2891 2579 nullis
2915 2525 3119 2580 nisibus
3142 2526 3459 2595 periculum,
3484 2529 3629 2582 nulla

2049 2616 2167 2663 arte
2194 2608 2476 2678 devitans;
2504 2618 2559 2667 et
2594 2611 2721 2667 hinc
2750 2612 2952 2668 viribus
2976 2613 3284 2683 destitutus,
3316 2615 3493 2670 redire
3522 2632 3629 2670 non

2048 2701 2306 2769 creditur,
2330 2704 2456 2773 quia
2487 2718 2587 2760 nec
2625 2703 2807 2773 tngere
2846 2720 3007 2775 posse
3042 2709 3291 2762 sentitur.
3338 2706 3437 2762 ilic
3473 2709 3633 2778 plane

2052 2802 2210 2849 tanta:
2234 2794 2530 2851 dulcedinis
2553 2810 2674 2851 esse
2699 2794 3044 2865 dignoscitur,
3076 2807 3134 2851 ut
3159 2798 3208 2852 ei
3227 2813 3388 2853 nemo
3406 2794 3640 2867 piscium

2050 2894 2412 2955 comparetur.
2444 2884 2570 2942 Haec
2597 2894 2725 2941 sunt
2753 2887 2804 2940 in
2844 2886 3027 2941 littore
3075 2885 3317 2955 Rhegino
3345 2901 3464 2955 qum
3493 2890 3632 2942 dixi-

1972 2964 2015 3026 C
2048 2993 2195 3041 nius;
2222 2976 2366 3046 quod
2417 2991 2524 3032 non
2565 2977 2672 3032 alio
2713 2976 2979 3033 referente
3014 2979 3385 3047 cognovimus,
3415 2980 3515 3032 etsi
3547 2982 3627 3034 vi~

2048 3067 2180 3121 suali
2216 3068 2535 3136 probatione
2566 3068 2875 3123 retinemus.
2908 3068 3245 3139 Quapropter
3282 3069 3436 3124 laridi
3465 3078 3632 3140 atque

2050 3158 2210 3213 tritici
2240 3157 2470 3228 species,
2496 3158 2655 3215 nullis
2680 3161 3009 3230 temporibus
3035 3162 3390 3231 coemptionis
3413 3164 3632 3219 nomine

2048 3249 2172 3306 inde
2219 3250 2558 3306 decernimus
2607 3252 2883 3320 postulari,
2926 3252 3050 3323 quia
3100 3253 3257 3309 nimis
3299 3256 3633 3309 calunmiose

2047 3344 2266 3414 petitur,
2316 3343 2458 3414 quod
2509 3342 2612 3398 loci
2658 3343 2921 3399 beneﬁcio
2971 3359 3079 3399 non
3128 3344 3373 3399 habetur.
3427 3344 3634 3400 Deinde

2048 3435 2296 3493 sufﬁcere
2323 3437 2485 3491 debet
2513 3434 2757 3491 defensio
2781 3436 3024 3491 veritatis
3052 3445 3107 3489 et
3137 3437 3499 3491 testimonium
3543 3436 3632 3505 ju-

2049 3528 2201 3592 dicis,
2228 3528 2353 3595 quia
2367 3526 2523 3581 nimis
2543 3526 2872 3581 exsecrabile
2898 3526 3096 3580 malum
3119 3534 3219 3591 est,
3247 3527 3313 3592 si,
3342 3541 3462 3580 cum
3486 3527 3633 3581 aliud

2050 3618 2262 3673 noverit
2293 3617 2644 3682 conscientia,
2676 3616 2819 3670 aliud
2867 3616 3043 3686 lingua
3086 3616 3359 3671 decernat.
3403 3617 3632 3673 Additur

2049 3709 2211 3764 etiam
2232 3706 2376 3777 quod
2399 3708 2563 3761 tantis
2582 3708 2997 3762 commeantium
3021 3705 3270 3776 fatigatur
3291 3706 3630 3773 adventibus,

2050 3810 2197 3855 tanta
2235 3800 2633 3856 excurrentium
2676 3799 3000 3854 laceratione
3028 3798 3317 3865 deteritur,
3374 3807 3432 3853 ut
3465 3799 3633 3853 ratio-

2050 3895 2299 3949 nabiliter
2335 3893 2411 3947 illi
2450 3892 2649 3946 remitti
2675 3890 2970 3957 debuisset,
3001 3890 3086 3946 vel
3110 3891 3254 3960 quod
3282 3889 3424 3960 apud
3463 3891 3633 3960 ipsam

2052 3986 2198 4041 nasci
2225 3999 2385 4055 posse
2412 3982 2608 4058 [Grut.,
2642 3982 2781 4053 Cuj.,
2813 3980 2965 4050 Nir.,
2996 3979 3124 4050 6a.,
3152 3996 3260 4037 non
3295 3979 3476 4051 posse]
3504 3996 3635 4037 com

2049 4086 2238 4133 staret.

2485 4212 2639 4282 195
2677 4208 3005 4263 EPISTOLA
3046 4207 3157 4263 xv.

1977 4319 2255 4382 DMAXIMO
2311 4317 2432 4358 νιειο
2484 4315 2816 4361 ειΑιιιεευιο,
2867 4312 3226 4353 ελπωίιλκιο
3271 4312 3510 4354 ιυωκυε
3564 4316 3635 4354 ET

2197 4388 2522 4440 Βιιυτιοκυδι,
2551 4384 2788 4426 εεΝΑτοιι
2834 4383 3152 4423 ΡΒΑΕΡΕΕΤΙΙΒ
3182 4381 3477 4423 PRETOBIO.

2052 4488 2306 4543 Describ't
2330 4486 2505 4539 urbem
2535 4482 2846 4554 Scyllncium
2875 4479 3097 4554 patnLam
3140 4496 3315 4554 suam,
3348 4488 3395 4533 et
3439 4480 3637 4554 vivaria

2123 4575 2235 4629 qme
2256 4559 2323 4610 ad
2338 4547 2720 4629 pedemgiloscii
2741 4547 2927 4629 montis
2949 4549 3218 4629 e/foderat.
3246 4547 3375 4629 Tum
3395 4551 3633 4629 clamitant

2120 4621 2185 4681 [te
2232 4621 2590 4697 pararemus,
2658 4622 2881 4675 annonis
2928 4631 2978 4674 et
3029 4621 3355 4690 pulveralicis
3393 4621 3632 4693 judicans

2122 4699 2294 4753 edicit.

2070 4799 2078 4805 '
2122 4791 2442 4865 Scyllacium
2466 4787 2638 4858 prima
2664 4785 2871 4839 urbium
2900 4782 3203 4837 Brutiomm
3221 4819 3239 4845 ,
3264 4795 3425 4850 quam
3456 4780 3499 4834 Τ
3504 4780 3634 4849 rojm

2053 4884 2353 4940 destructor
2370 4878 2585 4950 Ulysses
2597 4874 2835 4931 creditur
2847 4872 3164 4937 condidisse,
3191 4871 3635 4926 irrationabiliter

2053 4977 2248 5032 dicitur
2274 4968 2708 5044 pmsumentium
2740 4966 3013 5020 nimietate
3057 4962 3261 5026 vexari,
3302 4962 3445 5031 quod
3476 4964 3634 5019 nobis

2054 5063 2458 5139 prmsidentibus
2483 5076 2591 5116 non
2614 5059 2938 5127 oportuisset
2967 5054 3199 5108 assumi:
3226 5054 3350 5122 quia
3382 5054 3636 5109 laniones

2055 5157 2173 5225 ejus
2215 5153 2455 5221 cogimur
2484 5151 2602 5221 plus
2638 5148 2844 5210 dolere,
2881 5146 3004 5199 dum
3049 5145 3329 5214 patriotica
3367 5159 3468 5199 nos
3504 5160 3633 5213 pro—

2055 5249 2212 5303 batur
2260 5245 2542 5300 all'cctione
2588 5240 2921 5306 eoatingere.
2988 5236 3189 5291 Civitas
3234 5251 3397 5304 supra
3452 5236 3632 5289 sinunt

2057 5337 2386 5396 Adriaticum
2413 5331 2726 5396 constituta,
2775 5329 2828 5383 in
2873 5325 3089 5381 modum
3129 5325 3406 5395 botryonis
3435 5324 3634 5395 pendet

2054 5478 2195 5550 quod
2240 5476 2437 5532 dicitur
2478 5469 2692 5550 proprie
2718 5468 2786 5550 de
2813 5467 2930 5550 navi
2973 5465 3209 5550 sublatis
3242 5464 3522 5550 anchoris,
3572 5469 3630 5516 et

2054 5534 2261 5610 contra,
2294 5558 2416 5606 cum
2444 5534 2526 5598 est
2553 5534 2767 5597 fundata
2790 5537 3062 5604 anchoris,
3088 5535 3284 5591 dicitur
3312 5534 3623 5611 ὁρμισθῆναι.

2057 5619 2237 5675 ilaoss.
