3990 6170
239 95 346 151 Sfifl

1521 102 1880 163 \‘ARIARUM
1922 108 2124 168 LIBER
2162 112 2274 169 XII.

3402 128 3509 186 ετο

224 213 515 271 novitcum
536 229 643 286 qua
663 221 825 284 gente
844 212 1137 286 conﬂigat?
1158 215 1394 289 Ideoque
1414 234 1604 276 omnes
1622 222 1822 279 debent
1849 230 1899 285 Α
1926 225 2206 284 universus
2232 229 2520 287 exercitus.
2570 231 2763 302 Magna
2791 234 2941 291 vobis
2978 237 3081 293 erit
3107 238 3300 307 gloria,
3338 255 3393 299 et
3425 262 3512 301 me

218 319 523 373 agnoscere
551 306 696 374 quod
736 306 928 362 futuris
955 308 1201 364 hostibus
1243 320 1455 380 gratum
1486 329 1595 368 non
1623 313 1691 369 sit
1717 330 1817 370 au-

219 395 361 448 dire.
425 393 770 465 Quapropter
822 410 886 450 ex
946 408 1132 453 nostra
1182 399 1425 469 jussione
1480 418 1820 473 possessores

220 484 522 539 admonere
566 485 802 552 curabis,
851 495 912 541 ut
946 488 1098 558 juxta
1140 502 1379 547 montem
1408 493 1724 564 Caprarium
1765 507 1821 554 et

231 576 358 632 loca
402 578 750 648 circumjecta
780 580 950 636 muris
978 580 1254 638 fovearum
1295 585 1529 653 ingentia
1557 603 1652 642 ora
1682 604 1819 659 pan-

223 667 423 723 dantur
452 667 593 739 [Ac.,
634 669 993 742 condantur];
1043 673 1270 742 talisque
1313 675 1386 730 ibi
1414 685 1596 746 pateat
1621 679 1820 747 hiatus,
1857 675 1860 679 λ

228 767 289 811 ιιι
316 759 495 815 nullus
515 760 851 829 relinquatur
870 763 1140 819 introitus.
1170 765 1294 833 Cur,
1319 768 1531 824 nefandi
1552 771 1821 842 homines,

225 853 640 920 perserutamiui
695 867 946 909 accessus
995 855 1234 923 illicitos,
1297 860 1491 929 quibus
1546 872 1820 933 portarum

227 942 559 1011 permittitur
585 942 811 999 licenter
844 944 1159 1014 ingressus?
1188 946 1378 1004 Nescio
1405 951 1535 1020 quid
1566 952 1819 1009 videmini

226 1043 433 1102 tegere,
455 1034 546 1104 qui
569 1034 743 1104 palam
768 1026 874 1090 non
896 1035 1214 1095 desideratis
1233 1040 1455 1096 intrare.
1478 1041 1816 1100 Conscientia

223 1131 375 1177 recta
424 1124 539 1179 vias
585 1123 827 1192 publicas
857 1133 1025 1191 tenet,
1065 1125 1344 1183 obviorum
1376 1130 1514 1203 [ed.,
1558 1132 1819 1202 plurimo-

223 1212 370 1286 rum]
400 1215 763 1271 collocutione
789 1217 1122 1285 gratulatur;
1169 1228 1226 1275 et
1272 1236 1393 1276 cum
1419 1223 1661 1280 diversos
1699 1241 1821 1295 gra—

225 1312 407 1359 tanter
433 1304 688 1374 inquirit,
718 1305 920 1361 laboris
949 1308 1109 1363 taedio
1139 1325 1246 1365 non
1272 1322 1542 1380 gravatur.
1573 1315 1819 1371 Amicum

219 1404 311 1450 est
350 1404 533 1450 autem
570 1397 810 1461 crimini,
860 1397 1001 1453 velle
1048 1400 1274 1468 nesciri;
1318 1414 1373 1457 ct
1409 1405 1500 1474 qui
1545 1406 1656 1460 vias
1695 1424 1821 1463 suas

221 1485 450 1549 occulit,
480 1487 867 1542 conscientiam
897 1490 1093 1559 prodit.
1126 1489 1357 1548 Proinde
1378 1494 1430 1549 in
1454 1511 1582 1551 usus
1595 1510 1822 1565 genera-

1921 332 2171 374 securum
2194 320 2436 389 reddere,
2460 331 2515 378 et
2537 332 2804 381 tantorum
2837 328 2974 383 bona
2996 330 3196 401 judicia
3225 335 3507 394 meruisse.

2451 478 2779 538 EPISTULA
2810 484 2950 541 XIX.

1923 579 2125 619 HAXIMO
2151 582 2361 622 VICABIO
2390 586 2535 625 URBIS
2564 588 2720 628 110313
2750 592 2990 633 SENAthn
3020 597 3344 640 PRIFECTUS
3366 603 3511 643 ιδιιιε-

2618 660 2797 699 τοιιιυ.

1922 741 2221 799 Commune!
2246 756 2301 800 ut
2330 750 2506 804 omnia
2535 752 2603 804 ad
2633 772 2802 835 regem
2825 758 3120 815 solemniter
3148 766 3510 835 excipiendum

2457 828 2749 878 necessaria
2781 838 2947 896 paret.

1993 922 2296 981 Adventum
2324 931 2538 999 quidem
2569 936 2773 1005 regium
2804 954 2872 995 ex
2914 940 3027 1011 ipsa
3058 947 3284 1013 potestis
3311 965 3515 1022 cogno-

1921 1028 2075 1071 scere
2102 1014 2403 1086 frequentia
2431 1028 2851 1085 commeantium
2879 1048 2894 1087 :
2927 1035 3051 1103 quia
3083 1052 3305 1096 necesse
3342 1014 3426 1098 est
3454 1052 3516 1100 ut

1921 1122 2008 1162 res
2061 1123 2253 1179 magna
2297 1118 2658 1182 competentia
2697 1122 2990 1191 praemittat
3034 1142 3248 1199 semper
3293 1132 3510 1191 indicia.

1922 1198 2219 1256 Venturum
2250 1203 2393 1259 diem
2421 1204 2635 1265 Lucifer
2674 1210 3007 1271 demonstrat
3043 1198 3293 1289 exortus;
3324 1240 3514 1282 serena

1921 1299 2173 1347 secutura
2204 1294 2388 1350 favens
2434 1306 2626 1354 ventus
2672 1303 2940 1373 ostendit;
2996 1307 3331 1367 imminentia
3370 1314 3513 1371 bona

1922 1382 2153 1450 quadam
2182 1384 2346 1440 animi
2376 1390 2753 1459 prazsagitione
2787 1393 3181 1464 dignoseimus;
3217 1410 3271 1456 et
3298 1402 3515 1460 diﬂleile

1923 1485 2118 1540 magna
2148 1489 2236 1529 res
2264 1478 2488 1545 geritur,
2518 1495 2638 1550 qua:
2660 1483 2933 1552 signorum
2967 1492 3326 1558 praecursione
3355 1497 3514 1551 mini-

221 1576 303 1631 les
334 1577 525 1631 itinera
557 1578 733 1648 prisca
761 1587 1084 1634 revocentur
1118 1599 1131 1635 :
1165 1598 1253 1651 ne,
1283 1583 1408 1638 dum
1439 1588 1820 1656 compendium
1855 1589 1901 1647 Β
1928 1579 2015 1618 me
2042 1563 2367 1622 deelarelur‘
2403 1569 2784 1630 verummme"
2813 1586 2869 1632 et
2897 1596 2992 1635 vos
3022 1586 3330 1640 “cessatio
3358 1602 3511 1642 com'

218 1666 427 1721 laboris
453 1676 730 1736 quaerunt,
762 1668 884 1723 vitae
913 1669 1188 1740 dispendia
1216 1674 1509 1742 patiantur.
1551 1676 1644 1731 Ille
1674 1678 1816 1733 enim

212 1754 341 1826 jure
356 1758 747 1816 habendusest
763 1758 954 1827 hostis,
980 1760 1073 1831 qui
1093 1762 1388 1838 munimina
1411 1765 1600 1821 nititur
1619 1769 1821 1826 violare

219 1848 479 1903 civitatis.

772 1987 1107 2045 EPISTOLA
1144 1989 1327 2046 XVIII.

215 2091 679 2135 CONSTANTINMNO
726 2096 847 2135 VIRO
890 2097 1359 2139 IXPEBIENTISSIMO
1395 2101 1634 2143 SENATOR
1675 2104 1820 2144 cna-:-

756 2167 957 2208 FECTUS
984 2169 1285 2209 PRE'I’ORIO.

218 2258 397 2340 dubet
417 2269 473 2314 ut
502 2262 599 2315 ier
629 2260 911 2317 Flaminia:
937 2264 1174 2333 reﬁciat;
1215 2268 1650 2329 paraveredorum
1676 2287 1815 2340 pra:-

292 2333 545 2414 sCriptunt
573 2340 808 2414 procuret
836 2349 1142 2397 numerum;
1170 2347 1443 2414 congreget
1474 2341 1586 2414 sine
1608 2333 1816 2414 posses-
1906 2374 1907 2377 η

291 2417 467 2455 eorum
509 2401 779 2483 dispendio
820 2420 1090 2483 annonas;
1139 2401 1392 2476 cibos'q‘u'i
1422 2401 1619 2464 mensis
1660 2413 1817 2483 regii:

290 2480 552 2540 parantur
578 2471 755 2526 sedulo
785 2477 1068 2546 perquirat.

289 2584 496 2655 Regius
526 2596 816 2657 apparatus
844 2588 986 2645 sicut
1014 2591 1408 2661 negligentibus
1429 2592 1583 2649 affert
1607 2595 1819 2666 perieu-

218 2677 330 2732 Iinn
352 2718 369 2746 ,
396 2678 475 2732 sic
499 2686 716 2733 strenue
740 2677 1113 2736 laborantibus
1137 2691 1360 2752 pratstat
1382 2692 1630 2739 ornatum
1657 2726 1668 2736 .
1691 2685 1817 2755 quia

215 2769 499 2839 prmmium
528 2777 615 2824 est
639 2770 786 2837 vitaz,
817 2771 1036 2827 domino
1066 2772 1301 2839 vidente,
1333 2775 1555 2843 servire,
1604 2777 1688 2831 cui
1715 2790 1817 2833 nec

215 2858 380 2928 culpa
405 2858 600 2924 celari,
630 2874 731 2914 nec
759 2859 961 2915 bonum
990 2863 1164 2932 possit
1190 2863 1466 2920 abscondi.
1497 2864 1666 2932 Quam
1695 2880 1817 2935 gra-

1926 1670 2228 1725 monemus,
2298 1669 2358 1714 ut
2409 1664 2591 1732 pontis
2651 1666 2930 1733 junctioue
2980 1671 3261 1732 Tiberinos
3321 1678 3516 1736 fluetus

1921 1747 2240 1805 solemniter
2290 1753 2560 1819 vestiatis,
2619 1768 2887 1826 quatenus
2939 1765 3223 1822 transitum
3277 1770 3516 1840 praebeat

1922 1840 2297 1909 intremulnm,
2349 1844 2511 1901 fixum
2539 1853 2988 1910 concatenatione
3019 1858 3318 1929 navigium,
3367 1872 3423 1917 et
3445 1862 3514 1919 de

1920 1945 2020 1985 suo
2049 1932 2155 1986 situ
2187 1934 2420 1991 celerem
2450 1938 2605 1993 nobis
2634 1952 2855 2009 praestet
2880 1961 3190 2004 excursum.
3243 1951 3359 2008 Non
3389 1971 3515 2010 mou

1922 2028 2111 2075 veatur
2139 2023 2305 2092 pigris
2336 2024 2571 2092 funibus,
2606 2037 2666 2084 ut
2692 2032 2933 2101 solebat;
2967 2053 3075 2092 non
3120 2043 3369 2099 manibus
3400 2054 3511 2100 tra-

1919 2109 2161 2167 hentium
2200 2115 2370 2171 moles
2414 2125 2561 2174 tanta
2602 2128 2905 2192 torpescat;
2954 2128 3290 2188 celeritat-m
3328 2138 3510 2205 potius

1921 2199 2024 2254 lixa
2055 2202 2333 2274 conferat,
2362 2222 2523 2276 quam
2547 2226 2609 2266 se
2637 2228 2859 2272 movens
2887 2227 3048 2275 antea
3076 2237 3183 2277 non
3213 2226 3505 2296 praebebat.

1916 2290 2211 2349 Ambulent
2238 2303 2662 2357 commeantium
2691 2319 2911 2375 greges;
2946 2310 3190 2379 profecto
3213 2290 3325 2372 non
3354 2321 3507 2375 navi-

1918 2382 2020 2452 giis
2062 2384 2226 2441 incisa
2266 2403 2367 2445 nos
2410 2392 2551 2447 unda
2599 2393 2866 2465 deportet.
2908 2399 2998 2456 Sic
3035 2401 3193 2459 decet
3231 2407 3508 2467 dominum

1918 2477 2148 2546 suscipi,
2176 2486 2233 2532 ut
2260 2480 2441 2551 aliqua
2468 2484 2665 2541 debeat
2693 2491 2934 2546 novitate
2962 2495 3239 2562 gratulari.
3274 2498 3507 2556 Tabula-

1916 2581 2037 2619 rum
2086 2566 2299 2625 fortiter
2340 2564 2930 2641 iunctura-constricta
2973 2586 3300 2646 soliditatem
3349 2592 3513 2650 debet

1916 2660 2158 2728 praebere
2183 2667 2570 2734 necessariam,
2597 2678 2657 2725 ut
2682 2687 2939 2742 pavorem
2963 2679 3130 2735 undas
3151 2681 3507 2743 dubitantium

1920 2759 2134 2805 terrena
2151 2753 2499 2813 similitudine
2519 2761 2689 2829 possit
2709 2763 2939 2822 auferre.
2963 2766 3190 2838 Optetur
3206 2775 3505 2842 quinimmo

1918 2837 2130 2907 longior
2159 2843 2344 2911 fuisse,
2392 2862 2514 2903 cum
2547 2853 2804 2907 transitur
2833 2837 3081 2927 innocue.
3131 2861 3505 2923 Cancellorum

214 2959 332 3002 tum
361 2957 447 3003 est
464 2949 583 3004 sine
610 2948 908 3005 offensione
937 2951 1116 3022 aliqua
1144 2951 1246 3009 iter
1274 2968 1437 3024 agere
1464 2955 1809 3023 destinatum,

1922 2936 2162 2987 tutamen
2211 2933 2399 2991 dextra
2430 2938 2668 3011 laevaque
2711 2942 2966 3002 decenter
2993 2958 3227 3020 aptetur.
3275 2953 3508 3028 Prosper

212 3039 406 3092 videre
433 3037 633 3107 judicia
660 3040 955 3110 diligentia,
997 3043 1160 3098 dubia
1190 3044 1308 3100 sine
1336 3045 1532 3103 timore
1562 3051 1813 3121 transire,

211 3141 408 3197 gressu
437 3128 578 3185 facili
608 3140 895 3190 montuosa
922 3136 1305 3203 conscendere,
1336 3139 1387 3192 in
1411 3140 1663 3209 pontibus
1689 3159 1815 3199 con-

213 3220 453 3274 trabinm
476 3238 583 3277 non
611 3230 862 3289 tremere,
887 3225 1136 3296 viamque
1158 3229 1237 3283 sic
1260 3228 1527 3286 conficere
1553 3241 1610 3287 ut
1630 3236 1812 3290 omnia

211 3311 521 3380 probentur
541 3313 720 3370 animo
743 3310 1089 3373 convenisse!
1135 3317 1376 3375 Militiam
1408 3331 1640 3379 vestram
1668 3335 1814 3382 tran-

211 3402 500 3464 scenditis,
527 3402 572 3458 si
602 3420 781 3459 rerum
809 3405 1028 3462 domino
1053 3409 1268 3479 placere
1297 3411 1529 3480 possitis.
1561 3412 1695 3470 Nam
1725 3417 1811 3472 cui

214 3507 318 3547 nos
360 3508 558 3563 parere
600 3496 995 3564 contendimus,
1048 3515 1272 3571 magnus
1311 3512 1599 3572 provectus
1627 3516 1737 3573 est,
1768 3508 1814 3564 si

216 3584 543 3639 mereamini
566 3585 634 3639 ad
660 3585 777 3655 ejus
823 3588 1061 3659 placidos
1085 3592 1269 3648 venire
1293 3604 1633 3665 conspectus.
1669 3597 1814 3665 Quo-

212 3676 363 3730 circa
422 3676 525 3731 iter
577 3676 872 3746 Flaminize,
950 3682 1080 3737 rivis
1131 3683 1461 3742 sulcantibus
1511 3698 1811 3758 exaratum,

211 3765 436 3821 hiantes
463 3767 609 3838 ripas
636 3767 896 3825 latissima
921 3773 1165 3842 pontium
1192 3774 1564 3846 interjectione
1589 3780 1814 3848 conjun-

208 3858 327 3925 gite
343 3900 359 3924 ,
390 3874 683 3929 oppressas
705 3863 973 3931 margines
998 3864 1299 3934 platearum
1328 3868 1638 3937 asperrimis
1664 3870 1813 3926 silvis

209 3950 484 4018 cnudate;
536 3952 989 4022 paraveredorum
1020 3956 1287 4026 ascriptus
1328 3974 1586 4015 numerus
1611 3977 1808 4031 procu-

208 4047 369 4092 retur
392 4053 514 4094 cum
545 4040 718 4097 electa
755 4041 1014 4113 qualitate
1044 4048 1442 4115 membrorum;
1475 4064 1810 4108 annonarum

204 4128 620 4197 designatarum
643 4133 798 4203 copia
814 4135 930 4189 sine
943 4134 1124 4204 aliquo
1144 4152 1515 4207 possessorum
1532 4140 1810 4212 dispendio

204 4231 596 4291 congregetur.
646 4226 782 4292 Quia
820 4227 900 4283 sic
947 4229 1129 4283 omnia
1177 4239 1327 4298 grata
1373 4231 1612 4299 redditis,
1662 4235 1707 4289 si
1756 4236 1808 4291 in

202 4312 362 4365 nulla
386 4321 541 4382 parte
566 4317 820 4383 peccetis.
854 4316 963 4374 Res
988 4335 1091 4374 una
1114 4320 1388 4377 subtracta
1409 4332 1600 4380 cuncta
1628 4325 1802 4382 defor-
1835 4330 1886 4390 D

202 4411 365 4464 mat;
399 4413 454 4459 et
485 4413 657 4461 totum
686 4408 874 4464 deesse
902 4411 1156 4479 creditur,
1190 4414 1280 4469 ubi
1310 4416 1391 4471 vel
1423 4418 1638 4474 minima
1666 4435 1801 4490 que-

204 4494 344 4548 rela:
373 4496 638 4566 asperitas
665 4512 1055 4558 commovetur.
1108 4503 1325 4575 Species
1362 4518 1636 4578 prtererea,
1683 4527 1803 4583 quae

202 4586 421 4641 mensis
471 4588 633 4657 regiis
684 4603 1027 4661 apparantur,
1088 4605 1307 4652 exactas
1359 4607 1470 4654 tota
1522 4602 1802 4659 sedulitate

199 4675 537 4743 perquirite.
550 4675 681 4733 Nam
705 4682 832 4750 quid
855 4684 1094 4752 proderit
1117 4687 1377 4742 exercitui
1405 4691 1739 4759 satisfacere,
1755 4695 1799 4750 si

200 4781 312 4819 vos
343 4767 632 4837 contigerit
670 4771 723 4825 in
772 4772 886 4842 ipsa
930 4773 1272 4832 dominorum
1298 4780 1543 4849 pastione
1582 4780 1701 4854 [mm
1751 4795 1801 4841 ct

188 4857 329 4919 Δε..
360 4857 634 4931 passione]
676 4866 949 4932 peccare?
976 4862 1207 4923 Pareant
1233 4870 1587 4937 provinciales
1616 4874 1805 4929 admo-

186 4949 344 5013 niti;
395 4949 640 5008 civitates
666 4955 889 5024 singnla:
916 4957 1189 5015 declarata
1232 4961 1483 5018 brevibus
1511 4964 1801 5022 subminis-

187 5052 374 5098 trent.
398 5043 534 5100 Nam
550 5048 765 5117 quoties
781 5049 906 5105 Iacto
927 5052 1150 5123 principi
1166 5055 1484 5121 occurritur,
1510 5056 1804 5115 efﬁcaciter

178 5135 470 5191 beneficia
500 5140 860 5208 postulantur.
921 5140 1166 5213 Cogitate
1202 5146 1364 5200 etiam
1393 5147 1537 5216 quod
1568 5164 1802 5217 przesens

178 5230 345 5284 facta
377 5241 558 5287 vestra
587 5234 841 5305 diiudico,
895 5247 987 5293 aut
1015 5241 1213 5308 gratias
1242 5241 1396 5296 vobis
1424 5242 1627 5297 domini
1657 5257 1794 5311 gau-

169 5320 339 5375 dens
391 5322 583 5393 ﬂuido,
635 5333 730 5381 ant
783 5329 1258 5386 commonitionem
1312 5332 1571 5403 principis
1626 5333 1794 5390 iratus

170 5409 466 5466 attribuo.
517 5414 674 5484 Agite
714 5431 845 5487 ergo
874 5435 942 5475 ne
984 5420 1115 5475 mihi
1163 5421 1457 5491 imputetur
1484 5432 1665 5479 vester
1691 5440 1788 5480 cx-

170 5516 407 5567 cessus,
435 5506 562 5574 quia
589 5511 798 5567 cunctis
826 5512 894 5568 de
922 5513 1075 5569 vobis
1100 5513 1395 5580 satisfacio,
1428 5514 1575 5584 quod
1616 5515 1789 5586 culpis

166 5592 394 5650 vestris
448 5593 744 5665 oﬂeodero.
806 5600 1083 5660 Persotvat
1136 5604 1264 5660 mihi
1317 5604 1498 5676 potius
1557 5607 1784 5677 gratiam

1915 3022 2075 3078 datur
2119 3028 2397 3093 transitus,
2444 3046 2566 3087 cum
2613 3034 2775 3091 fuerit
2824 3054 2982 3097 casus
3027 3059 3187 3114 asper
3234 3048 3502 3107 exclusus.

1915 3112 2052 3170 Vide
2091 3119 2544 3185 quemadmodum
2573 3125 2777 3197 reliqua
2818 3130 2883 3183 ad
2915 3139 2967 3186 te
2995 3112 3320 3203 pertinentia
3362 3156 3501 3209 prte-

1916 3220 2093 3276 pares,
2144 3209 2234 3279 qui
2264 3221 2316 3264 te
2345 3227 2693 3272 occursurum
2736 3235 2856 3276 esse
2884 3228 3181 3293 cognoscis.
3227 3218 3394 3297 Quale
3422 3243 3507 3289 est

1915 3297 2057 3353 enim
2089 3299 2140 3353 in
2174 3309 2322 3356 tanta
2353 3301 2651 3374 frequentia
2684 3327 2791 3366 non
2823 3317 3062 3383 potuisse
3088 3314 3333 3391 culpari!
3378 3324 3506 3381 Uni—

1914 3403 2102 3443 versos
2125 3390 2331 3461 aflligit,
2354 3397 2444 3463 qui
2467 3398 2576 3466 regi
2602 3400 2799 3471 aliquid
2821 3390 3461 3471 necessariumsubtrabit
3486 3436 3500 3471 :

1914 3479 2059 3549 quia,
2103 3480 2227 3536 dum
2250 3484 2402 3539 hctus
2422 3498 2642 3557 optatur
2661 3492 2728 3547 ab
2748 3498 3020 3566 omnibus,
3044 3511 3271 3559 cunctos
3305 3511 3504 3562 contri-

1914 3579 2043 3635 stat,
2090 3573 2134 3626 si
2166 3574 2424 3643 probetur
2447 3579 2703 3637 oﬂ'ensus.
2736 3583 2886 3640 Adde
2911 3590 3055 3658 quod
3085 3591 3162 3647 sic
3190 3595 3503 3662 praeclarum

1915 3670 2000 3717 est
2044 3664 2143 3718 sub
2189 3673 2338 3722 tanta
2385 3680 2697 3729 senatorum
2732 3679 2885 3749 197
2916 3682 3233 3739 occursione
3277 3686 3500 3753 laudari,

1914 3753 2211 3826 principem
2260 3759 2339 3814 sic
2388 3764 2683 3834 suscipere,
2732 3778 2792 3823 ut
2844 3786 3032 3831 omnes
3084 3775 3380 3846 intelligant
3430 3782 3501 3836 nil

1914 3843 2134 3913 deesse;
2185 3857 2313 3905 ante
2341 3851 2513 3922 ipsum
2544 3871 2759 3928 quoque
2785 3859 3060 3919 dominum
3087 3843 3279 3924 venire
3298 3870 3500 3937 ltetum,

1914 3950 2078 4005 quam
2108 3940 2288 4010 aliqua
2319 3945 2677 4015 trepidatione
2704 3953 3005 4011 confusum.
3046 3958 3378 4030 lnsperatum
3406 3965 3502 4020 bo-

1914 4040 2043 4081 num
2066 4036 2167 4094 est,
2199 4032 2244 4087 si
2265 4032 2311 4089 is
2330 4034 2400 4089 ad
2417 4050 2579 4105 quem
2600 4038 2935 4114 deceptionis
2951 4049 3182 4117 pertinet
3204 4055 3501 4122 periculum

1912 4115 2013 4170 sibi
2042 4120 2228 4186 gratia:
2264 4136 2519 4192 procuret
2544 4142 2912 4199 augmentum.
2935 4115 2993 4191 In
3021 4153 3180 4207 quam
3205 4115 3322 4196 rem
3353 4145 3501 4201 illum

1915 4207 2060 4262 sedis
2092 4219 2289 4266 nostra:
2316 4215 2540 4272 militem
2570 4235 2670 4276 nos
2689 4222 2948 4282 direxisse
2969 4241 3251 4298 cognosce,
3282 4237 3372 4303 qui
3403 4237 3498 4292 tibi

1913 4293 2205 4367 ofﬁcioque
2254 4310 2347 4357 tuo
2399 4303 2595 4362 debeat
2650 4311 2962 4382 imminere,
3030 4293 3314 4389 quatenus.
3346 4327 3498 4384 nobis

1913 4388 2092 4442 omnia
2139 4402 2324 4459 parata
2354 4407 2658 4464 renuntiet,
2703 4404 2827 4472 quia
2876 4388 3139 4466 committi
3170 4428 3276 4469 non
3317 4426 3496 4488 potest

1911 4480 2090 4545 casui,
2139 4484 2282 4553 quod
2313 4496 2500 4544 nostro
2529 4493 2767 4559 periculo
2793 4508 3003 4554 constat
3032 4505 3246 4562 ascribi.

2453 4647 2783 4708 EPISTULA
2814 4654 2928 4712 XX.

1910 4748 2146 4793 τιιοιιλτι
2172 4754 2239 4794 ΕΤ
2258 4756 2447 4807 ΡΕΤΒΟ,
2474 4761 2960 4822 γικιεςιλῐιιςεηιις,
2975 4771 3233 4825 Αηελιιιιε,
3256 4774 3493 4818 SENATOI

2374 4831 2696 4874 PlUl-ZFECTUS
2727 4838 3029 4881 ῐιιιιιςτυιςιο.

1902 4914 2058 5015 Ιρώξς
2080 4930 2133 4972 ut
2160 4923 2378 5015 reddunt
2407 4931 2666 4985 actoribus
2691 4937 2857 5015 sancti
2886 4936 3026 5015 Petri
3046 4958 3159 4995 cum
3179 4943 3495 5015 obligatione

1975 4989 2305 5082 chirographi
2336 5014 2457 5081 rasa
2474 5017 2624 5054 sacra
2646 5020 2758 5075 qua:
2784 4989 3034 5082 Ayupitus

1978 5068 2073 5142 teni
2102 5063 2299 5143 legatus
2328 5075 2514 5121 natatus
2536 5088 2629 5139 pro
2650 5063 2867 5142 pecunia
2892 5063 3100 5149 arrepta
3121 5063 3367 5141 'arcariis
3416 5107 3491 5143 re-

1977 5130 2076 5198 giis
2106 5130 2551 5204 oppigneraverat'.

1975 5243 2238 5302 Retinetis
2268 5264 2498 5317 mecum,
2548 5252 2839 5313 fidelissimi
2880 5261 2999 5327 viri,
3054 5274 3298 5323 sanctum
3352 5272 3488 5341 Agao

1899 5338 2090 5407 pilum,
2119 5340 2265 5397 urbis
2289 5341 2474 5399 Romae
2502 5361 2714 5417 papam,
2748 5365 2868 5406 cum
2910 5354 2980 5408 ad
3026 5355 3259 5416 Orientis
3286 5338 3486 5433 princi-

1897 5444 2018 5499 pem
2050 5430 2330 5498 Icgationis
2357 5435 2527 5502 gratia
2555 5438 2881 5508 mitteretur,
2903 5442 3144 5508 iussione
3173 5430 3316 5519 regia
3345 5454 3485 5512 datis

1898 5522 2229 5591 pignoribus,
2252 5525 2453 5584 avobis
2483 5535 2565 5583 tot
2586 5529 2749 5589 libras
2781 5536 2897 5591 auri
2937 5535 3081 5596 facto
3133 5542 3353 5611 pictatio
3389 5561 3482 5600 so-

1897 5614 2146 5672 !cninitcr
2208 5618 2523 5690 accepisse;
2610 5633 2668 5681 ut
2739 5628 2826 5684 cui
2875 5631 3130 5701 providus
3173 5633 3483 5693 dominator
