3990 6170
509 103 610 158 8τ1

1717 95 1788 150 Μ.
1830 90 2098 148 AURELII

2214 85 2541 176 LSSIODORI
3617 85 3694 148 κη

513 215 680 287 jussit,
719 215 785 271 ad
809 217 1042 272 subitum
1073 215 1194 285 ejus
1220 214 1382 270 etiam
1410 221 1630 281 urgeret
1655 225 1954 265 excessum.
1988 207 2105 258 I’ri-
2137 214 2181 266 Α
2213 205 2288 258 rei
2313 204 2513 271 jugiter
2532 201 2865 272 praecipimus
2895 215 3013 256 esse
3042 199 3339 268 custodem,
3371 212 3423 259 ut
3447 209 3524 276 qui
3561 211 3700 272 ἡδίω.

515 323 662 362 mum
683 307 900 377 quidem
946 306 1176 375 benigne
1227 304 1496 374 praestitit,
1541 303 1633 370 qui
1675 302 1726 354 in
1776 299 2100 353 necessitate

515 405 728 450 mutuas
753 395 1007 463 pecunias
1034 393 1219 457 dedit;
1252 393 1345 446 sed
1402 398 1605 460 quanto
1645 388 1929 457 gloriosius
1975 384 2102 440 fecit

513 489 676 540 etiam
707 485 835 539 illud
867 485 1049 552 largiri
1072 484 1213 554 quod
1243 500 1362 537 cum
1394 483 1686 550 gratiarum
1743 481 1956 535 actione
2003 496 2103 550 po-

516 578 703 630 tuissct
720 575 928 629 offerri!
955 575 1104 629 Victa
1133 583 1215 628 est
1237 573 1560 628 siuedamno
1585 571 1898 626 necessitas:
1917 583 2104 622 manus

2205 311 2306 350 nus
2335 294 2401 348 de
2429 293 2733 361 integritate
2763 292 3028 360 placuisti,
3093 291 3234 344 nulla
3283 291 3460 349 debeas
3499 303 3700 362 varietate

2204 387 2420 442 fuscari.
2453 386 2582 439 Vide
2605 385 2745 452 quod
2777 385 2866 437 tibi
2897 384 3248 438 committitur
3291 389 3484 456 antiqua
3525 392 3642 458 fides,
3667 410 3706 452 et

2205 477 2516 546 quotidiana
2546 475 2819 542 diligentia
2842 474 3046 528 dirimis
3087 474 3400 543 iurgantium
3425 480 3564 534 IIll‘lll.
3592 487 3705 554 Apud

2207 579 2432 623 cunctos
2461 568 2712 636 pnesules
2738 566 2804 620 de
2834 574 2922 619 tua
2953 581 3077 620 cura
3111 567 3340 634 litigatur
3367 587 3380 634 ;
3427 582 3474 624 et
3503 583 3548 625 tu
3578 579 3712 642 pullus

515 682 663 736 papa:
687 666 850 720 dabat
900 668 1044 734 quod
1074 665 1190 734 ejus
1219 665 1519 719 substantia
1577 679 1682 718 non
1738 662 1971 716 habebat
2001 677 2016 724 ;
2049 667 2105 714 et
2201 660 2429 728 judicas,
2460 657 2550 725 qui
2579 671 2859 712 causarum
2889 655 3096 710 vincula
3145 655 3410 713 dissolvis.-
3453 661 3553 714 IIoe
3581 665 3712 719 Imm)-

515 757 642 810 tllul
677 759 778 810 iter
813 765 896 811 est
924 756 1174 810 indemne
1203 757 1492 821 redditum,
1518 753 1661 825 quod
1707 752 1864 806 donis
1893 758 2108 804 constat

514 847 808 916 expletum.
840 846 1029 913 Quale,
1056 861 1208 914 rogo,
1235 846 1516 901 videbatur
1533 845 1827 899 antistitem
1877 842 2109 914 petenti-

515 935 613 989 bus
634 934 952 998 Ecclesiam,
973 943 1028 989 et
1049 933 1348 989 Ecclesium
1368 934 1509 988 nulla
1524 931 1848 988 detrimenta
1864 930 2107 986 sentire?

515 1025 846 1081 Distributor
859 1025 955 1080 fuit
976 1028 1158 1097 potius
1177 1041 1338 1095 quam
1359 1026 1611 1092 donator,
1633 1023 1756 1094 quia
1779 1036 1999 1078 necesse
2027 1029 2110 1076 est

516 1115 592 1170 illi
616 1115 894 1186 applicari,
923 1115 991 1171 de
1026 1117 1180 1185 cujus
1208 1115 1550 1171 facultatibus
1578 1115 1857 1169 videbatur
1913 1127 2112 1182 expen-

519 1207 594 1264 di.
621 1207 758 1275 Quid
789 1225 899 1264 non
929 1217 1054 1278 agat
1078 1209 1221 1278 apud
1244 1210 1389 1278 pium
1411 1209 1708 1279 principem
1739 1209 1860 1262 talis
1889 1208 2105 1276 legatio,

518 1317 682 1372 quam
713 1301 1032 1357 destinatam
1066 1301 1322 1370 singulari
1375 1309 1588 1358 constat
1636 1300 1920 1369 exemplo?
1968 1298 2111 1365 Qua-

520 1403 744 1463 propter
774 1402 955 1447 nostra
985 1393 1344 1463 praeceptione
1366 1391 1703 1458 commoniti,
1727 1400 1782 1445 et
1808 1391 1954 1458 regia
1997 1389 2112 1459 jus-

520 1483 675 1536 sione
705 1483 905 1547 securi,
949 1490 1257 1536 sanctorum
1290 1497 1414 1536 vasa
1454 1498 1575 1536 cum
1622 1480 1953 1549 obligatione
1997 1478 2112 1534 chi-

521 1573 772 1643 rograpbi
797 1573 1068 1628 actoribus
1089 1574 1260 1628 sancti
1293 1573 1436 1629 Petri
1487 1573 1718 1642 apostoli
1765 1573 1882 1627 sine
1929 1571 2106 1640 aliqua

524 1663 788 1717 dilatione
819 1663 1104 1729 refundite,
1135 1673 1191 1718 ut
1215 1665 1427 1719 lucrose
1455 1664 1682 1730 reddita,
1722 1663 1972 1718 celeriter
2015 1663 2116 1716 im-

522 1762 732 1823 petrata
776 1755 1055 1809 videantur
1089 1764 1274 1825 optata
1317 1756 1458 1828 [ma.,
1508 1755 1797 1824 impetrare
1833 1753 2116 1808 videantur

519 1845 752 1916 Optataj;
770 1848 1070 1902 referantur
1085 1846 1330 1900 manibus
1354 1846 1659 1900 Levitarum
1683 1845 1977 1921 ministeria
1999 1852 2114 1900 toto

519 1939 656 1992 orbe
687 1939 951 1992 narranda
979 1955 992 2003 ;
1024 1939 1257 1992 donetur
1300 1938 1445 2007 quod
1516 1938 1791 2008 proprium
1839 1936 1955 2001 fuit,
1979 1951 2116 2005 quo-

522 2035 666 2088 niam
689 2034 834 2104 juste
856 2049 952 2104 per
981 2034 1286 2102 largitatem
1312 2033 1503 2102 recipit
1532 2032 1675 2100 quod
1696 2030 1952 2086 sacerdos
1978 2029 2111 2098 legi-

519 2124 620 2179 bus
641 2125 918 2193 obligavit.
951 2124 1276 2194 Superatum
1305 2132 1386 2178 est
1415 2123 1721 2192 exemplum
1769 2121 1913 2191 quod
1946 2121 2000 2176 in
2029 2121 2114 2176 bi-

519 2218 686 2272 storia
713 2227 895 2273 nostra
929 2231 1120 2284 magna
1155 2216 1455 2271 intentione
1497 2215 1796 2270 retulimus.
1829 2212 1962 2268 Nam
1992 2229 2115 2268 cum

521 2324 620 2362 rex
671 2307 934 2372 Alaricus,
967 2307 1117 2361 urbis
1165 2305 1350 2360 Romae
1398 2305 1802 2377 deprazdatione
1867 2304 2114 2371 satiatus,

521 2398 750 2467 ap0stoli
784 2396 928 2451 Petri
959 2412 1082 2449 vasa
1115 2397 1227 2450 suis
1253 2397 1617 2450 deferentibus
1639 2395 1962 2466 excepisset,
1990 2409 2117 2448 mox

525 2499 584 2542 ut
609 2489 686 2542 rei
715 2504 931 2543 causam
964 2489 1149 2542 habita
1175 2487 1596 2556 interrogatione
1618 2487 1890 2555 cognovit,
1947 2486 2116 2540 sacris

524 2579 796 2633 liminibus
826 2579 1099 2648 deportari
1130 2579 1497 2648 diripientium
1517 2579 1761 2631 manibus
1784 2576 2065 2646 imperavit
2098 2594 2113 2642 ;

524 2671 892 2742 utcupiditas,
933 2687 1051 2742 qua:
1103 2673 1519 2742 depraedationis
1566 2672 1770 2727 ambitu
1825 2671 2116 2725 admiserat

525 2765 722 2826 scelus,
750 2764 1039 2820 devotione
1063 2763 1365 2832 largissima
1418 2762 1623 2818 deleret
1678 2777 1976 2818 excessum.
2008 2760 2114 2816 Sed

522 2858 652 2930 quid
680 2857 953 2918 mirum,si
983 2856 1278 2911 reverenda
1301 2863 1613 2910 sanctorum
1651 2866 1675 2892 ι
1725 2854 1959 2923 diripere
2012 2869 2114 2908 uo-

527 2951 642 3012 luit,
677 2950 765 3020 qui
795 2958 942 3003 tanta
967 2964 1025 3004 se
1052 2947 1212 3003 Urbis
1235 2949 1540 3002 vastatione
1569 2947 1804 3001 ditavit?
1853 2946 1967 3000 Rex
2019 2961 2114 2999 au-
2138 2960 2186 3025 ρ

527 3050 635 3096 tem
669 3053 850 3097 noster
887 3042 1137 3110 religioso
1197 3041 1476 3110 proposito
1532 3039 1761 3093 reddidit
1813 3053 1939 3092 vasa
1997 3052 2116 3105 qua:

522 3132 645 3200 jure
668 3132 907 3201 pignoris
935 3131 1153 3201 propria
1180 3130 1500 3185 videbantur
1526 3128 1735 3184 ell'ecta.
1761 3127 1827 3181 Et
1851 3127 1969 3182 ideo
1997 3127 2116 3180 tali-

529 3226 630 3280 bus
673 3223 829 3280 factis
861 3224 1109 3294 frequens
1151 3230 1439 3294 pnestetur
1485 3223 1677 3286 oratio,
1728 3221 1942 3290 quando
1999 3219 2115 3274 L'cta

525 3314 750 3370 concedi
788 3298 948 3384 posse
989 3313 1278 3379 credimus,
1325 3328 1444 3367 cum
1497 3309 1908 3366 retributionem
1963 3309 2118 3364 bonis

525 3406 738 3462 actibus
761 3407 1113 3476 postulamus.

1083 3561 1417 3617 EPISTULA
1443 3560 1579 3614 XXI.

597 3673 888 3714 ωςυεοιςυιτ
909 3674 1104 3714 SCRIB£
1129 3674 1427 3713 RAVENNATI
1449 3674 1688 3712 SENATOR
1719 3671 2047 3712 PBEFECTUS

1206 3744 1518 3784 PBA'ITORIO.

731 3817 968 3888 Ofﬁcium
999 3818 1285 3873 scribarum
1315 3828 1364 3871 et
1391 3819 1664 3871 utilitatem
1687 3817 1947 3872 describit.

601 3927 912 3983 Scribarum
935 3927 1173 3983 oflieium
1191 3928 1454 3983 securitas
1478 3928 1616 3982 solet
1636 3943 1754 3982 esse
1775 3937 2116 3996 cunctorum,

530 4015 746 4084 quando
789 4016 878 4084 jus
911 4017 1148 4070 omnium
1207 4017 1324 4084 ejus
1387 4017 1749 4072 sollicitudine
1793 4018 2112 4072 custoditur.

531 4107 681 4162 Alios
710 4107 852 4161 enim
874 4105 1268 4176 depopulantur
1299 4107 1544 4162 incendia
1575 4124 1588 4173 ;
1618 4108 1753 4162 alios
1795 4107 1959 4161 nudat
2009 4108 2116 4161 fur-

532 4199 642 4252 tiva
695 4199 1008 4269 subreptio;
1068 4199 1339 4253 nonnullis
1386 4199 1708 4268 negligentia
1779 4200 1924 4269 perit
1973 4199 2114 4268 quod

531 4291 756 4359 diligens
778 4298 969 4345 auctor
1001 4291 1264 4359 acquirit;
1293 4294 1385 4346 sed
1412 4289 1514 4344 ﬁde
1544 4291 1756 4361 publica
1809 4291 2116 4347 robustissi-

532 4397 620 4436 me
641 4389 920 4452 reparatur
940 4381 1196 4450 quidquid
1227 4397 1256 4434 a
1289 4382 1514 4451 privatis
1539 4381 1805 4435 amittitur
1829 4381 1974 4454 [ms.,
2017 4382 2112 4435 ad-

531 4471 786 4543 mittitur]
832 4471 1144 4540 Diligentior
1172 4484 1252 4528 est
1277 4474 1328 4527 in
1360 4473 1570 4539 alienis,
1601 4489 1760 4544 quam
1791 4481 1968 4542 potest
1995 4488 2112 4528 esse

532 4580 660 4618 cura
689 4564 753 4618 de
777 4565 1005 4634 propriis
1030 4583 1041 4617 :
1071 4582 1175 4618 non
1223 4567 1526 4619 admonitus
1557 4566 1681 4620 facit
1710 4565 1852 4634 quod
1894 4567 1981 4619 vix
2028 4583 2112 4619 ro-

531 4665 687 4725 gatus
718 4657 981 4726 impleret,
1011 4669 1064 4711 et
1093 4658 1382 4725 requisitus
1412 4675 1515 4711 non
1541 4667 1719 4727 potest
1742 4672 1939 4726 negare
1967 4659 2110 4726 quod

531 4749 578 4804 is
605 4747 758 4816 cujus
783 4750 1003 4803 interest
1028 4765 1085 4804 se
1108 4747 1307 4802 fatetur
1328 4749 1570 4804 amisisse
1593 4749 1737 4820 [ma.,
1789 4749 2107 4820 admisisse].

533 4841 834 4895 Armarium
867 4839 1032 4909 ipsius
1062 4837 1272 4892 fortuna
1305 4847 1624 4893 cunctorum
1658 4847 1740 4893 est
1773 4855 1787 4904 ;
1819 4847 1873 4893 et
1923 4839 2116 4893 merito

529 4933 791 5002 refugium
819 4933 1057 4987 omnium
1096 4931 1312 4994 dicitur,
1341 4931 1429 4985 ubi
1455 4931 1826 4985 universorum
1857 4930 2120 4985 securitas

531 5021 816 5076 invenitur.
851 5020 928 5074 Ad
959 5030 1178 5092 paterna
1203 5021 1395 5074 transit
1422 5011 1615 5074 ofﬁcia'
1638 5020 1679 5075 si
1714 5020 2024 5088 incorrupte
2053 5019 2123 5073 sit

531 5112 727 5165 veritas
753 5111 1035 5166 custodita.
1071 5111 1199 5164 Nam
1230 5111 1368 5166 sicut
1409 5110 1634 5179 diligens
1682 5110 1891 5180 genitor
1937 5117 2117 5165 servat

531 5201 674 5270 quod
692 5202 896 5256 otiosus
924 5217 1204 5257 successor
1227 5201 1483 5265 inveniat,
1545 5201 1621 5256 sic
1674 5202 1874 5256 arbiter
1920 5201 2115 5254 artium

534 5292 736 5347 nullum
761 5293 959 5363 patitur
978 5296 1188 5364 propria
1205 5293 1704 5360 utilitatefraudari.
1719 5292 1785 5346 Et
1805 5293 1925 5348 ideo
1953 5301 2116 5346 tanta:

2209 754 2376 807 rabile
2404 753 2587 816 decus,
2622 751 3001 821 indisputabile
3033 752 3404 813 testimonium,
3424 769 3516 806 vox
3544 759 3717 826 antiqua

2209 845 2536 906 chartarum,
2597 859 2718 898 cum
2746 843 2812 896 de
2841 843 2946 896 tuis
2978 841 3151 912 adytis
3181 841 3471 911 incorrupta
3499 860 3722 913 processe-

2209 936 2300 998 rit,
2330 937 2634 1005 cognitores
2655 943 2972 989 reverenter
2984 934 3261 1005 excipiunt
3285 951 3298 1000 ;
3321 935 3566 1003 litigantes
3583 954 3726 1007 quain-

2210 1029 2291 1086 vis
2313 1028 2583 1098 improbi,
2637 1027 2809 1082 coacti
2887 1036 3064 1080 tamen
3141 1025 3389 1081 obediunt
3434 1028 3575 1100 [forte
3600 1032 3727 1085 obau-

2209 1117 2405 1190 diunt].
2435 1121 2502 1174 Et
2527 1134 2650 1173 cuin
2674 1117 2753 1171 fas
2777 1117 2845 1172 sit
2890 1117 3282 1187 promulgatam
3310 1121 3601 1175 sententiam
3645 1140 3731 1177 sus-

2211 1212 2392 1282 pendi,
2430 1211 2522 1265 tibi
2563 1226 2670 1264 non
2722 1209 2847 1265 licet
2876 1209 3101 1264 obviari.
3149 1208 3406 1276 Quocirca
3437 1227 3533 1266 non
3578 1214 3731 1269 habeat

2210 1307 2400 1362 venale
2429 1307 2783 1376 propositum.
2813 1305 2979 1360 Tinea
3005 1305 3443 1361 documentorum
3482 1320 3576 1376 est,
3619 1312 3736 1365 obla-

2213 1396 2288 1450 tio
2334 1396 2565 1463 maligua
2615 1395 2948 1461 redimentis,
3004 1394 3130 1449 dum
3177 1407 3418 1464 quaarunt
3472 1415 3739 1456 consumere

2213 1486 2355 1555 quod
2384 1501 2442 1541 se
2463 1494 2830 1554 cognoverunt
2858 1485 3136 1556 impedire.
3173 1485 3364 1542 Pascat
3393 1497 3441 1543 te
3462 1489 3607 1546 editio
3647 1490 3738 1564 [Cn

2139 1578 2182 1638 Β
2211 1587 2261 1631 et
2288 1576 2430 1647 Cuj.,
2469 1575 2690 1647 edictio]
2719 1577 2916 1632 decora
2944 1578 3218 1645 veritatis;
3253 1579 3468 1634 facultas
3487 1589 3566 1636 tua
3587 1585 3743 1639 habea-

2215 1679 2304 1721 tur
2324 1667 2620 1735 integritas.
2678 1666 2752 1720 Da
2799 1668 3104 1737 petentibus
3139 1683 3262 1738 quae
3290 1669 3412 1724 olim
3461 1670 3583 1726 facta
3628 1685 3740 1730 sunt.

2216 1755 2530 1810 Trauslator
2551 1766 2687 1819 esto,
2722 1773 2830 1810 non
2858 1757 3108 1813 conditor
3128 1759 3469 1829 antiquorum
3498 1772 3744 1830 gestorum.

2215 1846 2520 1918 Exemplar,
2553 1849 2698 1902 velut
2728 1848 3006 1917 annulum,
3035 1849 3175 1904 ceris
3222 1850 3496 1920 imprime;
3528 1863 3592 1907 "ut
3637 1856 3748 1909 sicut

2215 1941 2395 1994 vultus
2419 1955 2672 2008 expressa
2700 1956 2805 1993 non
2841 1949 3068 2010 possunt
3102 1942 3257 2009 signa
3299 1942 3552 2012 refugere,
3576 1945 3637 1998 ita
3663 1962 3752 1998 ma-

2215 2048 2316 2086 nus
2340 2042 2427 2086 tua
2456 2032 2522 2085 ab
2551 2033 2861 2087 authentico
2889 2041 3124 2102 nequeat
3150 2034 3477 2105 discrepare.
3506 2036 3638 2102 Quod
3655 2039 3691 2091 si
3710 2048 3752 2092 te

2216 2125 2409 2197 a'iqnis
2427 2125 2606 2194 iniqua
2635 2126 2982 2196 subreptione
3005 2127 3328 2192 traduxerit,
3358 2128 3753 2198 quemadmodum

2218 2216 2270 2271 in
2301 2215 2404 2270 alia
2426 2230 2588 2270 causa
2617 2215 2713 2270 tibi
2736 2215 3043 2284 acquiescat
3064 2217 3234 2280 credi,
3259 2233 3416 2286 quem
3443 2217 3534 2272 scit
3557 2217 3753 2287 potuisse

2217 2307 2533 2376 corrumpi?
2557 2305 2837 2376 lmpnguat
2866 2316 2918 2362 te
2949 2306 3134 2360 fraude
3156 2323 3286 2371 sua;
3311 2317 3366 2362 et
3393 2307 3536 2362 facile
3575 2307 3757 2362 convin-

2219 2397 2312 2461 cit,
2341 2412 2499 2465 quem
2530 2397 2580 2450 in
2605 2412 2707 2450 una
2756 2407 2908 2466 parte
2937 2397 3172 2466 decepit.
3224 2399 3358 2451 Ama
3407 2398 3664 2468 justitiam,
3705 2397 3757 2452 de

2219 2501 2323 2554 qua
2353 2501 2510 2540 nemo
2534 2487 2776 2554 queritur
2800 2503 2815 2550 ;
2849 2495 2906 2539 ut
2933 2487 3097 2540 etiam
3125 2487 3297 2541 iratus
3344 2489 3678 2543 testimonium
3701 2502 3759 2540 sa-

2219 2576 2370 2630 lubre
2392 2578 2562 2645 possit
2589 2577 2786 2636 dicere.
2819 2577 2908 2645 qui
2960 2585 3011 2632 te
3059 2577 3332 2632 incassum
3373 2580 3534 2633 voluit
3565 2578 3755 2632 deviare.

2220 2664 2496 2718 Publicum
2523 2675 2604 2720 est
2630 2681 2790 2719 omne
2818 2666 2961 2736 quod
3007 2666 3220 2732 feceris,
3263 2668 3390 2722 dum
3421 2675 3510 2722 aut
3558 2665 3757 2720 laudatus

2218 2758 2468 2829 gratiam,
2498 2766 2589 2810 aut
2617 2768 2903 2813 accusatus
2931 2760 3174 2815 invenire
3195 2761 3374 2830 possis
3399 2759 3654 2815 olfensam.

2746 2957 3071 3013 EPISTOLA
3114 2957 3273 3042 XXII.

2292 3089 2722 3129 PROVINCMLIBUS
2753 3090 2938 3128 LTBLE
2969 3090 3213 3129 SENATOR
3241 3086 3562 3129 PBEFECTUS
3601 3081 3714 3124 ru-

2910 3161 3089 3199 TOIJO.

2218 3257 2370 3312 Jubet
2402 3268 2456 3311 ut
2487 3257 2730 3312 tributum
2753 3261 2803 3311 in
2832 3260 2968 3322 vino,
3013 3258 3128 3312 oleo
3175 3268 3228 3311 et
3251 3258 3448 3323 tritico,
3499 3254 3660 3325 quibus
3697 3251 3769 3325 1ος

2291 3345 2430 3382 anno
2459 3330 2720 3397 provincia
2743 3329 3056 3390 abundabat,
3083 3331 3326 3390 solvant;
3353 3323 3521 3398 198
3565 3337 3608 3379 et
3639 3323 3772 3398 Amittit

2293 3395 2626 3451 Laurentium
2659 3415 2770 3450 cum
2802 3401 3016 3467 pecunia
3043 3399 3112 3449 ad
3139 3395 3400 3468 majorem
3418 3395 3662 3468 ejusmodi
3683 3463 3691 3468 _
3709 3407 3769 3442 re-

2291 3486 2401 3521 rum
2427 3485 2690 3538 numerum
2713 3463 3120 3530 comparandum
3144 3463 3552 3538 [iubentiumque
3571 3463 3772 3538 derelicti-

2291 3540 2433 3591 dum.
2461 3537 2588 3591 Tum
2618 3540 2757 3592 illuni
2789 3541 3106 3606 provinciam
3129 3547 3382 3592 accurate
3403 3536 3639 3607 depingit.

2293 3646 2550 3718 Expensze
2575 3648 2799 3718 publica:
2818 3649 3026 3702 diversa
3058 3658 3377 3719 temporum
3408 3647 3652 3702 varietate
3685 3642 3776 3697 titu-

2219 3737 2431 3802 bantes,
2455 3737 2555 3792 hac
2580 3739 2791 3792 ratione
2811 3755 2869 3794 se
2891 3747 3143 3808 poterunt
3171 3740 3486 3802 continere,
3533 3737 3574 3791 si
3596 3748 3778 3805 proven-

2223 3838 2334 3881 tum
2359 3829 2597 3882 locorum
2614 3838 2869 3897 sequatur
2890 3829 3178 3883 salubritas
3195 3831 3534 3897 jussionum.
3553 3826 3651 3882 Illic
3668 3822 3776 3877 enim

2221 3922 2392 3978 facilis
2415 3932 2494 3977 est
2522 3924 2846 3992 procuratio,
2877 3924 2964 3978 ubi
2994 3921 3158 3979 fuerit
3186 3923 3406 3981 fruetus
3438 3923 3660 3978 uberior.
3679 3917 3777 3971 Nam

2218 4015 2263 4070 si
2295 4016 2558 4070 indicatur
2589 4013 2774 4086 [lureL
2811 4016 2933 4086 legit
2965 4014 3252 4088 indicitur]
3283 4015 3435 4085 quod
3465 4012 3698 4069 sterilitas
3728 4006 3784 4076 je-

2213 4106 2343 4175 juna
2375 4107 2678 4175 denegavit,
2713 4117 2838 4162 tunc
2867 4116 2921 4161 et
2948 4109 3232 4175 provincia
3265 4109 3508 4174 laeditur,
3534 4115 3586 4161 et
3606 4104 3784 4156 illectus

2219 4197 2470 4265 optabilis
2507 4212 2612 4250 non
2651 4195 2896 4249 habetur.
2928 4196 3379 4252 Commeantium
3411 4197 3570 4266 igitur
3605 4199 3784 4248 attesta-

2223 4287 2368 4341 tione
2389 4286 2690 4353 didicimus,
2723 4285 2928 4340 Istriam
2959 4289 3310 4356 provinciam
3353 4305 3384 4341 a
3412 4288 3580 4341 tribus
3605 4281 3787 4350 egregiis

2221 4373 2488 4432 fructibus
2517 4377 2617 4430 sub
2645 4377 2800 4432 laude
2835 4378 3192 4445 nominatam,
3225 4379 3419 4434 divino
3443 4392 3651 4432 uiuncre
3695 4385 3784 4442 gra-

2217 4465 2415 4531 vidam,
2447 4466 2574 4532 vini,
2605 4467 2728 4532 olei,
2763 4469 2844 4523 vel
2870 4469 3052 4529 tritici.
3085 4472 3358 4538 pmsenti
3409 4485 3550 4524 anno
3591 4465 3787 4522 {eamdi-

2222 4565 2328 4611 tate
2358 4558 2632 4625 gratulari.
2666 4558 2729 4612 Et
2760 4559 2880 4614 ideo
2912 4570 3255 4617 memoratas
3287 4562 3506 4632 species
3534 4562 3584 4614 in
3613 4566 3684 4612 tot
3725 4568 3789 4606 so-

2219 4647 2356 4701 lidos
2381 4650 2506 4701 date
2534 4665 2632 4718 pro
2657 4650 2938 4704 tributaria
2970 4651 3284 4718 functione,
3314 4655 3412 4722 qui
3436 4654 3587 4709 vobis
3614 4649 3674 4704 de
3698 4660 3795 4717 prii“

2220 4737 2356 4792 senti
2374 4739 2542 4807 prima
2565 4738 2853 4795 indictione
2880 4741 3052 4812 (Anno
3083 4740 3294 4797 Christi
3317 4743 3453 4814 558)
3477 4749 3789 4812 reputeutur:

2219 4829 2422 4897 reliqua
2441 4845 2568 4884 vero
2598 4840 2816 4900 propter
2842 4831 3112 4886 solemnes
3168 4849 3461 4906 expensas
3490 4830 3792 4900 relinquimus

2220 4919 2429 4974 devota:
2472 4922 2775 4991 provinciae.
2835 4922 2941 4977 Sed
2999 4926 3268 4993 quoniam
3325 4928 3489 4980 nobis
3531 4927 3580 4978 in
3632 4920 3794 4986 majore

2221 5024 2428 5063 summa
2459 5019 2582 5064 sunt
2602 5013 2886 5080 quaerenda
2909 5028 3029 5082 qua:
3045 5014 3315 5079 diximus,
3345 5026 3431 5073 tot
3458 5017 3651 5073 solidos
3670 5011 3798 5065 etiam

2222 5097 2290 5153 de
2311 5117 2435 5155 arca
2467 5112 2648 5158 nostra
2680 5105 3090 5170 transmisimus,
3125 5115 3190 5159 ut
3223 5125 3321 5163 res
3349 5107 3663 5164 necessaria:
3705 5101 3798 5154 sine

2222 5201 2402 5245 vestro
2431 5194 2711 5262 dispendio
2735 5197 3003 5251 uberrime
3025 5196 3273 5254 debeant
3323 5201 3659 5273 congregari.
3697 5195 3800 5250 Fre-

2224 5295 2448 5351 quenter
2477 5286 2640 5349 enim,
2663 5286 2786 5340 dum
2819 5289 3092 5344 extraneis
3145 5295 3434 5359 urgemini
3465 5292 3700 5352 vendere,
3728 5300 3801 5337 $0-

609 5505 634 5535 ·
659 5494 1126 5567 Simili_locutione
1147 5497 1298 5561 dixit,
1335 5511 1500 5552 sacra:
1522 5495 1778 5567 jussionis
1811 5493 2124 5560 reverenda,
2160 5493 2250 5549 lib.
2288 5509 2374 5555 Ill,
2414 5492 2572 5562 epist.
2603 5491 2697 5557 15;
2757 5500 2838 5555 ct,
2888 5491 3155 5562 stupenda
3217 5495 3576 5556 meritorum,
3619 5491 3706 5546 lib.
3747 5502 3803 5547 μ’.

535 5568 694 5628 epist.
738 5567 785 5617 4.
819 5564 936 5620 .It'u.
