3990 6170
263 180 373 236 873

1552 181 1913 239 VARIARUM
1956 180 2155 237 LIBER
2196 178 2308 238 XII.

3448 179 3560 237 8'34

262 294 386 350 lctis
406 292 602 348 damna
624 294 858 362 sentire;
880 308 947 351 co
968 293 1269 365 prznsertim
1297 301 1564 367 tempore,
1595 311 1716 352 cum
1758 311 1848 351 νο·
1892 307 1934 357 Α
1965 294 2267 351 actionibus
2295 291 2573 357 adbibero,
2597 301 2653 347 ut
2676 290 2830 347 facile
2861 292 3031 362 possit
3053 294 3264 365 impleri
3291 295 3436 365 quod
3465 300 3565 355 sub

263 386 348 440 bis
372 386 689 456 peregrinus
718 395 933 456 emptor
959 393 1180 457 ereptus
1208 396 1320 455 est;
1343 396 1399 444 et
1424 403 1602 442 rarum
1651 395 1734 445 est
1763 404 1848 441 an;

222 488 385 537 “rum
431 492 650 546 capere,
715 478 932 548 quando
989 486 1323 535 mercatores
1367 478 1691 548 cognoscitis
1752 493 1858 531 non

265 568 477 621 adesse.
507 567 724 633 Quanto
754 583 884 624 vero
906 568 1099 623 melius
1122 578 1207 624 est
1225 584 1419 639 parere
1432 568 1680 634 dominis,
1701 584 1861 639 quam

267 668 524 729 pnestare
566 661 873 730 longinquis
898 703 913 726 ,
969 669 1026 717 et
1068 660 1250 717 debita
1301 661 1560 716 fructibus
1630 660 1861 721 solvere.

265 766 434 822 quam
458 753 753 808 ementium
784 753 998 808 fastidia
1021 752 1318 808 sustinere!
1374 752 1658 808 Prodimus
1702 752 1863 806 etiam

267 858 455 900 amore
479 842 702 914 iustitia)
737 843 887 915 quod
918 846 1074 901 nobis
1100 858 1392 914 suggerere
1419 845 1682 916 poteratis
1704 861 1718 912 ;
1740 845 1864 913 quia

268 937 324 991 in
351 937 530 1008 pretio
570 936 768 992 lzcdcre
806 953 914 992 non
937 936 1216 1002 debemus,
1247 937 1389 993 unde
1417 938 1698 995 naulorum
1727 954 1866 1009 prae-

269 1026 564 1084 bitienibus
588 1041 697 1083 non
718 1041 1026 1098 gravamur.
1057 1026 1147 1083 Est
1169 1029 1313 1084 enim
1341 1030 1584 1101 proxima
1608 1030 1761 1085 vobis
1789 1045 1871 1084 re-

270 1120 362 1186 gio
388 1131 551 1188 supra
578 1117 755 1173 sinum
785 1120 947 1173 maris
968 1118 1103 1174 Ionii
1132 1120 1445 1186 constituta,
1467 1121 1626 1176 olivis
1647 1120 1869 1187 referta,

1967 388 2252 445 sterilitate
2281 388 2549 458 temporis
2568 385 3005 455 videturinquiri.
3036 386 3093 441 lu
3119 380 3449 444 abundantia
3476 406 3565 445 re-

1968 496 2086 535 rum
2101 480 2354 551 quaelibet
2368 496 2427 535 se
2454 487 2635 557 potest
2658 480 2912 550 expedire
2938 492 3204 551 persona;
3228 480 3415 536 electis
3435 497 3572 554 opus

1968 584 2052 630 est
2073 574 2358 643 militibus,
2386 589 2509 630 cum
2542 571 2703 628 fuerit
2724 562 3058 631 necessitatis
3083 572 3361 645 impulsus.
3396 574 3574 644 Atque

1969 666 2093 723 ideo
2113 666 2501 737 experientiam
2533 674 2709 731 tuam,
2737 663 3106 733 frequentibus
3154 664 3420 734 nobisque
3477 665 3570 720 tali

1969 758 2259 814 devotione
2284 758 2667 827 gratissimam,
2698 757 2765 811 ad
2797 756 3002 812 Istriam
3045 757 3378 828 provinciam
3422 756 3581 827 jube-

1969 866 2090 906 mus
2117 862 2442 917 excurrere;
2469 858 2530 903 ut
2556 849 2609 903 in
2642 857 2721 904 tot
2745 848 2949 904 solidos
2978 848 3110 918 vini,
3138 847 3264 914 olei,
3296 844 3381 904 vel
3410 844 3574 903 tritici

1970 943 2180 1012 species
2203 942 2271 998 de
2290 941 2575 998 tributario
2595 940 2768 996 solido
2787 938 2987 996 debeas
3004 954 3298 1011 procurare
3330 957 3343 992 :
3368 938 3423 994 in
3452 938 3577 994 aliis

1971 1049 2106 1089 vero
2134 1040 2217 1088 tot
2242 1032 2450 1099 solidis,
2480 1046 2618 1102 quos
2641 1046 2672 1086 a
2703 1040 2888 1086 nostro
2910 1030 3123 1086 arcario
3135 1029 3445 1100 percepisti,
3463 1037 3573 1084 tam

1974 1140 2006 1179 a
2036 1123 2461 1193 negotiatoribus
2512 1138 2672 1192 quam
2695 1138 2724 1175 a
2755 1119 3155 1191 possessoribus
3194 1134 3378 1175 emere
3406 1129 3579 1175 matu-

270 1210 548 1278 svgetibus
569 1218 781 1275 ornata,
813 1210 925 1267 vite
946 1211 1168 1281 c0piosa
1193 1228 1206 1264 :
1238 1211 1330 1267 ubi
1358 1213 1510 1283 quasi
1540 1212 1712 1269 tribus
1740 1213 1873 1268 ube-
1974 1216 2302 1283 rabis,’sicnt
2321 1224 2376 1270 te
2395 1232 2424 1270 a
2456 1215 2775 1271 numerariis
2803 1212 3055 1269 instruxit
3082 1220 3333 1283 porrecta
3362 1211 3575 1267 notitia.

270 1300 450 1365 ribus,
480 1301 699 1371 egregia
726 1300 975 1356 ubertate
1005 1301 1228 1371 largitis,
1270 1302 1447 1359 omnis
1485 1302 1692 1359 fructus
1718 1314 1874 1375 opta-
1976 1309 2321 1380 Quapropter
2348 1310 2496 1378 erige
2516 1324 2658 1364 nunc
2686 1309 2896 1362 animos
2910 1306 2975 1361 ad
2997 1304 3316 1377 parendum,
3342 1304 3436 1374 qui
3467 1313 3581 1360 tan-

271 1390 368 1445 bili
399 1389 728 1447 fecunditate
754 1389 1028 1462 proﬂuxit.
1070 1392 1201 1460 Quae
1223 1408 1333 1450 non
1386 1394 1657 1452 immerito
1680 1395 1876 1452 dicitur
1979 1402 2048 1457 tis
2080 1401 2319 1457 excubiis
2348 1401 2633 1456 indiscreta
2662 1407 2808 1455 sorte
2849 1399 3116 1471 placuisti.
3166 1398 3468 1455 Admoneat
3521 1406 3579 1454 te

274 1483 557 1539 Ravennae
582 1482 903 1554 Campania,
932 1484 1080 1541 urbis
1125 1485 1288 1553 regite
1328 1483 1465 1541 cella
1494 1485 1741 1556 penaria,
1764 1500 1864 1541 vo-
1980 1492 2177 1562 prioris
2205 1490 2633 1548 conversationis
2653 1490 2978 1560 cxetnplum',
3028 1480 3155 1560 qtiia
3206 1487 3366 1545 nimis
3416 1499 3580 1557 grave

274 1574 528 1645 luptuosa
560 1574 720 1631 nimis
747 1583 802 1630 et
829 1573 1084 1631 deliciosa
1114 1575 1395 1645 digressio,
1446 1575 1639 1633 fruitur
1692 1577 1750 1633 in
1773 1577 1873 1633 Se-
1980 1591 2066 1639 est
2105 1583 2391 1640 emeritum
2420 1582 2756 1652 delinquere,
2802 1597 2962 1652 quem
3003 1582 3235 1639 tironem
3274 1579 3581 1640 nullatenus

274 1667 591 1738 ptentrione
614 1674 901 1737 progressa
930 1667 1054 1723 coeli
1084 1666 1397 1723 admiranda
1448 1668 1731 1739 temperie.
1770 1667 1880 1724 Ha—
1909 1678 1959 1741 Β
1983 1680 2199 1730 constat
2225 1686 2456 1728 errasse.
2487 1671 2671 1738 Qualis
2693 1681 2873 1728 autem
2910 1670 3339 1743 supradictarum
3366 1671 3580 1743 specie—

278 1758 375 1812 bet
398 1765 455 1813 et
474 1756 756 1827 quasdam,
789 1772 898 1813 non
948 1757 1179 1815 absurde
1218 1758 1479 1824 dixerim,
1532 1758 1682 1830 bajas
1733 1774 1881 1830 suas,
1987 1779 2109 1821 rum
2137 1764 2358 1821 ubertas
2380 1778 2441 1819 se
2466 1770 2650 1833 optata
2680 1762 2961 1831 laxaverit,
2996 1760 3176 1818 veraci
3220 1760 3397 1828 nobis,
3428 1768 3490 1817 ut
3513 1760 3584 1818 de

168 1908 179 1915 ,
278 1850 374 1905 ubi
404 1850 671 1905 undosum
695 1864 864 1915 mare,
888 1857 1130 1905 terrenas
1152 1850 1527 1907 concavitates
1554 1850 1881 1923 ingrediens,

278 1943 342 1997 in
371 1940 570 1998 faciem
600 1942 852 1998 decoram
880 1944 1055 2012 stagni
1082 1943 1391 2013 mqualitate
1418 1943 1725 2015 deponitur.
1756 1944 1884 2002 Haac

279 2036 405 2091 loca
427 2042 483 2090 et
496 2034 809 2105 garismatia
839 2034 993 2105 plura
1015 2035 1278 2103 nutriunt,
1297 2044 1354 2091 et
1378 2036 1607 2106 piscium
1638 2038 1885 2094 ubertate

274 2125 601 2195 gloriantur.
626 2124 875 2181 Avernus
897 2125 969 2181 ibi
992 2140 1098 2181 non
1122 2141 1259 2181 unus
1288 2134 1394 2182 est.
1424 2125 1734 2184 Numerosa:
1754 2143 1886 2185 cou-

274 2216 585 2288 spiciuntur
609 2215 831 2287 piscium
853 2215 1135 2287 Neptunia:
1162 2234 1175 2269 :
1205 2216 1418 2288 quibus,
1453 2217 1616 2273 etiam
1638 2202 1886 2275 cessante

279 2309 569 2374 industria,
603 2309 803 2379 passim
834 2316 1013 2364 ostrea
1041 2316 1341 2365 nascuntur
1391 2308 1617 2379 iniussa.
1667 2309 1757 2366 Sic
1785 2326 1885 2367 nec

276 2404 519 2460 studium
548 2403 604 2459 iu
629 2403 950 2469 nutriendis,
980 2419 1082 2460 nec
1118 2404 1365 2461 dubietas
1387 2406 1442 2461 in
1463 2406 1739 2478 capiendis
1758 2422 1887 2479 pro-

273 2497 447 2552 batur
465 2511 591 2553 csse
614 2496 841 2554 deliciis.
871 2496 1307 2569 Praztorialonge
1323 2499 1542 2572 lateque
1569 2499 1803 2557 lucentia
1831 2502 1887 2556 in

274 2587 698 2657 margaritarum
720 2587 959 2659 speciem
987 2597 1145 2659 putes
1169 2604 1288 2647 esse
1309 2589 1566 2661 disposita
1590 2607 1604 2655 ;
1654 2599 1714 2646 nt
1762 2591 1888 2647 hinc

1987 1863 2043 1912 te
2070 1854 2359 1921 credimus,
2392 1853 2662 1910 relatione
2686 1853 2949 1922 signiﬁca,
2983 1863 3045 1908 ut
3071 1867 3170 1908 nos
3194 1851 3382 1910 habito
3418 1852 3584 1909 modo

1986 1945 2324 2022 constituere
2350 1944 2643 2001 debeamus
2667 1943 2810 2013 quod
2838 1957 2940 1999 nec
2991 1940 3349 2013 provinciales
3393 1940 3581 2012 laedat,

1987 2055 2089 2098 nec
2113 2038 2356 2113 publicas
2375 2051 2603 2108 gravare
2630 2038 2801 2110 possit
2840 2052 3124 2109 expensas.

2526 2164 2854 2223 EPISTOLA
2894 2166 3080 2225 XXIV.

2747 2294 2988 2336 SENATOB
3026 2296 3349 2338 PRMBC'I'US
3410 2298 3547 2339 PRE-

2728 2367 2907 2407 τοιιιο.

1987 2443 2145 2499 lubet
2162 2454 2218 2498 ut
2245 2461 2398 2514 naves
2429 2453 2610 2514 parent
2658 2444 2728 2514 ad
2783 2443 2958 2497 riuum
3009 2454 3061 2514 e_t
3096 2444 3266 2499 oleum
3314 2461 3381 2499 ea:
3419 2443 3583 2500 lstria

2059 2515 2323 2584 provincia
2346 2512 2644 2586 [labentium
2672 2513 2985 2586 devehenda.
3015 2512 3144 2586 Tum
3167 2514 3234 2586 de
3253 2517 3584 2586 navigatione

2062 2594 2408 2709 stimulatum
2430 2583 2624 2649 labore,
2648 2584 2907 2655 prwcipue
2946 2583 3001 2638 in
3022 2583 3206 2639 salinis
3252 2583 3580 2654 exercendis,

2104 2656 2289 2710 'sserit.

1966 2279 1975 2287 “
2025 2298 2265 2339 tantum
2327 2294 2696 2338 uantrtuont'u

273 2685 546 2750 appareat
571 2678 750 2750 qualia
776 2676 972 2733 fuerint
1019 2680 1162 2734 illius
1190 2680 1480 2755 provincia:
1520 2681 1785 2750 majorum
1801 2681 1889 2753 ju-

271 2769 445 2837 dicia,
474 2784 640 2841 quam
671 2768 834 2824 tantis
862 2768 1079 2827 fabricis
1107 2780 1322 2827 constat
1354 2772 1622 2828 ornatam.
1658 2772 1887 2829 Additur

278 2860 461 2917 etiam
486 2860 560 2915 illi
590 2858 761 2915 littori
803 2859 940 2916 ordo
979 2861 1376 2932 pulcherrimus
1416 2857 1738 2929 insularum,
1796 2864 1888 2935 qui
1993 2862 2100 2918 olei
2120 2861 2350 2932 species,
2401 2875 2629 2930 quarum
2677 2859 2929 2930 praesenti
2980 2874 3123 2916 anno
3168 2862 3323 2931 copia
3374 2860 3579 2918 indulta

271 2952 500 3007 amabili
531 2952 763 3006 utilitate
786 2950 1103 3023 dispositus,
1122 2964 1178 3011 et
1196 2971 1227 3010 a
1254 2954 1508 3026 periculis
1530 2955 1771 3012 vindicat
1794 2954 1889 3012 na-
1992 2950 2300 3024 perfruitur,
2332 2950 2400 3005 ad
2426 2950 2795 3006 Ravennatem
2822 2948 3052 3007 feliciter
3070 2950 3325 3023 dirigeret
3343 2955 3580 3010 mansio-

272 3062 395 3113 ves,
410 3057 466 3101 et
484 3046 618 3101 ditat
641 3059 833 3115 magna
873 3046 1121 3103 ubertate
1172 3049 1431 3104 cultores.
1485 3047 1682 3106 Relicit
1727 3050 1888 3121 plane
1914 3060 1962 3125 ο
1992 3059 2136 3102 nem.
2169 3043 2277 3099 Sed
2306 3059 2420 3111 vos,
2450 3044 2543 3113 qui
2572 3058 2856 3100 numerosa
2878 3041 3087 3113 navigia
3123 3044 3178 3100 in
3206 3044 3324 3115 ejus
3341 3044 3580 3106 conﬁnio

272 3137 681 3195 Comitatenses
701 3142 977 3207 excubias,
1002 3138 1162 3194 Italia:
1186 3148 1345 3195 ornat
1369 3140 1675 3212 imperium,
1695 3141 1889 3212 prima-
1991 3134 2301 3206 possidetis.
2333 3134 2448 3205 Pari
2471 3133 2774 3191 deV0li0|1i8
2799 3134 2971 3204 81⁸3ηεί
2997 3135 3300 3205 pl‘OVidele.
3330 3148 3391 3193 ut
3433 3140 3578 3210 Quod

274 3238 365 3283 tes
392 3228 624 3293 deliciis,
656 3231 956 3287 mediocres
982 3229 1293 3285 victualium
1315 3230 1490 3300 pascit
1516 3231 1801 3302 expensis;
1834 3238 1889 3285 et
1991 3228 2081 3283 ila
2110 3235 2297 3299 parata
2344 3237 2426 3283 est
2481 3227 2714 3292 tradere,
2744 3242 2841 3283 vos
2884 3227 3147 3284 studeatis
3175 3229 3274 3285 sub
3302 3229 3578 3288 celeritate

268 3326 427 3390 quod
456 3320 564 3376 illic
591 3322 847 3389 nascitur,
874 3338 1012 3394 pcne
1060 3330 1232 3377 totum
1264 3321 1317 3375 in
1362 3321 1497 3376 urbe
1550 3321 1699 3390 regia
1744 3321 1885 3395 [Ac.,
1989 3330 2225 3394 portare.
2259 3320 2462 3377 Similis
2493 3320 2596 3375 erit
2614 3320 2811 3390 quippe
2832 3320 3075 3389 utrisque
3102 3322 3272 3392 gratia
3303 3323 3580 3394 perfectio-

269 3409 577 3485 przccipua]
604 3413 925 3483 possidetur.
949 3412 1328 3485 Prmstetnunc
1342 3411 1885 3483 copiassuassponte,
1989 3416 2091 3479 nis,
2126 3414 2283 3486 199
2308 3412 2526 3482 quando
2554 3427 2719 3466 unum
2765 3426 2833 3465 ex
2861 3412 2945 3466 his
2972 3411 3318 3469 dissociatum
3368 3415 3578 3487 impleri

1988 3523 2097 3563 non
2123 3505 2382 3576 permittit
2402 3503 2671 3560 ell‘ectum.
2698 3501 2882 3561 Estote
2918 3518 3047 3574 ergo
3100 3508 3486 3579 promptissimi
3509 3508 3579 3564 ad

1988 3597 2185 3663 vicina,
2209 3595 2302 3667 qui
2327 3610 2469 3666 smpe
2496 3594 2671 3666 spatia
2702 3594 3063 3652 transmittitis
3090 3596 3317 3653 infinita.
3332 3596 3436 3656 Per
3450 3599 3578 3656 bos-
3611 3600 3619 3616 '

1989 3691 2121 3762 pitia
2149 3685 2556 3760 quodammodo
2588 3697 2764 3743 vestra
2814 3686 3133 3753 discurritis,
3188 3689 3280 3759 qui
3326 3704 3426 3761 per
3463 3707 3562 3763 pa.

1990 3785 2147 3839 triam
2176 3781 2461 3850 navigatis.
2517 3777 2742 3835 Accedit
2793 3777 2957 3841 etiam
3011 3779 3310 3834 commodis
3364 3782 3575 3849 vestris,

1988 3873 2132 3945 quod
2158 3872 2311 3929 vobis
2336 3871 2478 3927 aliud
2534 3871 2637 3926 iter
2682 3870 2921 3941 aperitur
2985 3878 3239 3941 perpetua
3289 3873 3583 3929 securitate

1991 3965 2357 4036 tranquillum.
2379 3962 2513 4018 Nam
2541 3977 2662 4018 cum
2684 3961 2857 4017 ventis
2879 3962 3221 4018 smvientibus
3250 3979 3401 4020 mare
3419 3964 3583 4021 fuerit

1988 4058 2250 4124 clausum,
2283 4056 2369 4112 via
2388 4055 2544 4112 vobis
2570 4053 2823 4129 panditur
2860 4069 2959 4124 per
2984 4056 3350 4113 ammnissima
3392 4056 3583 4114 ﬂuvio-

1988 4162 2128 4202 rum.
2161 4144 2372 4203 Cariam
2400 4156 2596 4202 vestrae
2616 4143 2777 4201 ﬂatus
2821 4161 3045 4217 asperos
3092 4162 3201 4204 non
3248 4159 3578 4218 pavescant;

1991 4249 2189 4293 terram
2212 4253 2337 4293 cum
2383 4253 2592 4293 summa
2612 4238 2875 4294 felicitate
2902 4238 3246 4308 contingunt;
3294 4248 3352 4295 et
3401 4243 3583 4312 perire

2064 2768 2196 2824 Data
2223 2768 2428 2839 pridem
2445 2768 2706 2838 jussionc,
2740 2768 3044 2824 censuimus
3076 2775 3135 2824 ut
3182 2768 3337 2825 lstria
3365 2769 3474 2826 vini
3527 2781 3585 2827 et

267 3504 458 3574 magis
484 3505 681 3561 devota
712 3507 993 3578 provincia
1016 3506 1247 3576 amplius
1271 3515 1481 3576 pareat,
1531 3505 1660 3561 dum
1703 3521 1887 3576 spera-

267 3597 992 3667 lur;quandogratissime
1020 3596 1270 3663 faciebat,
1296 3596 1423 3651 dum
1478 3596 1698 3651 minime
1752 3612 1887 3665 qum-

260 3696 519 3745 reretur.
552 3666 754 3744 Sedue
785 3689 964 3760 aliqua
1007 3688 1341 3758 jussionibus
1391 3687 1592 3744 nostris
1641 3687 1887 3743 dubietas

262 3789 623 3846 nasceretur,
649 3780 1019 3848 Laurentium,
1039 3781 1211 3836 virum
1235 3780 1780 3851 experientissimum,
1832 3790 1888 3837 ct

257 3876 496 3944 magnis
525 3873 679 3929 nobis
728 3874 780 3930 in
804 3873 1113 3945 reipubliun
1150 3874 1423 3928 laboribus
1451 3873 1885 3943 comprobatum,

255 3982 406 4022 cum
439 3966 689 4036 praesenti
737 3966 1066 4022 auctoritate
1104 3965 1421 4030 direximus,
1481 3973 1540 4019 ut
1591 3963 1886 4020 secundum

256 4062 484 4116 breves
512 4058 699 4115 subter
720 4074 966 4115 anuexos
1011 4057 1390 4113 incunctanter
1447 4056 1701 4128 expediat
1742 4055 1888 4127 quod

253 4152 385 4207 sibi
417 4166 519 4221 pro
539 4150 794 4221 expensis
822 4148 1050 4221 publicis
1090 4147 1386 4218 iniunctum
1436 4162 1560 4203 esse
1585 4146 1882 4215 cognoscit.

249 4241 444 4298 Nunc
473 4248 764 4310 procurate
799 4255 918 4310 qua:
942 4238 1091 4309 iussa
1116 4246 1259 4295 sunt.
1284 4237 1394 4293 Vos
1420 4238 1564 4294 enim
1594 4237 1768 4294 tacitis
1793 4237 1888 4294 de-

245 4340 473 4387 votum
502 4330 754 4397 militem,
780 4346 903 4387 cum
962 4331 1195 4387 libenter
1248 4328 1518 4400 suscipitis
1568 4328 1884 4398 iussionem.
1990 4330 2257 4396 nesciunt,
2288 4344 2409 4400 qum
2432 4329 2743 4399 frequenter
2787 4329 3109 4400 impingunt.
3157 4330 3422 4388 Putautur
3439 4336 3579 4391 emi-

247 4422 468 4477 Pretia
490 4436 622 4476 vero
642 4420 797 4477 vobis
827 4419 1105 4477 moderata
1131 4419 1377 4490 sequenti
1406 4418 1654 4506 iussione
1705 4419 1885 4476 decla—
1914 4446 1966 4506 υ
1991 4436 2090 4477 nus
2115 4419 2269 4489 quasi
2281 4433 2385 4506 per
2390 4426 2549 4506 prata
2561 4416 2713 4506 ferri,
2732 4432 2856 4506 cum
2885 4432 3073 4474 eorum
3092 4420 3582 4491 eontingitalveum

241 4513 692 4580 rabimns,cum
743 4512 898 4568 nobis
940 4510 1157 4583 gerulus
1195 4510 1541 4581 praesentium
1593 4505 1888 4568 ndtivitatis
1920 4505 1943 4506 ἡ
1990 4524 2100 4564 non
2120 4505 2315 4563 videri.
2366 4505 2575 4562 Tracta:
2613 4505 2830 4562 funibus
2851 4506 3148 4573 ambulant,
3175 4520 3463 4579 quaestore
3492 4531 3583 4571 ru-

234 4602 506 4660 ntodnm
536 4601 699 4656 missa
733 4602 997 4677 relatione
1024 4601 1367 4673 suggesserit.
1388 4600 1583 4657 Taxari
1612 4600 1757 4658 enim
1787 4602 1888 4657 ali-
1989 4597 2241 4653 dentibus
2261 4605 2686 4663 consueverunt;
2716 4603 2774 4652 et
2792 4597 3104 4654 conditione
3129 4609 3336 4657 mutata
3357 4603 3584 4675 pedibus

226 4692 409 4766 quid
440 4708 551 4747 non
578 4700 762 4763 potest
787 4693 950 4761 juste,
976 4691 1078 4747 nisi
1101 4691 1257 4761 copia
1289 4692 1367 4747 rei
1397 4690 1676 4746 evidenter
1700 4700 1890 4761 potue-
1984 4691 2179 4760 juvant
2222 4690 2473 4746 homines
2526 4702 2692 4745 naves
2739 4704 2865 4746 suas
2897 4708 2911 4744 :
2942 4692 3205 4753 vectrices
3230 4694 3349 4751 sine
3396 4696 3583 4755 labore

222 4788 333 4846 rit
376 4784 645 4854 indagari.
704 4784 987 4854 Iumqualis
1013 4784 1214 4856 quippe
1242 4783 1580 4849 estarbiter,
1637 4786 1728 4855 qui
1771 4801 1886 4840 scn-
1992 4782 2232 4848 trahunt,
2261 4790 2317 4855 et
2344 4795 2444 4852 pro
2475 4780 2659 4836 favore
2684 4781 2924 4839 velorum
2975 4792 3200 4842 utuntur
3251 4801 3413 4856 passu
3455 4804 3584 4859 pro-

220 4878 510 4938 tentiam
547 4878 715 4934 mittit
742 4877 793 4932 in
849 4893 1033 4935 casum
1088 4860 1234 4952 [πήδη
1281 4876 1619 4949 incassum];
1665 4886 1722 4933 et
1761 4879 1884 4933 mali
1991 4871 2235 4940 speriore
2256 4880 2560 4926 nautarum.
2584 4869 2745 4926 Juvat
2767 4871 2972 4931 referre
3012 4876 3465 4945 quemadmodum
3495 4879 3583 4935 ba-

212 4972 374 5033 sibi
456 4971 717 5042 probatur
796 4971 1066 5038 conscius,
1137 4970 1228 5043 qui
1277 4978 1358 5026 est
1406 4969 1757 5025 indeliberata
1805 4969 1885 5023 di-
1990 4967 2280 5022 bitationes
2304 4976 2512 5022 vestras
2556 4969 2689 5022 sitas
2734 4982 2857 5024 esse
2897 4969 3290 5039 prospeximus.
3339 4970 3585 5030 Venetia:

212 5079 289 5126 ct
305 5081 489 5121 urns.
1991 5060 2362 5130 przedicabiles
2374 5058 2646 5129 quondam
2669 5060 2840 5130 plena:
2860 5061 3145 5126 nobilibus,
3170 5063 3240 5118 ab
3267 5073 3451 5123 austro
3476 5066 3586 5123 Ra-

1986 5166 2219 5206 vennam
2252 5148 2565 5220 Padumque
2595 5151 2933 5221 contingunt,
2983 5152 3052 5208 ab
3092 5153 3304 5211 oriente
3328 5156 3582 5226 jucundi-

1990 5252 2100 5300 Iale
2125 5242 2258 5297 Ionii
2301 5242 2498 5296 littoris
2545 5242 2931 5311 perfruuntur:
2991 5245 3081 5300 ubi
3132 5247 3376 5305 alternus
3420 5259 3585 5308 aestus

1988 5333 2292 5404 egrediens,
2321 5331 2487 5387 modo
2513 5332 2733 5400 claudit,
2750 5335 2911 5391 modo
2931 5339 3107 5407 aperit
3125 5336 3317 5395 faciem
3343 5342 3585 5413 recipro-

1990 5439 2054 5479 ca
2112 5421 2466 5478 inundatione
2512 5438 2847 5494 camporum.
2926 5426 3028 5483 llic
3067 5429 3222 5487 vobis
3267 5433 3584 5502 aquatilium

1990 5515 2167 5570 avium
2186 5527 2338 5576 more
2355 5514 2548 5569 domus
2559 5522 2663 5570 cst.
2690 5515 2822 5573 Nam
2851 5519 2943 5590 qui
2985 5536 3127 5578 nunc
3156 5525 3446 5587 terrestris,
3471 5538 3585 5580 mo-

1991 5606 2060 5662 do
2085 5606 2325 5662 cernitur
2346 5602 2625 5672 insularis;
2658 5615 2717 5661 ut
2738 5607 2851 5664 illic
2875 5610 3044 5680 magis
3068 5614 3303 5669 mstimes
3327 5628 3447 5670 esse
3472 5613 3584 5684 Cy-

292 5702 681 5769 Deliberatio
706 5701 905 5771 judicis
935 5703 1195 5773 probatos
1246 5704 1392 5760 viros
1449 5703 1609 5762 debet
1656 5705 1883 5783 publicis
1992 5701 2196 5771 eladas,
2225 5699 2319 5757 ubi
2347 5697 2525 5757 subito
2546 5695 2789 5757 locorum
2812 5700 2977 5761 facies
3001 5706 3227 5774 respicis
3248 5706 3580 5763 immutatus.

523 5794 799 5855 Parant.
850 5791 1080 5852 LXIX.
3127 5796 3207 5857 23

812 5196 1139 5253 EPISTOLA
1190 5197 1371 5251 XXIII.

308 5346 657 5392 LAURENTIO
687 5347 809 5387 VIRO
838 5348 1312 5387 EXPEMENTISSINO
1334 5349 1575 5388 δΕΝΑτοιι
1614 5351 1825 5389 ῐιιιρεη-

854 5419 989 5459 ετυε
1018 5419 1318 5459 Ρῐιεετοιιιο.

192 5513 531 5589 ρνωιὲρὶι
558 5524 612 5567 ut
637 5513 851 5571 Istriam
876 5519 1192 5584 provinciam
1222 5518 1414 5583 vinum,
1433 5518 1603 5573 oleum
1627 5520 1881 5573 triticum-

805 5603 901 5657 que
921 5598 1186 5658 empturus
1207 5595 1367 5658 petat.
