  <div class='ocr_page' id='page_1' title='image "/cluster/home/n/w/nwhite01/storage/ocr_20150623/69/hvd.32044054758727/465.png"; bbox 0 0 3990 6170; ppageno 0'>
   <div class='ocr_carea' id='block_1_1' title="bbox 395 201 2024 276">
    <p class='ocr_par' dir='ltr' id='par_1_1' title="bbox 395 206 1994 276">
     <span class='ocr_line' id='line_1_1' title="bbox 395 206 1994 276; baseline -0.009 -2"><span class='ocrx_word' id='word_1_1' title='bbox 395 218 501 276; x_wconf 72' lang='grc'><strong>875</strong></span> <span class='ocrx_word' id='word_1_2' title='bbox 1355 238 1361 259; x_wconf 72' lang='grc' dir='ltr'><strong><em>ι</em></strong></span> <span class='ocrx_word' id='word_1_3' title='bbox 1610 208 1681 264; x_wconf 84' lang='lat' dir='ltr'><strong>M.</strong></span> <span class='ocrx_word' id='word_1_4' title='bbox 1723 207 1813 263; x_wconf 70' lang='grc' dir='ltr'><strong>ΑΗ</strong></span> <span class='ocrx_word' id='word_1_5' title='bbox 1822 206 1994 263; x_wconf 77' lang='lat' dir='ltr'><strong>RELII</strong></span> 
     </span>
    </p>
   </div>
   <div class='ocr_carea' id='block_1_2' title="bbox 2126 201 3589 276">
    <p class='ocr_par' dir='ltr' id='par_1_2' title="bbox 2126 201 3589 259">
     <span class='ocr_line' id='line_1_2' title="bbox 2126 201 3589 259; baseline -0.003 0"><span class='ocrx_word' id='word_1_6' title='bbox 2126 201 2428 259; x_wconf 72' lang='lat' dir='ltr'><strong>SSIODORI</strong></span> <span class='ocrx_word' id='word_1_7' title='bbox 3150 204 3165 215; x_wconf 85' lang='grc'><em>”</em></span> <span class='ocrx_word' id='word_1_8' title='bbox 3507 202 3589 256; x_wconf 80' lang='lat' dir='ltr'><strong>87b</strong></span> 
     </span>
    </p>
   </div>
   <div class='ocr_carea' id='block_1_3' title="bbox 388 305 3596 399">
    <p class='ocr_par' dir='ltr' id='par_1_3' title="bbox 388 305 3596 399">
     <span class='ocr_line' id='line_1_3' title="bbox 388 305 3596 399; baseline -0.008 -11"><span class='ocrx_word' id='word_1_9' title='bbox 388 314 585 388; x_wconf 55' lang='lat' dir='ltr'><strong>illarum</strong></span> <span class='ocrx_word' id='word_1_10' title='bbox 604 328 803 399; x_wconf 82' lang='lat' dir='ltr'><strong>quippe</strong></span> <span class='ocrx_word' id='word_1_11' title='bbox 829 326 1177 383; x_wconf 71' lang='lat' dir='ltr'><strong>similitudine</strong></span> <span class='ocrx_word' id='word_1_12' title='bbox 1210 340 1305 394; x_wconf 88' lang='lat' dir='ltr'><strong>per</strong></span> <span class='ocrx_word' id='word_1_13' title='bbox 1331 337 1547 392; x_wconf 79' lang='lat' dir='ltr'><strong>aequora</strong></span> <span class='ocrx_word' id='word_1_14' title='bbox 1577 322 1736 389; x_wconf 88' lang='lat' dir='ltr'><strong>longe</strong></span> <span class='ocrx_word' id='word_1_15' title='bbox 1784 329 1973 389; x_wconf 88' lang='lat' dir='ltr'><strong>paten-</strong></span> <span class='ocrx_word' id='word_1_16' title='bbox 2004 319 2047 377; x_wconf 85' lang='lat' dir='ltr'><strong>A</strong></span> <span class='ocrx_word' id='word_1_17' title='bbox 2076 325 2323 386; x_wconf 73' lang='lat' dir='ltr'><strong>speretur</strong></span> <span class='ocrx_word' id='word_1_18' title='bbox 2342 329 2500 384; x_wconf 88' lang='lat' dir='ltr'><strong>posse</strong></span> <span class='ocrx_word' id='word_1_19' title='bbox 2520 313 2705 369; x_wconf 88' lang='lat' dir='ltr'><strong>venire</strong></span> <span class='ocrx_word' id='word_1_20' title='bbox 2733 311 3038 381; x_wconf 77' lang='lat' dir='ltr'><strong>temperies,</strong></span> <span class='ocrx_word' id='word_1_21' title='bbox 3067 305 3282 378; x_wconf 78' lang='lat' dir='ltr'><strong>quando</strong></span> <span class='ocrx_word' id='word_1_22' title='bbox 3320 321 3504 365; x_wconf 82' lang='lat' dir='ltr'><strong>menses</strong></span> <span class='ocrx_word' id='word_1_23' title='bbox 3523 328 3550 380; x_wconf 62' lang='grc' dir='ltr'><strong>ιε</strong></span> <span class='ocrx_word' id='word_1_24' title='bbox 3571 315 3596 366; x_wconf 82' lang='lat' dir='ltr'><strong>:i</strong></span> 
     </span>
    </p>
   </div>
   <div class='ocr_carea' id='block_1_4' title="bbox 396 398 3591 488">
    <p class='ocr_par' dir='ltr' id='par_1_4' title="bbox 396 398 3591 488">
     <span class='ocr_line' id='line_1_4' title="bbox 396 398 3591 488; baseline -0.008 -9"><span class='ocrx_word' id='word_1_25' title='bbox 396 440 466 479; x_wconf 77' lang='lat' dir='ltr'><strong>tia</strong></span> <span class='ocrx_word' id='word_1_26' title='bbox 494 398 763 479; x_wconf 81' lang='lat' dir='ltr'><strong>domicilia</strong></span> <span class='ocrx_word' id='word_1_27' title='bbox 789 420 1041 475; x_wconf 85' lang='lat' dir='ltr'><strong>videntur</strong></span> <span class='ocrx_word' id='word_1_28' title='bbox 1061 432 1268 488; x_wconf 88' lang='lat' dir='ltr'><strong>sparsa,</strong></span> <span class='ocrx_word' id='word_1_29' title='bbox 1299 431 1416 485; x_wconf 70' lang='lat' dir='ltr'><strong>qua:</strong></span> <span class='ocrx_word' id='word_1_30' title='bbox 1442 422 1635 469; x_wconf 89' lang='lat' dir='ltr'><strong>natura</strong></span> <span class='ocrx_word' id='word_1_31' title='bbox 1663 428 1770 467; x_wconf 90' lang='lat' dir='ltr'><strong>non</strong></span> <span class='ocrx_word' id='word_1_32' title='bbox 1802 421 1976 481; x_wconf 83' lang='lat' dir='ltr'><strong>protu-</strong></span> <span class='ocrx_word' id='word_1_33' title='bbox 2082 408 2284 461; x_wconf 89' lang='lat' dir='ltr'><strong>fructus</strong></span> <span class='ocrx_word' id='word_1_34' title='bbox 2310 407 2881 473; x_wconf 79' lang='lat' dir='ltr'><strong>decoquere.poterant</strong></span> <span class='ocrx_word' id='word_1_35' title='bbox 2907 401 3090 455; x_wconf 83' lang='lat' dir='ltr'><strong>Boreis</strong></span> <span class='ocrx_word' id='word_1_36' title='bbox 3120 398 3328 451; x_wconf 84' lang='lat' dir='ltr'><strong>flatibus</strong></span> <span class='ocrx_word' id='word_1_37' title='bbox 3354 399 3591 455; x_wconf 76' lang='lat' dir='ltr'><strong>vehemen-</strong></span> 
     </span>
    </p>
   </div>
   <div class='ocr_carea' id='block_1_5' title="bbox 396 489 3603 582">
    <p class='ocr_par' dir='ltr' id='par_1_5' title="bbox 396 489 3603 582">
     <span class='ocr_line' id='line_1_5' title="bbox 396 489 3603 582; baseline -0.008 -11"><span class='ocrx_word' id='word_1_38' title='bbox 396 519 477 582; x_wconf 87' lang='lat' dir='ltr'><strong>lit,</strong></span> <span class='ocrx_word' id='word_1_39' title='bbox 527 514 621 570; x_wconf 88' lang='lat' dir='ltr'><strong>sed</strong></span> <span class='ocrx_word' id='word_1_40' title='bbox 669 514 943 570; x_wconf 82' lang='lat' dir='ltr'><strong>hominum</strong></span> <span class='ocrx_word' id='word_1_41' title='bbox 997 526 1125 567; x_wconf 86' lang='lat' dir='ltr'><strong>cura</strong></span> <span class='ocrx_word' id='word_1_42' title='bbox 1182 509 1437 564; x_wconf 76' lang='lat' dir='ltr'><strong>fundavit.</strong></span> <span class='ocrx_word' id='word_1_43' title='bbox 1481 506 1782 562; x_wconf 84' lang='lat' dir='ltr'><strong>Viminibus</strong></span> <span class='ocrx_word' id='word_1_44' title='bbox 1834 504 1974 559; x_wconf 90' lang='lat' dir='ltr'><strong>enim</strong></span> <span class='ocrx_word' id='word_1_45' title='bbox 2080 507 2162 553; x_wconf 90' lang='lat' dir='ltr'><strong>ter</strong></span> <span class='ocrx_word' id='word_1_46' title='bbox 2209 497 2494 565; x_wconf 78' lang='lat' dir='ltr'><strong>algebunt?</strong></span> <span class='ocrx_word' id='word_1_47' title='bbox 2522 494 2661 562; x_wconf 84' lang='lat' dir='ltr'><strong>Quid</strong></span> <span class='ocrx_word' id='word_1_48' title='bbox 2706 495 2847 548; x_wconf 90' lang='lat' dir='ltr'><strong>enim</strong></span> <span class='ocrx_word' id='word_1_49' title='bbox 2897 491 3223 545; x_wconf 78' lang='lat' dir='ltr'><strong>fertilitatem</strong></span> <span class='ocrx_word' id='word_1_50' title='bbox 3280 489 3524 557; x_wconf 84' lang='lat' dir='ltr'><strong>producat,</strong></span> <span class='ocrx_word' id='word_1_51' title='bbox 3566 494 3603 557; x_wconf 59' lang='lat' dir='ltr'><strong>si</strong></span> 
     </span>
    </p>
   </div>
   <div class='ocr_carea' id='block_1_6' title="bbox 396 578 3601 676">
    <p class='ocr_par' dir='ltr' id='par_1_6' title="bbox 396 578 3601 676">
     <span class='ocr_line' id='line_1_6' title="bbox 396 578 3601 676; baseline -0.009 -15"><span class='ocrx_word' id='word_1_52' title='bbox 396 609 714 665; x_wconf 80' lang='lat' dir='ltr'><strong>flexibilibus</strong></span> <span class='ocrx_word' id='word_1_53' title='bbox 739 606 954 676; x_wconf 86' lang='lat' dir='ltr'><strong>illigatis</strong></span> <span class='ocrx_word' id='word_1_54' title='bbox 982 612 1197 658; x_wconf 87' lang='lat' dir='ltr'><strong>terrena</strong></span> <span class='ocrx_word' id='word_1_55' title='bbox 1220 602 1326 656; x_wconf 90' lang='lat' dir='ltr'><strong>illic</strong></span> <span class='ocrx_word' id='word_1_56' title='bbox 1362 605 1684 667; x_wconf 83' lang='lat' dir='ltr'><strong>congregata</strong></span> <span class='ocrx_word' id='word_1_57' title='bbox 1736 596 1979 650; x_wconf 76' lang='lat' dir='ltr'><strong>soliditas</strong></span> <span class='ocrx_word' id='word_1_58' title='bbox 2080 597 2221 642; x_wconf 85' lang='lat' dir='ltr'><strong>terra</strong></span> <span class='ocrx_word' id='word_1_59' title='bbox 2257 587 2455 641; x_wconf 80' lang='lat' dir='ltr'><strong>:estivis</strong></span> <span class='ocrx_word' id='word_1_60' title='bbox 2487 585 2756 640; x_wconf 87' lang='lat' dir='ltr'><strong>mensibus</strong></span> <span class='ocrx_word' id='word_1_61' title='bbox 2799 599 2906 637; x_wconf 90' lang='lat' dir='ltr'><strong>non</strong></span> <span class='ocrx_word' id='word_1_62' title='bbox 2938 581 3206 637; x_wconf 85' lang='lat' dir='ltr'><strong>calescat?</strong></span> <span class='ocrx_word' id='word_1_63' title='bbox 3253 578 3379 645; x_wconf 84' lang='lat' dir='ltr'><strong>Quid</strong></span> <span class='ocrx_word' id='word_1_64' title='bbox 3419 593 3601 647; x_wconf 81' lang='lat' dir='ltr'><strong>germen</strong></span> 
     </span>
    </p>
   </div>
   <div class='ocr_carea' id='block_1_7' title="bbox 399 666 3605 770">
    <p class='ocr_par' dir='ltr' id='par_1_7' title="bbox 399 666 3605 770">
     <span class='ocr_line' id='line_1_7' title="bbox 399 666 3605 770; baseline -0.008 -15"><span class='ocrx_word' id='word_1_65' title='bbox 399 666 1069 770; x_wconf 63' lang='lat' dir='ltr'><strong>:iggregatur;etmarino</strong></span> <span class='ocrx_word' id='word_1_66' title='bbox 1119 693 1301 748; x_wconf 80' lang='lat' dir='ltr'><strong>flitctui</strong></span> <span class='ocrx_word' id='word_1_67' title='bbox 1341 702 1449 746; x_wconf 74' lang='lat' dir='ltr'><strong>tam</strong></span> <span class='ocrx_word' id='word_1_68' title='bbox 1478 666 1709 759; x_wconf 72' lang='lat' dir='ltr'><strong>fragilis</strong></span> <span class='ocrx_word' id='word_1_69' title='bbox 1755 687 1979 741; x_wconf 85' lang='lat' dir='ltr'><strong>munitio</strong></span> <span class='ocrx_word' id='word_1_70' title='bbox 2082 677 2796 748; x_wconf 74' lang='lat' dir='ltr'><strong>aperiat,simatrem[ms.,</strong></span> <span class='ocrx_word' id='word_1_71' title='bbox 2845 670 2994 738; x_wconf 59' lang='lat' dir='ltr'><strong>Nitu,</strong></span> <span class='ocrx_word' id='word_1_72' title='bbox 3032 669 3153 735; x_wconf 68' lang='lat'><strong>60.,</strong></span> <span class='ocrx_word' id='word_1_73' title='bbox 3183 666 3381 738; x_wconf 83' lang='lat' dir='ltr'><strong>matris]</strong></span> <span class='ocrx_word' id='word_1_74' title='bbox 3408 670 3605 739; x_wconf 84' lang='lat' dir='ltr'><strong>pluviam</strong></span> 
     </span>
    </p>
   </div>
   <div class='ocr_carea' id='block_1_8' title="bbox 402 762 3608 860">
    <p class='ocr_par' dir='ltr' id='par_1_8' title="bbox 402 762 3608 860">
     <span class='ocr_line' id='line_1_8' title="bbox 402 762 3608 860; baseline -0.009 -12"><span class='ocrx_word' id='word_1_75' title='bbox 402 808 506 848; x_wconf 86' lang='lat' dir='ltr'><strong>non</strong></span> <span class='ocrx_word' id='word_1_76' title='bbox 531 793 804 848; x_wconf 83' lang='lat' dir='ltr'><strong>dubitatur</strong></span> <span class='ocrx_word' id='word_1_77' title='bbox 841 790 1063 860; x_wconf 88' lang='lat' dir='ltr'><strong>opponi,</strong></span> <span class='ocrx_word' id='word_1_78' title='bbox 1086 786 1294 841; x_wconf 81' lang='lat' dir='ltr'><strong>scilicet</strong></span> <span class='ocrx_word' id='word_1_79' title='bbox 1337 782 1553 853; x_wconf 89' lang='lat' dir='ltr'><strong>quando</strong></span> <span class='ocrx_word' id='word_1_80' title='bbox 1608 782 1866 836; x_wconf 87' lang='lat' dir='ltr'><strong>vadosum</strong></span> <span class='ocrx_word' id='word_1_81' title='bbox 1897 779 1981 831; x_wconf 90' lang='lat' dir='ltr'><strong>lit-</strong></span> <span class='ocrx_word' id='word_1_82' title='bbox 2082 787 2188 825; x_wconf 92' lang='lat' dir='ltr'><strong>non</strong></span> <span class='ocrx_word' id='word_1_83' title='bbox 2221 770 2496 824; x_wconf 77' lang='lat' dir='ltr'><strong>resumat?</strong></span> <span class='ocrx_word' id='word_1_84' title='bbox 2527 768 2639 821; x_wconf 89' lang='lat' dir='ltr'><strong>Duo</strong></span> <span class='ocrx_word' id='word_1_85' title='bbox 2660 768 2772 820; x_wconf 67' lang='lat' dir='ltr'><strong>bare</strong></span> <span class='ocrx_word' id='word_1_86' title='bbox 2797 764 3077 820; x_wconf 90' lang='lat' dir='ltr'><strong>elementis</strong></span> <span class='ocrx_word' id='word_1_87' title='bbox 3100 762 3342 817; x_wconf 89' lang='lat' dir='ltr'><strong>onmibus</strong></span> <span class='ocrx_word' id='word_1_88' title='bbox 3362 763 3608 830; x_wconf 82' lang='lat' dir='ltr'><strong>probamus</strong></span> 
     </span>
    </p>
   </div>
   <div class='ocr_carea' id='block_1_9' title="bbox 403 851 2024 951">
    <p class='ocr_par' dir='ltr' id='par_1_9' title="bbox 403 869 1979 951">
     <span class='ocr_line' id='line_1_9' title="bbox 403 869 1979 951; baseline -0.009 -15"><span class='ocrx_word' id='word_1_89' title='bbox 403 894 484 938; x_wconf 87' lang='lat' dir='ltr'><strong>tns</strong></span> <span class='ocrx_word' id='word_1_90' title='bbox 510 883 680 938; x_wconf 86' lang='lat' dir='ltr'><strong>moles</strong></span> <span class='ocrx_word' id='word_1_91' title='bbox 701 881 898 951; x_wconf 79' lang='lat' dir='ltr'><strong>ejicere</strong></span> <span class='ocrx_word' id='word_1_92' title='bbox 926 878 1096 937; x_wconf 86' lang='lat' dir='ltr'><strong>nescit</strong></span> <span class='ocrx_word' id='word_1_93' title='bbox 1122 876 1404 949; x_wconf 87' lang='lat' dir='ltr'><strong>undarum,</strong></span> <span class='ocrx_word' id='word_1_94' title='bbox 1429 882 1485 928; x_wconf 90' lang='lat' dir='ltr'><strong>et</strong></span> <span class='ocrx_word' id='word_1_95' title='bbox 1509 874 1623 927; x_wconf 84' lang='lat' dir='ltr'><strong>sine</strong></span> <span class='ocrx_word' id='word_1_96' title='bbox 1648 872 1853 927; x_wconf 89' lang='lat' dir='ltr'><strong>viribus</strong></span> <span class='ocrx_word' id='word_1_97' title='bbox 1873 869 1979 924; x_wconf 88' lang='lat' dir='ltr'><strong>fer-</strong></span> 
     </span>
    </p>
   </div>
   <div class='ocr_carea' id='block_1_10' title="bbox 2126 851 3655 951">
    <p class='ocr_par' dir='ltr' id='par_1_10' title="bbox 2126 851 3655 927">
     <span class='ocr_line' id='line_1_10' title="bbox 2126 851 3655 927; baseline -0.006 -14"><span class='ocrx_word' id='word_1_98' title='bbox 2126 860 2324 922; x_wconf 80' lang='lat' dir='ltr'><strong>tlversa,</strong></span> <span class='ocrx_word' id='word_1_99' title='bbox 2356 859 2586 927; x_wconf 68' lang='lat' dir='ltr'><strong>rigorem</strong></span> <span class='ocrx_word' id='word_1_100' title='bbox 2616 863 2931 925; x_wconf 83' lang='lat' dir='ltr'><strong>perpetuum</strong></span> <span class='ocrx_word' id='word_1_101' title='bbox 2963 861 3017 907; x_wconf 90' lang='lat' dir='ltr'><strong>et</strong></span> <span class='ocrx_word' id='word_1_102' title='bbox 3066 852 3384 906; x_wconf 86' lang='lat' dir='ltr'><strong>contrariam</strong></span> <span class='ocrx_word' id='word_1_103' title='bbox 3424 851 3615 904; x_wconf 78' lang='lat' dir='ltr'><strong>siceita-</strong></span> <span class='ocrx_word' id='word_1_104' title='bbox 3652 924 3655 927; x_wconf 87' lang='lat'><em>_</em></span> 
     </span>
    </p>
   </div>
   <div class='ocr_carea' id='block_1_11' title="bbox 403 937 3614 1043">
    <p class='ocr_par' dir='ltr' id='par_1_11' title="bbox 403 937 3614 1043">
     <span class='ocr_line' id='line_1_11' title="bbox 403 937 3614 1043; baseline -0.007 -14"><span class='ocrx_word' id='word_1_105' title='bbox 403 984 490 1030; x_wconf 82' lang='lat' dir='ltr'><strong>tur</strong></span> <span class='ocrx_word' id='word_1_106' title='bbox 508 971 650 1043; x_wconf 91' lang='lat' dir='ltr'><strong>quod</strong></span> <span class='ocrx_word' id='word_1_107' title='bbox 671 937 967 1026; x_wconf 69' lang='lat' dir='ltr'><strong>altitudinis</strong></span> <span class='ocrx_word' id='word_1_108' title='bbox 996 946 1217 1022; x_wconf 79' lang='lat' dir='ltr'><strong>auxilio</strong></span> <span class='ocrx_word' id='word_1_109' title='bbox 1244 981 1352 1020; x_wconf 92' lang='lat' dir='ltr'><strong>non</strong></span> <span class='ocrx_word' id='word_1_110' title='bbox 1393 937 1632 1033; x_wconf 86' lang='lat' dir='ltr'><strong>juvatur.</strong></span> <span class='ocrx_word' id='word_1_111' title='bbox 1659 960 1984 1017; x_wconf 81' lang='lat' dir='ltr'><strong>Habitatori-</strong></span> <span class='ocrx_word' id='word_1_112' title='bbox 2087 956 2212 1043; x_wconf 64' lang='lat' dir='ltr'><strong>lfm-</strong></span> <span class='ocrx_word' id='word_1_113' title='bbox 2248 947 2590 1043; x_wconf 61' lang='grc' dir='ltr'><strong>Μυιθνθΐξηη</strong></span> <span class='ocrx_word' id='word_1_114' title='bbox 2627 960 2684 999; x_wconf 73' lang='grc' dir='ltr'><strong>δε</strong></span> <span class='ocrx_word' id='word_1_115' title='bbox 2723 953 2963 1043; x_wconf 66' lang='grc' dir='ltr'><strong>ιοξιηιςπίξ</strong></span> <span class='ocrx_word' id='word_1_116' title='bbox 3011 956 3119 1043; x_wconf 54' lang='grc' dir='ltr'><strong>ξιοι)</strong></span> <span class='ocrx_word' id='word_1_117' title='bbox 3149 938 3397 1043; x_wconf 53' lang='lat' dir='ltr'><strong>Tum“?</strong></span> <span class='ocrx_word' id='word_1_118' title='bbox 3423 937 3550 1043; x_wconf 66' lang='grc' dir='ltr'><strong>[Νἱυ-</strong></span> <span class='ocrx_word' id='word_1_119' title='bbox 3575 952 3614 993; x_wconf 80' lang='grc' dir='ltr'><strong>ει</strong></span> 
     </span>
    </p>
   </div>
   <div class='ocr_carea' id='block_1_12' title="bbox 403 1028 3608 1132">
    <p class='ocr_par' dir='ltr' id='par_1_12' title="bbox 403 1028 3608 1132">
     <span class='ocr_line' id='line_1_12' title="bbox 403 1028 3608 1132; baseline -0.007 -16"><span class='ocrx_word' id='word_1_120' title='bbox 403 1066 502 1120; x_wconf 84' lang='lat' dir='ltr'><strong>bus</strong></span> <span class='ocrx_word' id='word_1_121' title='bbox 521 1028 681 1132; x_wconf 69' lang='lat' dir='ltr'><strong>igitur</strong></span> <span class='ocrx_word' id='word_1_122' title='bbox 710 1076 814 1116; x_wconf 89' lang='lat' dir='ltr'><strong>una</strong></span> <span class='ocrx_word' id='word_1_123' title='bbox 843 1060 999 1129; x_wconf 88' lang='lat' dir='ltr'><strong>cepia</strong></span> <span class='ocrx_word' id='word_1_124' title='bbox 1020 1067 1124 1125; x_wconf 89' lang='lat' dir='ltr'><strong>est,</strong></span> <span class='ocrx_word' id='word_1_125' title='bbox 1154 1064 1212 1111; x_wconf 92' lang='lat' dir='ltr'><strong>ut</strong></span> <span class='ocrx_word' id='word_1_126' title='bbox 1230 1057 1362 1111; x_wconf 87' lang='lat' dir='ltr'><strong>solis</strong></span> <span class='ocrx_word' id='word_1_127' title='bbox 1384 1028 1619 1125; x_wconf 81' lang='lat' dir='ltr'><strong>piscibus</strong></span> <span class='ocrx_word' id='word_1_128' title='bbox 1642 1052 1980 1122; x_wconf 84' lang='lat' dir='ltr'><strong>expleantur.</strong></span> <span class='ocrx_word' id='word_1_129' title='bbox 2088 1036 2211 1132; x_wconf 45' lang='lat' dir='ltr'><strong>Cap</strong></span> <span class='ocrx_word' id='word_1_130' title='bbox 2242 1035 2547 1106; x_wconf 56' lang='lat' dir='ltr'><strong>mutanda];</strong></span> <span class='ocrx_word' id='word_1_131' title='bbox 2572 1045 2626 1088; x_wconf 67' lang='lat' dir='ltr'><strong>el</strong></span> <span class='ocrx_word' id='word_1_132' title='bbox 2652 1033 2795 1132; x_wconf 55' lang='grc' dir='ltr'>ξῖυοιὶ</span> <span class='ocrx_word' id='word_1_133' title='bbox 2817 1031 2996 1086; x_wconf 51' lang='lat' dir='ltr'><strong>mixtis</strong></span> <span class='ocrx_word' id='word_1_134' title='bbox 3023 1029 3288 1132; x_wconf 46' lang='grc' dir='ltr'><strong>ίηψτξῧιιε.</strong></span> <span class='ocrx_word' id='word_1_135' title='bbox 3316 1028 3608 1132; x_wconf 51' lang='grc' dir='ltr'><strong>είξῖθῢτίιξῖί</strong></span> 
     </span>
    </p>
   </div>
   <div class='ocr_carea' id='block_1_13' title="bbox 407 1118 2024 1223">
    <p class='ocr_par' dir='ltr' id='par_1_13' title="bbox 407 1118 1981 1223">
     <span class='ocr_line' id='line_1_13' title="bbox 407 1118 1981 1223; baseline -0.008 -17"><span class='ocrx_word' id='word_1_136' title='bbox 407 1118 702 1223; x_wconf 71' lang='lat' dir='ltr'><strong>Paupertas</strong></span> <span class='ocrx_word' id='word_1_137' title='bbox 732 1151 804 1205; x_wconf 89' lang='lat' dir='ltr'><strong>ibi</strong></span> <span class='ocrx_word' id='word_1_138' title='bbox 830 1118 954 1205; x_wconf 79' lang='lat' dir='ltr'><strong>cum</strong></span> <span class='ocrx_word' id='word_1_139' title='bbox 983 1118 1235 1203; x_wconf 83' lang='lat' dir='ltr'><strong>divitibus</strong></span> <span class='ocrx_word' id='word_1_140' title='bbox 1254 1146 1352 1200; x_wconf 94' lang='lat' dir='ltr'><strong>sub</strong></span> <span class='ocrx_word' id='word_1_141' title='bbox 1374 1118 1679 1213; x_wconf 72' lang='lat' dir='ltr'><strong>aequalitate</strong></span> <span class='ocrx_word' id='word_1_142' title='bbox 1715 1118 1981 1196; x_wconf 35' lang='lat' dir='ltr'><strong>&#39;couvivit.</strong></span> 
     </span>
    </p>
   </div>
   <div class='ocr_carea' id='block_1_14' title="bbox 2126 1118 3619 1223">
    <p class='ocr_par' dir='ltr' id='par_1_14' title="bbox 2128 1118 3619 1195">
     <span class='ocr_line' id='line_1_14' title="bbox 2128 1118 3619 1195; baseline -0.007 -13"><span class='ocrx_word' id='word_1_143' title='bbox 2128 1128 2197 1195; x_wconf 89' lang='lat' dir='ltr'><strong>ei,</strong></span> <span class='ocrx_word' id='word_1_144' title='bbox 2227 1144 2292 1181; x_wconf 82' lang='lat' dir='ltr'><strong>ex</strong></span> <span class='ocrx_word' id='word_1_145' title='bbox 2320 1127 2566 1181; x_wconf 82' lang='lat' dir='ltr'><strong>ariditate</strong></span> <span class='ocrx_word' id='word_1_146' title='bbox 2593 1124 2707 1178; x_wconf 89' lang='lat' dir='ltr'><strong>sola</strong></span> <span class='ocrx_word' id='word_1_147' title='bbox 2733 1137 2840 1176; x_wconf 89' lang='lat' dir='ltr'><strong>non</strong></span> <span class='ocrx_word' id='word_1_148' title='bbox 2863 1128 3042 1189; x_wconf 86' lang='lat' dir='ltr'><strong>potest</strong></span> <span class='ocrx_word' id='word_1_149' title='bbox 3063 1118 3310 1174; x_wconf 89' lang='lat' dir='ltr'><strong>obtineri.</strong></span> <span class='ocrx_word' id='word_1_150' title='bbox 3340 1119 3499 1186; x_wconf 85' lang='lat' dir='ltr'><strong>Atque</strong></span> <span class='ocrx_word' id='word_1_151' title='bbox 3518 1118 3619 1172; x_wconf 78' lang='lat' dir='ltr'><strong>ideo</strong></span> 
     </span>
    </p>
   </div>
   <div class='ocr_carea' id='block_1_15' title="bbox 410 1208 3621 1302">
    <p class='ocr_par' dir='ltr' id='par_1_15' title="bbox 410 1208 3621 1302">
     <span class='ocr_line' id='line_1_15' title="bbox 410 1208 3621 1302; baseline -0.008 -2"><span class='ocrx_word' id='word_1_152' title='bbox 410 1208 555 1300; x_wconf 67' lang='lat' dir='ltr'><strong>Unus</strong></span> <span class='ocrx_word' id='word_1_153' title='bbox 584 1245 736 1300; x_wconf 90' lang='lat' dir='ltr'><strong>cibus</strong></span> <span class='ocrx_word' id='word_1_154' title='bbox 760 1257 949 1298; x_wconf 87' lang='lat' dir='ltr'><strong>omnes</strong></span> <span class='ocrx_word' id='word_1_155' title='bbox 969 1238 1144 1295; x_wconf 88' lang='lat' dir='ltr'><strong>reficit</strong></span> <span class='ocrx_word' id='word_1_156' title='bbox 1173 1255 1187 1302; x_wconf 91' lang='lat'><strong>;</strong></span> <span class='ocrx_word' id='word_1_157' title='bbox 1214 1208 1470 1292; x_wconf 78' lang='lat' dir='ltr'><strong>habitatio</strong></span> <span class='ocrx_word' id='word_1_158' title='bbox 1496 1235 1687 1290; x_wconf 89' lang='lat' dir='ltr'><strong>similis</strong></span> <span class='ocrx_word' id='word_1_159' title='bbox 1737 1233 1983 1286; x_wconf 88' lang='lat' dir='ltr'><strong>universa</strong></span> <span class='ocrx_word' id='word_1_160' title='bbox 2088 1219 2155 1271; x_wconf 70' lang='lat' dir='ltr'><strong>dc</strong></span> <span class='ocrx_word' id='word_1_161' title='bbox 2180 1217 2447 1272; x_wconf 57' lang='lat' dir='ltr'><strong>&quot;aeribus</strong></span> <span class='ocrx_word' id='word_1_162' title='bbox 2476 1214 2717 1302; x_wconf 53' lang='grc' dir='ltr'><strong>Γνιιὲῖῦυξ</strong></span> <span class='ocrx_word' id='word_1_163' title='bbox 2742 1211 3025 1302; x_wconf 54' lang='lat' dir='ltr'><strong>Vindemia</strong></span> <span class='ocrx_word' id='word_1_164' title='bbox 3073 1220 3179 1302; x_wconf 46' lang='lat' dir='ltr'><strong>tu?</strong></span> <span class='ocrx_word' id='word_1_165' title='bbox 3208 1208 3424 1302; x_wconf 47' lang='grc' dir='ltr'><strong>ξυξυξθιυ</strong></span> <span class='ocrx_word' id='word_1_166' title='bbox 3451 1210 3621 1302; x_wconf 43' lang='lat' dir='ltr'><strong>linem</strong></span> 
     </span>
    </p>
   </div>
   <div class='ocr_carea' id='block_1_16' title="bbox 409 1298 2024 1400">
    <p class='ocr_par' dir='ltr' id='par_1_16' title="bbox 409 1322 1989 1400">
     <span class='ocr_line' id='line_1_16' title="bbox 409 1322 1989 1400; baseline -0.009 -10"><span class='ocrx_word' id='word_1_167' title='bbox 409 1335 681 1390; x_wconf 85' lang='lat' dir='ltr'><strong>concludit</strong></span> <span class='ocrx_word' id='word_1_168' title='bbox 705 1351 719 1400; x_wconf 87' lang='lat'><strong>;</strong></span> <span class='ocrx_word' id='word_1_169' title='bbox 746 1332 994 1389; x_wconf 80' lang='lat' dir='ltr'><strong>nesciunt</strong></span> <span class='ocrx_word' id='word_1_170' title='bbox 1013 1330 1080 1385; x_wconf 92' lang='lat' dir='ltr'><strong>de</strong></span> <span class='ocrx_word' id='word_1_171' title='bbox 1102 1328 1384 1399; x_wconf 87' lang='lat' dir='ltr'><strong>penatibus</strong></span> <span class='ocrx_word' id='word_1_172' title='bbox 1404 1326 1663 1391; x_wconf 90' lang='lat' dir='ltr'><strong>invidere,</strong></span> <span class='ocrx_word' id='word_1_173' title='bbox 1687 1333 1743 1378; x_wconf 89' lang='lat' dir='ltr'><strong>et</strong></span> <span class='ocrx_word' id='word_1_174' title='bbox 1767 1324 1865 1378; x_wconf 92' lang='lat' dir='ltr'><strong>sub</strong></span> <span class='ocrx_word' id='word_1_175' title='bbox 1884 1322 1989 1375; x_wconf 88' lang='lat' dir='ltr'><strong>hac</strong></span> 
     </span>
    </p>
   </div>
   <div class='ocr_carea' id='block_1_17' title="bbox 2126 1298 3623 1400">
    <p class='ocr_par' dir='ltr' id='par_1_17' title="bbox 2131 1298 3623 1375">
     <span class='ocr_line' id='line_1_17' title="bbox 2131 1298 3623 1375; baseline -0.003 -16"><span class='ocrx_word' id='word_1_176' title='bbox 2131 1306 2343 1375; x_wconf 71' lang='lat' dir='ltr'><strong>nopiam,</strong></span> <span class='ocrx_word' id='word_1_177' title='bbox 2373 1306 2496 1373; x_wconf 90' lang='lat' dir='ltr'><strong>quia</strong></span> <span class='ocrx_word' id='word_1_178' title='bbox 2525 1311 2668 1356; x_wconf 89' lang='lat' dir='ltr'><strong>tanta</strong></span> <span class='ocrx_word' id='word_1_179' title='bbox 2696 1299 2792 1355; x_wconf 86' lang='lat' dir='ltr'><strong>fuit</strong></span> <span class='ocrx_word' id='word_1_180' title='bbox 2819 1300 2943 1354; x_wconf 88' lang='lat' dir='ltr'><strong>anni</strong></span> <span class='ocrx_word' id='word_1_181' title='bbox 2973 1300 3226 1370; x_wconf 70' lang='lat' dir='ltr'><strong>pmtet&#39;iti</strong></span> <span class='ocrx_word' id='word_1_182' title='bbox 3267 1298 3388 1353; x_wconf 80' lang='lat' dir='ltr'><strong>felix</strong></span> <span class='ocrx_word' id='word_1_183' title='bbox 3416 1299 3623 1361; x_wconf 84' lang='lat' dir='ltr'><strong>ubertas,</strong></span> 
     </span>
    </p>
   </div>
   <div class='ocr_carea' id='block_1_18' title="bbox 410 1385 3626 1493">
    <p class='ocr_par' dir='ltr' id='par_1_18' title="bbox 410 1385 3626 1493">
     <span class='ocr_line' id='line_1_18' title="bbox 410 1385 3626 1493; baseline -0.007 -14"><span class='ocrx_word' id='word_1_184' title='bbox 410 1440 659 1481; x_wconf 77' lang='lat' dir='ltr'><strong>mensura</strong></span> <span class='ocrx_word' id='word_1_185' title='bbox 689 1425 944 1493; x_wconf 78' lang='lat' dir='ltr'><strong>degentes</strong></span> <span class='ocrx_word' id='word_1_186' title='bbox 965 1421 1202 1489; x_wconf 76' lang='lat' dir='ltr'><strong>evadunt</strong></span> <span class='ocrx_word' id='word_1_187' title='bbox 1222 1419 1428 1483; x_wconf 88' lang='lat' dir='ltr'><strong>vitium,</strong></span> <span class='ocrx_word' id='word_1_188' title='bbox 1460 1418 1545 1473; x_wconf 92' lang='lat' dir='ltr'><strong>cui</strong></span> <span class='ocrx_word' id='word_1_189' title='bbox 1584 1416 1838 1472; x_wconf 89' lang='lat' dir='ltr'><strong>mundum</strong></span> <span class='ocrx_word' id='word_1_190' title='bbox 1869 1429 1993 1467; x_wconf 87' lang='lat' dir='ltr'><strong>con-</strong></span> <span class='ocrx_word' id='word_1_191' title='bbox 2092 1404 2148 1448; x_wconf 73' lang='grc' dir='ltr'><strong>ιη</strong></span> <span class='ocrx_word' id='word_1_192' title='bbox 2169 1402 2223 1448; x_wconf 72' lang='grc' dir='ltr'><strong>θῑ</strong></span> <span class='ocrx_word' id='word_1_193' title='bbox 2254 1391 2784 1493; x_wconf 37' lang='grc' dir='ltr'><strong>νθηιυετίῇπιςηδίῦυε</strong></span> <span class='ocrx_word' id='word_1_194' title='bbox 2799 1390 3010 1488; x_wconf 52' lang='grc' dir='ltr'><strong>Ρνθγίδδ</strong></span> <span class='ocrx_word' id='word_1_195' title='bbox 3032 1385 3319 1493; x_wconf 51' lang='grc' dir='ltr'><strong>δξξῖῧίξξθηῑ·</strong></span> <span class='ocrx_word' id='word_1_196' title='bbox 3347 1386 3626 1487; x_wconf 48' lang='lat' dir='ltr'><strong>Bellonam?</strong></span> 
     </span>
    </p>
   </div>
   <div class='ocr_carea' id='block_1_19' title="bbox 409 1475 2024 1570">
    <p class='ocr_par' dir='ltr' id='par_1_19' title="bbox 409 1505 1990 1570">
     <span class='ocr_line' id='line_1_19' title="bbox 409 1505 1990 1570; baseline -0.009 0"><span class='ocrx_word' id='word_1_197' title='bbox 409 1523 517 1569; x_wconf 84' lang='lat' dir='ltr'><strong>stat</strong></span> <span class='ocrx_word' id='word_1_198' title='bbox 540 1530 658 1570; x_wconf 86' lang='lat' dir='ltr'><strong>esse</strong></span> <span class='ocrx_word' id='word_1_199' title='bbox 678 1514 991 1570; x_wconf 67' lang='lat' dir='ltr'><strong>obnoxiam.</strong></span> <span class='ocrx_word' id='word_1_200' title='bbox 1018 1509 1075 1565; x_wconf 90' lang='lat' dir='ltr'><strong>In</strong></span> <span class='ocrx_word' id='word_1_201' title='bbox 1108 1510 1292 1569; x_wconf 86' lang='lat' dir='ltr'><strong>salinis</strong></span> <span class='ocrx_word' id='word_1_202' title='bbox 1313 1517 1492 1563; x_wconf 90' lang='lat' dir='ltr'><strong>autem</strong></span> <span class='ocrx_word' id='word_1_203' title='bbox 1534 1505 1850 1561; x_wconf 78' lang='lat' dir='ltr'><strong>exercendis</strong></span> <span class='ocrx_word' id='word_1_204' title='bbox 1878 1512 1990 1557; x_wconf 88' lang='lat' dir='ltr'><strong>tota</strong></span> 
     </span>
    </p>
   </div>
   <div class='ocr_carea' id='block_1_20' title="bbox 2126 1475 3631 1570">
    <p class='ocr_par' dir='ltr' id='par_1_20' title="bbox 2132 1475 3631 1550">
     <span class='ocr_line' id='line_1_20' title="bbox 2132 1475 3631 1550; baseline -0.005 -14"><span class='ocrx_word' id='word_1_205' title='bbox 2132 1499 2253 1536; x_wconf 71' lang='lat' dir='ltr'><strong>mlle</strong></span> <span class='ocrx_word' id='word_1_206' title='bbox 2278 1480 2421 1550; x_wconf 90' lang='lat' dir='ltr'><strong>quod</strong></span> <span class='ocrx_word' id='word_1_207' title='bbox 2451 1480 2515 1534; x_wconf 87' lang='lat' dir='ltr'><strong>ad</strong></span> <span class='ocrx_word' id='word_1_208' title='bbox 2545 1479 2739 1534; x_wconf 86' lang='lat' dir='ltr'><strong>victum</strong></span> <span class='ocrx_word' id='word_1_209' title='bbox 2764 1478 3035 1547; x_wconf 63' lang='lat' dir='ltr'><strong>quatritur.</strong></span> <span class='ocrx_word' id='word_1_210' title='bbox 3065 1476 3243 1530; x_wconf 87' lang='lat' dir='ltr'><strong>Facile</strong></span> <span class='ocrx_word' id='word_1_211' title='bbox 3284 1475 3508 1545; x_wconf 87' lang='lat' dir='ltr'><strong>privatus</strong></span> <span class='ocrx_word' id='word_1_212' title='bbox 3550 1492 3631 1529; x_wconf 87' lang='lat' dir='ltr'><strong>ne-</strong></span> 
     </span>
    </p>
   </div>
   <div class='ocr_carea' id='block_1_21' title="bbox 412 1594 1993 1674">
    <p class='ocr_par' dir='ltr' id='par_1_21' title="bbox 412 1594 1993 1674">
     <span class='ocr_line' id='line_1_21' title="bbox 412 1594 1993 1674; baseline -0.008 -12"><span class='ocrx_word' id='word_1_213' title='bbox 412 1606 688 1662; x_wconf 87' lang='lat' dir='ltr'><strong>contentio</strong></span> <span class='ocrx_word' id='word_1_214' title='bbox 711 1612 836 1660; x_wconf 90' lang='lat' dir='ltr'><strong>est:</strong></span> <span class='ocrx_word' id='word_1_215' title='bbox 886 1618 986 1674; x_wconf 91' lang='lat' dir='ltr'><strong>pro</strong></span> <span class='ocrx_word' id='word_1_216' title='bbox 1038 1600 1251 1666; x_wconf 86' lang='lat' dir='ltr'><strong>aratris,</strong></span> <span class='ocrx_word' id='word_1_217' title='bbox 1300 1614 1398 1669; x_wconf 95' lang='lat' dir='ltr'><strong>pro</strong></span> <span class='ocrx_word' id='word_1_218' title='bbox 1446 1597 1671 1651; x_wconf 79' lang='lat' dir='ltr'><strong>falcibus</strong></span> <span class='ocrx_word' id='word_1_219' title='bbox 1724 1594 1993 1666; x_wconf 83' lang='lat' dir='ltr'><strong>cylindros</strong></span> 
     </span>
    </p>
   </div>
   <div class='ocr_carea' id='block_1_22' title="bbox 2095 1564 3633 1638">
    <p class='ocr_par' dir='ltr' id='par_1_22' title="bbox 2095 1564 3633 1638">
     <span class='ocr_line' id='line_1_22' title="bbox 2095 1564 3633 1638; baseline -0.007 -10"><span class='ocrx_word' id='word_1_220' title='bbox 2095 1573 2329 1628; x_wconf 75' lang='lat' dir='ltr'><strong>cessaria</strong></span> <span class='ocrx_word' id='word_1_221' title='bbox 2357 1568 2575 1638; x_wconf 88' lang='lat' dir='ltr'><strong>reperit,</strong></span> <span class='ocrx_word' id='word_1_222' title='bbox 2598 1583 2719 1622; x_wconf 90' lang='lat' dir='ltr'><strong>cum</strong></span> <span class='ocrx_word' id='word_1_223' title='bbox 2748 1581 2805 1620; x_wconf 90' lang='lat' dir='ltr'><strong>se</strong></span> <span class='ocrx_word' id='word_1_224' title='bbox 2834 1566 3077 1635; x_wconf 83' lang='lat' dir='ltr'><strong>publicus</strong></span> <span class='ocrx_word' id='word_1_225' title='bbox 3105 1573 3391 1633; x_wconf 84' lang='lat' dir='ltr'><strong>apparatus</strong></span> <span class='ocrx_word' id='word_1_226' title='bbox 3413 1564 3633 1633; x_wconf 77' lang='lat' dir='ltr'><strong>expleve-</strong></span> 
     </span>
    </p>
   </div>
   <div class='ocr_carea' id='block_1_23' title="bbox 414 1654 2024 1755">
    <p class='ocr_par' dir='ltr' id='par_1_23' title="bbox 414 1654 1996 1755">
     <span class='ocr_line' id='line_1_23' title="bbox 417 1654 1776 1674; baseline -0.007 -2"><span class='ocrx_word' id='word_1_227' title='bbox 417 1654 684 1662; x_wconf 59' lang='grc' dir='ltr'><strong>ν-υ-ν--η</strong></span> <span class='ocrx_word' id='word_1_228' title='bbox 714 1654 791 1660; x_wconf 57' lang='grc' dir='ltr'><strong>τν-</strong></span> <span class='ocrx_word' id='word_1_229' title='bbox 822 1654 835 1658; x_wconf 91' lang='grc'><strong><em>-</em></strong></span> <span class='ocrx_word' id='word_1_230' title='bbox 887 1654 978 1674; x_wconf 67' lang='grc' dir='ltr'>,η</span> <span class='ocrx_word' id='word_1_231' title='bbox 1236 1654 1251 1666; x_wconf 89' lang='grc'><em>.</em></span> <span class='ocrx_word' id='word_1_232' title='bbox 1300 1654 1317 1669; x_wconf 94' lang='grc'><em>.</em></span> <span class='ocrx_word' id='word_1_233' title='bbox 1757 1654 1776 1666; x_wconf 90' lang='grc'>.</span> 
     </span>
     <span class='ocr_line' id='line_1_24' title="bbox 414 1685 1996 1755; baseline -0.007 -5"><span class='ocrx_word' id='word_1_234' title='bbox 414 1686 625 1751; x_wconf 77' lang='lat' dir='ltr'><strong>volvitis</strong></span> <span class='ocrx_word' id='word_1_235' title='bbox 658 1713 673 1750; x_wconf 88' lang='lat'><strong>:</strong></span> <span class='ocrx_word' id='word_1_236' title='bbox 696 1695 819 1751; x_wconf 89' lang='lat' dir='ltr'><strong>inde</strong></span> <span class='ocrx_word' id='word_1_237' title='bbox 847 1694 1002 1750; x_wconf 88' lang='lat' dir='ltr'><strong>vobis</strong></span> <span class='ocrx_word' id='word_1_238' title='bbox 1030 1691 1233 1747; x_wconf 87' lang='lat' dir='ltr'><strong>fructus</strong></span> <span class='ocrx_word' id='word_1_239' title='bbox 1261 1690 1438 1746; x_wconf 84' lang='lat' dir='ltr'><strong>omnis</strong></span> <span class='ocrx_word' id='word_1_240' title='bbox 1465 1688 1754 1751; x_wconf 89' lang='lat' dir='ltr'><strong>enascitur,</strong></span> <span class='ocrx_word' id='word_1_241' title='bbox 1783 1685 1996 1755; x_wconf 88' lang='lat' dir='ltr'><strong>quando</strong></span> 
     </span>
    </p>
   </div>
   <div class='ocr_carea' id='block_1_24' title="bbox 2126 1654 3637 1755">
    <p class='ocr_par' dir='ltr' id='par_1_24' title="bbox 2131 1654 3637 1727">
     <span class='ocr_line' id='line_1_25' title="bbox 2131 1654 3637 1727; baseline -0.005 -12"><span class='ocrx_word' id='word_1_242' title='bbox 2131 1663 2188 1716; x_wconf 93' lang='lat' dir='ltr'><strong>it.</strong></span> <span class='ocrx_word' id='word_1_243' title='bbox 2241 1660 2346 1715; x_wconf 88' lang='lat' dir='ltr'><strong>Sed</strong></span> <span class='ocrx_word' id='word_1_244' title='bbox 2386 1675 2453 1713; x_wconf 90' lang='lat' dir='ltr'><strong>ne</strong></span> <span class='ocrx_word' id='word_1_245' title='bbox 2498 1667 2549 1713; x_wconf 90' lang='lat' dir='ltr'><strong>te</strong></span> <span class='ocrx_word' id='word_1_246' title='bbox 2599 1656 2833 1727; x_wconf 73' lang='lat' dir='ltr'><strong>prmsens&#39;</strong></span> <span class='ocrx_word' id='word_1_247' title='bbox 2881 1669 3037 1710; x_wconf 87' lang='lat' dir='ltr'><strong>causa</strong></span> <span class='ocrx_word' id='word_1_248' title='bbox 3092 1667 3287 1722; x_wconf 83' lang='lat' dir='ltr'><strong>magna</strong></span> <span class='ocrx_word' id='word_1_249' title='bbox 3334 1654 3637 1709; x_wconf 71' lang='lat' dir='ltr'><strong>haesitatione</strong></span> 
     </span>
    </p>
   </div>
   <div class='ocr_carea' id='block_1_25' title="bbox 418 1773 1996 1857">
    <p class='ocr_par' dir='ltr' id='par_1_25' title="bbox 418 1773 1996 1857">
     <span class='ocr_line' id='line_1_26' title="bbox 418 1773 1996 1857; baseline -0.011 -13"><span class='ocrx_word' id='word_1_250' title='bbox 418 1791 471 1844; x_wconf 92' lang='lat' dir='ltr'><strong>in</strong></span> <span class='ocrx_word' id='word_1_251' title='bbox 494 1788 619 1857; x_wconf 85' lang='lat' dir='ltr'><strong>ipsis</strong></span> <span class='ocrx_word' id='word_1_252' title='bbox 639 1793 694 1841; x_wconf 91' lang='lat' dir='ltr'><strong>et</strong></span> <span class='ocrx_word' id='word_1_253' title='bbox 718 1799 836 1855; x_wconf 77' lang='lat' dir='ltr'><strong>quae</strong></span> <span class='ocrx_word' id='word_1_254' title='bbox 884 1800 991 1839; x_wconf 90' lang='lat' dir='ltr'><strong>non</strong></span> <span class='ocrx_word' id='word_1_255' title='bbox 1047 1781 1218 1838; x_wconf 86' lang='lat' dir='ltr'><strong>facitis</strong></span> <span class='ocrx_word' id='word_1_256' title='bbox 1273 1777 1582 1851; x_wconf 87' lang='lat' dir='ltr'><strong>possidetis.</strong></span> <span class='ocrx_word' id='word_1_257' title='bbox 1636 1775 1847 1830; x_wconf 77' lang='lat' dir='ltr'><strong>Moneta</strong></span> <span class='ocrx_word' id='word_1_258' title='bbox 1889 1773 1996 1828; x_wconf 90' lang='lat' dir='ltr'><strong>illic</strong></span> 
     </span>
    </p>
   </div>
   <div class='ocr_carea' id='block_1_26' title="bbox 418 1865 1998 1950">
    <p class='ocr_par' dir='ltr' id='par_1_26' title="bbox 418 1865 1998 1950">
     <span class='ocr_line' id='line_1_27' title="bbox 418 1865 1998 1950; baseline -0.011 -16"><span class='ocrx_word' id='word_1_259' title='bbox 418 1876 814 1950; x_wconf 84' lang='lat' dir='ltr'><strong>quodammodo</strong></span> <span class='ocrx_word' id='word_1_260' title='bbox 844 1873 1145 1945; x_wconf 86' lang='lat' dir='ltr'><strong>percutitur</strong></span> <span class='ocrx_word' id='word_1_261' title='bbox 1173 1870 1434 1927; x_wconf 89' lang='lat' dir='ltr'><strong>victualis.</strong></span> <span class='ocrx_word' id='word_1_262' title='bbox 1459 1868 1574 1922; x_wconf 84' lang='lat' dir='ltr'><strong>Arti</strong></span> <span class='ocrx_word' id='word_1_263' title='bbox 1602 1875 1795 1921; x_wconf 59' lang='lat' dir='ltr'><strong>vestrae</strong></span> <span class='ocrx_word' id='word_1_264' title='bbox 1823 1865 1998 1919; x_wconf 85' lang='lat' dir='ltr'><strong>omnis</strong></span> 
     </span>
    </p>
   </div>
   <div class='ocr_carea' id='block_1_27' title="bbox 420 1955 2001 2043">
    <p class='ocr_par' dir='ltr' id='par_1_27' title="bbox 420 1955 2001 2043">
     <span class='ocr_line' id='line_1_28' title="bbox 420 1955 2001 2043; baseline -0.01 -19"><span class='ocrx_word' id='word_1_265' title='bbox 420 1971 610 2027; x_wconf 85' lang='lat' dir='ltr'><strong>ﬂuetus</strong></span> <span class='ocrx_word' id='word_1_266' title='bbox 642 1970 785 2043; x_wconf 79' lang='lat' dir='ltr'><strong>[ms.,</strong></span> <span class='ocrx_word' id='word_1_267' title='bbox 810 1963 1033 2035; x_wconf 87' lang='lat' dir='ltr'><strong>fructus]</strong></span> <span class='ocrx_word' id='word_1_268' title='bbox 1061 1963 1308 2019; x_wconf 89' lang='lat' dir='ltr'><strong>addictus</strong></span> <span class='ocrx_word' id='word_1_269' title='bbox 1330 1972 1428 2017; x_wconf 89' lang='lat' dir='ltr'><strong>est.</strong></span> <span class='ocrx_word' id='word_1_270' title='bbox 1458 1959 1641 2014; x_wconf 91' lang='lat' dir='ltr'><strong>Potest</strong></span> <span class='ocrx_word' id='word_1_271' title='bbox 1674 1973 1861 2012; x_wconf 88' lang='lat' dir='ltr'><strong>aurum</strong></span> <span class='ocrx_word' id='word_1_272' title='bbox 1909 1955 2001 2009; x_wconf 81' lang='lat' dir='ltr'><strong>ali-</strong></span> 
     </span>
    </p>
   </div>
   <div class='ocr_carea' id='block_1_28' title="bbox 419 2048 2001 2133">
    <p class='ocr_par' dir='ltr' id='par_1_28' title="bbox 419 2048 2001 2133">
     <span class='ocr_line' id='line_1_29' title="bbox 419 2048 2001 2133; baseline -0.009 -16"><span class='ocrx_word' id='word_1_273' title='bbox 419 2064 538 2133; x_wconf 87' lang='lat' dir='ltr'><strong>quis</strong></span> <span class='ocrx_word' id='word_1_274' title='bbox 567 2061 741 2115; x_wconf 85' lang='lat' dir='ltr'><strong>minus</strong></span> <span class='ocrx_word' id='word_1_275' title='bbox 768 2072 1029 2128; x_wconf 64' lang='lat' dir='ltr'><strong>quaerere,</strong></span> <span class='ocrx_word' id='word_1_276' title='bbox 1060 2070 1216 2110; x_wconf 89' lang='lat' dir='ltr'><strong>nemo</strong></span> <span class='ocrx_word' id='word_1_277' title='bbox 1239 2062 1320 2109; x_wconf 91' lang='lat' dir='ltr'><strong>est</strong></span> <span class='ocrx_word' id='word_1_278' title='bbox 1354 2053 1445 2123; x_wconf 88' lang='lat' dir='ltr'><strong>qui</strong></span> <span class='ocrx_word' id='word_1_279' title='bbox 1473 2052 1636 2106; x_wconf 91' lang='lat' dir='ltr'><strong>salem</strong></span> <span class='ocrx_word' id='word_1_280' title='bbox 1664 2066 1771 2105; x_wconf 92' lang='lat' dir='ltr'><strong>non</strong></span> <span class='ocrx_word' id='word_1_281' title='bbox 1793 2048 2001 2104; x_wconf 83' lang='lat' dir='ltr'><strong>deside-</strong></span> 
     </span>
    </p>
   </div>
   <div class='ocr_carea' id='block_1_29' title="bbox 421 2137 2000 2214">
    <p class='ocr_par' dir='ltr' id='par_1_29' title="bbox 421 2137 2000 2214">
     <span class='ocr_line' id='line_1_30' title="bbox 421 2137 2000 2214; baseline -0.008 -10"><span class='ocrx_word' id='word_1_282' title='bbox 421 2160 503 2206; x_wconf 88' lang='lat' dir='ltr'><strong>ret</strong></span> <span class='ocrx_word' id='word_1_283' title='bbox 530 2149 810 2214; x_wconf 90' lang='lat' dir='ltr'><strong>invenire;</strong></span> <span class='ocrx_word' id='word_1_284' title='bbox 836 2146 1052 2213; x_wconf 92' lang='lat' dir='ltr'><strong>merito,</strong></span> <span class='ocrx_word' id='word_1_285' title='bbox 1083 2142 1298 2213; x_wconf 89' lang='lat' dir='ltr'><strong>quando</strong></span> <span class='ocrx_word' id='word_1_286' title='bbox 1327 2141 1414 2197; x_wconf 90' lang='lat' dir='ltr'><strong>isti</strong></span> <span class='ocrx_word' id='word_1_287' title='bbox 1447 2141 1607 2195; x_wconf 86' lang='lat' dir='ltr'><strong>debet</strong></span> <span class='ocrx_word' id='word_1_288' title='bbox 1660 2138 1875 2212; x_wconf 78' lang='lat' dir='ltr'><strong>[Forn.,</strong></span> <span class='ocrx_word' id='word_1_289' title='bbox 1904 2137 2000 2191; x_wconf 88' lang='lat' dir='ltr'><strong>de-</strong></span> 
     </span>
    </p>
   </div>
   <div class='ocr_carea' id='block_1_30' title="bbox 422 2229 2002 2308">
    <p class='ocr_par' dir='ltr' id='par_1_30' title="bbox 422 2229 2002 2308">
     <span class='ocr_line' id='line_1_31' title="bbox 422 2229 2002 2308; baseline -0.007 -15"><span class='ocrx_word' id='word_1_290' title='bbox 422 2241 666 2295; x_wconf 91' lang='lat' dir='ltr'><strong>betur....</strong></span> <span class='ocrx_word' id='word_1_291' title='bbox 700 2235 813 2308; x_wconf 90' lang='lat' dir='ltr'><strong>qui]</strong></span> <span class='ocrx_word' id='word_1_292' title='bbox 836 2235 1009 2292; x_wconf 90' lang='lat' dir='ltr'><strong>omnis</strong></span> <span class='ocrx_word' id='word_1_293' title='bbox 1033 2234 1204 2301; x_wconf 92' lang='lat' dir='ltr'><strong>cibus,</strong></span> <span class='ocrx_word' id='word_1_294' title='bbox 1233 2232 1379 2302; x_wconf 87' lang='lat' dir='ltr'><strong>quod</strong></span> <span class='ocrx_word' id='word_1_295' title='bbox 1401 2239 1578 2303; x_wconf 89' lang='lat' dir='ltr'><strong>potest</strong></span> <span class='ocrx_word' id='word_1_296' title='bbox 1606 2246 1722 2286; x_wconf 85' lang='lat' dir='ltr'><strong>esse</strong></span> <span class='ocrx_word' id='word_1_297' title='bbox 1761 2229 2002 2299; x_wconf 88' lang='lat' dir='ltr'><strong>gratissi-</strong></span> 
     </span>
    </p>
   </div>
   <div class='ocr_carea' id='block_1_31' title="bbox 424 2319 2006 2392">
    <p class='ocr_par' dir='ltr' id='par_1_31' title="bbox 424 2319 2006 2392">
     <span class='ocr_line' id='line_1_32' title="bbox 424 2319 2006 2392; baseline -0.008 -9"><span class='ocrx_word' id='word_1_298' title='bbox 424 2345 562 2385; x_wconf 88' lang='lat' dir='ltr'><strong>mus.</strong></span> <span class='ocrx_word' id='word_1_299' title='bbox 594 2326 825 2382; x_wconf 83' lang='lat' dir='ltr'><strong>Proinde</strong></span> <span class='ocrx_word' id='word_1_300' title='bbox 854 2339 1040 2388; x_wconf 86' lang='lat' dir='ltr'><strong>naves,</strong></span> <span class='ocrx_word' id='word_1_301' title='bbox 1089 2338 1223 2392; x_wconf 87' lang='lat' dir='ltr'><strong>quas</strong></span> <span class='ocrx_word' id='word_1_302' title='bbox 1265 2336 1416 2376; x_wconf 89' lang='lat' dir='ltr'><strong>more</strong></span> <span class='ocrx_word' id='word_1_303' title='bbox 1460 2320 1769 2374; x_wconf 83' lang='lat' dir='ltr'><strong>animalium</strong></span> <span class='ocrx_word' id='word_1_304' title='bbox 1818 2319 2006 2374; x_wconf 88' lang='lat' dir='ltr'><strong>vestris</strong></span> 
     </span>
    </p>
   </div>
   <div class='ocr_carea' id='block_1_32' title="bbox 424 2408 2005 2489">
    <p class='ocr_par' dir='ltr' id='par_1_32' title="bbox 424 2408 2005 2489">
     <span class='ocr_line' id='line_1_33' title="bbox 424 2408 2005 2489; baseline -0.007 -16"><span class='ocrx_word' id='word_1_305' title='bbox 424 2419 714 2489; x_wconf 78' lang='lat' dir='ltr'><strong>parietibus</strong></span> <span class='ocrx_word' id='word_1_306' title='bbox 741 2415 1005 2483; x_wconf 84' lang='lat' dir='ltr'><strong>illigastis,</strong></span> <span class='ocrx_word' id='word_1_307' title='bbox 1032 2412 1271 2482; x_wconf 79' lang='lat' dir='ltr'><strong>diligenti</strong></span> <span class='ocrx_word' id='word_1_308' title='bbox 1302 2427 1429 2467; x_wconf 90' lang='lat' dir='ltr'><strong>cura</strong></span> <span class='ocrx_word' id='word_1_309' title='bbox 1480 2408 1687 2465; x_wconf 88' lang='lat' dir='ltr'><strong>reficite</strong></span> <span class='ocrx_word' id='word_1_310' title='bbox 1712 2449 1726 2473; x_wconf 91' lang='lat'><strong>,</strong></span> <span class='ocrx_word' id='word_1_311' title='bbox 1778 2417 1837 2462; x_wconf 89' lang='lat' dir='ltr'><strong>ut</strong></span> <span class='ocrx_word' id='word_1_312' title='bbox 1883 2424 2005 2463; x_wconf 91' lang='lat' dir='ltr'><strong>cum</strong></span> 
     </span>
    </p>
   </div>
   <div class='ocr_carea' id='block_1_33' title="bbox 427 2499 2010 2575">
    <p class='ocr_par' dir='ltr' id='par_1_33' title="bbox 427 2499 2010 2575">
     <span class='ocr_line' id='line_1_34' title="bbox 427 2499 2010 2575; baseline -0.005 -17"><span class='ocrx_word' id='word_1_313' title='bbox 427 2522 520 2561; x_wconf 86' lang='lat' dir='ltr'><strong>vos</strong></span> <span class='ocrx_word' id='word_1_314' title='bbox 548 2507 631 2560; x_wconf 88' lang='lat' dir='ltr'><strong>vir</strong></span> <span class='ocrx_word' id='word_1_315' title='bbox 657 2503 1154 2575; x_wconf 84' lang='lat' dir='ltr'><strong>experientissimus</strong></span> <span class='ocrx_word' id='word_1_316' title='bbox 1183 2500 1519 2564; x_wconf 80' lang='lat' dir='ltr'><strong>Laurentius,</strong></span> <span class='ocrx_word' id='word_1_317' title='bbox 1568 2500 1658 2568; x_wconf 91' lang='lat' dir='ltr'><strong>qui</strong></span> <span class='ocrx_word' id='word_1_318' title='bbox 1703 2499 1770 2552; x_wconf 86' lang='lat' dir='ltr'><strong>ad</strong></span> <span class='ocrx_word' id='word_1_319' title='bbox 1822 2513 2010 2568; x_wconf 87' lang='lat' dir='ltr'><strong>procu-</strong></span> 
     </span>
    </p>
   </div>
   <div class='ocr_carea' id='block_1_34' title="bbox 432 2587 2004 2665">
    <p class='ocr_par' dir='ltr' id='par_1_34' title="bbox 432 2587 2004 2665">
     <span class='ocr_line' id='line_1_35' title="bbox 432 2587 2004 2665; baseline -0.008 -14"><span class='ocrx_word' id='word_1_320' title='bbox 432 2596 625 2651; x_wconf 87' lang='lat' dir='ltr'><strong>randas</strong></span> <span class='ocrx_word' id='word_1_321' title='bbox 650 2596 856 2665; x_wconf 88' lang='lat' dir='ltr'><strong>species</strong></span> <span class='ocrx_word' id='word_1_322' title='bbox 886 2592 1122 2647; x_wconf 87' lang='lat' dir='ltr'><strong>directus</strong></span> <span class='ocrx_word' id='word_1_323' title='bbox 1147 2599 1249 2656; x_wconf 88' lang='lat' dir='ltr'><strong>est,</strong></span> <span class='ocrx_word' id='word_1_324' title='bbox 1305 2603 1650 2644; x_wconf 89' lang='lat' dir='ltr'><strong>commonere</strong></span> <span class='ocrx_word' id='word_1_325' title='bbox 1697 2587 2004 2651; x_wconf 84' lang='lat' dir='ltr'><strong>tentaverit,</strong></span> 
     </span>
    </p>
   </div>
   <div class='ocr_carea' id='block_1_35' title="bbox 432 2678 2010 2752">
    <p class='ocr_par' dir='ltr' id='par_1_35' title="bbox 432 2678 2010 2752">
     <span class='ocr_line' id='line_1_36' title="bbox 432 2678 2010 2752; baseline -0.005 -9"><span class='ocrx_word' id='word_1_326' title='bbox 432 2687 698 2743; x_wconf 86' lang='lat' dir='ltr'><strong>festinetis</strong></span> <span class='ocrx_word' id='word_1_327' title='bbox 719 2698 1005 2740; x_wconf 78' lang='lat' dir='ltr'><strong>excurrere</strong></span> <span class='ocrx_word' id='word_1_328' title='bbox 1029 2699 1044 2750; x_wconf 90' lang='lat'><strong>;</strong></span> <span class='ocrx_word' id='word_1_329' title='bbox 1095 2689 1360 2752; x_wconf 89' lang='lat' dir='ltr'><strong>quatenus</strong></span> <span class='ocrx_word' id='word_1_330' title='bbox 1387 2695 1651 2751; x_wconf 82' lang='lat' dir='ltr'><strong>expensas</strong></span> <span class='ocrx_word' id='word_1_331' title='bbox 1681 2678 2010 2735; x_wconf 88' lang='lat' dir='ltr'><strong>necessarias</strong></span> 
     </span>
    </p>
   </div>
   <div class='ocr_carea' id='block_1_36' title="bbox 432 2770 2011 2843">
    <p class='ocr_par' dir='ltr' id='par_1_36' title="bbox 432 2770 2011 2843">
     <span class='ocr_line' id='line_1_37' title="bbox 432 2770 2011 2843; baseline -0.007 -9"><span class='ocrx_word' id='word_1_332' title='bbox 432 2779 575 2835; x_wconf 84' lang='lat' dir='ltr'><strong>nulla</strong></span> <span class='ocrx_word' id='word_1_333' title='bbox 596 2776 910 2833; x_wconf 80' lang='lat' dir='ltr'><strong>difficultate</strong></span> <span class='ocrx_word' id='word_1_334' title='bbox 931 2773 1170 2839; x_wconf 89' lang='lat' dir='ltr'><strong>tardetis,</strong></span> <span class='ocrx_word' id='word_1_335' title='bbox 1192 2773 1284 2843; x_wconf 92' lang='lat' dir='ltr'><strong>qui</strong></span> <span class='ocrx_word' id='word_1_336' title='bbox 1306 2788 1404 2843; x_wconf 91' lang='lat' dir='ltr'><strong>pro</strong></span> <span class='ocrx_word' id='word_1_337' title='bbox 1424 2772 1684 2842; x_wconf 79' lang='lat' dir='ltr'><strong>qualitate</strong></span> <span class='ocrx_word' id='word_1_338' title='bbox 1707 2770 1846 2827; x_wconf 91' lang='lat' dir='ltr'><strong>aeris</strong></span> <span class='ocrx_word' id='word_1_339' title='bbox 1861 2785 2011 2825; x_wconf 85' lang='lat' dir='ltr'><strong>com-</strong></span> 
     </span>
    </p>
   </div>
   <div class='ocr_carea' id='block_1_37' title="bbox 435 2864 1593 2944">
    <p class='ocr_par' dir='ltr' id='par_1_37' title="bbox 435 2864 1593 2944">
     <span class='ocr_line' id='line_1_38' title="bbox 435 2864 1593 2944; baseline -0.008 -17"><span class='ocrx_word' id='word_1_340' title='bbox 435 2870 689 2944; x_wconf 88' lang='lat' dir='ltr'><strong>pendium</strong></span> <span class='ocrx_word' id='word_1_341' title='bbox 710 2867 863 2925; x_wconf 85' lang='lat' dir='ltr'><strong>vobis</strong></span> <span class='ocrx_word' id='word_1_342' title='bbox 890 2867 1089 2937; x_wconf 77' lang='lat' dir='ltr'><strong>eligere</strong></span> <span class='ocrx_word' id='word_1_343' title='bbox 1111 2865 1340 2937; x_wconf 88' lang='lat' dir='ltr'><strong>potestis</strong></span> <span class='ocrx_word' id='word_1_344' title='bbox 1368 2864 1593 2919; x_wconf 88' lang='lat' dir='ltr'><strong>itineris.</strong></span> 
     </span>
    </p>
   </div>
   <div class='ocr_carea' id='block_1_38' title="bbox 953 2997 1485 3056">
    <p class='ocr_par' dir='ltr' id='par_1_38' title="bbox 953 2997 1485 3056">
     <span class='ocr_line' id='line_1_39' title="bbox 953 2997 1485 3056; baseline -0.006 0"><span class='ocrx_word' id='word_1_345' title='bbox 953 2999 1284 3056; x_wconf 74' lang='lat' dir='ltr'><strong>EPISTULA</strong></span> <span class='ocrx_word' id='word_1_346' title='bbox 1320 2997 1485 3055; x_wconf 77' lang='lat' dir='ltr'><strong>XXV.</strong></span> 
     </span>
    </p>
   </div>
   <div class='ocr_carea' id='block_1_39' title="bbox 2098 1743 3636 1817">
    <p class='ocr_par' dir='ltr' id='par_1_39' title="bbox 2098 1743 3636 1817">
     <span class='ocr_line' id='line_1_40' title="bbox 2098 1743 3636 1817; baseline -0.006 -12"><span class='ocrx_word' id='word_1_347' title='bbox 2098 1749 2404 1817; x_wconf 76' lang='lat' dir='ltr'><strong>discruciet,</strong></span> <span class='ocrx_word' id='word_1_348' title='bbox 2434 1748 2498 1802; x_wconf 90' lang='lat' dir='ltr'><strong>ad</strong></span> <span class='ocrx_word' id='word_1_349' title='bbox 2529 1746 3013 1802; x_wconf 81' lang='lat' dir='ltr'><strong>considerationem</strong></span> <span class='ocrx_word' id='word_1_350' title='bbox 3041 1752 3313 1799; x_wconf 88' lang='lat' dir='ltr'><strong>revertere</strong></span> <span class='ocrx_word' id='word_1_351' title='bbox 3346 1743 3636 1796; x_wconf 89' lang='lat' dir='ltr'><strong>naturalium</strong></span> 
     </span>
    </p>
   </div>
   <div class='ocr_carea' id='block_1_40' title="bbox 2097 1833 3642 1905">
    <p class='ocr_par' dir='ltr' id='par_1_40' title="bbox 2097 1833 3642 1905">
     <span class='ocr_line' id='line_1_41' title="bbox 2097 1833 3642 1905; baseline -0.005 -10"><span class='ocrx_word' id='word_1_352' title='bbox 2097 1856 2298 1905; x_wconf 90' lang='lat' dir='ltr'><strong>rerum,</strong></span> <span class='ocrx_word' id='word_1_353' title='bbox 2331 1849 2384 1894; x_wconf 91' lang='lat' dir='ltr'><strong>et</strong></span> <span class='ocrx_word' id='word_1_354' title='bbox 2413 1837 2471 1891; x_wconf 85' lang='lat' dir='ltr'><strong>fit</strong></span> <span class='ocrx_word' id='word_1_355' title='bbox 2505 1838 2711 1891; x_wconf 89' lang='lat' dir='ltr'><strong>ratione</strong></span> <span class='ocrx_word' id='word_1_356' title='bbox 2763 1844 2989 1898; x_wconf 90' lang='lat' dir='ltr'><strong>certum,</strong></span> <span class='ocrx_word' id='word_1_357' title='bbox 3038 1833 3180 1904; x_wconf 89' lang='lat' dir='ltr'><strong>quod</strong></span> <span class='ocrx_word' id='word_1_358' title='bbox 3228 1834 3460 1902; x_wconf 87' lang='lat' dir='ltr'><strong>stupenti</strong></span> <span class='ocrx_word' id='word_1_359' title='bbox 3501 1834 3642 1899; x_wconf 83' lang='lat' dir='ltr'><strong>vulgo</strong></span> 
     </span>
    </p>
   </div>
   <div class='ocr_carea' id='block_1_41' title="bbox 2100 1925 3643 1998">
    <p class='ocr_par' dir='ltr' id='par_1_41' title="bbox 2100 1925 3643 1998">
     <span class='ocr_line' id='line_1_42' title="bbox 2100 1925 3643 1998; baseline -0.006 -12"><span class='ocrx_word' id='word_1_360' title='bbox 2100 1932 2305 1986; x_wconf 80' lang='lat' dir='ltr'><strong>videtur</strong></span> <span class='ocrx_word' id='word_1_361' title='bbox 2329 1931 2651 1998; x_wconf 86' lang='lat' dir='ltr'><strong>ambiguum.</strong></span> <span class='ocrx_word' id='word_1_362' title='bbox 2692 1928 2779 1983; x_wconf 88' lang='lat' dir='ltr'><strong>Sic</strong></span> <span class='ocrx_word' id='word_1_363' title='bbox 2804 1927 2944 1982; x_wconf 89' lang='lat' dir='ltr'><strong>enim</strong></span> <span class='ocrx_word' id='word_1_364' title='bbox 2986 1934 3196 1981; x_wconf 86' lang='lat' dir='ltr'><strong>constat</strong></span> <span class='ocrx_word' id='word_1_365' title='bbox 3232 1925 3411 1979; x_wconf 87' lang='lat' dir='ltr'><strong>divina</strong></span> <span class='ocrx_word' id='word_1_366' title='bbox 3453 1925 3643 1979; x_wconf 78' lang='lat' dir='ltr'><strong>ordina-</strong></span> 
     </span>
    </p>
   </div>
   <div class='ocr_carea' id='block_1_42' title="bbox 2101 2015 3648 2089">
    <p class='ocr_par' dir='ltr' id='par_1_42' title="bbox 2101 2015 3648 2089">
     <span class='ocr_line' id='line_1_43' title="bbox 2101 2015 3648 2089; baseline -0.005 -13"><span class='ocrx_word' id='word_1_367' title='bbox 2101 2023 2248 2077; x_wconf 91' lang='lat' dir='ltr'><strong>tione</strong></span> <span class='ocrx_word' id='word_1_368' title='bbox 2272 2020 2625 2089; x_wconf 78' lang='lat' dir='ltr'><strong>dispositum:</strong></span> <span class='ocrx_word' id='word_1_369' title='bbox 2670 2019 2746 2071; x_wconf 88' lang='lat' dir='ltr'><strong>sic</strong></span> <span class='ocrx_word' id='word_1_370' title='bbox 2790 2026 2935 2072; x_wconf 86' lang='lat' dir='ltr'><strong>astra</strong></span> <span class='ocrx_word' id='word_1_371' title='bbox 2972 2016 3248 2087; x_wconf 58' lang='lat' dir='ltr'><strong>praisentis</strong></span> <span class='ocrx_word' id='word_1_372' title='bbox 3298 2017 3348 2069; x_wconf 91' lang='lat' dir='ltr'><strong>in</strong></span> <span class='ocrx_word' id='word_1_373' title='bbox 3392 2015 3648 2070; x_wconf 79' lang='lat' dir='ltr'><strong>domiciliis</strong></span> 
     </span>
    </p>
   </div>
   <div class='ocr_carea' id='block_1_43' title="bbox 2103 2109 3649 2174">
    <p class='ocr_par' dir='ltr' id='par_1_43' title="bbox 2103 2109 3649 2174">
     <span class='ocr_line' id='line_1_44' title="bbox 2103 2109 3649 2174; baseline -0.007 -5"><span class='ocrx_word' id='word_1_374' title='bbox 2103 2114 2211 2169; x_wconf 90' lang='lat' dir='ltr'><strong>suis</strong></span> <span class='ocrx_word' id='word_1_375' title='bbox 2237 2112 2432 2166; x_wconf 87' lang='lat' dir='ltr'><strong>mutuis</strong></span> <span class='ocrx_word' id='word_1_376' title='bbox 2461 2109 3012 2165; x_wconf 83' lang='lat' dir='ltr'><strong>administrationibus</strong></span> <span class='ocrx_word' id='word_1_377' title='bbox 3030 2117 3417 2170; x_wconf 81' lang='lat' dir='ltr'><strong>convenerunt,</strong></span> <span class='ocrx_word' id='word_1_378' title='bbox 3437 2116 3490 2160; x_wconf 93' lang='lat' dir='ltr'><strong>ut</strong></span> <span class='ocrx_word' id='word_1_379' title='bbox 3510 2121 3649 2174; x_wconf 80' lang='lat' dir='ltr'><strong>supra</strong></span> 
     </span>
    </p>
   </div>
   <div class='ocr_carea' id='block_1_44' title="bbox 2103 2196 3650 2271">
    <p class='ocr_par' dir='ltr' id='par_1_44' title="bbox 2103 2196 3650 2271">
     <span class='ocr_line' id='line_1_45' title="bbox 2103 2196 3650 2271; baseline -0.008 -12"><span class='ocrx_word' id='word_1_380' title='bbox 2103 2204 2318 2259; x_wconf 82' lang='lat' dir='ltr'><strong>solitum</strong></span> <span class='ocrx_word' id='word_1_381' title='bbox 2346 2202 2513 2264; x_wconf 83' lang='lat' dir='ltr'><strong>hiems</strong></span> <span class='ocrx_word' id='word_1_382' title='bbox 2551 2200 2693 2256; x_wconf 89' lang='lat' dir='ltr'><strong>sicca</strong></span> <span class='ocrx_word' id='word_1_383' title='bbox 2720 2199 3036 2254; x_wconf 86' lang='lat' dir='ltr'><strong>redderetur</strong></span> <span class='ocrx_word' id='word_1_384' title='bbox 3062 2205 3116 2254; x_wconf 86' lang='lat' dir='ltr'><strong>et</strong></span> <span class='ocrx_word' id='word_1_385' title='bbox 3157 2198 3366 2271; x_wconf 81' lang='lat' dir='ltr'><strong>frigida.</strong></span> <span class='ocrx_word' id='word_1_386' title='bbox 3408 2196 3535 2252; x_wconf 82' lang='lat' dir='ltr'><strong>lline</strong></span> <span class='ocrx_word' id='word_1_387' title='bbox 3571 2212 3650 2250; x_wconf 82' lang='lat' dir='ltr'><strong>aer</strong></span> 
     </span>
    </p>
   </div>
   <div class='ocr_carea' id='block_1_45' title="bbox 2108 2288 3654 2359">
    <p class='ocr_par' dir='ltr' id='par_1_45' title="bbox 2108 2288 3654 2359">
     <span class='ocr_line' id='line_1_46' title="bbox 2108 2288 3654 2359; baseline -0.006 -11"><span class='ocrx_word' id='word_1_388' title='bbox 2108 2294 2315 2348; x_wconf 75' lang='lat' dir='ltr'><strong>nivibus</strong></span> <span class='ocrx_word' id='word_1_389' title='bbox 2334 2292 2499 2347; x_wconf 89' lang='lat' dir='ltr'><strong>nimio</strong></span> <span class='ocrx_word' id='word_1_390' title='bbox 2539 2291 2716 2359; x_wconf 86' lang='lat' dir='ltr'><strong>rigore</strong></span> <span class='ocrx_word' id='word_1_391' title='bbox 2744 2290 3013 2355; x_wconf 88' lang='lat' dir='ltr'><strong>densatus,</strong></span> <span class='ocrx_word' id='word_1_392' title='bbox 3044 2289 3239 2343; x_wconf 85' lang='lat' dir='ltr'><strong>ardore</strong></span> <span class='ocrx_word' id='word_1_393' title='bbox 3282 2288 3411 2343; x_wconf 80' lang='lat' dir='ltr'><strong>solis</strong></span> <span class='ocrx_word' id='word_1_394' title='bbox 3443 2290 3490 2341; x_wconf 92' lang='lat' dir='ltr'><strong>in</strong></span> <span class='ocrx_word' id='word_1_395' title='bbox 3529 2288 3654 2342; x_wconf 79' lang='lat' dir='ltr'><strong>nulla</strong></span> 
     </span>
    </p>
   </div>
   <div class='ocr_carea' id='block_1_46' title="bbox 2106 2376 3657 2451">
    <p class='ocr_par' dir='ltr' id='par_1_46' title="bbox 2106 2376 3657 2451">
     <span class='ocr_line' id='line_1_47' title="bbox 2106 2376 3657 2451; baseline -0.006 -13"><span class='ocrx_word' id='word_1_396' title='bbox 2106 2385 2326 2438; x_wconf 85' lang='lat' dir='ltr'><strong>raritate</strong></span> <span class='ocrx_word' id='word_1_397' title='bbox 2355 2381 2640 2451; x_wconf 82' lang='lat' dir='ltr'><strong>perductus</strong></span> <span class='ocrx_word' id='word_1_398' title='bbox 2662 2389 2742 2433; x_wconf 82' lang='lat' dir='ltr'><strong>est</strong></span> <span class='ocrx_word' id='word_1_399' title='bbox 2768 2396 2779 2432; x_wconf 91' lang='lat'><strong>:</strong></span> <span class='ocrx_word' id='word_1_400' title='bbox 2816 2379 2911 2433; x_wconf 89' lang='lat' dir='ltr'><strong>sed</strong></span> <span class='ocrx_word' id='word_1_401' title='bbox 2941 2379 2992 2431; x_wconf 90' lang='lat' dir='ltr'><strong>in</strong></span> <span class='ocrx_word' id='word_1_402' title='bbox 3022 2388 3299 2446; x_wconf 79' lang='lat' dir='ltr'><strong>assumpta</strong></span> <span class='ocrx_word' id='word_1_403' title='bbox 3332 2376 3657 2431; x_wconf 77' lang='lat' dir='ltr'><strong>crassitudiie</strong></span> 
     </span>
    </p>
   </div>
   <div class='ocr_carea' id='block_1_47' title="bbox 2107 2467 3660 2543">
    <p class='ocr_par' dir='ltr' id='par_1_47' title="bbox 2107 2467 3660 2543">
     <span class='ocr_line' id='line_1_48' title="bbox 2107 2467 3660 2543; baseline -0.007 -16"><span class='ocrx_word' id='word_1_404' title='bbox 2107 2473 2423 2543; x_wconf 89' lang='lat' dir='ltr'><strong>perdurans,</strong></span> <span class='ocrx_word' id='word_1_405' title='bbox 2468 2480 2523 2525; x_wconf 87' lang='lat' dir='ltr'><strong>et</strong></span> <span class='ocrx_word' id='word_1_406' title='bbox 2558 2469 2823 2524; x_wconf 90' lang='lat' dir='ltr'><strong>caloribus</strong></span> <span class='ocrx_word' id='word_1_407' title='bbox 2859 2467 2973 2536; x_wconf 86' lang='lat' dir='ltr'><strong>ejus</strong></span> <span class='ocrx_word' id='word_1_408' title='bbox 3014 2467 3247 2532; x_wconf 89' lang='lat' dir='ltr'><strong>obstitit,</strong></span> <span class='ocrx_word' id='word_1_409' title='bbox 3304 2478 3359 2522; x_wconf 90' lang='lat' dir='ltr'><strong>et</strong></span> <span class='ocrx_word' id='word_1_410' title='bbox 3409 2475 3660 2536; x_wconf 81' lang='lat' dir='ltr'><strong>aspectum</strong></span> 
     </span>
    </p>
   </div>
   <div class='ocr_carea' id='block_1_48' title="bbox 2110 2554 3663 2630">
    <p class='ocr_par' dir='ltr' id='par_1_48' title="bbox 2110 2554 3663 2630">
     <span class='ocr_line' id='line_1_49' title="bbox 2110 2554 3663 2630; baseline -0.006 -14"><span class='ocrx_word' id='word_1_411' title='bbox 2110 2564 2356 2617; x_wconf 72' lang='lat' dir='ltr'><strong>humana:</strong></span> <span class='ocrx_word' id='word_1_412' title='bbox 2401 2561 2699 2630; x_wconf 85' lang='lat' dir='ltr'><strong>fragilitatis</strong></span> <span class='ocrx_word' id='word_1_413' title='bbox 2744 2556 2921 2613; x_wconf 79' lang='lat' dir='ltr'><strong>el&#39;usit.</strong></span> <span class='ocrx_word' id='word_1_414' title='bbox 2973 2558 3143 2612; x_wconf 78' lang='lat' dir='ltr'><strong>Media</strong></span> <span class='ocrx_word' id='word_1_415' title='bbox 3183 2560 3331 2611; x_wconf 89' lang='lat' dir='ltr'><strong>enim</strong></span> <span class='ocrx_word' id='word_1_416' title='bbox 3374 2554 3489 2628; x_wconf 71' lang='lat' dir='ltr'><strong>qua:</strong></span> <span class='ocrx_word' id='word_1_417' title='bbox 3532 2564 3663 2615; x_wconf 80' lang='lat' dir='ltr'><strong>Stud,</strong></span> 
     </span>
    </p>
   </div>
   <div class='ocr_carea' id='block_1_49' title="bbox 2112 2649 3667 2720">
    <p class='ocr_par' dir='ltr' id='par_1_49' title="bbox 2112 2649 3667 2720">
     <span class='ocr_line' id='line_1_50' title="bbox 2112 2649 3667 2720; baseline -0.009 -10"><span class='ocrx_word' id='word_1_418' title='bbox 2112 2654 2312 2710; x_wconf 84' lang='lat' dir='ltr'><strong>nostris</strong></span> <span class='ocrx_word' id='word_1_419' title='bbox 2345 2653 2689 2707; x_wconf 85' lang='lat' dir='ltr'><strong>dominantur</strong></span> <span class='ocrx_word' id='word_1_420' title='bbox 2734 2650 3038 2713; x_wconf 81' lang='lat' dir='ltr'><strong>obtutibus;</strong></span> <span class='ocrx_word' id='word_1_421' title='bbox 3080 2657 3134 2703; x_wconf 88' lang='lat' dir='ltr'><strong>et</strong></span> <span class='ocrx_word' id='word_1_422' title='bbox 3172 2665 3275 2720; x_wconf 87' lang='lat' dir='ltr'><strong>per</strong></span> <span class='ocrx_word' id='word_1_423' title='bbox 3330 2649 3442 2719; x_wconf 85' lang='lat' dir='ltr'><strong>ipsa</strong></span> <span class='ocrx_word' id='word_1_424' title='bbox 3485 2655 3667 2700; x_wconf 85' lang='lat' dir='ltr'><strong>tantum</strong></span> 
     </span>
    </p>
   </div>
   <div class='ocr_carea' id='block_1_50' title="bbox 2114 2736 3670 2814">
    <p class='ocr_par' dir='ltr' id='par_1_50' title="bbox 2114 2736 3670 2814">
     <span class='ocr_line' id='line_1_51' title="bbox 2114 2736 3670 2814; baseline -0.006 -15"><span class='ocrx_word' id='word_1_425' title='bbox 2114 2743 2292 2799; x_wconf 84' lang='lat' dir='ltr'><strong>videre</strong></span> <span class='ocrx_word' id='word_1_426' title='bbox 2321 2758 2622 2814; x_wconf 87' lang='lat' dir='ltr'><strong>possumus,</strong></span> <span class='ocrx_word' id='word_1_427' title='bbox 2652 2752 2909 2812; x_wconf 76' lang='lat' dir='ltr'><strong>quantum</strong></span> <span class='ocrx_word' id='word_1_428' title='bbox 2943 2740 3094 2796; x_wconf 88' lang='lat' dir='ltr'><strong>nobis</strong></span> <span class='ocrx_word' id='word_1_429' title='bbox 3122 2741 3203 2797; x_wconf 90' lang='lat' dir='ltr'><strong>sui</strong></span> <span class='ocrx_word' id='word_1_430' title='bbox 3238 2755 3441 2810; x_wconf 57' lang='grc' dir='ltr'><strong>θοι-μοι’</strong></span> <span class='ocrx_word' id='word_1_431' title='bbox 3461 2754 3485 2794; x_wconf 89' lang='lat' dir='ltr'><strong>s</strong></span> <span class='ocrx_word' id='word_1_432' title='bbox 3513 2736 3670 2792; x_wconf 83' lang='lat' dir='ltr'><strong>tenni-</strong></span> 
     </span>
    </p>
   </div>
   <div class='ocr_carea' id='block_1_51' title="bbox 2111 2829 3680 2900">
    <p class='ocr_par' dir='ltr' id='par_1_51' title="bbox 2111 2829 3680 2900">
     <span class='ocr_line' id='line_1_52' title="bbox 2111 2829 3680 2900; baseline -0.005 -13"><span class='ocrx_word' id='word_1_433' title='bbox 2111 2842 2225 2889; x_wconf 89' lang='lat' dir='ltr'><strong>tate</strong></span> <span class='ocrx_word' id='word_1_434' title='bbox 2253 2833 2572 2889; x_wconf 90' lang='lat' dir='ltr'><strong>concedunt.</strong></span> <span class='ocrx_word' id='word_1_435' title='bbox 2606 2833 2719 2887; x_wconf 88' lang='lat' dir='ltr'><strong>lloc</strong></span> <span class='ocrx_word' id='word_1_436' title='bbox 2759 2834 2901 2887; x_wconf 91' lang='lat' dir='ltr'><strong>enim</strong></span> <span class='ocrx_word' id='word_1_437' title='bbox 2942 2833 3100 2887; x_wconf 88' lang='lat' dir='ltr'><strong>inane</strong></span> <span class='ocrx_word' id='word_1_438' title='bbox 3135 2847 3421 2900; x_wconf 83' lang='lat' dir='ltr'><strong>magnum,</strong></span> <span class='ocrx_word' id='word_1_439' title='bbox 3453 2832 3588 2899; x_wconf 87' lang='lat' dir='ltr'><strong>quod</strong></span> <span class='ocrx_word' id='word_1_440' title='bbox 3613 2829 3680 2880; x_wconf 88' lang='lat' dir='ltr'><strong>in-</strong></span> 
     </span>
    </p>
   </div>
   <div class='ocr_carea' id='block_1_52' title="bbox 2114 2922 3674 2993">
    <p class='ocr_par' dir='ltr' id='par_1_52' title="bbox 2114 2922 3674 2993">
     <span class='ocr_line' id='line_1_53' title="bbox 2114 2922 3674 2993; baseline -0.008 -11"><span class='ocrx_word' id='word_1_441' title='bbox 2114 2936 2199 2982; x_wconf 85' lang='lat' dir='ltr'><strong>ter</strong></span> <span class='ocrx_word' id='word_1_442' title='bbox 2253 2926 2446 2981; x_wconf 63' lang='lat' dir='ltr'><strong>caelum</strong></span> <span class='ocrx_word' id='word_1_443' title='bbox 2489 2933 2793 2993; x_wconf 87' lang='lat' dir='ltr'><strong>terramque</strong></span> <span class='ocrx_word' id='word_1_444' title='bbox 2831 2922 3083 2979; x_wconf 88' lang='lat' dir='ltr'><strong>elementi</strong></span> <span class='ocrx_word' id='word_1_445' title='bbox 3136 2938 3296 2978; x_wconf 91' lang='lat' dir='ltr'><strong>more</strong></span> <span class='ocrx_word' id='word_1_446' title='bbox 3351 2929 3674 2993; x_wconf 80' lang='lat' dir='ltr'><strong>pervagatur,</strong></span> 
     </span>
    </p>
   </div>
   <div class='ocr_carea' id='block_1_53' title="bbox 2040 3014 3682 3097">
    <p class='ocr_par' dir='ltr' id='par_1_53' title="bbox 2040 3014 3682 3097">
     <span class='ocr_line' id='line_1_54' title="bbox 2040 3014 3682 3097; baseline -0.007 -24"><span class='ocrx_word' id='word_1_447' title='bbox 2040 3034 2083 3097; x_wconf 73' lang='grc' dir='ltr'><strong>ρ</strong></span> <span class='ocrx_word' id='word_1_448' title='bbox 2112 3018 2237 3073; x_wconf 89' lang='lat' dir='ltr'><strong>dum</strong></span> <span class='ocrx_word' id='word_1_449' title='bbox 2267 3017 2550 3085; x_wconf 78' lang='lat' dir='ltr'><strong>contigerit</strong></span> <span class='ocrx_word' id='word_1_450' title='bbox 2578 3029 2698 3071; x_wconf 59' lang='grc' dir='ltr'><strong>θεέθ</strong></span> <span class='ocrx_word' id='word_1_451' title='bbox 2736 3031 2946 3085; x_wconf 91' lang='lat' dir='ltr'><strong>purum,</strong></span> <span class='ocrx_word' id='word_1_452' title='bbox 2973 3023 3027 3070; x_wconf 91' lang='lat' dir='ltr'><strong>et</strong></span> <span class='ocrx_word' id='word_1_453' title='bbox 3054 3014 3182 3069; x_wconf 91' lang='lat' dir='ltr'><strong>solis</strong></span> <span class='ocrx_word' id='word_1_454' title='bbox 3208 3014 3464 3068; x_wconf 86' lang='lat' dir='ltr'><strong>claritate</strong></span> <span class='ocrx_word' id='word_1_455' title='bbox 3490 3025 3682 3081; x_wconf 85' lang='lat' dir='ltr'><strong>resper-</strong></span> 
     </span>
    </p>
   </div>
   <div class='ocr_carea' id='block_1_54' title="bbox 435 3101 2024 3175">
    <p class='ocr_par' dir='ltr' id='par_1_54' title="bbox 435 3106 2012 3159">
     <span class='ocr_line' id='line_1_55' title="bbox 435 3106 2012 3159; baseline -0.005 -5"><span class='ocrx_word' id='word_1_456' title='bbox 435 3113 692 3154; x_wconf 70' lang='lat' dir='ltr'><strong>AHBROSIO</strong></span> <span class='ocrx_word' id='word_1_457' title='bbox 739 3110 863 3152; x_wconf 71' lang='lat' dir='ltr'><strong>VIRO</strong></span> <span class='ocrx_word' id='word_1_458' title='bbox 928 3109 1203 3159; x_wconf 76' lang='lat' dir='ltr'><strong>lLLUS&#39;I&#39;Bl,</strong></span> <span class='ocrx_word' id='word_1_459' title='bbox 1268 3108 1462 3148; x_wconf 77' lang='lat' dir='ltr'><strong>AGENTI</strong></span> <span class='ocrx_word' id='word_1_460' title='bbox 1530 3106 1705 3159; x_wconf 80' lang='lat' dir='ltr'><strong>VICBS,</strong></span> <span class='ocrx_word' id='word_1_461' title='bbox 1771 3107 2012 3146; x_wconf 69' lang='lat' dir='ltr'><strong>SENATOR</strong></span> 
     </span>
    </p>
   </div>
   <div class='ocr_carea' id='block_1_55' title="bbox 2126 3101 3683 3175">
    <p class='ocr_par' dir='ltr' id='par_1_55' title="bbox 2126 3101 3683 3175">
     <span class='ocr_line' id='line_1_56' title="bbox 2126 3101 3683 3175; baseline -0.008 -12"><span class='ocrx_word' id='word_1_462' title='bbox 2126 3126 2254 3175; x_wconf 77' lang='lat' dir='ltr'><strong>sum,</strong></span> <span class='ocrx_word' id='word_1_463' title='bbox 2277 3116 2487 3162; x_wconf 89' lang='lat' dir='ltr'><strong>vestros</strong></span> <span class='ocrx_word' id='word_1_464' title='bbox 2508 3107 2770 3161; x_wconf 81' lang='lat' dir='ltr'><strong>veraciter</strong></span> <span class='ocrx_word' id='word_1_465' title='bbox 2800 3105 2982 3175; x_wconf 88' lang='lat' dir='ltr'><strong>pandit</strong></span> <span class='ocrx_word' id='word_1_466' title='bbox 3010 3113 3264 3174; x_wconf 88' lang='lat' dir='ltr'><strong>aspectus</strong></span> <span class='ocrx_word' id='word_1_467' title='bbox 3291 3121 3305 3155; x_wconf 89' lang='lat'>:</span> <span class='ocrx_word' id='word_1_468' title='bbox 3338 3104 3387 3157; x_wconf 88' lang='lat' dir='ltr'><strong>si</strong></span> <span class='ocrx_word' id='word_1_469' title='bbox 3430 3116 3554 3156; x_wconf 80' lang='lat' dir='ltr'><strong>vero</strong></span> <span class='ocrx_word' id='word_1_470' title='bbox 3595 3101 3683 3152; x_wconf 86' lang='lat' dir='ltr'><strong>ali-</strong></span> 
     </span>
    </p>
   </div>
   <div class='ocr_carea' id='block_1_56' title="bbox 889 3178 1539 3220">
    <p class='ocr_par' dir='ltr' id='par_1_56' title="bbox 889 3178 1539 3220">
     <span class='ocr_line' id='line_1_57' title="bbox 889 3178 1539 3220; baseline -0.005 0"><span class='ocrx_word' id='word_1_471' title='bbox 889 3178 1209 3220; x_wconf 65' lang='lat' dir='ltr'><strong>PMEFECTUS</strong></span> <span class='ocrx_word' id='word_1_472' title='bbox 1237 3178 1539 3217; x_wconf 68' lang='lat' dir='ltr'><strong>PMTORIO.</strong></span> 
     </span>
    </p>
   </div>
   <div class='ocr_carea' id='block_1_57' title="bbox 440 3252 2016 3327">
    <p class='ocr_par' dir='ltr' id='par_1_57' title="bbox 440 3252 2016 3327">
     <span class='ocr_line' id='line_1_58' title="bbox 440 3252 2016 3327; baseline -0.003 -17"><span class='ocrx_word' id='word_1_473' title='bbox 440 3256 525 3312; x_wconf 77' lang='lat' dir='ltr'><strong>Ea:</strong></span> <span class='ocrx_word' id='word_1_474' title='bbox 543 3255 1032 3327; x_wconf 75' lang='lat' dir='ltr'><strong>quibusdam_signis</strong></span> <span class='ocrx_word' id='word_1_475' title='bbox 1061 3255 1306 3327; x_wconf 66' lang='grc' dir='ltr'><strong>[ιιειιηιπι⁸</strong></span> <span class='ocrx_word' id='word_1_476' title='bbox 1326 3253 1556 3327; x_wconf 72' lang='lat' dir='ltr'><strong>inopiam</strong></span> <span class='ocrx_word' id='word_1_477' title='bbox 1587 3252 1830 3327; x_wconf 80' lang='lat' dir='ltr'><strong>colligit;_</strong></span> <span class='ocrx_word' id='word_1_478' title='bbox 1845 3253 1925 3305; x_wconf 82' lang='lat' dir='ltr'><strong>cui</strong></span> <span class='ocrx_word' id='word_1_479' title='bbox 1961 3260 2016 3305; x_wconf 84' lang='lat' dir='ltr'><strong>ut</strong></span> 
     </span>
    </p>
   </div>
   <div class='ocr_carea' id='block_1_58' title="bbox 510 3324 2017 3397">
    <p class='ocr_par' dir='ltr' id='par_1_58' title="bbox 510 3324 2017 3397">
     <span class='ocr_line' id='line_1_59' title="bbox 510 3324 2017 3397; baseline -0.004 -16"><span class='ocrx_word' id='word_1_480' title='bbox 510 3324 828 3393; x_wconf 72' lang='lat' dir='ltr'><strong>occurratur,</strong></span> <span class='ocrx_word' id='word_1_481' title='bbox 844 3324 991 3397; x_wconf 83' lang='lat' dir='ltr'><strong>jubet</strong></span> <span class='ocrx_word' id='word_1_482' title='bbox 1028 3324 1252 3378; x_wconf 79' lang='lat' dir='ltr'><strong>veterum</strong></span> <span class='ocrx_word' id='word_1_483' title='bbox 1279 3324 1486 3395; x_wconf 74' lang='lat' dir='ltr'><strong>frugum</strong></span> <span class='ocrx_word' id='word_1_484' title='bbox 1514 3324 1693 3394; x_wconf 80' lang='lat' dir='ltr'><strong>ingens</strong></span> <span class='ocrx_word' id='word_1_485' title='bbox 1718 3324 1869 3392; x_wconf 82' lang='lat' dir='ltr'><strong>copia</strong></span> <span class='ocrx_word' id='word_1_486' title='bbox 1894 3339 2017 3376; x_wconf 82' lang='lat' dir='ltr'><strong>con-</strong></span> 
     </span>
    </p>
   </div>
   <div class='ocr_carea' id='block_1_59' title="bbox 572 3406 762 3450">
    <p class='ocr_par' dir='ltr' id='par_1_59' title="bbox 572 3406 762 3450">
     <span class='ocr_line' id='line_1_60' title="bbox 572 3406 762 3450; baseline -0.011 0"><span class='ocrx_word' id='word_1_487' title='bbox 572 3406 762 3450; x_wconf 77' lang='lat' dir='ltr'><strong>euetur.</strong></span> 
     </span>
    </p>
   </div>
   <div class='ocr_carea' id='block_1_60' title="bbox 513 3413 2023 3556">
    <p class='ocr_par' dir='ltr' id='par_1_60' title="bbox 513 3413 2023 3556">
     <span class='ocr_line' id='line_1_61' title="bbox 572 3413 762 3450; baseline -0.011 0"><span class='ocrx_word' id='word_1_488' title='bbox 572 3413 598 3450; x_wconf 75' lang='grc' dir='ltr'><em>ϐ</em></span> <span class='ocrx_word' id='word_1_489' title='bbox 633 3413 762 3450; x_wconf 83' lang='lat' dir='ltr'><strong>etur.</strong></span> 
     </span>
     <span class='ocr_line' id='line_1_62' title="bbox 513 3413 2023 3556; baseline -0.004 -15"><span class='ocrx_word' id='word_1_490' title='bbox 513 3413 832 3556; x_wconf 44' lang='lat' dir='ltr'><strong>fgesti-umque</strong></span> <span class='ocrx_word' id='word_1_491' title='bbox 862 3483 1077 3547; x_wconf 85' lang='lat' dir='ltr'><strong>solliciti</strong></span> <span class='ocrx_word' id='word_1_492' title='bbox 1102 3482 1255 3551; x_wconf 83' lang='lat' dir='ltr'><strong>fiunt,</strong></span> <span class='ocrx_word' id='word_1_493' title='bbox 1277 3482 1370 3552; x_wconf 90' lang='lat' dir='ltr'><strong>qui</strong></span> <span class='ocrx_word' id='word_1_494' title='bbox 1390 3489 1626 3538; x_wconf 88' lang='lat' dir='ltr'><strong>mutatos</strong></span> <span class='ocrx_word' id='word_1_495' title='bbox 1651 3496 1832 3537; x_wconf 92' lang='lat' dir='ltr'><strong>rerum</strong></span> <span class='ocrx_word' id='word_1_496' title='bbox 1876 3481 2023 3536; x_wconf 89' lang='lat' dir='ltr'><strong>ordi-</strong></span> 
     </span>
    </p>
   </div>
   <div class='ocr_carea' id='block_1_61' title="bbox 443 3572 2021 3645">
    <p class='ocr_par' dir='ltr' id='par_1_61' title="bbox 443 3572 2021 3645">
     <span class='ocr_line' id='line_1_63' title="bbox 443 3572 2021 3645; baseline -0.006 -12"><span class='ocrx_word' id='word_1_497' title='bbox 443 3595 537 3634; x_wconf 92' lang='lat' dir='ltr'><strong>nes</strong></span> <span class='ocrx_word' id='word_1_498' title='bbox 576 3579 874 3645; x_wconf 90' lang='lat' dir='ltr'><strong>iutucntur,</strong></span> <span class='ocrx_word' id='word_1_499' title='bbox 908 3575 1035 3645; x_wconf 87' lang='lat' dir='ltr'><strong>quia</strong></span> <span class='ocrx_word' id='word_1_500' title='bbox 1081 3588 1225 3643; x_wconf 61' lang='lat' dir='ltr'><strong>saepe</strong></span> <span class='ocrx_word' id='word_1_501' title='bbox 1271 3573 1600 3642; x_wconf 89' lang='lat' dir='ltr'><strong>portendunt</strong></span> <span class='ocrx_word' id='word_1_502' title='bbox 1647 3572 1848 3641; x_wconf 85' lang='lat' dir='ltr'><strong>aliqua,</strong></span> <span class='ocrx_word' id='word_1_503' title='bbox 1904 3584 2021 3638; x_wconf 62' lang='lat' dir='ltr'><strong>quae</strong></span> 
     </span>
    </p>
   </div>
   <div class='ocr_carea' id='block_1_62' title="bbox 446 3663 2024 3737">
    <p class='ocr_par' dir='ltr' id='par_1_62' title="bbox 446 3663 2024 3737">
     <span class='ocr_line' id='line_1_64' title="bbox 446 3663 2024 3737; baseline -0.006 -12"><span class='ocrx_word' id='word_1_504' title='bbox 446 3666 824 3725; x_wconf 75' lang='lat' dir='ltr'><strong>Consuetudini</strong></span> <span class='ocrx_word' id='word_1_505' title='bbox 868 3667 1164 3737; x_wconf 89' lang='lat' dir='ltr'><strong>probantur</strong></span> <span class='ocrx_word' id='word_1_506' title='bbox 1207 3664 1457 3719; x_wconf 84' lang='lat' dir='ltr'><strong>adversa.</strong></span> <span class='ocrx_word' id='word_1_507' title='bbox 1499 3663 1642 3717; x_wconf 86' lang='lat' dir='ltr'><strong>Nihil</strong></span> <span class='ocrx_word' id='word_1_508' title='bbox 1695 3664 1839 3717; x_wconf 90' lang='lat' dir='ltr'><strong>enim</strong></span> <span class='ocrx_word' id='word_1_509' title='bbox 1908 3663 2024 3718; x_wconf 89' lang='lat' dir='ltr'><strong>sine</strong></span> 
     </span>
    </p>
   </div>
   <div class='ocr_carea' id='block_1_63' title="bbox 446 3749 2027 3829">
    <p class='ocr_par' dir='ltr' id='par_1_63' title="bbox 446 3749 2027 3829">
     <span class='ocr_line' id='line_1_65' title="bbox 446 3749 2027 3829; baseline -0.006 -14"><span class='ocrx_word' id='word_1_510' title='bbox 446 3774 604 3815; x_wconf 85' lang='lat' dir='ltr'><strong>causa</strong></span> <span class='ocrx_word' id='word_1_511' title='bbox 633 3759 855 3829; x_wconf 82' lang='lat' dir='ltr'><strong>geritur,</strong></span> <span class='ocrx_word' id='word_1_512' title='bbox 888 3771 989 3813; x_wconf 90' lang='lat' dir='ltr'><strong>nec</strong></span> <span class='ocrx_word' id='word_1_513' title='bbox 1015 3755 1247 3812; x_wconf 89' lang='lat' dir='ltr'><strong>mundus</strong></span> <span class='ocrx_word' id='word_1_514' title='bbox 1273 3753 1505 3811; x_wconf 89' lang='lat' dir='ltr'><strong>fortuitis</strong></span> <span class='ocrx_word' id='word_1_515' title='bbox 1532 3755 1744 3809; x_wconf 88' lang='lat' dir='ltr'><strong>casibus</strong></span> <span class='ocrx_word' id='word_1_516' title='bbox 1781 3749 1993 3824; x_wconf 72' lang='lat' dir='ltr'><strong>implica</strong></span> <span class='ocrx_word' id='word_1_517' title='bbox 2011 3784 2027 3793; x_wconf 89' lang='lat'><strong>-</strong></span> 
     </span>
    </p>
   </div>
   <div class='ocr_carea' id='block_1_64' title="bbox 449 3844 2030 3919">
    <p class='ocr_par' dir='ltr' id='par_1_64' title="bbox 449 3844 2030 3919">
     <span class='ocr_line' id='line_1_66' title="bbox 449 3844 2030 3919; baseline -0.005 -14"><span class='ocrx_word' id='word_1_518' title='bbox 449 3862 569 3919; x_wconf 91' lang='lat' dir='ltr'><strong>tur;</strong></span> <span class='ocrx_word' id='word_1_519' title='bbox 599 3850 692 3905; x_wconf 91' lang='lat' dir='ltr'><strong>sed</strong></span> <span class='ocrx_word' id='word_1_520' title='bbox 731 3847 989 3918; x_wconf 88' lang='lat' dir='ltr'><strong>quidquid</strong></span> <span class='ocrx_word' id='word_1_521' title='bbox 1014 3847 1202 3902; x_wconf 87' lang='lat' dir='ltr'><strong>venire</strong></span> <span class='ocrx_word' id='word_1_522' title='bbox 1242 3846 1484 3900; x_wconf 87' lang='lat' dir='ltr'><strong>videmus</strong></span> <span class='ocrx_word' id='word_1_523' title='bbox 1511 3845 1579 3899; x_wconf 90' lang='lat' dir='ltr'><strong>ad</strong></span> <span class='ocrx_word' id='word_1_524' title='bbox 1608 3845 1917 3912; x_wconf 87' lang='lat' dir='ltr'><strong>terminum,</strong></span> <span class='ocrx_word' id='word_1_525' title='bbox 1949 3844 2030 3898; x_wconf 89' lang='lat' dir='ltr'><strong>di-</strong></span> 
     </span>
    </p>
   </div>
   <div class='ocr_carea' id='block_1_65' title="bbox 446 3934 2029 4005">
    <p class='ocr_par' dir='ltr' id='par_1_65' title="bbox 446 3934 2029 4005">
     <span class='ocr_line' id='line_1_67' title="bbox 446 3934 2029 4005; baseline -0.004 -12"><span class='ocrx_word' id='word_1_526' title='bbox 446 3944 627 3995; x_wconf 78' lang='lat' dir='ltr'><strong>vinum</strong></span> <span class='ocrx_word' id='word_1_527' title='bbox 657 3945 873 3994; x_wconf 89' lang='lat' dir='ltr'><strong>constat</strong></span> <span class='ocrx_word' id='word_1_528' title='bbox 900 3952 1019 3993; x_wconf 90' lang='lat' dir='ltr'><strong>esse</strong></span> <span class='ocrx_word' id='word_1_529' title='bbox 1063 3936 1370 3993; x_wconf 89' lang='lat' dir='ltr'><strong>consilium.</strong></span> <span class='ocrx_word' id='word_1_530' title='bbox 1410 3935 1822 4005; x_wconf 88' lang='lat' dir='ltr'><strong>Suspenduutnr</strong></span> <span class='ocrx_word' id='word_1_531' title='bbox 1854 3934 2029 3989; x_wconf 82' lang='lat' dir='ltr'><strong>homi-</strong></span> 
     </span>
    </p>
   </div>
   <div class='ocr_carea' id='block_1_66' title="bbox 452 4025 2031 4095">
    <p class='ocr_par' dir='ltr' id='par_1_66' title="bbox 452 4025 2031 4095">
     <span class='ocr_line' id='line_1_68' title="bbox 452 4025 2031 4095; baseline -0.003 -11"><span class='ocrx_word' id='word_1_532' title='bbox 452 4046 563 4094; x_wconf 84' lang='lat' dir='ltr'><strong>nes,</strong></span> <span class='ocrx_word' id='word_1_533' title='bbox 595 4043 715 4083; x_wconf 89' lang='lat' dir='ltr'><strong>cum</strong></span> <span class='ocrx_word' id='word_1_534' title='bbox 743 4042 841 4082; x_wconf 88' lang='lat' dir='ltr'><strong>sua</strong></span> <span class='ocrx_word' id='word_1_535' title='bbox 865 4040 1018 4095; x_wconf 87' lang='lat' dir='ltr'><strong>reges</strong></span> <span class='ocrx_word' id='word_1_536' title='bbox 1058 4027 1350 4082; x_wconf 89' lang='lat' dir='ltr'><strong>constituta</strong></span> <span class='ocrx_word' id='word_1_537' title='bbox 1401 4026 1744 4093; x_wconf 87' lang='lat' dir='ltr'><strong>mutaverint,</strong></span> <span class='ocrx_word' id='word_1_538' title='bbox 1793 4025 1839 4081; x_wconf 89' lang='lat' dir='ltr'><strong>si</strong></span> <span class='ocrx_word' id='word_1_539' title='bbox 1877 4026 2031 4079; x_wconf 87' lang='lat' dir='ltr'><strong>aliter</strong></span> 
     </span>
    </p>
   </div>
   <div class='ocr_carea' id='block_1_67' title="bbox 457 4115 2034 4190">
    <p class='ocr_par' dir='ltr' id='par_1_67' title="bbox 457 4115 2034 4190">
     <span class='ocr_line' id='line_1_69' title="bbox 457 4115 2034 4190; baseline -0.003 -16"><span class='ocrx_word' id='word_1_540' title='bbox 457 4120 625 4174; x_wconf 77' lang='lat' dir='ltr'><strong>induti</strong></span> <span class='ocrx_word' id='word_1_541' title='bbox 656 4119 953 4190; x_wconf 86' lang='lat' dir='ltr'><strong>procedant</strong></span> <span class='ocrx_word' id='word_1_542' title='bbox 980 4131 1143 4187; x_wconf 89' lang='lat' dir='ltr'><strong>quam</strong></span> <span class='ocrx_word' id='word_1_543' title='bbox 1172 4133 1360 4173; x_wconf 90' lang='lat' dir='ltr'><strong>eorum</strong></span> <span class='ocrx_word' id='word_1_544' title='bbox 1391 4132 1520 4173; x_wconf 91' lang='lat' dir='ltr'><strong>usus</strong></span> <span class='ocrx_word' id='word_1_545' title='bbox 1547 4117 1862 4173; x_wconf 87' lang='lat' dir='ltr'><strong>inoleverat.</strong></span> <span class='ocrx_word' id='word_1_546' title='bbox 1901 4115 2034 4183; x_wconf 89' lang='lat' dir='ltr'><strong>Quis</strong></span> 
     </span>
    </p>
   </div>
   <div class='ocr_carea' id='block_1_68' title="bbox 416 4209 2032 4278">
    <p class='ocr_par' dir='ltr' id='par_1_68' title="bbox 416 4209 2032 4278">
     <span class='ocr_line' id='line_1_70' title="bbox 416 4209 2032 4278; baseline -0.002 -11"><span class='ocrx_word' id='word_1_547' title='bbox 416 4246 421 4259; x_wconf 59' lang='grc' dir='ltr'><em>κ</em></span> <span class='ocrx_word' id='word_1_548' title='bbox 454 4221 631 4267; x_wconf 84' lang='lat' dir='ltr'><strong>autem</strong></span> <span class='ocrx_word' id='word_1_549' title='bbox 657 4210 724 4266; x_wconf 91' lang='lat' dir='ltr'><strong>de</strong></span> <span class='ocrx_word' id='word_1_550' title='bbox 753 4210 947 4265; x_wconf 87' lang='lat' dir='ltr'><strong>talibus</strong></span> <span class='ocrx_word' id='word_1_551' title='bbox 974 4224 1084 4266; x_wconf 91' lang='lat' dir='ltr'><strong>non</strong></span> <span class='ocrx_word' id='word_1_552' title='bbox 1112 4222 1303 4278; x_wconf 85' lang='lat' dir='ltr'><strong>magna</strong></span> <span class='ocrx_word' id='word_1_553' title='bbox 1329 4209 1645 4265; x_wconf 87' lang='lat' dir='ltr'><strong>curiositate</strong></span> <span class='ocrx_word' id='word_1_554' title='bbox 1681 4209 1944 4274; x_wconf 84' lang='lat' dir='ltr'><strong>turbetur,</strong></span> <span class='ocrx_word' id='word_1_555' title='bbox 1988 4210 2032 4265; x_wconf 91' lang='lat' dir='ltr'><strong>si</strong></span> 
     </span>
    </p>
   </div>
   <div class='ocr_carea' id='block_1_69' title="bbox 457 4299 2034 4371">
    <p class='ocr_par' dir='ltr' id='par_1_69' title="bbox 457 4299 2034 4371">
     <span class='ocr_line' id='line_1_71' title="bbox 457 4299 2034 4371; baseline -0.003 -12"><span class='ocrx_word' id='word_1_556' title='bbox 457 4317 609 4359; x_wconf 88' lang='lat' dir='ltr'><strong>versa</strong></span> <span class='ocrx_word' id='word_1_557' title='bbox 641 4302 758 4357; x_wconf 81' lang='lat' dir='ltr'><strong>vice</strong></span> <span class='ocrx_word' id='word_1_558' title='bbox 785 4299 1252 4366; x_wconf 88' lang='lat' dir='ltr'><strong>consuetudinum,</strong></span> <span class='ocrx_word' id='word_1_559' title='bbox 1285 4315 1316 4354; x_wconf 90' lang='lat' dir='ltr'><strong>a</strong></span> <span class='ocrx_word' id='word_1_560' title='bbox 1343 4301 1608 4356; x_wconf 89' lang='lat' dir='ltr'><strong>sideribus</strong></span> <span class='ocrx_word' id='word_1_561' title='bbox 1631 4299 1831 4371; x_wconf 89' lang='lat' dir='ltr'><strong>aliquid</strong></span> <span class='ocrx_word' id='word_1_562' title='bbox 1850 4300 2034 4355; x_wconf 85' lang='lat' dir='ltr'><strong>venire</strong></span> 
     </span>
    </p>
   </div>
   <div class='ocr_carea' id='block_1_70' title="bbox 2115 3195 3690 3268">
    <p class='ocr_par' dir='ltr' id='par_1_70' title="bbox 2115 3195 3690 3268">
     <span class='ocr_line' id='line_1_72' title="bbox 2115 3195 3690 3268; baseline -0.008 -15"><span class='ocrx_word' id='word_1_563' title='bbox 2115 3214 2220 3268; x_wconf 88' lang='lat' dir='ltr'><strong>qua</strong></span> <span class='ocrx_word' id='word_1_564' title='bbox 2267 3197 2428 3252; x_wconf 86' lang='lat' dir='ltr'><strong>fuerit</strong></span> <span class='ocrx_word' id='word_1_565' title='bbox 2489 3195 2848 3265; x_wconf 77' lang='lat' dir='ltr'><strong>permixtione</strong></span> <span class='ocrx_word' id='word_1_566' title='bbox 2895 3202 3321 3263; x_wconf 81' lang='lat' dir='ltr'><strong>congregatum,</strong></span> <span class='ocrx_word' id='word_1_567' title='bbox 3379 3199 3509 3246; x_wconf 89' lang='lat' dir='ltr'><strong>tunc</strong></span> <span class='ocrx_word' id='word_1_568' title='bbox 3551 3198 3690 3244; x_wconf 76' lang='lat' dir='ltr'><strong>tenso</strong></span> 
     </span>
    </p>
   </div>
   <div class='ocr_carea' id='block_1_71' title="bbox 2117 3283 3689 3359">
    <p class='ocr_par' dir='ltr' id='par_1_71' title="bbox 2117 3283 3689 3359">
     <span class='ocr_line' id='line_1_73' title="bbox 2117 3283 3689 3359; baseline -0.007 -15"><span class='ocrx_word' id='word_1_569' title='bbox 2117 3290 2267 3359; x_wconf 89' lang='lat' dir='ltr'><strong>quasi</strong></span> <span class='ocrx_word' id='word_1_570' title='bbox 2296 3289 2528 3358; x_wconf 90' lang='lat' dir='ltr'><strong>quodam</strong></span> <span class='ocrx_word' id='word_1_571' title='bbox 2558 3288 2728 3353; x_wconf 89' lang='lat' dir='ltr'><strong>corio,</strong></span> <span class='ocrx_word' id='word_1_572' title='bbox 2761 3303 2859 3342; x_wconf 90' lang='lat' dir='ltr'><strong>nec</strong></span> <span class='ocrx_word' id='word_1_573' title='bbox 2886 3288 3097 3342; x_wconf 91' lang='lat' dir='ltr'><strong>colores</strong></span> <span class='ocrx_word' id='word_1_574' title='bbox 3128 3289 3414 3357; x_wconf 86' lang='lat' dir='ltr'><strong>proprios,</strong></span> <span class='ocrx_word' id='word_1_575' title='bbox 3448 3300 3546 3339; x_wconf 88' lang='lat' dir='ltr'><strong>nec</strong></span> <span class='ocrx_word' id='word_1_576' title='bbox 3570 3283 3689 3337; x_wconf 85' lang='lat' dir='ltr'><strong>calo-</strong></span> 
     </span>
    </p>
   </div>
   <div class='ocr_carea' id='block_1_72' title="bbox 2117 3376 3695 3450">
    <p class='ocr_par' dir='ltr' id='par_1_72' title="bbox 2117 3376 3695 3450">
     <span class='ocr_line' id='line_1_74' title="bbox 2117 3376 3695 3450; baseline -0.008 -13"><span class='ocrx_word' id='word_1_577' title='bbox 2117 3397 2206 3437; x_wconf 88' lang='lat' dir='ltr'><strong>res</strong></span> <span class='ocrx_word' id='word_1_578' title='bbox 2234 3379 2516 3450; x_wconf 88' lang='lat' dir='ltr'><strong>pervenire</strong></span> <span class='ocrx_word' id='word_1_579' title='bbox 2546 3378 2671 3432; x_wconf 88' lang='lat' dir='ltr'><strong>facit</strong></span> <span class='ocrx_word' id='word_1_580' title='bbox 2691 3386 2979 3432; x_wconf 86' lang='lat' dir='ltr'><strong>astrorum.</strong></span> <span class='ocrx_word' id='word_1_581' title='bbox 3010 3376 3159 3443; x_wconf 91' lang='lat' dir='ltr'><strong>Quod</strong></span> <span class='ocrx_word' id='word_1_582' title='bbox 3189 3378 3365 3431; x_wconf 83' lang='lat' dir='ltr'><strong>etiam</strong></span> <span class='ocrx_word' id='word_1_583' title='bbox 3396 3376 3516 3429; x_wconf 88' lang='lat' dir='ltr'><strong>aliis</strong></span> <span class='ocrx_word' id='word_1_584' title='bbox 3541 3387 3695 3428; x_wconf 61' lang='lat' dir='ltr'><strong>saccu-</strong></span> 
     </span>
    </p>
   </div>
   <div class='ocr_carea' id='block_1_73' title="bbox 2121 3461 3698 3537">
    <p class='ocr_par' dir='ltr' id='par_1_73' title="bbox 2121 3461 3698 3537">
     <span class='ocr_line' id='line_1_75' title="bbox 2121 3461 3698 3537; baseline -0.011 -11"><span class='ocrx_word' id='word_1_585' title='bbox 2121 3473 2187 3525; x_wconf 86' lang='lat' dir='ltr'><strong>lis</strong></span> <span class='ocrx_word' id='word_1_586' title='bbox 2238 3486 2456 3525; x_wconf 76' lang='lat' dir='ltr'><strong>aeren</strong></span> <span class='ocrx_word' id='word_1_587' title='bbox 2494 3469 2601 3523; x_wconf 89' lang='lat' dir='ltr'><strong>bilo</strong></span> <span class='ocrx_word' id='word_1_588' title='bbox 2653 3484 2749 3537; x_wconf 90' lang='lat' dir='ltr'><strong>pro</strong></span> <span class='ocrx_word' id='word_1_589' title='bbox 2789 3475 3032 3535; x_wconf 89' lang='lat' dir='ltr'><strong>tempore</strong></span> <span class='ocrx_word' id='word_1_590' title='bbox 3083 3464 3414 3535; x_wconf 87' lang='lat' dir='ltr'><strong>frequenter</strong></span> <span class='ocrx_word' id='word_1_591' title='bbox 3464 3461 3698 3517; x_wconf 80' lang='lat' dir='ltr'><strong>efficitur.</strong></span> 
     </span>
    </p>
   </div>
   <div class='ocr_carea' id='block_1_74' title="bbox 2125 3549 3703 3635">
    <p class='ocr_par' dir='ltr' id='par_1_74' title="bbox 2125 3549 3703 3635">
     <span class='ocr_line' id='line_1_76' title="bbox 2125 3549 3703 3635; baseline -0.011 -19"><span class='ocrx_word' id='word_1_592' title='bbox 2125 3565 2284 3635; x_wconf 63' lang='lat'><strong>230</strong></span> <span class='ocrx_word' id='word_1_593' title='bbox 2311 3561 2447 3615; x_wconf 91' lang='lat' dir='ltr'><strong>llinc</strong></span> <span class='ocrx_word' id='word_1_594' title='bbox 2493 3568 2577 3614; x_wconf 89' lang='lat' dir='ltr'><strong>est</strong></span> <span class='ocrx_word' id='word_1_595' title='bbox 2618 3557 2761 3626; x_wconf 83' lang='lat' dir='ltr'><strong>quod</strong></span> <span class='ocrx_word' id='word_1_596' title='bbox 2791 3555 2989 3611; x_wconf 83' lang='lat' dir='ltr'><strong>dutius</strong></span> <span class='ocrx_word' id='word_1_597' title='bbox 3029 3555 3160 3609; x_wconf 89' lang='lat' dir='ltr'><strong>radii</strong></span> <span class='ocrx_word' id='word_1_598' title='bbox 3208 3554 3457 3610; x_wconf 90' lang='lat' dir='ltr'><strong>siderum</strong></span> <span class='ocrx_word' id='word_1_599' title='bbox 3505 3549 3703 3605; x_wconf 81' lang='lat' dir='ltr'><strong>insolito</strong></span> 
     </span>
    </p>
   </div>
   <div class='ocr_carea' id='block_1_75' title="bbox 2126 3646 3710 3718">
    <p class='ocr_par' dir='ltr' id='par_1_75' title="bbox 2126 3646 3710 3718">
     <span class='ocr_line' id='line_1_77' title="bbox 2126 3646 3710 3718; baseline -0.011 -8"><span class='ocrx_word' id='word_1_600' title='bbox 2126 3655 2311 3710; x_wconf 85' lang='lat' dir='ltr'><strong>colore</strong></span> <span class='ocrx_word' id='word_1_601' title='bbox 2343 3651 2531 3706; x_wconf 72' lang='lat' dir='ltr'><strong>fuscati</strong></span> <span class='ocrx_word' id='word_1_602' title='bbox 2558 3658 2700 3714; x_wconf 83' lang='lat' dir='ltr'><strong>sunt,</strong></span> <span class='ocrx_word' id='word_1_603' title='bbox 2733 3650 2876 3718; x_wconf 89' lang='lat' dir='ltr'><strong>quod</strong></span> <span class='ocrx_word' id='word_1_604' title='bbox 2907 3662 3100 3702; x_wconf 91' lang='lat' dir='ltr'><strong>novum</strong></span> <span class='ocrx_word' id='word_1_605' title='bbox 3149 3646 3332 3713; x_wconf 82' lang='lat' dir='ltr'><strong>fr’igus</strong></span> <span class='ocrx_word' id='word_1_606' title='bbox 3372 3658 3589 3699; x_wconf 87' lang='lat' dir='ltr'><strong>messor</strong></span> <span class='ocrx_word' id='word_1_607' title='bbox 3627 3655 3710 3693; x_wconf 77' lang='lat' dir='ltr'><strong>ex-</strong></span> 
     </span>
    </p>
   </div>
   <div class='ocr_carea' id='block_1_76' title="bbox 2127 3729 3710 3814">
    <p class='ocr_par' dir='ltr' id='par_1_76' title="bbox 2127 3729 3710 3814">
     <span class='ocr_line' id='line_1_78' title="bbox 2127 3729 3710 3814; baseline -0.008 -18"><span class='ocrx_word' id='word_1_608' title='bbox 2127 3744 2292 3814; x_wconf 86' lang='lat' dir='ltr'><strong>pavit,</strong></span> <span class='ocrx_word' id='word_1_609' title='bbox 2324 3741 2465 3811; x_wconf 87' lang='lat' dir='ltr'><strong>quod</strong></span> <span class='ocrx_word' id='word_1_610' title='bbox 2494 3755 2709 3795; x_wconf 88' lang='lat' dir='ltr'><strong>accessu</strong></span> <span class='ocrx_word' id='word_1_611' title='bbox 2741 3739 2997 3807; x_wconf 87' lang='lat' dir='ltr'><strong>temporis</strong></span> <span class='ocrx_word' id='word_1_612' title='bbox 3024 3753 3183 3806; x_wconf 81' lang='lat' dir='ltr'><strong>poma</strong></span> <span class='ocrx_word' id='word_1_613' title='bbox 3219 3737 3551 3799; x_wconf 90' lang='lat' dir='ltr'><strong>duruerunt,</strong></span> <span class='ocrx_word' id='word_1_614' title='bbox 3581 3729 3710 3801; x_wconf 85' lang='lat' dir='ltr'><strong>quod</strong></span> 
     </span>
    </p>
   </div>
   <div class='ocr_carea' id='block_1_77' title="bbox 2129 3826 3714 3891">
    <p class='ocr_par' dir='ltr' id='par_1_77' title="bbox 2129 3826 3714 3891">
     <span class='ocr_line' id='line_1_79' title="bbox 2129 3826 3714 3891; baseline -0.007 -5"><span class='ocrx_word' id='word_1_615' title='bbox 2129 3846 2352 3886; x_wconf 80' lang='lat' dir='ltr'><strong>uvarum</strong></span> <span class='ocrx_word' id='word_1_616' title='bbox 2379 3840 2626 3885; x_wconf 85' lang='lat' dir='ltr'><strong>senectus</strong></span> <span class='ocrx_word' id='word_1_617' title='bbox 2653 3829 2846 3884; x_wconf 84' lang='lat' dir='ltr'><strong>acerba</strong></span> <span class='ocrx_word' id='word_1_618' title='bbox 2875 3836 2973 3883; x_wconf 88' lang='lat' dir='ltr'><strong>est.</strong></span> <span class='ocrx_word' id='word_1_619' title='bbox 3006 3827 3110 3881; x_wconf 89' lang='lat' dir='ltr'><strong>Sed</strong></span> <span class='ocrx_word' id='word_1_620' title='bbox 3142 3828 3193 3881; x_wconf 91' lang='lat' dir='ltr'><strong>si</strong></span> <span class='ocrx_word' id='word_1_621' title='bbox 3224 3828 3339 3882; x_wconf 85' lang='lat' dir='ltr'><strong>hoc</strong></span> <span class='ocrx_word' id='word_1_622' title='bbox 3379 3826 3575 3881; x_wconf 56' lang='lat' dir='ltr'><strong>divina.</strong></span> <span class='ocrx_word' id='word_1_623' title='bbox 3601 3838 3714 3891; x_wconf 90' lang='lat' dir='ltr'><strong>pro-</strong></span> 
     </span>
    </p>
   </div>
   <div class='ocr_carea' id='block_1_78' title="bbox 2131 3911 3713 3986">
    <p class='ocr_par' dir='ltr' id='par_1_78' title="bbox 2131 3911 3713 3986">
     <span class='ocr_line' id='line_1_80' title="bbox 2131 3911 3713 3986; baseline -0.007 -11"><span class='ocrx_word' id='word_1_624' title='bbox 2131 3921 2381 3976; x_wconf 73' lang='lat' dir='ltr'><strong>videntia:</strong></span> <span class='ocrx_word' id='word_1_625' title='bbox 2424 3920 2690 3986; x_wconf 88' lang='lat' dir='ltr'><strong>tradatur,</strong></span> <span class='ocrx_word' id='word_1_626' title='bbox 2725 3928 2967 3986; x_wconf 78' lang='lat' dir='ltr'><strong>satagere</strong></span> <span class='ocrx_word' id='word_1_627' title='bbox 3012 3934 3120 3971; x_wconf 89' lang='lat' dir='ltr'><strong>non</strong></span> <span class='ocrx_word' id='word_1_628' title='bbox 3169 3918 3473 3981; x_wconf 85' lang='lat' dir='ltr'><strong>debemus,</strong></span> <span class='ocrx_word' id='word_1_629' title='bbox 3517 3911 3713 3985; x_wconf 87' lang='lat' dir='ltr'><strong>quando</strong></span> 
     </span>
    </p>
   </div>
   <div class='ocr_carea' id='block_1_79' title="bbox 2133 4003 3719 4082">
    <p class='ocr_par' dir='ltr' id='par_1_79' title="bbox 2133 4003 3719 4082">
     <span class='ocr_line' id='line_1_81' title="bbox 2133 4003 3719 4082; baseline -0.007 -16"><span class='ocrx_word' id='word_1_630' title='bbox 2133 4013 2296 4082; x_wconf 82' lang='lat' dir='ltr'><strong>ipsius</strong></span> <span class='ocrx_word' id='word_1_631' title='bbox 2345 4012 2565 4081; x_wconf 87' lang='lat' dir='ltr'><strong>imperio</strong></span> <span class='ocrx_word' id='word_1_632' title='bbox 2601 4010 2840 4081; x_wconf 69' lang='lat' dir='ltr'><strong>prodigii</strong></span> <span class='ocrx_word' id='word_1_633' title='bbox 2879 4025 3118 4078; x_wconf 81' lang='lat' dir='ltr'><strong>quaerere</strong></span> <span class='ocrx_word' id='word_1_634' title='bbox 3160 4011 3555 4079; x_wconf 87' lang='lat' dir='ltr'><strong>prohibemur.</strong></span> <span class='ocrx_word' id='word_1_635' title='bbox 3602 4003 3719 4058; x_wconf 82' lang='lat' dir='ltr'><strong>illud</strong></span> 
     </span>
    </p>
   </div>
   <div class='ocr_carea' id='block_1_80' title="bbox 2135 4098 3723 4155">
    <p class='ocr_par' dir='ltr' id='par_1_80' title="bbox 2135 4098 3723 4155">
     <span class='ocr_line' id='line_1_82' title="bbox 2135 4098 3723 4155; baseline -0.006 0"><span class='ocrx_word' id='word_1_636' title='bbox 2135 4110 2314 4155; x_wconf 87' lang='lat' dir='ltr'><strong>tamen</strong></span> <span class='ocrx_word' id='word_1_637' title='bbox 2339 4102 2454 4155; x_wconf 89' lang='lat' dir='ltr'><strong>sine</strong></span> <span class='ocrx_word' id='word_1_638' title='bbox 2482 4101 2643 4154; x_wconf 86' lang='lat' dir='ltr'><strong>dubio</strong></span> <span class='ocrx_word' id='word_1_639' title='bbox 2674 4099 2901 4154; x_wconf 84' lang='lat' dir='ltr'><strong>terrenis</strong></span> <span class='ocrx_word' id='word_1_640' title='bbox 2927 4099 3190 4153; x_wconf 87' lang='lat' dir='ltr'><strong>fructibus</strong></span> <span class='ocrx_word' id='word_1_641' title='bbox 3216 4098 3599 4153; x_wconf 77' lang='lat' dir='ltr'><strong>adversarium</strong></span> <span class='ocrx_word' id='word_1_642' title='bbox 3619 4107 3723 4147; x_wconf 86' lang='lat' dir='ltr'><strong>esse</strong></span> 
     </span>
    </p>
   </div>
   <div class='ocr_carea' id='block_1_81' title="bbox 2135 4180 3728 4263">
    <p class='ocr_par' dir='ltr' id='par_1_81' title="bbox 2135 4180 3728 4263">
     <span class='ocr_line' id='line_1_83' title="bbox 2135 4180 3728 4263; baseline -0.007 -14"><span class='ocrx_word' id='word_1_643' title='bbox 2135 4195 2528 4263; x_wconf 85' lang='lat' dir='ltr'><strong>cognoscimus,</strong></span> <span class='ocrx_word' id='word_1_644' title='bbox 2554 4193 2643 4247; x_wconf 87' lang='lat' dir='ltr'><strong>ubi</strong></span> <span class='ocrx_word' id='word_1_645' title='bbox 2665 4192 2916 4247; x_wconf 86' lang='lat' dir='ltr'><strong>alimonia</strong></span> <span class='ocrx_word' id='word_1_646' title='bbox 2945 4180 3453 4263; x_wconf 36' lang='lat' dir='ltr'><strong>consuetarnutriri</strong></span> <span class='ocrx_word' id='word_1_647' title='bbox 3485 4191 3600 4257; x_wconf 86' lang='lat' dir='ltr'><strong>lege</strong></span> <span class='ocrx_word' id='word_1_648' title='bbox 3620 4200 3728 4256; x_wconf 79' lang='lat' dir='ltr'><strong>pro-</strong></span> 
     </span>
    </p>
   </div>
   <div class='ocr_carea' id='block_1_82' title="bbox 2136 4281 3729 4356">
    <p class='ocr_par' dir='ltr' id='par_1_82' title="bbox 2136 4281 3729 4356">
     <span class='ocr_line' id='line_1_84' title="bbox 2136 4281 3729 4356; baseline -0.008 -17"><span class='ocrx_word' id='word_1_649' title='bbox 2136 4286 2251 4356; x_wconf 86' lang='lat' dir='ltr'><strong>pria</strong></span> <span class='ocrx_word' id='word_1_650' title='bbox 2279 4300 2383 4339; x_wconf 91' lang='lat' dir='ltr'><strong>non</strong></span> <span class='ocrx_word' id='word_1_651' title='bbox 2408 4284 2663 4338; x_wconf 86' lang='lat' dir='ltr'><strong>videmus.</strong></span> <span class='ocrx_word' id='word_1_652' title='bbox 2692 4281 2920 4336; x_wconf 83' lang='lat' dir='ltr'><strong>Proinde</strong></span> <span class='ocrx_word' id='word_1_653' title='bbox 2948 4290 3069 4349; x_wconf 85' lang='lat' dir='ltr'><strong>agat</strong></span> <span class='ocrx_word' id='word_1_654' title='bbox 3115 4281 3448 4337; x_wconf 69' lang='lat' dir='ltr'><strong>soiiicitudo</strong></span> <span class='ocrx_word' id='word_1_655' title='bbox 3477 4287 3644 4333; x_wconf 86' lang='lat' dir='ltr'><strong>vestra</strong></span> <span class='ocrx_word' id='word_1_656' title='bbox 3670 4289 3729 4328; x_wconf 84' lang='lat' dir='ltr'><strong>ne</strong></span> 
     </span>
    </p>
   </div>
   <div class='ocr_carea' id='block_1_83' title="bbox 458 4367 3735 4449">
    <p class='ocr_par' dir='ltr' id='par_1_83' title="bbox 458 4367 3735 4449">
     <span class='ocr_line' id='line_1_85' title="bbox 458 4367 3735 4449; baseline -0.006 -11"><span class='ocrx_word' id='word_1_657' title='bbox 458 4394 701 4449; x_wconf 63' lang='grc' dir='ltr'><strong>γίιιθυιυιυ</strong></span> <span class='ocrx_word' id='word_1_658' title='bbox 727 4391 1053 4448; x_wconf 69' lang='lat' dir='ltr'><strong>obscurum?</strong></span> <span class='ocrx_word' id='word_1_659' title='bbox 1091 4390 1225 4445; x_wconf 73' lang='lat' dir='ltr'><strong>Nam</strong></span> <span class='ocrx_word' id='word_1_660' title='bbox 1264 4391 1400 4448; x_wconf 54' lang='lat' dir='ltr'><strong>sicut</strong></span> <span class='ocrx_word' id='word_1_661' title='bbox 1455 4399 1603 4447; x_wconf 66' lang='lat' dir='ltr'><strong>cena</strong></span> <span class='ocrx_word' id='word_1_662' title='bbox 1645 4367 1904 4447; x_wconf 60' lang='grc' dir='ltr'><strong>εθέυιιίιεε</strong></span> <span class='ocrx_word' id='word_1_663' title='bbox 1951 4400 2035 4448; x_wconf 68' lang='grc' dir='ltr'><strong>ρει</strong></span> <span class='ocrx_word' id='word_1_664' title='bbox 2066 4390 2108 4447; x_wconf 76' lang='grc' dir='ltr'><strong>ι)</strong></span> <span class='ocrx_word' id='word_1_665' title='bbox 2139 4389 2235 4429; x_wconf 90' lang='lat' dir='ltr'><strong>nos</strong></span> <span class='ocrx_word' id='word_1_666' title='bbox 2262 4373 2418 4427; x_wconf 88' lang='lat' dir='ltr'><strong>unius</strong></span> <span class='ocrx_word' id='word_1_667' title='bbox 2445 4373 2569 4426; x_wconf 85' lang='lat' dir='ltr'><strong>anni</strong></span> <span class='ocrx_word' id='word_1_668' title='bbox 2609 4371 2860 4427; x_wconf 88' lang='lat' dir='ltr'><strong>sterilitas</strong></span> <span class='ocrx_word' id='word_1_669' title='bbox 2890 4373 3105 4426; x_wconf 89' lang='lat' dir='ltr'><strong>turbare</strong></span> <span class='ocrx_word' id='word_1_670' title='bbox 3145 4373 3456 4437; x_wconf 87' lang='lat' dir='ltr'><strong>videatur;</strong></span> <span class='ocrx_word' id='word_1_671' title='bbox 3508 4370 3632 4425; x_wconf 90' lang='lat' dir='ltr'><strong>dum</strong></span> <span class='ocrx_word' id='word_1_672' title='bbox 3666 4367 3735 4420; x_wconf 86' lang='lat' dir='ltr'><strong>sic</strong></span> 
     </span>
    </p>
   </div>
   <div class='ocr_carea' id='block_1_84' title="bbox 457 4481 2033 4552">
    <p class='ocr_par' dir='ltr' id='par_1_84' title="bbox 457 4481 2033 4552">
     <span class='ocr_line' id='line_1_86' title="bbox 457 4481 2033 4552; baseline -0.003 -13"><span class='ocrx_word' id='word_1_673' title='bbox 457 4486 569 4539; x_wconf 78' lang='lat' dir='ltr'><strong>suis</strong></span> <span class='ocrx_word' id='word_1_674' title='bbox 590 4483 794 4539; x_wconf 88' lang='lat' dir='ltr'><strong>vicibus</strong></span> <span class='ocrx_word' id='word_1_675' title='bbox 814 4491 1056 4552; x_wconf 81' lang='lat' dir='ltr'><strong>tempora</strong></span> <span class='ocrx_word' id='word_1_676' title='bbox 1078 4489 1269 4538; x_wconf 88' lang='lat' dir='ltr'><strong>notare</strong></span> <span class='ocrx_word' id='word_1_677' title='bbox 1287 4481 1555 4537; x_wconf 87' lang='lat' dir='ltr'><strong>currentia</strong></span> <span class='ocrx_word' id='word_1_678' title='bbox 1570 4521 1586 4549; x_wconf 90' lang='lat'><strong>,</strong></span> <span class='ocrx_word' id='word_1_679' title='bbox 1617 4483 1697 4536; x_wconf 89' lang='lat' dir='ltr'><strong>sic</strong></span> <span class='ocrx_word' id='word_1_680' title='bbox 1716 4494 1907 4548; x_wconf 85' lang='lat' dir='ltr'><strong>magna</strong></span> <span class='ocrx_word' id='word_1_681' title='bbox 1937 4496 2033 4535; x_wconf 85' lang='lat' dir='ltr'><strong>cu-</strong></span> 
     </span>
    </p>
   </div>
   <div class='ocr_carea' id='block_1_85' title="bbox 463 4573 2033 4643">
    <p class='ocr_par' dir='ltr' id='par_1_85' title="bbox 463 4573 2033 4643">
     <span class='ocr_line' id='line_1_87' title="bbox 463 4573 2033 4643; baseline -0.001 -15"><span class='ocrx_word' id='word_1_682' title='bbox 463 4574 705 4629; x_wconf 90' lang='lat' dir='ltr'><strong>riositate</strong></span> <span class='ocrx_word' id='word_1_683' title='bbox 732 4573 1082 4643; x_wconf 79' lang='lat' dir='ltr'><strong>cemplemur,</strong></span> <span class='ocrx_word' id='word_1_684' title='bbox 1127 4588 1248 4629; x_wconf 91' lang='lat' dir='ltr'><strong>cum</strong></span> <span class='ocrx_word' id='word_1_685' title='bbox 1293 4573 1489 4628; x_wconf 86' lang='lat' dir='ltr'><strong>mutari</strong></span> <span class='ocrx_word' id='word_1_686' title='bbox 1536 4573 1660 4627; x_wconf 88' lang='lat' dir='ltr'><strong>talia</strong></span> <span class='ocrx_word' id='word_1_687' title='bbox 1712 4573 2033 4628; x_wconf 88' lang='lat' dir='ltr'><strong>sentiuntur.</strong></span> 
     </span>
    </p>
   </div>
   <div class='ocr_carea' id='block_1_86' title="bbox 463 4663 2041 4734">
    <p class='ocr_par' dir='ltr' id='par_1_86' title="bbox 463 4663 2041 4734">
     <span class='ocr_line' id='line_1_88' title="bbox 463 4663 2041 4734; baseline -0.001 -16"><span class='ocrx_word' id='word_1_688' title='bbox 463 4664 763 4731; x_wconf 79' lang='lat' dir='ltr'><strong>Quale&#39;est,</strong></span> <span class='ocrx_word' id='word_1_689' title='bbox 786 4676 936 4731; x_wconf 85' lang='lat' dir='ltr'><strong>rogo,</strong></span> <span class='ocrx_word' id='word_1_690' title='bbox 968 4664 1242 4718; x_wconf 88' lang='lat' dir='ltr'><strong>stellarum</strong></span> <span class='ocrx_word' id='word_1_691' title='bbox 1270 4664 1586 4733; x_wconf 89' lang='lat' dir='ltr'><strong>primarium</strong></span> <span class='ocrx_word' id='word_1_692' title='bbox 1627 4663 1959 4734; x_wconf 88' lang='lat' dir='ltr'><strong>conspicere,</strong></span> <span class='ocrx_word' id='word_1_693' title='bbox 1984 4672 2041 4717; x_wconf 92' lang='lat' dir='ltr'><strong>et</strong></span> 
     </span>
    </p>
   </div>
   <div class='ocr_carea' id='block_1_87' title="bbox 466 4752 2038 4823">
    <p class='ocr_par' dir='ltr' id='par_1_87' title="bbox 466 4752 2038 4823">
     <span class='ocr_line' id='line_1_89' title="bbox 466 4752 2038 4823; baseline -0.002 -15"><span class='ocrx_word' id='word_1_694' title='bbox 466 4756 579 4823; x_wconf 84' lang='lat' dir='ltr'><strong>ejus</strong></span> <span class='ocrx_word' id='word_1_695' title='bbox 602 4753 763 4808; x_wconf 87' lang='lat' dir='ltr'><strong>solita</strong></span> <span class='ocrx_word' id='word_1_696' title='bbox 785 4752 984 4806; x_wconf 89' lang='lat' dir='ltr'><strong>lumina</strong></span> <span class='ocrx_word' id='word_1_697' title='bbox 1014 4767 1121 4806; x_wconf 91' lang='lat' dir='ltr'><strong>non</strong></span> <span class='ocrx_word' id='word_1_698' title='bbox 1153 4752 1367 4818; x_wconf 86' lang='lat' dir='ltr'><strong>videre;</strong></span> <span class='ocrx_word' id='word_1_699' title='bbox 1407 4753 1609 4821; x_wconf 90' lang='lat' dir='ltr'><strong>lunam,</strong></span> <span class='ocrx_word' id='word_1_700' title='bbox 1649 4753 1822 4807; x_wconf 88' lang='lat' dir='ltr'><strong>noctis</strong></span> <span class='ocrx_word' id='word_1_701' title='bbox 1855 4752 2038 4818; x_wconf 86' lang='lat' dir='ltr'><strong>decus,</strong></span> 
     </span>
    </p>
   </div>
   <div class='ocr_carea' id='block_1_88' title="bbox 468 4838 2042 4909">
    <p class='ocr_par' dir='ltr' id='par_1_88' title="bbox 468 4838 2042 4909">
     <span class='ocr_line' id='line_1_90' title="bbox 468 4838 2042 4909; baseline -0.002 -12"><span class='ocrx_word' id='word_1_702' title='bbox 468 4841 662 4897; x_wconf 89' lang='lat' dir='ltr'><strong>intueri</strong></span> <span class='ocrx_word' id='word_1_703' title='bbox 682 4841 814 4896; x_wconf 89' lang='lat' dir='ltr'><strong>orbe</strong></span> <span class='ocrx_word' id='word_1_704' title='bbox 850 4854 950 4894; x_wconf 89' lang='lat' dir='ltr'><strong>suo</strong></span> <span class='ocrx_word' id='word_1_705' title='bbox 973 4838 1209 4909; x_wconf 89' lang='lat' dir='ltr'><strong>plenam,</strong></span> <span class='ocrx_word' id='word_1_706' title='bbox 1248 4848 1302 4893; x_wconf 88' lang='lat' dir='ltr'><strong>et</strong></span> <span class='ocrx_word' id='word_1_707' title='bbox 1345 4840 1575 4893; x_wconf 89' lang='lat' dir='ltr'><strong>naturali</strong></span> <span class='ocrx_word' id='word_1_708' title='bbox 1620 4839 1906 4907; x_wconf 87' lang='lat' dir='ltr'><strong>splendore</strong></span> <span class='ocrx_word' id='word_1_709' title='bbox 1948 4855 2042 4894; x_wconf 83' lang='lat' dir='ltr'><strong>va-</strong></span> 
     </span>
    </p>
   </div>
   <div class='ocr_carea' id='block_1_89' title="bbox 457 4930 2043 4998">
    <p class='ocr_par' dir='ltr' id='par_1_89' title="bbox 457 4930 2043 4998">
     <span class='ocr_line' id='line_1_91' title="bbox 457 4930 2043 4998; baseline -0.001 -10"><span class='ocrx_word' id='word_1_710' title='bbox 457 4931 717 4989; x_wconf 68' lang='lat' dir='ltr'><strong>cuatam?</strong></span> <span class='ocrx_word' id='word_1_711' title='bbox 736 4930 1016 4986; x_wconf 86' lang='lat' dir='ltr'><strong>Cernimus</strong></span> <span class='ocrx_word' id='word_1_712' title='bbox 1051 4930 1225 4984; x_wconf 89' lang='lat' dir='ltr'><strong>adhuc</strong></span> <span class='ocrx_word' id='word_1_713' title='bbox 1252 4931 1430 4984; x_wconf 87' lang='lat' dir='ltr'><strong>cuncti</strong></span> <span class='ocrx_word' id='word_1_714' title='bbox 1459 4930 1614 4998; x_wconf 88' lang='lat' dir='ltr'><strong>quasi</strong></span> <span class='ocrx_word' id='word_1_715' title='bbox 1656 4940 1907 4985; x_wconf 91' lang='lat' dir='ltr'><strong>venetum</strong></span> <span class='ocrx_word' id='word_1_716' title='bbox 1953 4948 2043 4987; x_wconf 90' lang='lat' dir='ltr'><strong>so—</strong></span> 
     </span>
    </p>
   </div>
   <div class='ocr_carea' id='block_1_90' title="bbox 470 5020 2044 5090">
    <p class='ocr_par' dir='ltr' id='par_1_90' title="bbox 470 5020 2044 5090">
     <span class='ocr_line' id='line_1_92' title="bbox 470 5020 2044 5090; baseline -0.001 -13"><span class='ocrx_word' id='word_1_717' title='bbox 470 5026 608 5090; x_wconf 82' lang='lat' dir='ltr'><strong>lem;</strong></span> <span class='ocrx_word' id='word_1_718' title='bbox 632 5022 888 5076; x_wconf 90' lang='lat' dir='ltr'><strong>miramur</strong></span> <span class='ocrx_word' id='word_1_719' title='bbox 907 5021 1081 5075; x_wconf 87' lang='lat' dir='ltr'><strong>media</strong></span> <span class='ocrx_word' id='word_1_720' title='bbox 1105 5020 1192 5074; x_wconf 90' lang='lat' dir='ltr'><strong>die</strong></span> <span class='ocrx_word' id='word_1_721' title='bbox 1217 5020 1431 5075; x_wconf 88' lang='lat' dir='ltr'><strong>umbras</strong></span> <span class='ocrx_word' id='word_1_722' title='bbox 1447 5035 1673 5090; x_wconf 79' lang='lat' dir='ltr'><strong>corpora</strong></span> <span class='ocrx_word' id='word_1_723' title='bbox 1697 5037 1805 5076; x_wconf 88' lang='lat' dir='ltr'><strong>non</strong></span> <span class='ocrx_word' id='word_1_724' title='bbox 1825 5022 2044 5088; x_wconf 87' lang='lat' dir='ltr'><strong>habere,</strong></span> 
     </span>
    </p>
   </div>
   <div class='ocr_carea' id='block_1_91' title="bbox 472 5110 2047 5181">
    <p class='ocr_par' dir='ltr' id='par_1_91' title="bbox 472 5110 2047 5181">
     <span class='ocr_line' id='line_1_93' title="bbox 472 5110 2047 5181; baseline -0.001 -13"><span class='ocrx_word' id='word_1_725' title='bbox 472 5121 529 5168; x_wconf 86' lang='lat' dir='ltr'><strong>ct</strong></span> <span class='ocrx_word' id='word_1_726' title='bbox 557 5115 795 5181; x_wconf 87' lang='lat' dir='ltr'><strong>vigorem</strong></span> <span class='ocrx_word' id='word_1_727' title='bbox 833 5112 984 5167; x_wconf 91' lang='lat' dir='ltr'><strong>illum</strong></span> <span class='ocrx_word' id='word_1_728' title='bbox 1018 5110 1291 5167; x_wconf 87' lang='lat' dir='ltr'><strong>fortissimi</strong></span> <span class='ocrx_word' id='word_1_729' title='bbox 1319 5111 1515 5167; x_wconf 89' lang='lat' dir='ltr'><strong>caloris</strong></span> <span class='ocrx_word' id='word_1_730' title='bbox 1539 5126 1704 5180; x_wconf 91' lang='lat' dir='ltr'><strong>usque</strong></span> <span class='ocrx_word' id='word_1_731' title='bbox 1755 5112 1824 5167; x_wconf 85' lang='lat' dir='ltr'><strong>ad</strong></span> <span class='ocrx_word' id='word_1_732' title='bbox 1869 5119 2047 5167; x_wconf 81' lang='lat' dir='ltr'><strong>extre-</strong></span> 
     </span>
    </p>
   </div>
   <div class='ocr_carea' id='block_1_92' title="bbox 473 5203 2046 5273">
    <p class='ocr_par' dir='ltr' id='par_1_92' title="bbox 473 5203 2046 5273">
     <span class='ocr_line' id='line_1_94' title="bbox 473 5203 2046 5273; baseline 0 -15"><span class='ocrx_word' id='word_1_733' title='bbox 473 5221 617 5259; x_wconf 86' lang='lat' dir='ltr'><strong>mam</strong></span> <span class='ocrx_word' id='word_1_734' title='bbox 640 5203 895 5272; x_wconf 83' lang='lat' dir='ltr'><strong>temporis</strong></span> <span class='ocrx_word' id='word_1_735' title='bbox 920 5203 1164 5258; x_wconf 89' lang='lat' dir='ltr'><strong>inertiam</strong></span> <span class='ocrx_word' id='word_1_736' title='bbox 1192 5203 1519 5272; x_wconf 74' lang='lat' dir='ltr'><strong>pervenisse,</strong></span> <span class='ocrx_word' id='word_1_737' title='bbox 1542 5203 1683 5273; x_wconf 90' lang='lat' dir='ltr'><strong>quod</strong></span> <span class='ocrx_word' id='word_1_738' title='bbox 1705 5219 1813 5259; x_wconf 92' lang='lat' dir='ltr'><strong>non</strong></span> <span class='ocrx_word' id='word_1_739' title='bbox 1835 5203 2046 5272; x_wconf 90' lang='lat' dir='ltr'><strong>eclipsis</strong></span> 
     </span>
    </p>
   </div>
   <div class='ocr_carea' id='block_1_93' title="bbox 475 5292 2050 5365">
    <p class='ocr_par' dir='ltr' id='par_1_93' title="bbox 475 5292 2050 5365">
     <span class='ocr_line' id='line_1_95' title="bbox 475 5292 2050 5365; baseline -0.002 -14"><span class='ocrx_word' id='word_1_740' title='bbox 475 5303 857 5351; x_wconf 82' lang='lat' dir='ltr'><strong>momentaneo</strong></span> <span class='ocrx_word' id='word_1_741' title='bbox 882 5292 1112 5357; x_wconf 86' lang='lat' dir='ltr'><strong>defectu,</strong></span> <span class='ocrx_word' id='word_1_742' title='bbox 1140 5294 1231 5348; x_wconf 85' lang='lat' dir='ltr'><strong>sed</strong></span> <span class='ocrx_word' id='word_1_743' title='bbox 1254 5294 1419 5348; x_wconf 90' lang='lat' dir='ltr'><strong>totius</strong></span> <span class='ocrx_word' id='word_1_744' title='bbox 1438 5308 1575 5363; x_wconf 89' lang='lat' dir='ltr'><strong>pene</strong></span> <span class='ocrx_word' id='word_1_745' title='bbox 1596 5295 1722 5365; x_wconf 82' lang='lat' dir='ltr'><strong>anni</strong></span> <span class='ocrx_word' id='word_1_746' title='bbox 1742 5292 1827 5362; x_wconf 85' lang='lat' dir='ltr'><strong>agi</strong></span> <span class='ocrx_word' id='word_1_747' title='bbox 1858 5293 2050 5348; x_wconf 86' lang='lat' dir='ltr'><strong>nihilo-</strong></span> 
     </span>
    </p>
   </div>
   <div class='ocr_carea' id='block_1_94' title="bbox 482 5383 2050 5452">
    <p class='ocr_par' dir='ltr' id='par_1_94' title="bbox 482 5383 2050 5452">
     <span class='ocr_line' id='line_1_96' title="bbox 482 5383 2050 5452; baseline -0.002 -11"><span class='ocrx_word' id='word_1_748' title='bbox 482 5388 656 5441; x_wconf 87' lang='lat' dir='ltr'><strong>minus</strong></span> <span class='ocrx_word' id='word_1_749' title='bbox 673 5393 885 5441; x_wconf 88' lang='lat' dir='ltr'><strong>constat</strong></span> <span class='ocrx_word' id='word_1_750' title='bbox 905 5400 1155 5439; x_wconf 81' lang='lat' dir='ltr'><strong>excursu.</strong></span> <span class='ocrx_word' id='word_1_751' title='bbox 1188 5385 1370 5450; x_wconf 88' lang='lat' dir='ltr'><strong>Qualis</strong></span> <span class='ocrx_word' id='word_1_752' title='bbox 1392 5397 1520 5452; x_wconf 85' lang='lat' dir='ltr'><strong>ergo</strong></span> <span class='ocrx_word' id='word_1_753' title='bbox 1550 5383 1710 5438; x_wconf 88' lang='lat' dir='ltr'><strong>timor</strong></span> <span class='ocrx_word' id='word_1_754' title='bbox 1740 5391 1824 5437; x_wconf 89' lang='lat' dir='ltr'><strong>est</strong></span> <span class='ocrx_word' id='word_1_755' title='bbox 1853 5383 2050 5438; x_wconf 87' lang='lat' dir='ltr'><strong>diutius</strong></span> 
     </span>
    </p>
   </div>
   <div class='ocr_carea' id='block_1_95' title="bbox 480 5475 2051 5546">
    <p class='ocr_par' dir='ltr' id='par_1_95' title="bbox 480 5475 2051 5546">
     <span class='ocr_line' id='line_1_97' title="bbox 480 5475 2051 5546; baseline -0.001 -14"><span class='ocrx_word' id='word_1_756' title='bbox 480 5476 743 5533; x_wconf 78' lang='lat' dir='ltr'><strong>sustinere</strong></span> <span class='ocrx_word' id='word_1_757' title='bbox 762 5475 905 5545; x_wconf 88' lang='lat' dir='ltr'><strong>quod</strong></span> <span class='ocrx_word' id='word_1_758' title='bbox 932 5476 1019 5530; x_wconf 86' lang='lat' dir='ltr'><strong>vel</strong></span> <span class='ocrx_word' id='word_1_759' title='bbox 1046 5476 1099 5529; x_wconf 91' lang='lat' dir='ltr'><strong>in</strong></span> <span class='ocrx_word' id='word_1_760' title='bbox 1127 5491 1335 5530; x_wconf 90' lang='lat' dir='ltr'><strong>summa</strong></span> <span class='ocrx_word' id='word_1_761' title='bbox 1364 5475 1501 5531; x_wconf 90' lang='lat' dir='ltr'><strong>solet</strong></span> <span class='ocrx_word' id='word_1_762' title='bbox 1525 5476 1754 5546; x_wconf 83' lang='lat' dir='ltr'><strong>populos</strong></span> <span class='ocrx_word' id='word_1_763' title='bbox 1774 5475 2051 5531; x_wconf 87' lang='lat' dir='ltr'><strong>celeritate</strong></span> 
     </span>
    </p>
   </div>
   <div class='ocr_carea' id='block_1_96' title="bbox 484 5565 2052 5636">
    <p class='ocr_par' dir='ltr' id='par_1_96' title="bbox 484 5565 2052 5636">
     <span class='ocr_line' id='line_1_98' title="bbox 484 5565 2052 5636; baseline 0 -14"><span class='ocrx_word' id='word_1_764' title='bbox 484 5567 719 5622; x_wconf 86' lang='lat' dir='ltr'><strong>terrere?</strong></span> <span class='ocrx_word' id='word_1_765' title='bbox 740 5565 1033 5620; x_wconf 87' lang='lat' dir='ltr'><strong>Habuimus</strong></span> <span class='ocrx_word' id='word_1_766' title='bbox 1056 5566 1233 5635; x_wconf 89' lang='lat' dir='ltr'><strong>itaque</strong></span> <span class='ocrx_word' id='word_1_767' title='bbox 1252 5566 1366 5621; x_wconf 89' lang='lat' dir='ltr'><strong>sine</strong></span> <span class='ocrx_word' id='word_1_768' title='bbox 1390 5566 1637 5635; x_wconf 83' lang='lat' dir='ltr'><strong>procellis</strong></span> <span class='ocrx_word' id='word_1_769' title='bbox 1663 5567 1913 5636; x_wconf 89' lang='lat' dir='ltr'><strong>hiemem,</strong></span> <span class='ocrx_word' id='word_1_770' title='bbox 1935 5568 2052 5622; x_wconf 90' lang='lat' dir='ltr'><strong>sine</strong></span> 
     </span>
    </p>
   </div>
   <div class='ocr_carea' id='block_1_97' title="bbox 476 5654 2049 5727">
    <p class='ocr_par' dir='ltr' id='par_1_97' title="bbox 476 5654 2049 5727">
     <span class='ocr_line' id='line_1_99' title="bbox 476 5654 2049 5727; baseline 0 -16"><span class='ocrx_word' id='word_1_771' title='bbox 476 5657 748 5727; x_wconf 72' lang='lat' dir='ltr'><strong>temperie</strong></span> <span class='ocrx_word' id='word_1_772' title='bbox 773 5670 1019 5723; x_wconf 84' lang='lat' dir='ltr'><strong>vernum,</strong></span> <span class='ocrx_word' id='word_1_773' title='bbox 1044 5656 1158 5710; x_wconf 90' lang='lat' dir='ltr'><strong>sine</strong></span> <span class='ocrx_word' id='word_1_774' title='bbox 1181 5656 1461 5712; x_wconf 87' lang='lat' dir='ltr'><strong>ardoribus</strong></span> <span class='ocrx_word' id='word_1_775' title='bbox 1487 5665 1747 5716; x_wconf 74' lang='lat' dir='ltr'><strong>:estatem.</strong></span> <span class='ocrx_word' id='word_1_776' title='bbox 1776 5654 1925 5712; x_wconf 85' lang='lat' dir='ltr'><strong>Unde</strong></span> <span class='ocrx_word' id='word_1_777' title='bbox 1942 5658 2049 5723; x_wconf 86' lang='lat' dir='ltr'><strong>jam</strong></span> 
     </span>
    </p>
   </div>
   <div class='ocr_carea' id='block_1_98' title="bbox 2137 4457 3733 4535">
    <p class='ocr_par' dir='ltr' id='par_1_98' title="bbox 2137 4457 3733 4535">
     <span class='ocr_line' id='line_1_100' title="bbox 2137 4457 3733 4535; baseline -0.007 -16"><span class='ocrx_word' id='word_1_778' title='bbox 2137 4465 2204 4520; x_wconf 89' lang='lat' dir='ltr'><strong>ab</strong></span> <span class='ocrx_word' id='word_1_779' title='bbox 2230 4465 2321 4520; x_wconf 91' lang='lat' dir='ltr'><strong>illo</strong></span> <span class='ocrx_word' id='word_1_780' title='bbox 2351 4465 2522 4535; x_wconf 89' lang='lat' dir='ltr'><strong>primo</strong></span> <span class='ocrx_word' id='word_1_781' title='bbox 2547 4464 2978 4519; x_wconf 87' lang='lat' dir='ltr'><strong>administratore</strong></span> <span class='ocrx_word' id='word_1_782' title='bbox 3004 4463 3300 4532; x_wconf 84' lang='lat' dir='ltr'><strong>dignitatis</strong></span> <span class='ocrx_word' id='word_1_783' title='bbox 3336 4473 3546 4519; x_wconf 67' lang='lat' dir='ltr'><strong>nostra:</strong></span> <span class='ocrx_word' id='word_1_784' title='bbox 3572 4457 3733 4529; x_wconf 78' lang='lat' dir='ltr'><strong>provi-</strong></span> 
     </span>
    </p>
   </div>
   <div class='ocr_carea' id='block_1_99' title="bbox 2137 4549 3743 4624">
    <p class='ocr_par' dir='ltr' id='par_1_99' title="bbox 2137 4549 3743 4624">
     <span class='ocr_line' id='line_1_101' title="bbox 2137 4549 3743 4624; baseline -0.005 -16"><span class='ocrx_word' id='word_1_785' title='bbox 2137 4570 2254 4609; x_wconf 87' lang='lat' dir='ltr'><strong>sum</strong></span> <span class='ocrx_word' id='word_1_786' title='bbox 2297 4563 2399 4624; x_wconf 86' lang='lat' dir='ltr'><strong>est,</strong></span> <span class='ocrx_word' id='word_1_787' title='bbox 2448 4561 2507 4609; x_wconf 90' lang='lat' dir='ltr'><strong>ut</strong></span> <span class='ocrx_word' id='word_1_788' title='bbox 2550 4554 2861 4623; x_wconf 64' lang='lat' dir='ltr'><strong>praecedens</strong></span> <span class='ocrx_word' id='word_1_789' title='bbox 2907 4554 3062 4624; x_wconf 89' lang='lat' dir='ltr'><strong>copia</strong></span> <span class='ocrx_word' id='word_1_790' title='bbox 3101 4564 3455 4624; x_wconf 87' lang='lat' dir='ltr'><strong>sequentem</strong></span> <span class='ocrx_word' id='word_1_791' title='bbox 3503 4549 3743 4606; x_wconf 83' lang='lat' dir='ltr'><strong>valuisset</strong></span> 
     </span>
    </p>
   </div>
   <div class='ocr_carea' id='block_1_100' title="bbox 2139 4630 2977 4714">
    <p class='ocr_par' dir='ltr' id='par_1_100' title="bbox 2139 4630 2977 4714">
     <span class='ocr_line' id='line_1_102' title="bbox 2139 4630 2977 4714; baseline -0.002 -14"><span class='ocrx_word' id='word_1_792' title='bbox 2139 4645 2382 4713; x_wconf 81' lang='lat' dir='ltr'><strong>mitigare</strong></span> <span class='ocrx_word' id='word_1_793' title='bbox 2406 4645 2700 4714; x_wconf 87' lang='lat' dir='ltr'><strong>penuriam.</strong></span> <span class='ocrx_word' id='word_1_794' title='bbox 2972 4630 2977 4635; x_wconf 56' lang='grc'><em>’</em></span> 
     </span>
    </p>
   </div>
   <div class='ocr_carea' id='block_1_101' title="bbox 2652 4763 3210 4831">
    <p class='ocr_par' dir='ltr' id='par_1_101' title="bbox 2652 4763 3210 4831">
     <span class='ocr_line' id='line_1_103' title="bbox 2652 4763 3210 4831; baseline 0.007 -4"><span class='ocrx_word' id='word_1_795' title='bbox 2652 4763 2976 4831; x_wconf 79' lang='lat' dir='ltr'><strong>EPiSTOLA</strong></span> <span class='ocrx_word' id='word_1_796' title='bbox 3014 4775 3210 4831; x_wconf 65' lang='lat' dir='ltr'><strong>XXVI.</strong></span> 
     </span>
    </p>
   </div>
   <div class='ocr_carea' id='block_1_102' title="bbox 2147 4875 3747 4923">
    <p class='ocr_par' dir='ltr' id='par_1_102' title="bbox 2147 4875 3747 4923">
     <span class='ocr_line' id='line_1_104' title="bbox 2147 4875 3747 4923; baseline -0.006 0"><span class='ocrx_word' id='word_1_797' title='bbox 2147 4883 2316 4923; x_wconf 69' lang='grc' dir='ltr'><strong>Ρλυιιο</strong></span> <span class='ocrx_word' id='word_1_798' title='bbox 2343 4883 2467 4923; x_wconf 73' lang='lat' dir='ltr'><strong>VIRO</strong></span> <span class='ocrx_word' id='word_1_799' title='bbox 2512 4882 2752 4922; x_wconf 74' lang='lat' dir='ltr'><strong>STRENL’O</strong></span> <span class='ocrx_word' id='word_1_800' title='bbox 2781 4883 3015 4921; x_wconf 71' lang='lat' dir='ltr'><strong>SENATOR</strong></span> <span class='ocrx_word' id='word_1_801' title='bbox 3051 4882 3407 4921; x_wconf 62' lang='lat' dir='ltr'><strong>PBJiX-‘ECTUS</strong></span> <span class='ocrx_word' id='word_1_802' title='bbox 3458 4875 3747 4919; x_wconf 65' lang='grc' dir='ltr'><strong>Ρηιετυειιο.</strong></span> 
     </span>
    </p>
   </div>
   <div class='ocr_carea' id='block_1_103' title="bbox 2148 4950 3752 5025">
    <p class='ocr_par' dir='ltr' id='par_1_103' title="bbox 2148 4950 3752 5025">
     <span class='ocr_line' id='line_1_105' title="bbox 2148 4950 3752 5025; baseline -0.005 -14"><span class='ocrx_word' id='word_1_803' title='bbox 2148 4957 2412 5012; x_wconf 74' lang='lat' dir='ltr'><strong>Succurrit</strong></span> <span class='ocrx_word' id='word_1_804' title='bbox 2460 4957 2670 5009; x_wconf 75' lang='lat' dir='ltr'><strong>libenter</strong></span> <span class='ocrx_word' id='word_1_805' title='bbox 2700 4964 2747 5009; x_wconf 88' lang='lat' dir='ltr'><strong>et</strong></span> <span class='ocrx_word' id='word_1_806' title='bbox 2786 4958 2946 5023; x_wconf 76' lang='lat' dir='ltr'><strong>gratis</strong></span> <span class='ocrx_word' id='word_1_807' title='bbox 2993 4955 3202 5009; x_wconf 61' lang='lat' dir='ltr'><strong>Vincis</strong></span> <span class='ocrx_word' id='word_1_808' title='bbox 3267 4959 3465 5025; x_wconf 67' lang='lat' dir='ltr'><strong>{impia</strong></span> <span class='ocrx_word' id='word_1_809' title='bbox 3523 4956 3589 5025; x_wconf 52' lang='grc' dir='ltr'><strong>ορ</strong></span> <span class='ocrx_word' id='word_1_810' title='bbox 3640 4950 3752 5004; x_wconf 74' lang='lat' dir='ltr'><strong>anui</strong></span> 
     </span>
    </p>
   </div>
   <div class='ocr_carea' id='block_1_104' title="bbox 2215 5010 3753 5090">
    <p class='ocr_par' dir='ltr' id='par_1_104' title="bbox 2215 5010 3753 5090">
     <span class='ocr_line' id='line_1_106' title="bbox 2215 5010 3753 5090; baseline -0.005 -10"><span class='ocrx_word' id='word_1_811' title='bbox 2215 5027 2536 5080; x_wconf 77' lang='lat' dir='ltr'><strong>sterilitatem</strong></span> <span class='ocrx_word' id='word_1_812' title='bbox 2566 5010 2938 5090; x_wconf 55' lang='lat' dir='ltr'><strong>laborantibus,</strong></span> <span class='ocrx_word' id='word_1_813' title='bbox 2972 5026 3165 5077; x_wconf 72' lang='lat' dir='ltr'><strong>tributa</strong></span> <span class='ocrx_word' id='word_1_814' title='bbox 3218 5010 3629 5079; x_wconf 55' lang='lat' dir='ltr'><strong>remillcndo’et</strong></span> <span class='ocrx_word' id='word_1_815' title='bbox 3666 5040 3753 5074; x_wconf 83' lang='lat' dir='ltr'><strong>an-</strong></span> 
     </span>
    </p>
   </div>
   <div class='ocr_carea' id='block_1_105' title="bbox 2218 5096 2751 5150">
    <p class='ocr_par' dir='ltr' id='par_1_105' title="bbox 2218 5096 2751 5150">
     <span class='ocr_line' id='line_1_107' title="bbox 2218 5096 2751 5150; baseline 0.002 -2"><span class='ocrx_word' id='word_1_816' title='bbox 2218 5112 2382 5150; x_wconf 77' lang='lat' dir='ltr'><strong>nonas</strong></span> <span class='ocrx_word' id='word_1_817' title='bbox 2410 5111 2502 5148; x_wconf 84' lang='lat' dir='ltr'><strong>con</strong></span> <span class='ocrx_word' id='word_1_818' title='bbox 2510 5096 2751 5149; x_wconf 81' lang='lat' dir='ltr'><strong>cedendo.</strong></span> 
     </span>
    </p>
   </div>
   <div class='ocr_carea' id='block_1_106' title="bbox 2218 5204 3759 5285">
    <p class='ocr_par' dir='ltr' id='par_1_106' title="bbox 2218 5204 3759 5285">
     <span class='ocr_line' id='line_1_108' title="bbox 2218 5204 3759 5285; baseline -0.004 -25"><span class='ocrx_word' id='word_1_819' title='bbox 2218 5206 2548 5285; x_wconf 75' lang='lat' dir='ltr'><strong>Frequenter</strong></span> <span class='ocrx_word' id='word_1_820' title='bbox 2602 5206 2800 5260; x_wconf 89' lang='lat' dir='ltr'><strong>utilitas</strong></span> <span class='ocrx_word' id='word_1_821' title='bbox 2846 5206 3057 5275; x_wconf 89' lang='lat' dir='ltr'><strong>publica</strong></span> <span class='ocrx_word' id='word_1_822' title='bbox 3100 5207 3528 5275; x_wconf 88' lang='lat' dir='ltr'><strong>compendiosa</strong></span> <span class='ocrx_word' id='word_1_823' title='bbox 3572 5204 3759 5273; x_wconf 70' lang='lat' dir='ltr'><strong>pietate</strong></span> 
     </span>
    </p>
   </div>
   <div class='ocr_carea' id='block_1_107' title="bbox 2150 5294 3761 5366">
    <p class='ocr_par' dir='ltr' id='par_1_107' title="bbox 2150 5294 3761 5366">
     <span class='ocr_line' id='line_1_109' title="bbox 2150 5294 3761 5366; baseline -0.005 -16"><span class='ocrx_word' id='word_1_824' title='bbox 2150 5305 2408 5361; x_wconf 80' lang='lat' dir='ltr'><strong>servatur,</strong></span> <span class='ocrx_word' id='word_1_825' title='bbox 2441 5295 2653 5364; x_wconf 87' lang='lat' dir='ltr'><strong>quando</strong></span> <span class='ocrx_word' id='word_1_826' title='bbox 2680 5294 2809 5348; x_wconf 90' lang='lat' dir='ltr'><strong>illud</strong></span> <span class='ocrx_word' id='word_1_827' title='bbox 2830 5294 2995 5363; x_wconf 84' lang='lat' dir='ltr'><strong>magis</strong></span> <span class='ocrx_word' id='word_1_828' title='bbox 3021 5295 3294 5362; x_wconf 85' lang='lat' dir='ltr'><strong>acquirit,</strong></span> <span class='ocrx_word' id='word_1_829' title='bbox 3320 5296 3480 5366; x_wconf 87' lang='lat' dir='ltr'><strong>quod</strong></span> <span class='ocrx_word' id='word_1_830' title='bbox 3509 5295 3761 5351; x_wconf 84' lang='lat' dir='ltr'><strong>bonorum</strong></span> 
     </span>
    </p>
   </div>
   <div class='ocr_carea' id='block_1_108' title="bbox 2153 5386 3763 5458">
    <p class='ocr_par' dir='ltr' id='par_1_108' title="bbox 2153 5386 3763 5458">
     <span class='ocr_line' id='line_1_110' title="bbox 2153 5386 3763 5458; baseline -0.003 -17"><span class='ocrx_word' id='word_1_831' title='bbox 2153 5390 2538 5443; x_wconf 84' lang='lat' dir='ltr'><strong>intercessione</strong></span> <span class='ocrx_word' id='word_1_832' title='bbox 2566 5388 2850 5442; x_wconf 89' lang='lat' dir='ltr'><strong>remiserit.</strong></span> <span class='ocrx_word' id='word_1_833' title='bbox 2884 5386 3119 5441; x_wconf 82' lang='lat' dir='ltr'><strong>Veniens</strong></span> <span class='ocrx_word' id='word_1_834' title='bbox 3149 5387 3363 5458; x_wconf 85' lang='lat' dir='ltr'><strong>itaque</strong></span> <span class='ocrx_word' id='word_1_835' title='bbox 3414 5390 3503 5445; x_wconf 90' lang='lat' dir='ltr'><strong>vir</strong></span> <span class='ocrx_word' id='word_1_836' title='bbox 3553 5399 3763 5440; x_wconf 58' lang='lat' dir='ltr'><strong>venere-</strong></span> 
     </span>
    </p>
   </div>
   <div class='ocr_carea' id='block_1_109' title="bbox 2155 5479 3768 5553">
    <p class='ocr_par' dir='ltr' id='par_1_109' title="bbox 2155 5479 3768 5553">
     <span class='ocr_line' id='line_1_111' title="bbox 2155 5479 3768 5553; baseline -0.004 -20"><span class='ocrx_word' id='word_1_837' title='bbox 2155 5479 2273 5553; x_wconf 73' lang='lat' dir='ltr'><strong>bilis</strong></span> <span class='ocrx_word' id='word_1_838' title='bbox 2310 5479 2652 5550; x_wconf 73' lang='lat' dir='ltr'><strong>Augustinus,</strong></span> <span class='ocrx_word' id='word_1_839' title='bbox 2706 5480 2815 5533; x_wconf 91' lang='lat' dir='ltr'><strong>vita</strong></span> <span class='ocrx_word' id='word_1_840' title='bbox 2856 5479 3034 5533; x_wconf 86' lang='lat' dir='ltr'><strong>clarus</strong></span> <span class='ocrx_word' id='word_1_841' title='bbox 3080 5486 3137 5533; x_wconf 85' lang='lat' dir='ltr'><strong>et</strong></span> <span class='ocrx_word' id='word_1_842' title='bbox 3192 5481 3465 5547; x_wconf 82' lang='lat' dir='ltr'><strong>nomine,</strong></span> <span class='ocrx_word' id='word_1_843' title='bbox 3514 5480 3768 5535; x_wconf 68' lang='lat' dir='ltr'><strong>Venetuin</strong></span> 
     </span>
    </p>
   </div>
   <div class='ocr_carea' id='block_1_110' title="bbox 2157 5568 3770 5639">
    <p class='ocr_par' dir='ltr' id='par_1_110' title="bbox 2157 5568 3770 5639">
     <span class='ocr_line' id='line_1_112' title="bbox 2157 5568 3770 5639; baseline -0.004 -16"><span class='ocrx_word' id='word_1_844' title='bbox 2157 5570 2307 5626; x_wconf 88' lang='lat' dir='ltr'><strong>nobis</strong></span> <span class='ocrx_word' id='word_1_845' title='bbox 2335 5570 2681 5626; x_wconf 87' lang='lat' dir='ltr'><strong>necessitates</strong></span> <span class='ocrx_word' id='word_1_846' title='bbox 2712 5568 2876 5625; x_wconf 84' lang='lat' dir='ltr'><strong>ﬂebili</strong></span> <span class='ocrx_word' id='word_1_847' title='bbox 2921 5568 3264 5639; x_wconf 82' lang='lat' dir='ltr'><strong>allegatione</strong></span> <span class='ocrx_word' id='word_1_848' title='bbox 3308 5571 3639 5630; x_wconf 86' lang='lat' dir='ltr'><strong>declaravit,</strong></span> <span class='ocrx_word' id='word_1_849' title='bbox 3673 5582 3770 5621; x_wconf 89' lang='lat' dir='ltr'><strong>non</strong></span> 
     </span>
    </p>
   </div>
   <div class='ocr_carea' id='block_1_111' title="bbox 2159 5654 3772 5734">
    <p class='ocr_par' dir='ltr' id='par_1_111' title="bbox 2159 5654 3772 5734">
     <span class='ocr_line' id='line_1_113' title="bbox 2159 5654 3772 5734; baseline -0.003 -22"><span class='ocrx_word' id='word_1_850' title='bbox 2159 5660 2287 5729; x_wconf 76' lang='lat' dir='ltr'><strong>vini,</strong></span> <span class='ocrx_word' id='word_1_851' title='bbox 2317 5674 2420 5717; x_wconf 73' lang='lat' dir='ltr'><strong>non</strong></span> <span class='ocrx_word' id='word_1_852' title='bbox 2448 5659 2629 5727; x_wconf 90' lang='lat' dir='ltr'><strong>tritici,</strong></span> <span class='ocrx_word' id='word_1_853' title='bbox 2668 5675 2773 5715; x_wconf 85' lang='lat' dir='ltr'><strong>non</strong></span> <span class='ocrx_word' id='word_1_854' title='bbox 2800 5659 2972 5729; x_wconf 84' lang='lat' dir='ltr'><strong>panici</strong></span> <span class='ocrx_word' id='word_1_855' title='bbox 2995 5659 3221 5729; x_wconf 81' lang='lat' dir='ltr'><strong>species</strong></span> <span class='ocrx_word' id='word_1_856' title='bbox 3248 5660 3411 5732; x_wconf 84' lang='lat' dir='ltr'><strong>apud</strong></span> <span class='ocrx_word' id='word_1_857' title='bbox 3444 5663 3593 5734; x_wconf 83' lang='lat' dir='ltr'><strong>ipsos</strong></span> <span class='ocrx_word' id='word_1_858' title='bbox 3618 5654 3772 5710; x_wconf 74' lang='lat' dir='ltr'><strong>fuisse</strong></span> 
     </span>
    </p>
   </div>
  </div>
