3990 6170
402 208 506 274 877

1688 244 2049 307 VARIARUM
2082 252 2285 308 LIBER
2333 253 2442 310 XII.

3581 277 3684 335 878

397 348 747 406 procreatas:
779 358 1024 401 asserens
1047 346 1111 401 ad
1137 355 1340 406 tantam
1377 354 1654 430 penuriam
1682 359 1986 428 provincia—
2021 368 2064 427 Α
2092 365 2182 433 qui
2213 368 2515 423 sanctitatis
2557 379 2744 427 vestrm
2775 373 3201 433 ordinationibus
3249 380 3508 450 obsecuti,
3554 386 3685 439 nihil

399 427 522 450 I2...n
559 444 714 450 ---_____
766 434 798 450 ο,
851 448 855 450 _
900 434 923 450 ιν
985 444 996 450 -
1251 449 1256 450 ,
1331 442 1360 450 ._
1553 444 1564 450 -
1638 445 1651 450 -
1849 449 1852 450 ,

397 427 524 480 lium
558 434 867 496 pervenisse
898 434 1162 507 fortunas,
1206 449 1264 494 ut
1292 427 1415 496 vita:
1452 427 1698 513 pericula
1726 449 1991 504 sustinere

393 520 640 590 possint,
689 524 788 579 nisi
835 526 913 581 eis
965 528 1141 599 pietas
1200 534 1396 602 regalis
1441 537 1602 592 solita
1655 539 1990 598 humanitate

393 612 754 680 pr05pexerit.
786 614 939 681 Quod
971 618 1125 674 nobis
1150 622 1368 678 crudele
1395 624 1568 681 visum
1599 636 1698 695 est,
1727 631 1926 701 aliquid
1958 648 1988 687 a

391 702 703 771 petentibus
730 708 1036 776 postulare;
1068 717 1121 766 et
1147 713 1275 769 illud
1306 730 1546 785 sperare,
1576 732 1683 789 quo
1712 725 1987 792 provincia

391 795 741 865 cognoscitur
762 799 1024 870 indigere.
1056 804 1097 856 A
1128 805 1324 861 talibus
1361 810 1503 864 enim
1543 813 1686 869 solas
1721 814 1987 888 lacrymas

389 887 576 955 exigit,
629 886 723 959 qui
762 891 907 958 quod
951 909 1056 948 non
1111 896 1694 978 iuvenituruimponit.
1745 886 1984 963 Et‘idco

388 977 527 1031 tanti
577 977 675 1032 viri
720 978 1045 1049 allegatione
1094 987 1344 1054 permoti,
1396 977 1578 1044 vinum
1626 1002 1681 1047 et
1726 996 1981 1064 triticum,

322 1092 327 1099 η
386 1066 536 1135 quod
575 1083 676 1124 nos
713 1068 766 1122 in
803 1082 1063 1140 apparatu
1108 1076 1397 1141 exercitus,
1454 1093 1522 1133 ex
1563 1079 1982 1150 Concordiense,

383 1160 733 1229 Aquileiense
772 1172 827 1217 et
853 1163 1225 1234 Forojuliense
1266 1171 1572 1228 civitatibus
1608 1176 1862 1245 colligere
1910 1180 1985 1234 fc—

382 1266 663 1319 ceramus,
701 1255 950 1322 prmsenti
999 1259 1327 1315 auctoritate
1373 1264 1743 1321 remittimus:
1795 1284 1984 1325 carnes

382 1353 617 1411 tantum,
646 1346 782 1402 sicut
803 1347 981 1403 brevis
1007 1350 1159 1406 vobis
1184 1351 1341 1406 datus
1361 1352 1621 1422 continet,
1647 1359 1840 1414 exinde
1862 1378 1984 1430 pro-

379 1434 651 1491 videntes.
684 1433 821 1492 Hinc
850 1438 1015 1506 enim,
1058 1455 1180 1494 cum
1222 1458 1443 1499 necesse
1489 1445 1667 1514 fuerit,
1709 1448 1979 1506 sul‘ticicm

383 1534 495 1581 lem
521 1528 685 1583 tritici
711 1528 947 1598 speciem
976 1530 1327 1588 destinamus.
1362 1533 1431 1588 Et
1455 1538 1713 1617 quoniam
1738 1540 1788 1594 in
1833 1543 1981 1597 lstria

269 1684 283 1690 δ
377 1618 571 1673 vinum
634 1619 851 1675 abunde
900 1629 1087 1676 natum
1154 1640 1274 1680 esse
1327 1629 1715 1698 comperimus,
1767 1635 1979 1701 exinde,

377 1716 646 1778 quantum
699 1710 768 1765 de
820 1713 1146 1782 supradictis
1200 1716 1506 1774 civitatibus
1552 1731 1823 1791 speratum
1874 1736 1978 1795 est,
2014 1750 2058 1808 Β

378 1800 677 1869 postulate,
711 1802 851 1857 sicut
895 1804 948 1859 in
982 1804 1100 1861 foro
1133 1822 1314 1863 rerum
1358 1812 1628 1867 venalium
1676 1819 1978 1885 reperitur:

377 1900 654 1958 quatenus
677 1908 780 1948 nec
810 1895 912 1964 ipsi
942 1895 1062 1950 hedi
1092 1898 1318 1967 possint,
1359 1916 1479 1955 cum
1511 1904 1590 1958 eis
1626 1907 1797 1976 pretia
1835 1909 1979 1978 justa

375 1992 684 2038 servantur.
716 1984 1061 2058 Quapropter
1088 2000 1408 2060 praesentem
1431 1994 1811 2065 indulgentiam
1833 2003 1976 2057 nulla

374 2077 614 2132 crctlatis
642 2080 937 2136 vennlitate
969 2083 1290 2146 taxandam;
1334 2094 1393 2140 ut
1433 2088 1558 2141 dum
1598 2088 1753 2145 fuerit
1802 2109 1978 2150 reme-

372 2168 523 2223 dium
553 2171 867 2239 gratuitum,
897 2174 1070 2243 possit
1108 2176 1345 2233 existere
1387 2180 1733 2237 nihilominus
1776 2185 1977 2251 glorio—

370 2276 519 2315 sum.
548 2259 817 2318 Noveritis
842 2264 986 2318 enim
1009 2268 1159 2334 gravi
1183 2284 1280 2324 vos
1302 2269 1492 2338 subjici
1521 2287 1681 2342 posse
1707 2274 1970 2341 vindictas,

369 2352 416 2407 si
460 2349 597 2421 quid
643 2353 987 2410 interdictum
1038 2365 1121 2412 est
1148 2357 1283 2425 dari,
1331 2373 1361 2415 a
1391 2360 1542 2416 vobis
1588 2362 1835 2419 videatur
1880 2381 1974 2421 ae-

366 2454 614 2516 ceptum.

878 2598 1214 2657 EPISTOLA
1253 2603 1465 2660 XXVII.
1546 2595 1550 2598 ’

365 2724 536 2765 ΒΑΤΙΟ
593 2726 843 2767 EPISCOPO
909 2729 1297 2773 MEDIOLAN’ENSI
1361 2735 1601 2777 SENATOR
1649 2739 1968 2781 PMFECTUS

973 2801 1258 2843 rnmromo
1301 2799 1377 2855 ⁸.,

362 2867 538 2922 Mittit
593 2870 852 2941 ingentem
891 2876 1066 2955 panici
1098 2894 1401 2955 ltum-erum-
1446 2882 1634 2952 pOpnlo
1689 2889 1960 2955 penuriam

824 2946 1042 3014 patienti
1073 2946 1509 3004 distribuendum.

436 3054 619 3109 Minus
646 3056 866 3125 prodest
904 3058 1106 3114 bonum
1155 3061 1295 3135 [Ac.,
1345 3065 1554 3138 verum]
1594 3067 1803 3137 jubere,
1863 3071 1962 3126 nisi

360 3146 474 3202 hoc
505 3162 603 3217 per
644 3148 789 3202 viros
818 3132 1190 3207 sanctissimos
1235 3154 1462 3211 velimus
1504 3132 1739 3215 efticere.
1788 3160 1964 3230 Auget
1993 3132 2037 3193 Ο

358 3237 512 3292 enim
534 3236 853 3293 beneficium
874 3240 1125 3296 voluntas
1145 3252 1290 3298 recta
1310 3243 1577 3314 justorum
1598 3265 1613 3316 ;
1636 3251 1961 3321 etquidquid

283 3395 297 3407 ,
357 3328 485 3384 sine
514 3328 702 3385 fraude
724 3331 949 3399 geritur,
979 3332 1085 3388 hoc
1113 3349 1240 3389 vere
1269 3334 1521 3394 donantis
1559 3341 1765 3397 meritis
1791 3343 1961 3412 appli-

343 3430 541 3477 catur.
577 3419 739 3477 Decet
771 3423 914 3478 enim
940 3433 1000 3478 ut
1028 3425 1449 3483 munificentiam
1480 3432 1830 3501 principalem
1873 3451 1961 3489 sa-

354 3513 658 3568 cerdotalis
685 3515 895 3584 puritas
930 3527 1274 3587 exsequatur.
1306 3519 1437 3574 Nam
1478 3523 1563 3577 cui
1593 3532 1674 3577 est
1702 3526 1954 3590 studium,

350 3604 568 3661 bonum
594 3604 662 3659 de
694 3606 914 3676 proprio
945 3606 1143 3670 facere,
1177 3608 1519 3666 laudabiliter
1557 3621 1737 3682 potest
1768 3616 1956 3670 °aliena

348 3704 489 3751 vota
514 3695 809 3764 complere.
841 3695 911 3751 Et
940 3697 1061 3753 ideo
1085 3700 1424 3756 sanctitatem
1454 3711 1683 3757 vestram
1726 3708 1957 3774 petimus

351 3784 541 3858 (cujus
560 3787 826 3857 propositi
854 3796 939 3842 est
965 3787 1159 3844 divinis
1190 3791 1450 3847 inservire
1488 3794 1775 3864 mandatis)
1806 3805 1861 3849 ut
1889 3797 1955 3852 de

346 3878 574 3932 horreis
592 3877 963 3934 Ticinensibus
981 3889 1037 3935 et
1058 3880 1477 3941 Dertonensibus
1499 3886 1672 3954 panici
1695 3889 1950 3956 speciem,

343 3970 498 4022 sicut
523 3983 553 4021 a
585 3967 825 4040 principe
854 3969 1064 4038 jussum
1107 3979 1207 4035 est,
1254 3974 1464 4028 tertiam
1500 3977 1798 4045 portionem
1827 3993 1945 4033 esu-

342 4058 517 4114 rienti
541 4058 743 4128 papnlo
771 4060 836 4114 ad
859 4061 1045 4131 viginti
1075 4064 1311 4133 quinque
1336 4064 1544 4122 modios
1586 4082 1685 4136 per
1721 4069 1950 4124 solidum

342 4149 585 4204 distrahi
633 4150 733 4204 sub
761 4160 946 4205 nostra
987 4151 1327 4208 ordinatione
1380 4153 1607 4221 faciatis,
1660 4174 1727 4211 ne
1773 4158 1971 4227 CujnS-'

338 4260 522 4315 quam
548 4244 838 4299 venalitate
866 4244 933 4298 ad
956 4245 1076 4300 illos
1114 4248 1411 4315 perveniat,
1436 4249 1527 4316 qui
1551 4264 1609 4304 se
1636 4250 1704 4305 de
1732 4258 1950 4321 p:oprio

338 4333 609 4388 videntur
631 4348 791 4404 posse
818 4335 1136 4402 transigere.
1170 4336 1410 4405 Accipiat
1434 4339 1610 4392 minus
1632 4339 1838 4396 habens
1866 4344 1946 4396 in-

338 4424 685 4493 dulgentiam
733 4425 1102 4495 principalem.
1135 4423 1428 4500 Egcntibus
1449 4429 1656 4496 jussum
1697 4430 1846 4501 [Λευ.
1898 4443 1948 4486 et

2093 474 2157 512 ex
2189 474 2247 513 se
2278 460 2490 527 faciant,
2525 464 2617 517 sed
2650 468 3020 525 tantummodo
3047 472 3204 528 vobis
3224 473 3441 530 obedire
3462 486 3689 533 conten-

2092 551 2237 606 dant.
2271 552 2441 608 Solidi
2459 570 2590 610 vero
2618 560 2803 626 quanti
2830 575 2900 641 ex
2925 563 3229 632 supradicta
3257 568 3559 635 quantitate
3584 586 3683 641 pa«

2094 640 2199 694 nici
2232 643 2507 710 potuerint
2537 640 2873 721 congregari,
2909 659 3086 707 vestra
3117 655 3270 709 nobis
3298 657 3561 715 relatione
3588 640 3686 715 de-

2091 732 2321 800 clarate;
2349 744 2407 789 ut
2438 739 2577 809 apud
2606 742 2870 796 arcarium
2906 743 3045 817 [Αεη
3093 748 3373 821 arcanum]
3420 754 3685 809 reconditi

2091 824 2157 877 ad
2186 841 2345 895 supra
2376 840 2729 887 memoratam
2775 837 3011 905 speciem
3059 842 3446 911 reparandam,
3492 844 3687 900 futuris
3761 860 3775 879 π

2089 929 2455 986 reserventur,
2486 920 2593 977 Deo
2615 927 2929 995 auxiliante,
2955 935 3315 1002 temporibus:
3342 952 3494 993 more
3520 940 3685 995 vestis

2088 1008 2360 1075 redivivzc,
2387 1013 2536 1083 cujus
2567 1018 2823 1074 adunatio
2847 1038 2946 1093 per
2972 1024 3058 1079 fila
3085 1027 3391 1090 resolvitur,
3426 1038 3483 1084 ut
3510 1030 3562 1085 in
3595 1049 3687 1086 no-

2089 1118 2208 1157 vam
2244 1104 2431 1160 faciem
2459 1108 2742 1178 splendido
2771 1114 2949 1184 potius
2978 1117 3173 1174 decore
3205 1129 3435 1175 texatur.

2758 1266 2996 1327 XXVIII.
3418 1294 3447 1306 -

2751 1376 3006 1416 ιυτετωι.

2090 1457 2297 1515 Iudicat
2325 1458 2887 1554 Liguribusrietoriam
2925 1490 2953 1525 e
3002 1472 3451 1554 Burgundionibus
3498 1500 3678 1554 repor-
3726 1488 3735 1495 ’

2158 1540 2338 1626 tatam,
2363 1546 2410 1616 et
2432 1538 2610 1619 fugam
2637 1538 3070 1626 A'lcmannornnt'.‘
3090 1538 3306 1626 .Dein'tfe
3340 1551 3463 1626 dicit
3500 1538 3674 1626 regem

2159 1602 2220 1689 ob
2244 1602 2473 1671 inopiam
2491 1602 2576 1689 eis
2601 1611 2868 1689 relaxassc
2889 1614 3157 1689 dimidiam
3184 1618 3360 1689 tributi
3379 1602 3598 1689 partem],
3624 1632 3684 1678 ετ

2158 1672 2346 1726 horrea
2365 1692 2461 1728 sua
2483 1678 2553 1730 ad
2581 1696 2666 1733 eos
2687 1680 3025 1739 sublevandos
3053 1688 3330 1755 aperuisse.

2154 1784 2287 1852 Quis
2308 1790 2514 1843 nesciat
2542 1793 2934 1860 providentiam
2966 1797 3201 1853 divinam
3244 1801 3427 1859 usibus
3473 1805 3675 1862 nostris

2083 1876 2259 1947 aliqua
2286 1880 2421 1936 velle
2449 1883 2769 1954 subducere,
2811 1897 2870 1941 ut
2898 1889 3191 1945 humanum
3226 1895 3395 1962 possit
3432 1896 3670 1951 animum

2080 1972 2473 2040 comprobare?
2501 1974 2632 2029 Nam
2660 1977 2703 2031 si
2728 1978 2929 2033 nullum
2959 1983 3172 2050 penitus
3201 1984 3437 2053 indigere
3466 1990 3673 2043 contin-

2079 2069 2253 2129 geret,
2284 2063 2464 2118 locum
2495 2067 2722 2134 proinde
2761 2068 2980 2137 largitas
3007 2087 3115 2126 non
3148 2074 3390 2129 haberet.
3428 2076 3556 2131 Data
3588 2090 3671 2133 est

2080 2155 2374 2222 provinciis
2400 2156 2453 2209 in
2478 2159 2622 2226 regis
2644 2160 2811 2214 nostri
2841 2161 2998 2217 laude
3026 2166 3278 2232 penuria;
3310 2168 3522 2224 steriles
3546 2169 3669 2225 facti

2075 2252 2201 2298 sunt
2232 2246 2368 2313 agri,
2399 2254 2459 2301 ut
2501 2248 2717 2304 ubertas
2764 2249 2969 2307 domini
3010 2255 3183 2322 possit
3222 2259 3461 2323 agnosci.
3494 2258 3669 2317 Minus

2075 2343 2219 2390 esset
2240 2337 2669 2406 acceptissimum
2695 2339 2916 2407 donum,
2942 2343 3042 2399 nisi
3062 2345 3428 2414 prmcessisset
3455 2349 3667 2405 incom-

2075 2428 2315 2485 modum.
2342 2430 2601 2496 Gaudete,
2635 2434 2941 2504 provinciae,
2974 2436 3235 2507 malisque
3263 2440 3456 2496 vestris
3485 2442 3668 2512 potius

2073 2522 2299 2589 gratiam
2319 2522 2537 2590 referte,
2558 2525 2775 2594 quando
2804 2528 2964 2583 talem
2992 2529 3236 2599 probatis
3262 2538 3500 2588 antmum
3522 2535 3662 2604 prin-

2072 2611 2227 2680 cipis,
2273 2623 2337 2667 ut
2377 2614 2538 2670 nullis
2579 2616 2737 2670 cedat
2765 2618 3026 2675 adversis.
3059 2619 3139 2673 En
3171 2621 3344 2691 pictas
3381 2623 3663 2693 mirabilis,

2070 2719 2189 2773 quae
2219 2707 2416 2777 ubique
2443 2710 2643 2766 nostris
2685 2723 2951 2781 repugnat
2982 2714 3351 2771 incommodis.
3385 2716 3517 2771 Nam
3539 2733 3661 2772 cum

2068 2810 2128 2850 se
2148 2794 2333 2852 feritas
2355 2799 2568 2867 gentilis
2584 2801 2782 2871 prioris
2805 2807 3060 2875 temporis
3079 2808 3392 2875 animasset,
3419 2808 3663 2871 IEmilia.

2068 2893 2124 2941 et
2147 2887 2359 2956 Liguria
2390 2898 2590 2956 vestra,
2641 2892 2781 2948 sicut
2813 2909 2912 2949 vos
2950 2895 3186 2952 retinere
3234 2900 3390 2969 201
3440 2913 3663 2954 necesse

2067 2986 2169 3043 est.
2192 2977 2631 3047 Burgundionum
2654 2982 2959 3039 incursione
2977 2984 3311 3055 quateretur,
3341 2999 3661 3059 gereretque

2066 3063 2264 3117 bellum
2287 3063 2355 3118 de
2383 3064 2661 3121 vicinitate
2708 3066 2983 3133 furtivum,
3014 3071 3192 3126 subito
3234 3074 3516 3143 pnesentis
3554 3075 3659 3129 im»

2066 3153 2201 3224 perii
2234 3161 2489 3224 tanquam
2511 3156 2643 3211 solis
2669 3165 2821 3212 ortus
2842 3156 2980 3214 fama
3002 3159 3251 3216 radiavit.
3274 3161 3652 3233 Expugnatqu

2064 3258 2125 3297 se
2183 3243 2354 3299 hostis
2399 3259 2498 3301 sua
2560 3242 2982 3318 prmsumptidne
3034 3252 3379 3320 congemuit,
3437 3253 3655 3327 quando

2064 3332 2213 3388 illum
2236 3335 2490 3405 cognovit
2513 3337 2802 3407 nominata:
2823 3336 2997 3406 gentis
3024 3355 3144 3397 esse
3171 3351 3459 3410 rectorem,
3488 3359 3650 3414 quem

2060 3424 2162 3479 sub
2189 3424 2373 3481 militis
2398 3427 2615 3482 nomine
2639 3429 2964 3498 probaverat
2985 3447 3105 3488 esse
3128 3433 3473 3501 singularem.
3497 3435 3648 3502 Quo--

2061 3516 2163 3572 ties
2189 3531 2249 3572 se
2276 3519 2484 3589 Optavit
2525 3518 2594 3575 de
2641 3522 2752 3575 suis
2780 3520 2973 3577 finibus
3001 3539 3109 3578 non
3137 3525 3289 3579 exire
3318 3525 3648 3595 Burgundio,

2061 3624 2129 3664 ne
2153 3610 2397 3680 principe
2418 3620 2606 3667 nostro
2626 3623 2889 3682 pugnaret
2913 3615 3169 3681 adverso;
3195 3616 3348 3685 cujus
3366 3616 3492 3672 licet
3513 3633 3648 3688 pta--

2057 3701 2285 3756 sentiam
2315 3702 2584 3758 relevatus
2611 3704 2860 3760 evaserit.
2901 3704 3208 3760 felicitatem
3241 3718 3421 3763 tamen
3462 3710 3649 3779 pacci-

2058 3793 2261 3865 pitatus
2289 3795 2546 3852 incurrit?
2571 3795 2702 3851 Nam
2733 3812 2857 3852 mox
2886 3806 2947 3850 ut
2972 3796 3129 3851 Gothi
3162 3798 3228 3852 ad
3257 3799 3382 3854 belli
3410 3801 3642 3855 studium

2056 3886 2271 3953 gemina
2294 3901 2353 3943 se
2381 3887 2694 3944 fortitudine
2724 3888 3097 3963 contulerunt,
3125 3888 3198 3943 ita
3229 3904 3487 3960 prospera
3515 3907 3635 3947 con-

2056 3980 2355 4034 certatione
2400 3994 2537 4035 ctcsa
2591 3988 2675 4036 est
2727 3980 3008 4035 rebellimn
3056 3996 3265 4047 manus,
3318 3983 3472 4052 quasi
3520 3985 3574 4037 in
3597 3984 3644 4037 le

2056 4072 2246 4138 nudos,
2279 4073 2404 4128 hinc
2426 4083 2570 4142 stare
2597 4074 2919 4142 contigisset.
2936 4087 3174 4145 armath
3208 4091 3221 4129 :
3271 4073 3437 4130 divini
3480 4079 3645 4147 aequi-

2053 4172 2166 4218 tatc
2190 4163 2393 4233 judicii,
2420 4174 2479 4221 ut
2508 4165 2559 4220 in
2592 4166 2719 4237 ipsis
2744 4166 2950 4237 campis
2977 4167 3159 4237 praedo
3188 4178 3479 4236 corrueret,
3507 4184 3645 4237 quos

2054 4262 2266 4309 vastare
2296 4258 2651 4327 prtesumpsit.
2689 4257 2905 4313 Exsulta
2935 4258 3364 4313 adversariorum
3409 4260 3643 4314 cadave-

2050 4347 2198 4401 ribus
2218 4354 2409 4402 ornata
2432 4348 2738 4418 provincia;
2769 4363 3020 4404 acervum
3049 4348 3167 4404 ride
3188 4349 3453 4414 funerum,
3479 4365 3642 4418 quem

2052 4437 2389 4493 inimicorum
2419 4438 2548 4493 vitio
2568 4445 2784 4493 constat
2810 4437 3077 4493 effectum.
3114 4436 3266 4492 Nunc
3286 4438 3477 4493 melius
3495 4440 3639 4493 culta

339 4518 482 4579 6a.,
507 4517 702 4589 visum]
730 4526 834 4581 est,
868 4534 975 4573 non
998 4518 1272 4582 divitibus,
1295 4519 1601 4575 subvenire.
1626 4520 1822 4577 Fundit
1845 4538 1942 4593 po-
1976 4516 2019 4573 υ
2047 4526 2279 4595 Liguria,
2310 4527 2419 4593 cui,
2456 4536 2650 4596 negato
2686 4527 2860 4583 fructu
2898 4527 3119 4595 segetis,
3153 4528 3343 4584 messis
3392 4530 3643 4599 provenit

340 4610 480 4672 tius,
513 4609 605 4679 qui
636 4609 799 4663 mittit
827 4609 881 4662 in
903 4609 1155 4678 plenum;
1185 4624 1307 4663 nam
1330 4609 1457 4665 illud
1486 4613 1665 4681 potius
1696 4615 1941 4669 recondi-

335 4708 460 4765 tur,
493 4699 637 4769 quod
663 4700 804 4754 vasis
831 4700 1012 4755 vacuis
1038 4709 1413 4769 congregatur.
1456 4700 1798 4775 Quapropter
1816 4720 1942 4760 san-

333 4793 514 4848 ctitas
543 4800 720 4846 vestra
750 4791 1112 4847 miserationis
1132 4791 1310 4849 officia
1345 4809 1452 4848 non
1475 4804 1626 4865 putet
1653 4795 1899 4865 iniuriam
1924 4814 1936 4849 :

327 4885 473 4955 quia
506 4892 680 4939 totum
706 4884 859 4939 vobis
880 4884 1103 4952 dignum
1131 4894 1233 4952 est,
1277 4886 1365 4941 ubi
1412 4888 1588 4957 pietas
1629 4889 1896 4944 invenitur
1924 4908 1937 4957 ;

326 4976 610 5045 siquidem
652 4976 829 5031 aliena
874 4976 1139 5031 desideria
1189 4976 1418 5034 fideliter
1463 4992 1673 5047 gerere,
1722 4981 1825 5037 hoc
1859 4993 1943 5036 est

326 5068 489 5122 bona
517 5067 737 5138 prepria
768 5067 1076 5137 perfecisse.
1108 5067 1189 5122 Ad
1209 5083 1372 5138 quam
1396 5084 1531 5132 rem,
1564 5069 1675 5131 Deo
1694 5069 1937 5140 juvante,

324 5157 738 5229 procurandam
763 5157 910 5212 illum
932 5166 1093 5230 atque
1112 5159 1262 5214 illum
1289 5160 1593 5216 curavimus
1623 5160 1896 5217 destinare
1922 5184 1935 5217 :

406 5375 435 5402 ³·
470 5363 586 5421 [Ioc
614 5368 868 5452 scriptum
900 5375 989 5452 est.
1002 5375 1122 5450 post
1152 5369 1483 5452 consulatum
1514 5368 1794 5452 Belisarii‘:
1825 5388 1932 5452 quo

322 5446 589 5512 tempore
620 5438 875 5512 adversus
902 5437 1154 5506 Wiiigem
1185 5441 1483 5512 Gothorum
1535 5456 1714 5512 regem
1759 5437 1933 5512 (cujus

320 5509 551 5582 aliquot
576 5524 787 5582 supra,
815 5510 907 5564 lib.
958 5526 1009 5574 ι,
1056 5519 1267 5582 exstant
1307 5509 1614 5582 rescripta),
1648 5509 1934 5567 Belisarius

322 5579 570 5631 Romam
601 5580 651 5633 vi
676 5579 929 5634 obtinens
967 5580 1268 5634 resistebat.
1304 5581 1433 5635 Nam
1483 5579 1550 5634 co
1573 5579 1740 5636 'anno
1786 5592 1932 5637 tanta

342 5665 436 5701 :cr
469 5648 769 5721 universth
798 5650 966 5706 fames
989 5649 1105 5711 fuit,
1140 5662 1195 5703 ut
1227 5652 1407 5706 Dattus
1428 5652 1710 5721 episcopus
1732 5652 1932 5708 Medio-

341 5718 578 5774 ancusis
605 5719 867 5776 relatione
889 5737 983 5776 sua
1013 5722 1117 5775 hoc
1141 5722 1417 5778 evidenter
1441 5718 1733 5788 curaverit,
1765 5738 1930 5793 quas-

1515 5872 1586 5920 Ι

2050 4618 2277 4673 hostilis.
2307 4617 2439 4672 Nam
2470 4618 2567 4672 etsi
2596 4617 2795 4673 tributa
2824 4628 2910 4671 tua
2935 4618 3113 4672 minus
3134 4626 3427 4689 potuerunt
3446 4620 3638 4689 accipi,

2049 4708 2352 4779 triumphos
2384 4709 2438 4763 in
2470 4716 2523 4764 te
2555 4717 2711 4764 natos
2735 4708 2967 4764 feliciter
2991 4709 3253 4765 obtulisti.
3282 4704 3378 4765 Ilis
3423 4710 3638 4765 additur

2049 4800 2469 4858 Alamannorum
2501 4816 2672 4871 nuper
2700 4798 2878 4869 fugata
2901 4801 3201 4873 subreptio,
3231 4815 3350 4869 qua:
3376 4800 3429 4854 in
3452 4800 3639 4870 primis

2051 4893 2335 4950 conatibus
2380 4896 2493 4951 suis
2538 4895 2617 4950 sic
2658 4896 2917 4966 probatur
2945 4909 3227 4965 Oppressa,
3258 4904 3317 4947 ut
3341 4894 3500 4948 simul
3544 4894 3639 4947 ad-

2046 4993 2267 5039 ventum
2317 5000 2473 5040 suum
2512 4985 2779 5053 iunxisset
2805 4993 2861 5040 et
2901 4987 3128 5052 exitum,
3174 4983 3330 5053 quasi
3385 4984 3636 5040 salutaris

2044 5075 2170 5131 ferri
2199 5077 2543 5133 exsecatione
2562 5075 2828 5148 purgata;
2858 5088 3123 5147 quatenus
3151 5084 3207 5131 et
3249 5076 3389 5131 male
3436 5093 3638 5147 pncsn-

2046 5168 2303 5222 mentium
2330 5167 2691 5223 vindicaretur
2717 5184 2990 5231 excessus,
3030 5178 3084 5223 et
3129 5169 3492 5239 subjectorum
3526 5186 3632 5224 non

2039 5368 2160 5424 dam
2191 5369 2440 5426 mulieres
2470 5370 2520 5423 in
2551 5368 2776 5441 Liguria:
2797 5371 3038 5441 partibus
3060 5389 3127 5429 ex
3158 5373 3353 5428 monilia
3383 5371 3633 5430 Ecclesia:

2040 5456 2148 5494 suzc
2178 5440 2425 5510 proprios
2455 5441 2591 5495 tilios
2621 5440 2730 5510 prae
2774 5440 2937 5496 nimia
2984 5443 3123 5499 fame
3159 5446 3478 5501 comedisse.
3507 5446 3634 5501 lhec

2039 5526 2105 5565 ex
2133 5511 2269 5585 libro
2300 5509 2598 5585 P_ontit_i_eali
2624 5509 2683 5567 in
2715 5511 2834 5585 Vita
2864 5512 3076 5585 Silverii
3106 5530 3276 5585 papa},
3310 5532 3429 5585 qum
3454 5527 3634 5571 exstat

2041 5579 2268 5705 iozqutt
2316 5579 2703 5653 Concitiorum,
2743 5584 2871 5641 item
2923 5599 2992 5640 ex
3031 5579 3198 5641 Paulo
3237 5579 3499 5653 Dia'cono,
3533 5588 3625 5642 tib.

2041 5667 2167 5705 Χγη.
2244 5665 2438 5705 ΟΒΝΕΒ.

2041 5667 2167 5707 XVII.
2199 5665 2229 5705 l‘
2244 5665 2438 5707 OBNEB.
