3990 6170
301 228 477 289 879,
555 227 586 251 ⁸

1509 224 1583 282 ω.
1626 224 1899 282 AURELll
1938 225 2336 285 csssrooom
2642 197 2647 201 “
2834 274 2844 289 ι
3428 238 3511 299 seu

293 354 518 397 θωπιηο
545 347 880 410 grassantur
909 338 1176 395 interitus.
1207 334 1428 393 Possem
1468 337 1683 405 quidem
1728 336 1883 393 vobis
1915 342 1955 397 Λ
1987 352 2109 393 nem
2137 353 2317 394 rerum
2358 340 2538 396 saeculi
2568 344 2794 400 mutavit
2823 345 3125 402 humanitas
3154 362 3169 401 :
3200 361 3294 402 nos
3312 347 3518 419 jubemnr

298 434 639 490 dinumerare
666 440 864 506 quanta
895 432 949 487 in
977 428 1096 485 aliis
1125 429 1258 485 locis
1296 434 1530 484 hostium
1556 429 1711 483 turba
1738 429 1881 483 ceci-

298 524 478 581 derit:
508 524 605 580 sed
632 538 783 578 more
811 521 1028 577 humani
1059 520 1222 575 animi
1245 518 1312 575 ad
1335 526 1512 574 vestra
1536 518 1710 574 felicia
1735 516 1881 574 festi-

299 625 514 685 nantes,
544 615 673 670 illud
700 628 800 669 nos
830 621 1036 668 tantum
1059 613 1240 669 dicere
1269 611 1483 682 cupitis,
1515 610 1659 681 quod
1690 610 1754 664 ad
1786 625 1882 664 vos

298 703 607 776 specialiter
654 703 926 774 pertinere
981 702 1213 758 sentitis.
1271 700 1577 756 Redeamus
1631 714 1760 769 ergo
1816 698 1882 753 ad

299 813 465 854 suave
490 796 830 869 principium,
854 795 1068 865 quando
1088 810 1224 865 quos
1245 793 1480 850 defendit
1499 808 1530 848 a
1555 792 1681 847 belli
1710 792 1881 857 clade,

302 904 403 944 nec
423 887 617 958 inopiae
644 886 847 959 patitur
874 886 1112 957 pericula
1141 886 1427 941 sustinere.
1472 884 1606 939 Nam
1632 884 1724 953 qui
1761 900 1885 954 per-

304 981 438 1037 culit
459 981 671 1037 hostem
700 981 1011 1052 provincia),
1035 988 1090 1035 et
1119 978 1313 1035 famem
1335 980 1494 1050 jussit
1513 980 1684 1035 exire.
1707 978 1752 1033 Ο
1776 994 1889 1033 ραι-ιλ

303 1083 486 1131 tamen
527 1083 645 1130 toto
674 1073 805 1130 orbe
835 1070 1262 1145 praedicandum!
1295 1070 1496 1127 Contra
1538 1069 1886 1139 indigentiam

304 1181 500 1221 saevam
545 1165 767 1236 gloriosi
809 1164 1065 1237 principis
1114 1171 1319 1234 pugnat
1358 1162 1683 1228 humanitas,
1735 1161 1889 1231 cujus

305 1270 435 1312 vere
455 1264 633 1310 castra
660 1261 786 1310 sunt
806 1254 1003 1309 horrea
1032 1251 1251 1316 referta,
1281 1267 1401 1322 quae
1441 1252 1484 1306 si
1519 1250 1769 1307 claudere
1795 1268 1890 1307 vo-

304 1344 513 1412 luisset,
540 1351 668 1400 tunc
695 1343 1050 1415 importabilis
1074 1343 1329 1399 intrasset
1365 1342 1609 1408 inimica;
1639 1340 1737 1397 sed
1763 1341 1890 1411 quia

307 1435 476 1503 magis
502 1433 732 1505 aperuit,
772 1433 1079 1490 saavientem
1110 1432 1469 1489 adversariam
1498 1446 1627 1486 mox
1668 1429 1886 1499 fugavit.

306 1527 497 1584 Nescio
527 1544 646 1599 qua:
675 1526 932 1599 principis
957 1527 1127 1582 nostri
1154 1526 1294 1581 bella
1322 1524 1553 1580 mundus
1580 1523 1760 1594 potius
1794 1522 1891 1577 ad-

1984 430 2091 486 vile
2111 430 2430 500 distrahere,
2462 449 2583 490 cum
2612 437 2856 493 esuriens
2882 435 3100 508 paratus
3125 439 3196 494 sit
3214 440 3372 496 carius
3393 458 3518 499 com-

1986 536 2199 592 parare.
2255 521 2300 577 Ο
2347 538 2545 579 novum
2600 527 2995 596 praedicationis
3033 528 3306 584 eventum!
3350 529 3523 589 Affectu

1986 611 2166 666 damni
2214 614 2506 683 negotiatio
2542 617 2822 686 provenit;
2866 625 2922 673 et
2966 629 3148 674 votum
3195 626 3278 674 est
3313 620 3523 678 vendenti

1987 703 2156 774 magis
2184 705 2429 775 perdere,
2463 715 2521 761 ut
2556 715 2819 777 quaestum
2849 725 3170 779 comparans
3215 708 3378 765 valeat
3412 711 3531 767 inve-

1990 792 2123 848 nire.
2149 792 2295 849 Talia
2325 795 2566 864 profecto
2588 811 2768 865 regem
2795 797 2952 853 decet
2975 805 3205 853 tractare
3228 801 3528 870 commercia,

1990 883 2151 938 talem
2175 886 2426 940 convenit
2455 887 2893 958 nundinationem
2923 903 3180 945 exercere
3205 889 3463 960 pietatem;
3488 902 3534 945 nt

1992 981 2121 1028 tunc
2143 973 2319 1029 minus
2344 976 2650 1044 acquiescat
2673 978 2943 1048 accipere,
2972 978 3190 1048 quando
3222 988 3416 1050 emptor
3441 980 3536 1050 plu«

1991 1063 2127 1118 rima
2155 1066 2520 1136 praecipitatur
2546 1067 2765 1125 offerre.
2798 1068 2954 1126 Libet
2980 1062 3182 1127 referre
3209 1072 3370 1141 qualis
3392 1073 3437 1128 in
3455 1090 3540 1129 vo-

1993 1156 2076 1212 bis
2116 1157 2189 1211 sit
2231 1156 2557 1213 dominantis
2610 1159 2854 1228 affectus,
2900 1144 3033 1233 quia
3079 1170 3135 1218 et
3178 1163 3346 1233 primo
3379 1167 3537 1229 cessit,

1994 1255 2249 1317 quantum
2275 1247 2524 1306 sufficere
2562 1250 2811 1319 credidit,
2846 1259 2902 1307 et
2929 1267 3072 1307 nunc
3091 1253 3282 1308 iterum
3306 1254 3544 1324 postulata

1994 1340 2305 1409 geminavit.
2355 1340 2729 1397 Verecundum
2757 1343 2914 1400 vobis
2950 1354 3068 1400 erat
3112 1345 3311 1414 aliquid
3352 1362 3545 1418 sperare

1995 1440 2118 1502 post
2147 1433 2309 1501 dona,
2339 1448 2461 1488 cum
2489 1448 2550 1489 se
2577 1434 2752 1490 adhuc
2786 1434 2856 1489 ad
2900 1434 3158 1490 beneﬁcia
3192 1436 3435 1507 principis
3469 1444 3550 1494 re-

1998 1533 2241 1579 servaret
2286 1523 2594 1579 humanitas
2626 1541 2639 1577 :
2683 1540 2791 1580 non
2839 1525 3019 1581 audita
3057 1525 3322 1597 despexit,
3358 1525 3549 1597 quando

309 1620 552 1687 miretur,
578 1633 679 1689 ego
721 1626 903 1675 tamen
934 1618 1110 1675 dicam
1141 1618 1285 1689 quod
1314 1618 1509 1673 sentio.
1542 1616 1598 1671 In
1628 1630 1782 1671 usum
1811 1622 1897 1671 est
1999 1616 2115 1685 ipse
2142 1615 2256 1670 visa
2295 1623 2522 1672 testatus
2549 1625 2648 1672 est.
2673 1616 2820 1672 Felix
2849 1617 2938 1673 illa
2963 1617 3259 1685 calamitas,
3285 1632 3396 1688 qua:
3421 1618 3553 1689 prius

309 1708 437 1763 viris
457 1707 686 1764 fortibus
714 1707 943 1763 feliciter
968 1707 1141 1776 egisse
1161 1720 1386 1777 pugnas,
1410 1706 1503 1761 sed
1524 1720 1681 1774 supra
1704 1704 1893 1759 huma-
1925 1715 1967 1774 Β
1996 1692 2341 1762 miserantem
2370 1707 2571 1777 reperit
2596 1714 2822 1774 testem;
2866 1716 2924 1763 ut
2952 1716 3073 1777 post
3098 1707 3394 1764 districtum
3428 1706 3555 1778 judi-

308 1798 530 1853 nitatem
556 1797 809 1854 virtutem
836 1812 957 1853 esse
984 1806 1198 1853 constat
1235 1797 1427 1852 vicisse
1455 1795 1754 1867 penuriam.
1786 1793 1894 1851 Ve-

307 1906 429 1945 rum
458 1905 583 1946 cum
605 1890 690 1946 his
716 1891 883 1945 tantis
908 1905 975 1945 ac
1004 1889 1201 1945 talibus
1225 1890 1385 1945 bonis
1419 1889 1563 1944 nulla
1590 1890 1912 1958 potuissent.

305 1980 603 2051 supplicum
630 1987 757 2036 vota
780 1979 1047 2045 suﬂicere,
1076 1979 1252 2034 adhuc
1273 1987 1330 2035 et
1353 1979 1628 2035 dimidiam
1647 1978 1894 2034 relaxare

306 2073 527 2142 pertulit
546 2071 743 2129 ﬁscalis
762 2071 952 2128 calculi
974 2070 1326 2139 functioncm,
1352 2086 1420 2127 ne
1440 2070 1622 2126 tristes
1642 2070 1695 2126 in
1717 2070 1892 2141 aliqua

307 2171 462 2234 parte
489 2164 710 2228 faceret,
743 2160 938 2233 quibus
961 2167 1043 2217 tot
1080 2159 1258 2217 felicia
1298 2159 1652 2232 praestitisset.
1694 2158 1895 2231 Ioseph

307 2253 534 2322 legivnus
560 2258 750 2309 contra
781 2251 975 2307 famem
1002 2249 1272 2307 funestam
1301 2250 1514 2307 emendi
1543 2248 1760 2319 quidem
1800 2249 1895 2303 tri-

308 2344 404 2401 ﬁei
429 2343 643 2401 dedisse
687 2343 967 2412 latinam:
1011 2343 1108 2401 sed
1138 2342 1244 2399 tale
1270 2344 1517 2413 posuisse
1554 2341 1804 2412 pretium,
1838 2349 1898 2396 ut

310 2448 423 2490 sua:
449 2433 821 2490 subventionis
842 2434 1051 2501 avidus,
1074 2448 1134 2491 se
1158 2434 1342 2504 potius
1363 2432 1625 2489 venderet
1643 2433 1896 2488 alimonia

311 2536 669 2583 mercaturus.
698 2523 868 2590 Quale
909 2523 1028 2591 fuit,
1079 2536 1230 2591 rogo,
1262 2531 1390 2579 tunc
1435 2523 1644 2579 miseris
1692 2523 1893 2587 vivere,

311 2614 509 2684 quibus
535 2613 730 2670 acerba
757 2612 1040 2668 subventio
1071 2612 1379 2669 libertatem
1423 2627 1575 2669 suam
1615 2612 1899 2668 videbatur

313 2708 588 2763 adimere:
620 2707 709 2762 ubi
747 2721 856 2761 non
894 2707 1069 2761 minus
1092 2704 1372 2774 ingemuit
1412 2703 1689 2768 liberatus,
1736 2717 1897 2773 quam

313 2796 489 2867 potuit
512 2796 643 2854 nere
670 2794 952 2866 captivus!
985 2791 1163 2848 Credo
1192 2792 1367 2847 virum
1396 2799 1643 2847 sanctum
1671 2791 1774 2845 hac
1811 2805 1901 2847 ne-

314 2887 570 2944 cessitate
596 2885 1054 2950 wnstrietum,,ut
1088 2890 1143 2939 et
1171 2897 1333 2937 avaro
1354 2879 1580 2953 principi
1624 2879 1900 2937 satisface-

315 2986 419 3042 ret,
447 2984 505 3035 et
532 2975 857 3049 periclitanti
887 2974 1087 3045 populo
1114 2972 1445 3029 subveniret.
1473 2970 1613 3026 Pace
1643 2971 1777 3025 tanti
1799 2985 1898 3040 pa-

1993 1811 2111 1853 cem
2160 1812 2269 1852 non
2311 1795 2550 1852 haberet.
2594 1794 2781 1854 Gaude
2815 1798 2975 1869 igitur
3014 1809 3232 1855 assuete
3278 1796 3386 1867 jam
3425 1797 3553 1854 bono

1994 1885 2175 1956 Ligur,
2203 1887 2257 1943 in
2286 1903 2383 1943 usu
2414 1896 2505 1943 tuo
2527 1888 2761 1945 secunda
2792 1888 2912 1962 [ms.
2943 1900 2992 1944 et
3018 1888 3134 1956 Ac.,
3163 1886 3379 1961 saecula]
3406 1903 3553 1943 vene-

1995 1987 2154 2046 runt;
2185 1993 2307 2033 nam
2330 1978 2555 2035 collatos
2582 1979 2677 2034 tibi
2699 1977 2981 2052 Egyptios
3008 1993 3198 2048 magna
3220 1979 3556 2050 prosperitate

1994 2055 2169 2126 vicisti
2192 2088 2205 2124 :
2233 2070 2415 2126 evadis
2436 2078 2679 2141 tempora
2702 2072 3057 2140 necessitatis,
3081 2081 3137 2128 et
3156 2071 3418 2128 libertatis
3437 2086 3561 2142 pra:-

1997 2160 2104 2215 mia
2131 2175 2238 2215 non
2263 2160 2493 2227 amittis;
2524 2161 2686 2217 immo
2722 2152 2814 2217 illo
2858 2172 3101 2232 tempore
3145 2176 3368 2217 securus
3400 2175 3459 2218 es
3499 2160 3561 2214 ab

1996 2249 2153 2305 hoste
2180 2248 2439 2315 redditus,
2467 2251 2682 2320 quando
2719 2261 2774 2308 et
2796 2252 2865 2307 de
2903 2253 3058 2309 famis
3097 2253 3345 2324 periculo
3385 2268 3570 2323 cogno-

1996 2341 2164 2396 sceris
2228 2355 2349 2396 esse
2395 2341 2669 2396 liberatus.
2726 2340 2914 2398 Adhuc
2967 2352 3020 2399 te
3070 2343 3383 2413 przedietum
3427 2348 3572 2398 ornat

1997 2431 2322 2502 exemplum,
2354 2431 2529 2488 adhuc
2555 2442 2635 2487 est
2663 2433 2717 2488 in
2745 2450 2849 2504 qua
2879 2444 3032 2504 parte
3075 2442 3387 2505 superetur.
3423 2433 3574 2503 Legi-

1998 2534 2087 2580 tur
2114 2525 2256 2579 enim
2284 2524 2483 2595 Josepb
2512 2525 2765 2582 fratribus
2800 2530 2911 2584 suis
2936 2537 3144 2583 tantum
3171 2529 3351 2585 saccis
3379 2529 3583 2584 occulta"

1998 2616 2170 2685 pretia
2202 2615 2511 2677 reddidisse.
2555 2614 2692 2682 Quid
2734 2619 2947 2685 mirum,
2994 2621 3061 2684 si,
3108 2629 3308 2676 natura
3356 2620 3586 2691 compel-

2000 2705 2166 2771 lente,
2198 2707 2457 2776 proximis
2485 2708 2597 2763 suis
2639 2708 2923 2765 humanior
2954 2726 2988 2765 ν
3008 2726 3100 2765 sus
3145 2719 3234 2766 est
3281 2711 3588 2767 exstitisse?

2000 2796 2099 2852 llic
2119 2804 2299 2853 autem
2324 2799 2529 2854 cunctis
2552 2798 2699 2870 large
2716 2800 2974 2868 vendidit,
2999 2798 3340 2857 functionem
3364 2802 3594 2857 debitam

1995 2890 2246 2961 reliquit;
2278 2898 2334 2946 et
2375 2892 2495 2961 plus
2533 2892 2636 2947 iste
2675 2892 3000 2961 generaliter
3026 2894 3258 2948 contulit
3307 2893 3597 2949 tributariis

2001 2997 2162 3053 quam
2187 2981 2274 3037 ille
2300 2982 2430 3039 solis
2457 2982 2603 3039 visus
2624 2992 2707 3039 est
2734 2983 3045 3054 praestitisse
3071 2985 3376 3052 germanis.
3418 2984 3601 3040 Brevi-

317 3069 413 3123 tris
434 3068 682 3133 dixerim,
723 3073 926 3135 quanto
966 3062 1305 3134 prmstantius
1345 3068 1430 3116 est
1462 3060 1708 3115 libertate
1753 3060 1901 3114 salva

2005 3081 2089 3127 ter
2117 3072 2363 3127 dicantur
2391 3071 2587 3140 effusa;
2619 3074 2743 3131 hinc
2770 3076 2907 3130 bona
2928 3091 3025 3133 sua
3050 3076 3227 3133 discat
3251 3078 3603 3140 universitas,

315 3158 641 3217 frumentum
668 3157 924 3222 vendere,
962 3163 1019 3211 et
1044 3163 1269 3225 propter
1313 3152 1661 3222 indigentiam
1703 3152 1902 3208 tributa

2004 3164 2221 3234 quando
2248 3179 2355 3220 non
2386 3166 2600 3233 regibus
2628 3177 3009 3238 comparantur
3037 3177 3227 3224 nostra
3257 3169 3493 3237 smcula,
3512 3168 3610 3226 sed

317 3253 527 3309 laxare!
559 3250 739 3308 Gratis
766 3256 981 3306 constat
1008 3248 1110 3302 ista
1139 3245 1419 3311 venalitas,
1447 3244 1663 3315 quando
1682 3252 1738 3301 et
1759 3243 1903 3300 unde

315 3345 509 3402 ematis
533 3344 714 3410 cessit,
747 3351 804 3399 et
828 3340 1060 3413 pretium
1085 3337 1231 3409 quod
1252 3354 1349 3395 vos
1368 3337 1606 3395 oblectet
1631 3337 1902 3409 imposuit.

318 3433 512 3490 Vendit
537 3434 719 3505 itaque
737 3431 959 3502 largitas
982 3428 1196 3502 publica
1215 3428 1434 3487 vicenos
1448 3429 1646 3498 quinos
1672 3428 1903 3498 modios,

317 3528 445 3584 dum
472 3542 753 3599 possessor
780 3525 1022 3582 invenire
1048 3537 1157 3579 non
1190 3522 1381 3593 possit,
1430 3520 1498 3578 ad
1545 3520 1715 3579 denos
1757 3524 1904 3579 ordi-

2006 3257 2304 3327 prophetis.
2340 3257 2445 3312 Sed
2473 3273 2541 3313 ne
2568 3257 2771 3315 diutius
2799 3259 3185 3315 beneficiorum
3216 3260 3493 3329 regalium
3519 3275 3610 3315 cu-

2009 3345 2163 3416 pidos
2203 3361 2548 3417 occupemus,
2584 3356 2853 3418 pmcepta
2891 3356 3075 3403 nostra
3121 3348 3193 3411 ad
3238 3363 3345 3405 eos
3379 3362 3614 3421 quorum

2010 3434 2234 3490 interest
2258 3451 2511 3492 manasse
2549 3437 2881 3507 cognoscite,
2912 3444 2973 3492 ut
3008 3437 3323 3493 secundum
3374 3446 3617 3493 tenorem

2005 3525 2260 3596 jussionis
2301 3528 2369 3584 ad
2404 3544 2502 3585 vos
2540 3531 2820 3600 perveniat
2854 3530 3226 3587 muniﬁcentia
3277 3530 3619 3604 principalis.

341 3656 2387 3701 ———'—'——_—_"———"—"_——.—r——

831 3774 1028 3885 M.
1106 3773 1880 3889 sunt:an
1953 3686 3026 3892 cnesrononr

644 3952 1623 4104 HISTORIA

1717 3952 3303 4108 ECCLESIASTICA

1772 4175 2164 4270 vocata

1155 4378 2747 4591 TRIPARTITA,

414 4629 528 4692 nx
581 4628 2725 4719 rursusnchnﬁgisAperantians,spagnsngsocnnn
2781 4643 2882 4705 ET
2935 4642 3572 4719 THEODORETO,

771 4708 917 4769 PER
949 4708 2125 4801 nmmum.sperassemus
2158 4708 2925 4801 yssslstttExcemA.
2969 4724 3072 4784 ET
3118 4724 3212 4784 m

1357 4786 1879 4850 COMPENDIUM
1928 4795 1977 4851 A
2022 4792 2113 4852 SE
2158 4796 2555 4862 BEDACTA.

1830 4895 2109 4912 ﬁ

1680 4952 2278 5049 PR/EFATIO.
2362 5056 2365 5065 ι

1849 5091 2064 5107 ἡ

386 5146 550 5219 203
582 5142 793 5199 mima"
821 5144 978 5200 "imis
1014 5144 1067 5198 ίη
1096 5143 1274 5214 capue
1302 5142 1425 5200 libri
1468 5145 1714 5215 Ρτεεῖθῑίο
1740 5149 1898 5218 Poni“
1926 5158 1977 5218 D
2006 5157 2371 5225 Theodoreto,
2401 5157 2694 5213 venerabili
2737 5159 2993 5230 cpis;opo
3021 5167 3078 5214 et
3115 5160 3384 5218 duobus
3416 5148 3680 5217 disertis-

321 5250 427 5306 tur,
452 5238 543 5295 ubi
571 5237 734 5294 futuri
764 5238 947 5309 operis
990 5236 1223 5308 qualitas
1254 5236 1543 5293 indicatur.
1586 5238 1722 5305 Quid
1763 5242 1907 5298 enim

317 5332 656 5388 commodius
688 5346 850 5401 quam
878 5331 1027 5402 prius
1055 5346 1152 5401 per
1192 5346 1314 5386 eam
1360 5331 1559 5402 aliquid
1586 5332 1817 5402 discere,
1842 5346 1909 5388 ne

320 5424 488 5479 dictio
529 5424 701 5495 possit
724 5424 1000 5493 inopinata
1041 5424 1414 5481 confundere?
1457 5422 1585 5481 llaec
1621 5426 1781 5494 igitur
1811 5428 1907 5483 lli—

320 5515 490 5568 storia
518 5515 904 5583 ecclesiastica,
954 5530 1074 5585 qua:
1125 5516 1334 5571 cunctis
1382 5515 1704 5573 Christianis
1754 5520 1906 5576 valde

322 5606 625 5660 necessaria
655 5607 1055 5676 comprobatur,
1088 5624 1118 5662 a
1150 5609 1321 5663 tribus
1348 5608 1552 5664 Graecis
1595 5596 1908 5667 auctoribus

322 5694 641 5753 mirabiliter
688 5707 923 5754 constat.
956 5715 1075 5755 esse
1144 5700 1480 5769 conscripta;
1542 5718 1649 5756 uno
1704 5706 1907 5765 scilicet

2012 5250 2161 5305 simis
2192 5250 2339 5316 viris,
2371 5248 2678 5305 Sozomeno
2699 5258 2753 5331 et
2781 5249 3036 5318 Socrate;
3066 5266 3232 5321 quos
3264 5270 3390 5310 nos
3422 5271 3536 5330 per
3558 5252 3684 5325 Epi-

2012 5341 2268 5412 phanium
2311 5341 2707 5397 Scholasticum
2759 5341 2952 5397 Latino
3006 5343 3363 5402 condentes
3422 5346 3684 5416 eloquio,

2014 5430 2371 5487 necessarium
2398 5422 2648 5486 duximus
2676 5446 2863 5487 eorum
2893 5431 3036 5487 dicta
3065 5431 3391 5491 deflorata
3428 5438 3492 5492 in
3520 5435 3688 5492 unius

2014 5522 2138 5592 styli
2168 5530 2417 5587 tractum,
2449 5520 2678 5576 Domino
2702 5522 2943 5591 iuvante,
2976 5523 3351 5594 perducere,
3400 5539 3470 5585 et
3501 5531 3579 5584 de
3602 5530 3697 5583 tri-

2014 5611 2114 5666 bus
2162 5612 2469 5667 auctoribus
2515 5627 2675 5665 unam
2723 5613 2899 5668 facere
2943 5614 3301 5671 dictionem.
3368 5618 3695 5674 Sciendum

2015 5706 2173 5776 plane
2202 5706 2341 5777 quod
2374 5691 2627 5776 praedicti
2660 5706 2949 5776 scriptorcs
2996 5723 3025 5761 a
3080 5715 3500 5770 v‘mnoribus
3554 5712 3702 5767 diu:
