3990 6170
440 299 540 357 8η

1534 249 1853 353 lilSTORIA
1893 293 2332 350 TRlPARTlTA.
2379 297 2578 354 ΗΒΕιῖ
2615 301 2656 357 i.

3617 298 3729 357 882

438 415 715 469 memoria!
759 412 1016 485 principis
1068 411 1404 468 Constantini
1463 428 1632 483 usque
1679 411 1746 465 ad
1799 420 2036 480 augusta:
2068 419 2109 474 Λ
2143 411 2378 467 auctoris
2425 412 2506 466 sul
2551 413 2768 469 nomine
2821 415 2874 470 in
2929 416 3173 474 ordinem
3223 409 3513 476 collocare.
3562 417 3728 488 ιθειιι

443 507 838 562 recordationis
873 505 1160 561 Theodosii
1190 504 1444 570 iunioris,
1477 520 1594 574 qua:
1622 512 1746 558 sunt
1775 513 1923 572 gesti
1946 505 2030 558 di-

440 600 723 667 gesserint.
770 599 876 655 Nos
907 609 1086 656 autem
1140 614 1327 654 eorum
1376 597 1590 653 reiectis
1647 598 1921 667 operibus,
1977 605 2032 650 et

442 706 879 760 unumquemque
909 699 1064 746 canta
1092 700 1272 744 mente
1305 697 1617 753 tractantes,
1659 677 2027 754 cognovimus,

440 797 548 835 non
567 783 846 852 mqualiter
875 797 1064 836 omnes
1104 781 1173 836 de
1204 796 1521 850 unaquaque
1551 797 1607 834 re
1638 780 1936 833 luculenter
1965 794 2028 832 ac

437 874 707 928 subtiliter
733 873 1076 941 explanasse;
1099 872 1192 926 sed
1219 872 1378 925 modo
1403 872 1565 934 hunc,
1601 869 1760 924 modo
1800 870 2027 923 alterum

440 964 598 1016 aliam
624 974 829 1031 partem
860 965 1050 1017 melius
1079 963 1396 1032 expediisse.
1437 962 1504 1014 Et
1532 960 2031 1028 ideojudicavimus

439 1055 506 1108 tie
536 1054 762 1123 singulis
785 1054 1094 1108 doctoribus
1120 1052 1248 1127 [Με.
1281 1052 1402 1122 Lyr.
1435 1063 1486 1105 et
1508 1052 1822 1119 Sunt/team,
1855 1049 2029 1104 dicti»

441 1146 588 1199 ribus
617 1161 630 1210 ;
661 1145 770 1209 ed.,
817 1141 1194 1215 dictatoribus]
1235 1143 1496 1199 deilorata
1526 1143 1798 1211 colligere,
1830 1151 2030 1196 etcum

2136 519 2264 575 ergo
2297 506 2616 576 intrepidus,
2665 509 2757 578 qui
2809 509 2875 566 ad
2927 510 3043 568 haec
3083 515 3338 584 opuscula
3369 515 3600 572 Domino
3638 514 3734 572 do-

2137 609 2297 655 nante
2327 602 2660 671 pervenerit;
2695 603 2920 658 multum
2951 607 3196 662 utilitatis
3225 616 3387 677 atque
3411 607 3616 662 notitia:
3641 604 3726 658 lu.

2133 701 2396 756 craturus,
2431 692 2475 746 si
2503 708 2622 761 quze
2643 694 2818 764 posita
2844 705 2970 750 sunt
2995 713 3089 767 per
3106 697 3205 752 hos
3221 696 3506 753 duodecim
3535 697 3723 766 libros,

2136 782 2408 838 memorite
2438 799 2546 836 sure
2575 785 2801 838 sollicita
2837 795 3016 840 mente
3062 786 3384 842 condiderit.
3440 785 3724 853 Pneteraa,

2136 888 2204 925 ne
2229 873 2534 942 quempiam
2566 890 2650 930 res
2687 875 2996 930 indistincta
3051 879 3312 937 turbaret.
3362 892 3460 948 per
3509 878 3728 932 univer-

2137 978 2254 1016 sum
2298 969 2504 1017 textum
2553 964 2711 1033 hujus
2750 965 2930 1035 operis
2974 966 3161 1023 titulos
3188 973 3478 1036 cognoscat
3506 965 3726 1036 apposio

2138 1057 2224 1104 tos
2273 1059 2372 1114 ;ttt
2415 1052 2525 1108 suis
2552 1052 2686 1109 locis
2727 1056 2942 1123 exigere
2986 1057 3161 1126 possit
3201 1055 3348 1126 quod
3373 1056 3474 1114 sub
3503 1072 3728 1113 numam

2141 1143 2466 1211 competenti
2495 1141 2805 1213 prtedictum
2829 1163 2948 1203 esse
2974 1152 3275 1220 cognoscit.

2335 1281 3702 1299 ’ἡ-ῄο--υ--σ-...α--ι-Ψ-α*

1631 1394 1976 1478 LIBER
2049 1395 2528 1480 PRIMUS.

852 1648 1017 1721 20E.
1051 1647 1279 1705 CAPUT
1318 1649 1606 1705 PRIMUM.

2135 1648 2290 1702 ravit.
2320 1646 2494 1702 Creta:
2519 1645 2780 1716 siquidem
2805 1647 2948 1704 mille
2976 1649 3298 1706 numismata
3328 1651 3730 1722 carminioan-

438 1742 626 1796 Oratio
675 1741 1306 1817 alloctttor-ia_Sosomeiti
1345 1741 1491 1811 (pag.
1535 1740 1663 1817 595)
1692 1747 1760 1800 ad
1791 1743 2030 1800 Theodo~
2064 1720 2111 1779 Β
2139 1751 2426 1811 pensantes
2454 1737 2759 1804 llomerico,
2803 1747 2860 1794 et
2889 1749 3140 1810 tanquam
3184 1740 3254 1798 de
3281 1720 3733 1798 excellentisshna

971 1812 1104 1865 sium
1124 1813 1508 1880 imperatorem.

513 1926 676 1982 Aiunt
719 1926 955 1996 antiquis
1010 1925 1342 1996 principibus
1391 1924 1722 1994 diligentiam
1773 1926 2035 1982 studium-

437 2033 546 2090 que
593 2018 758 2072 fuisse
812 2025 871 2071 ut
911 2015 988 2072 eis
1036 2024 1307 2070 amatores
1369 2015 1585 2086 quidem
1626 2027 2032 2084 ornamentum,

439 2122 732 2178 purpuram
784 2113 948 2176 atque
993 2121 1272 2170 coronam,
1315 2115 1371 2160 et
1417 2107 1500 2160 his
1547 2107 1740 2161 similia
1774 2125 2035 2179 prtepara-

438 2209 596 2262 rent;
654 2197 912 2252 librorum
958 2211 1089 2251 vero
1148 2196 1410 2249 habentes
1460 2196 1833 2263 intentionem,
1892 2200 2034 2254 circa

437 2287 700 2357 quasdam
740 2285 945 2341 fabulas
985 2287 1258 2356 occupati,
1312 2287 1740 2355 conscriptiones
1790 2299 2030 2358 agerent,

436 2397 561 2451 qua:
601 2381 930 2439 audientium
960 2379 1127 2436 corda
1175 2380 1508 2433 mulcerent:
1566 2395 1730 2448 porro
1777 2381 1918 2436 bella
1947 2373 2035 2438 se-

435 2481 672 2536 ctantes,
715 2481 772 2528 ut
796 2473 1046 2544 sagittam
1089 2477 1394 2541 opportune
1444 2468 1754 2537 dirigerent,
1805 2470 2034 2530 bestiam

440 2573 890 2634 prosternerent,
960 2552 1202 2618 lahceam
1267 2563 1406 2616 bene
1471 2559 1838 2630 jacularentnr
1871 2607 1886 2632 ,
1942 2574 2036 2618 aut

436 2678 642 2732 equum
698 2660 956 2716 decenter
1003 2662 1377 2716 ascenderem.
1443 2661 1843 2734 Prtescnlnlmnt
1891 2658 2034 2713 enim

438 2752 639 2821 singuli
660 2751 929 2820 regalibus
973 2766 1182 2816 eorum,
1243 2750 1521 2806 studentes
1575 2753 1737 2806 rebus
1785 2751 1888 2806 illis
1917 2766 2036 2820 qua:

439 2843 622 2897 forent
673 2843 976 2910 gratissima
1021 2841 1339 2896 dominanti.
1399 2844 1548 2898 Alius
1600 2843 1780 2911 itaque
1835 2841 2038 2912 lapides

441 2934 714 3004 pretiosos
743 2931 961 2988 diﬂicile
1008 2943 1317 3001 compertos
1345 2934 1634 2998 oll‘erebat;
1676 2933 1814 2987 alter
1839 2932 2036 2987 tinctu-

439 3042 557 3080 ram
588 3039 942 3097 purpuream;
971 3023 1198 3078 clariora
1228 3024 1439 3093 plurimi
1469 3032 1716 3094 poemata
1744 3032 1836 3076 aut
1863 3023 2040 3077 diver-

2137 1835 2384 1902 largitate
2407 1834 2721 1912 gloriantes,
2768 1834 2820 1888 in
2867 1833 3083 1903 publica
3129 1842 3307 1890 statua
3351 1848 3576 1891 munera
3604 1850 3736 1892 oon-

2136 1926 2485 1994 scripserunt.
2519 1925 2770 1981 Alcvadte
2801 1933 3004 1993 autem,
3044 1935 3102 1980 et
3149 1925 3452 1997 Dionysius,
3505 1936 3562 1983 et
3606 1925 3734 1981 Phi,

2137 2018 2314 2087 lippus
2342 2030 2680 2084 nequaquam
2699 2015 2878 2069 animo
2901 2015 3174 2085 parciores
3203 2017 3353 2072 fuere
3365 2015 3732 2080 Cretensibus,

2136 2109 2203 2165 de
2229 2107 2459 2177 superba
2483 2122 2542 2162 se
2582 2105 2859 2175 republica
2899 2105 3350 2177 philosophiaque
3366 2109 3732 2178 iactantibus;

2136 2199 2228 2267 qtti
2260 2197 2517 2252 velociter
2545 2197 2757 2252 illorum
2794 2204 3029 2252 statuam
3060 2197 3257 2252 imitari
3287 2206 3597 2267 potuerant,
3630 2199 3755 2252 nisi.

2137 2305 2303 2362 opere
2330 2289 2555 2349 fuissent
2612 2290 2848 2346 minores
2871 2291 2924 2344 in
2971 2305 3213 2345 munere.
3259 2289 3507 2346 Severus
3550 2300 3734 2345 autem

2136 2397 2236 2451 pro
2265 2380 2491 2434 metrico
2517 2389 2766 2448 poemate
2791 2395 2888 2450 per
2933 2395 3150 2435 versum
3179 2397 3290 2436 uno
3331 2397 3497 2437 aureo
3524 2383 3733 2444 donans

2135 2472 2458 2543 Oppianum,
2491 2481 2696 2526 tantum
2729 2473 2954 2542 praebuit
2982 2472 3049 2528 de
3093 2473 3341 2543 largitate
3388 2475 3729 2539 miraculum,

2137 2574 2197 2619 ut
2241 2579 2406 2618 aurea
2453 2565 2692 2619 carmina
2737 2562 2962 2634 Oppiani
3006 2565 3266 2620 hactenus
3302 2567 3443 2637 apud
3475 2567 3734 2636 plurimos

2136 2658 2501 2713 nominentur.
2533 2656 2660 2712 lizcc
2679 2657 2822 2712 dona
2853 2657 3070 2711 fuerunt
3090 2657 3220 2713 olim
3264 2659 3562 2714 amantium
3590 2659 3734 2714 litte-

2137 2766 2226 2805 ras
2247 2759 2304 2805 et
2327 2750 2648 2806 doctrinam.
2699 2747 2780 2802 Tu
2821 2763 2970 2813 vero,
3004 2749 3378 2818 potentissime
3405 2749 3727 2819 principum,

2139 2841 2286 2897 nullo
2317 2842 2555 2912 priorum
2595 2841 2914 2895 excellentia
2944 2840 3120 2894 minor
3160 2839 3437 2909 inveniris,
3465 2839 3731 2909 largitati—

2139 2934 2242 2990 bus
2272 2935 2376 2988 tuis
2407 2934 2548 2988 circa
2581 2933 2846 2988 dictiones
2873 2932 3147 2988 exhibitis.
3197 2934 3303 2989 Sed
3354 2934 3484 2989 mihi
3535 2935 3733 2992 videris

2140 3038 2251 3079 non
2281 3023 2576 3091 incongrue
2623 3022 2745 3076 talia
2794 3022 2990 3078 facere.
3031 3021 3165 3076 Nam
3197 3039 3319 3078 cum
3347 3038 3538 3080 omnes
3564 3024 3732 3080 virtu-

432 3133 530 3172 sas
573 3094 1000 3186 conscriptiones
1047 3116 1414 3183 insinuabant;
1447 3117 1582 3170 alius
1612 3118 1752 3172 bona
1795 3115 2032 3186 cingula,
2065 3084 2110 3146 ο
2142 3113 2284 3168 tibus
2316 3113 2472 3183 205
2506 3112 2753 3178 eviceris,
2784 3113 3026 3168 studiose
3055 3114 3120 3168 ad
3148 3122 3481 3170 crementum
3516 3129 3712 3187 sempe

437 3214 536 3260 aut
592 3206 854 3275 Optimum
904 3222 1176 3260 armorum
1230 3206 1498 3276 pendebat
1548 3206 1678 3279 [θείη
1727 3204 2032 3277 pandebat]

439 3311 617 3349 usum.
649 3296 879 3371 Maxima
910 3308 1040 3352 vero
1069 3304 1123 3350 et
1152 3297 1748 3367 imperialispntabatur
1767 3297 2037 3369 bujuspo-

438 3385 643 3456 pularis
673 3386 884 3440 virtutis
911 3401 1036 3456 pars
1063 3387 1152 3441 illa
1180 3387 1246 3441 ad
1273 3403 1432 3456 quam
1465 3397 1590 3442 tunc
1609 3388 1838 3443 amantis
1861 3388 2035 3442 inten-

438 3478 520 3532 tio
549 3477 867 3533 declinabat.
899 3479 979 3534 De
1022 3479 1218 3548 pietate
1244 3488 1446 3547 autem,
1474 3493 1593 3548 qua:
1621 3487 1704 3533 εει
1736 3494 1896 3533 verus
1933 3478 2035 3532 im-

439 3570 579 3640 perii
602 3555 843 3635 ornatus,
865 3571 992 3624 nulli
1020 3571 1259 3626 studiose
1285 3569 1681 3639 quodammodo
1706 3584 1885 3624 sermo
1911 3567 2030 3623 fuit.

437 3663 552 3718 Sed
585 3673 662 3728 tu,
693 3679 726 3717 0
753 3664 1121 3733 potentissime
1154 3663 1441 3730 Theodosi,
1483 3672 1541 3717 ut
1577 3663 1912 3728 complexive
1950 3663 2034 3716 di-

439 3771 583 3819 cam,
617 3766 865 3810 cunctam
887 3756 1172 3824 superasti,
1202 3755 1312 3810 Deo
1329 3753 1571 3824 juvante,
1601 3757 1871 3808 vlrtutem.
1905 3751 2036 3806 Pur-

441 3861 578 3916 pura
603 3845 866 3914 siquidem
915 3854 974 3900 et
1016 3860 1219 3900 corona
1262 3862 1366 3916 qua
1395 3845 1594 3899 videris
1619 3853 1839 3914 propter
1867 3845 2034 3912 inspi-

439 3938 651 3992 cientes
680 3935 828 4006 (quia
856 3946 938 3991 est
960 3936 1256 4006 majestatis
1283 3937 1516 4005 signum)
1539 3933 1877 4000 circumdari,
1920 3937 2036 4003 pie-

440 4039 612 4084 tatem
646 4029 739 4084 tibi
753 4037 808 4084 et
821 4028 1161 4085 clementiam
1176 4025 1497 4082 intrinsecus
1514 4041 1728 4095 semper
1741 4027 1912 4081 enntri
1921 4035 2033 4080 unt.

447 4120 602 4178 Unde
629 4122 1047 4192 conscriptores,
1087 4129 1141 4175 et
1170 4119 1423 4188 prazl'rcti,
1455 4134 1519 4172 ac
1548 4117 1738 4188 reliqui
1766 4115 2037 4185 subjecto-

440 4215 721 4270 rumcirca
737 4222 789 4268 te
799 4221 1025 4280 tuosque
1041 4213 1284 4267 laborant
1307 4219 1473 4264 actus.
1494 4209 1738 4279 Discepta
1748 4217 1832 4263 tor
1855 4217 2036 4263 autem

441 4309 652 4377 positus
678 4306 946 4377 judexque
1001 4306 1279 4368 librorum,
1335 4320 1440 4358 non
1493 4311 1770 4358 camerato
1820 4302 2038 4370 eloquio

439 4399 676 4468 caperis,
719 4405 811 4452 aut
833 4396 1074 4467 qualibet
1118 4394 1283 4464 lignra
1312 4393 1507 4448 furtum
1539 4395 1736 4464 pateris
1759 4395 2034 4460 veritatis;

441 4491 543 4547 sed
573 4490 811 4560 perfecte
852 4489 1058 4544 metiris
1087 4501 1390 4556 utrumque,
1425 4502 1727 4541 sermonem
1760 4485 2036 4556 proprium

441 4591 642 4651 aptans
679 4595 891 4636 causa:
937 4578 1157 4647 ﬁguram
1188 4590 1404 4648 quoque
1450 4575 1720 4638 dictionis,
1751 4585 1806 4630 et
1834 4585 2035 4646 partes,

442 4683 504 4730 et
532 4674 798 4738 ordinem,
827 4679 884 4727 et
908 4671 1336 4741 congruentiam,
1379 4677 1435 4725 et
1481 4668 1775 4737 eloquium,
1805 4677 1859 4722 et
1887 4682 2037 4722 com-

441 4767 795 4838 positionem,
825 4772 882 4822 et
922 4763 1284 4824 collectiones,
1329 4771 1383 4816 et
1410 4776 1643 4825 sensum,
1671 4767 1727 4814 et
1756 4759 2033 4814 historiam

441 4856 711 4928 profunde
741 4856 1050 4912 discutiens.
1085 4854 1413 4923 Compensas
1460 4859 1639 4905 autem
1686 4850 2034 4904 recitantibus

440 4957 503 5002 ct
532 4958 626 5001 tuo
641 4946 864 5016 judicio,
889 4954 943 5000 et
967 4945 1234 4998 favoribus
1256 4941 1590 5012 opportunis,
1607 4955 1706 4994 nec
1730 4955 1835 4995 non
1858 4941 2036 4994 aureis

441 5037 792 5107 imaginibus,
824 5045 879 5092 ct
907 5035 1176 5106 positione
1215 5033 1644 5095 simulacrorum,
1692 5038 1747 5084 et
1773 5029 1952 5098 donis,
1983 5040 2039 5085 ct

441 5128 745 5184 honoribus
767 5127 1050 5182 universis.
1079 5125 1302 5192 Qualem
1330 5139 1460 5177 vero
1492 5131 1545 5176 te
1573 5121 1716 5176 circa
1750 5121 2040 5176 recitantes

441 5222 679 5293 praebes,
710 5221 844 5277 tales
871 5219 1070 5275 dudum
1120 5221 1334 5273 fuerunt
1367 5215 1577 5285 judices
1607 5214 1736 5287 [ed.,
1787 5211 1838 5266 Ν
1845 5215 1932 5278 iv.,
1955 5213 2042 5280 jn-

438 5314 596 5368 dices
619 5309 826 5381 Cretes]
868 5311 1009 5366 circa
1049 5309 1409 5376 dulciloquum
1441 5304 1757 5359 llomerum:
1792 5314 1883 5359 aut
1913 5303 2038 5358 Ale-

442 5405 599 5459 vada:
627 5404 763 5477 lolii,
794 5400 1008 5473 Alevas]
1039 5403 1178 5458 circa
1209 5399 1570 5463 Simonidem;
1621 5405 1713 5451 aut
1753 5396 2034 5466 Dionysius

442 5495 644 5548 Siciliae
695 5502 950 5563 tyrannus
1000 5492 1142 5546 circa
1198 5491 1474 5544 Platonem
1524 5487 1762 5541 Socratis
1812 5485 2038 5553 discipu-

445 5587 593 5648 lam;
622 5593 712 5637 aut
736 5583 1009 5654 Philippus
1030 5581 1249 5637 Macedo
1275 5581 1416 5636 circa
1429 5579 1838 5648 Theopompum
1863 5577 2034 5631 histo-

445 5677 828 5746 riographum;
859 5687 951 5732 aut
977 5678 1208 5732 Severus
1237 5676 1411 5732 Cmsar
1435 5676 1575 5732 circa
1605 5674 1926 5745 Oppianum,
1945 5675 2036 5737 qui

438 5770 639 5823 metris
659 5784 852 5836 genera
884 5768 1105 5839 piscium
1129 5778 1182 5824 et
1209 5780 1443 5835 naturas,
1478 5769 1891 5838 captionemquc
1915 5781 2039 5820 nar-

2137 3218 2254 3273 qute
2285 3212 2371 3256 tua
2402 3212 2524 3257 sunt
2557 3203 2740 3259 evehis
2763 3244 2778 3269 ,
2810 3204 3066 3274 quoniam
3094 3220 3274 3260 rerum
3302 3205 3427 3259 olim
3457 3215 3730 3274 gestarent

2137 3295 2278 3365 apud
2321 3295 2592 3349 Romanos
2618 3301 2673 3348 et
2708 3293 2924 3352 Gnaeos
2957 3297 3235 3352 veritatem
3268 3297 3613 3365 integerrime
3637 3314 3730 3352 co-

2136 3388 2388 3458 gnovisti.
2434 3387 2599 3440 Aiunt
2625 3388 2823 3442 etenim
2854 3395 2907 3442 te
2937 3402 3033 3456 per
3078 3389 3218 3442 diem
3249 3389 3464 3457 quidem
3489 3389 3734 3444 exerceri

2139 3478 2303 3533 armis
2324 3486 2378 3534 et
2398 3493 2648 3548 corpore,
2675 3479 3146 3546 subjectormnque
3168 3479 3381 3548 negotia
3405 3479 3731 3549 disceptare,

2133 3571 2379 3642 judicare
2407 3570 2566 3625 simul
2591 3579 2647 3624 et
2672 3585 2855 3640 agere,
2903 3571 3063 3625 modo
3111 3585 3374 3638 seorsum,
3401 3572 3564 3627 modo
3593 3587 3733 3627 cont-

2139 3666 2392 3731 muniter,
2421 3681 2541 3734 quae
2570 3673 2694 3719 sunt
2723 3664 2927 3735 agenda
2970 3665 3348 3731 considerare;
3379 3665 3625 3719 noctibus
3655 3665 3733 3718 di-

2139 3756 2278 3812 vinis
2307 3755 2455 3810 libris
2495 3755 2824 3809 incumbere.
2858 3753 3049 3808 Fertur
3089 3764 3268 3808 autem
3303 3754 3395 3809 tibi
3435 3755 3503 3808 ad
3544 3769 3732 3809 eorum

2139 3848 2420 3905 scientiam
2470 3847 2774 3902 ministrare
2819 3837 3203 3902 candelabrum
3255 3856 3373 3902 arte
3419 3847 3732 3902 mechanica

2141 3939 2362 4004 factum,
2396 3947 2452 3994 et
2479 3946 2672 4008 sponte
2719 3937 2946 3992 fundens
2975 3937 3154 3992 oleum
3201 3937 3253 3992 in
3309 3938 3582 3993 lucernam
3607 3979 3623 4004 ,
3673 3945 3736 3991 ut

2141 4033 2319 4086 nullus
2345 4030 2488 4086 circa
2516 4029 2716 4098 regalia
2746 4028 3069 4085 constitutus
3111 4029 3165 4084 in
3209 4029 3486 4086 laboribus
3515 4031 3622 4085 tuis
3651 4047 3736 4085 co-

2141 4132 2296 4192 gatur
2325 4121 2508 4192 afﬂigi,
2541 4129 2596 4177 et
2623 4130 2830 4176 natura:
2859 4123 2968 4177 vim
2998 4124 3159 4177 iaciat
3186 4137 3377 4179 samno
3408 4136 3732 4192 repugnans.

2141 4213 2232 4269 Sic
2256 4213 2504 4282 equidem
2535 4213 2773 4268 clemens
2816 4220 2871 4266 et
2910 4220 3219 4266 mansuetus
3243 4214 3383 4267 circa
3439 4214 3734 4282 proximos,

2140 4315 2196 4360 et
2225 4306 2457 4360 maxime
2509 4305 2650 4360 circa
2687 4319 2878 4357 omnes
2933 4304 3143 4370 existis,
3201 4305 3477 4359 cmlestem
3531 4305 3734 4374 Ηρειιιιι

2142 4403 2290 4449 tuum
2326 4393 2584 4449 imitando
2612 4402 2920 4464 patronum,
2952 4394 3036 4447 cui
3086 4401 3296 4460 gratum
3325 4403 3410 4447 est
3453 4410 3608 4463 super
3647 4397 3737 4464 jn-

2069 4468 2118 4527 θ
2143 4495 2248 4539 stos
2289 4492 2338 4538 et
2367 4485 2587 4554 injustas
2621 4485 2818 4554 pluere,
2860 4491 2910 4536 et
2945 4482 3105 4536 solam
3153 4484 3326 4553 facere
3355 4485 3483 4538 oriri
3514 4483 3729 4550 (ΜιιιιΙι.

2144 4591 2194 4639 v,
2225 4571 2350 4644 45);
2381 4582 2438 4628 et
2460 4572 2564 4627 alia
2593 4571 2750 4627 simul
2795 4571 2992 4628 invidia
3042 4573 3331 4630 recedente
3378 4574 3577 4644 largiri.
3634 4574 3736 4628 l’cr

2141 4667 2366 4722 multam
2412 4681 2541 4721 vero
2597 4664 2900 4720 doctrinam
2955 4665 3116 4722 audio
3145 4675 3232 4722 ite
3275 4667 3440 4724 etiam
3496 4666 3732 4736 lapidum

2141 4762 2280 4815 scire
2337 4768 2557 4813 naturas
2610 4767 3018 4828 potestatesque
3072 4759 3349 4822 radicum,
3402 4757 3734 4828 affectusque

2140 4868 2389 4908 curarum
2423 4867 2527 4905 non
2559 4851 2736 4906 minus
2762 4851 3050 4906 Salomone
3080 4851 3246 4906 David
3277 4850 3384 4905 lilio
3409 4867 3423 4916 ;
3452 4851 3621 4919 magis
3644 4866 3736 4903 an-

2141 4956 2249 4999 tem
2277 4945 2452 5014 potior
2473 4957 2530 4996 es
2558 4942 2861 4998 virtutibus.
2896 4941 2989 4996 ille
3013 4941 3273 5010 siquidem
3303 4943 3476 5000 factus
3499 4941 3735 4996 libidinis

2140 5051 2350 5099 servus,
2387 5035 2643 5104 pietatem
2675 5050 2781 5088 non
2810 5033 3094 5088 cuswdivit
3126 5031 3193 5085 ad
3239 5032 3552 5098 terminum,
3612 5049 3734 5102 qua:

2145 5128 2217 5181 illi
2250 5142 2407 5182 causa
2448 5126 2631 5181 fuerat
2657 5125 2923 5179 bonorum
2954 5131 3008 5178 et
3055 5123 3350 5192 sapientiae.
3384 5123 3465 5178 Tu
3495 5138 3644 5190 vero,
3701 5140 3736 5177 ο

2144 5215 2535 5284 potentissime,
2564 5214 2899 5283 negligentiae
2927 5213 3188 5283 objiciens
3215 5215 3501 5280 rationem,
3535 5214 3734 5270 videris

2141 5323 2246 5361 non
2290 5307 2464 5362 solum
2511 5306 2816 5361 hominibus
2840 5305 3004 5374 juste,
3061 5306 3158 5361 sed
3205 5309 3366 5362 etiam
3399 5310 3656 5378 corporis
3682 5320 3740 5364 et

2143 5413 2334 5451 ammte
2361 5398 2692 5466 passwntbus
2719 5397 3002 5466 imperare.
3029 5396 3086 5452 Si
3115 5405 3294 5452 autem
3317 5405 3534 5466 oportet
3552 5407 3607 5452 et
3632 5399 3738 5454 hoc

2144 5487 2266 5554 dici,
2297 5486 2456 5541 audio
2487 5495 2539 5540 te
2569 5488 2731 5542 etiam
2763 5487 2925 5542 totius
2962 5487 3066 5543 cibi
3115 5487 3197 5543 vel
3245 5489 3425 5559 poculi
3471 5487 3741 5542 desideria

2143 5593 2432 5648 superare;
2463 5592 2518 5632 et
2546 5592 2720 5646 neque
2751 5592 2908 5647 poma
2955 5579 3152 5647 dulcia,
3186 5593 3360 5649 neque
3404 5577 3547 5633 aliud
3586 5580 3745 5646 quid-

2144 5687 2304 5741 quam
2332 5672 2632 5741 speciosum
2661 5680 2936 5740 appetere,
2970 5672 3071 5726 nisi
3113 5680 3373 5742 quantum
3423 5670 3490 5724 ad
3539 5676 3743 5721 tactum

2147 5762 2417 5829 convenit,
2448 5770 2504 5816 et
2549 5761 2887 5818 solummodo
2935 5762 3114 5832 sapori
3165 5762 3513 5830 congruerit;
3568 5759 3750 5830 primo
