3998 6166
392 363 499 419 885

1635 367 1708 426 Μ.
1750 370 2026 428 AURELH
2066 347 2462 433 c’assrooont
3530 388 3611 442 seu

392 490 569 533 tamen
617 477 937 534 benedicere
983 478 1220 535 omnium
1267 479 1598 537 Creatorem.
1653 482 1807 539 Sitim
1836 500 1983 551 vero,
2021 495 2061 547 Α
2093 487 2305 547 Tertius
2333 499 2511 546 autem
2534 498 2589 547 et
2616 498 2836 562 quartus
2863 506 2981 562 quae
3013 491 3111 548 sub
3130 491 3243 562 eius
3270 493 3396 548 ﬁliis.
3423 494 3615 560 Quintus

387 580 575 626 aestum
607 564 663 627 ἐι
692 570 853 638 frigus
899 570 1041 624 ferre
1087 580 1397 640 consuetus,
1422 573 1746 643 quotidianis
1776 578 1986 634 exerci-

388 662 679 716 tationibus
700 660 810 729 jam
840 661 1008 730 ipsam
1036 662 1380 716 continenti-.9.
1411 664 1618 732 putaris
1655 664 1853 720 habere
1883 682 1981 721 na-

387 761 582 807 turam.
607 749 815 804 Dudum
838 750 1101 819 siquidem
1114 752 1165 806 in
1183 751 1357 807 Ponto
1374 754 1644 809 civitatem
1661 752 1980 812 Heracleam

385 844 452 921 ab
479 838 707 899 Hercule
737 842 1066 896 nominatam
1088 843 1275 898 videre
1317 842 1592 912 festinans,
1636 854 1692 900 et
1733 847 1981 903 laboran-

384 948 490 993 tem
523 940 682 1005 longo
732 944 976 1011 tempore
1016 939 1299 994 sublevare
1342 940 1469 1014 [Μδ.
1503 940 1654 1013 Lyr.,
1685 945 1980 999 exercitum

382 1028 708 1101 sublevare],
742 1030 795 1084 in
824 1030 1024 1085 mstatis
1052 1031 1244 1087 ardore
1287 1048 1383 1102 per
1415 1032 1716 1105 Bithyniam
1746 1034 1980 1091 faciebas

383 1122 501 1175 iter.
575 1120 703 1175 Sole
750 1137 883 1176 vero
939 1122 1082 1177 circa
1140 1122 1284 1176 diem
1350 1124 1581 1178 medium
1632 1126 1982 1183 vehementer

384 1218 597 1277 urente,
629 1211 815 1267 videns
844 1219 897 1266 te
926 1212 1142 1281 quidam
1173 1213 1276 1268 iter
1303 1217 1574 1282 agentium
1595 1216 1790 1271 sudore
1810 1219 1978 1273 multo

381 1304 538 1359 simul
568 1313 623 1359 et
662 1304 883 1374 pulvere
912 1305 1271 1373 squalentem,
1308 1308 1464 1376 quasi
1507 1317 1858 1377 prmstaturus
1894 1326 1980 1366 oc-

380 1413 623 1463 currens,
671 1397 867 1452 ohtulit
916 1398 1008 1453 tibi
1040 1399 1291 1467 poculum
1318 1399 1474 1454 valde
1517 1402 1882 1472 perspicuum,
1924 1412 1980 1459 et

381 1488 530 1542 velut
576 1488 739 1543 radiis
784 1489 1126 1554 emicantem,
1176 1489 1549 1545 suavissimum
1594 1492 1878 1560 quemdam
1922 1495 1978 1549 in

380 1594 503 1633 eum
531 1587 716 1649 potum
757 1579 992 1646 mittens,
1020 1588 1073 1634 et
1101 1595 1239 1649 aqua
1268 1580 1594 1649 perfundens
1635 1581 1849 1651 frigida.
1898 1584 1979 1639 Tu

379 1685 533 1735 vero,
561 1686 595 1725 o
622 1670 1015 1740 potentissime,
1047 1685 1285 1735 sumens,
1337 1670 1566 1727 laudasti
1611 1673 1827 1741 quidem
1876 1689 1977 1744 pro

376 1777 478 1818 sua
506 1761 943 1829 magnanimitate
965 1763 1154 1828 virum,
1187 1771 1241 1817 et
1270 1761 1517 1831 largitate
1541 1764 1823 1835 principali
1855 1774 1978 1836 post

2089 590 2145 635 et
2164 582 2345 636 sextus
2374 598 2495 653 quae
2520 584 2621 639 sub
2646 581 2859 639 Juliano
2904 584 3228 653 consobrino
3274 584 3483 643 ﬁliorum
3524 606 3616 645 ma.

2087 671 2216 727 ximi
2260 671 2618 743 Constantini,
2670 684 2728 731 et
2773 673 3078 739 Joviniano,
3126 652 3232 731 ‘nec
3273 693 3372 731 non
3417 679 3617 734 Valenti-

2087 763 2248 819 niano
2293 773 2349 820 et
2369 765 2594 823 Valente
2616 774 2762 836 gesta
2792 776 3109 823 noscuntur.
3143 751 3399 837 Septimus
3424 780 3473 823 et
3492 781 3614 827 oeta-

2084 872 2183 911 vus
2214 858 2369 913 nobis
2396 860 2602 929 aperiet
2631 868 2806 915 tomus
2831 874 2950 929 qua:
2975 859 3075 913 sub
3107 856 3353 915 Gratiano
3371 868 3422 914 et
3447 861 3614 917 Valen-

2084 950 2289 1005 tiniano
2317 949 2570 1006 fratribus
2597 960 2715 1007 acta
2749 960 2874 1006 sunt
2904 966 3073 1020 usque
3097 950 3163 1005 ad
3195 960 3416 1022 tempora
3441 954 3617 1023 imperii

2078 1042 2448 1111 iucundissimi
2478 1046 2582 1099 avi.
2609 1047 2685 1099 tui
2716 1045 3002 1101 Theodosii
3028 1062 3042 1097 :
3089 1044 3297 1113 quando
3337 1047 3519 1101 scilicet
3542 1064 3617 1101 ve-

2081 1143 2211 1199 ster,
2246 1135 2659 1191 clementissime
2698 1138 3017 1206 principum,
3070 1137 3449 1192 saeratissimus
3489 1147 3620 1207 pater

2082 1226 2339 1283 Arcadius
2367 1237 2593 1299 paterno
2633 1229 2927 1285 succedens
2958 1231 3205 1301 imperio,
3247 1247 3346 1285 una
3370 1247 3479 1286 cum
3505 1232 3617 1301 piis-

2080 1318 2216 1373 simo
2241 1328 2434 1388 patruo
2463 1327 2553 1375 tuo
2576 1319 2815 1375 Honorio
2838 1321 3138 1377 Romanum
3161 1323 3340 1377 orbem
3360 1322 3620 1390 gubernare
3696 1370 3704 1376 .

2080 1409 2300 1464 sortitus
2327 1418 2426 1464 est.
2459 1409 2668 1465 Nonum
2695 1422 2823 1466 vero
2854 1412 3046 1466 librum
3073 1412 3370 1467 Christiano
3402 1428 3459 1467 ac
3486 1428 3619 1466 vene-

2079 1499 2235 1553 rabili
2288 1507 2470 1554 vestro
2501 1500 2637 1570 apici
2666 1500 2927 1566 dedicavi,
2959 1517 3120 1571 quem
3163 1501 3300 1556 Deus
3326 1502 3617 1571 sempiterue

2080 1590 2347 1646 custodiat
2369 1592 2807 1663 magnanimitate
2833 1594 3227 1649 inconvertibili
3255 1595 3477 1650 hostibus
3500 1610 3618 1663 pne-

2080 1681 2364 1748 valentem,
2398 1690 2452 1737 et
2480 1683 2765 1738 habentem
2796 1684 2896 1739 sub
2931 1684 3157 1754 pedibus
3189 1686 3465 1751 universos,
3493 1694 3540 1740 et
3564 1684 3619 1738 ad

2079 1770 2309 1826 filiorum
2341 1772 2478 1828 filios
2523 1774 2669 1843 pium
2715 1775 2996 1845 imperium
3027 1775 3359 1844 dirigentem,
3389 1784 3622 1831 annuente

378 1855 654 1926 paululum
684 1854 1000 1919 cumulasti;
1032 1854 1123 1909 sed
1153 1855 1362 1909 cunctis
1410 1856 1669 1910 militibus
1718 1857 1786 1911 ad
1834 1846 1975 1913 illius
2012 1881 2050 1938 Β
2078 1862 2311 1926 Christo,
2345 1881 2464 1919 cum
2495 1880 2603 1934 quo
2642 1874 2696 1921 et
2726 1866 2837 1922 Deo
2877 1866 3025 1921 Patri
3054 1868 3224 1936 gloria
3248 1883 3350 1923 una
3377 1883 3489 1923 cum
3512 1881 3617 1923 san~

383 1947 561 2016 poculi
584 1946 884 2002 claritatem
917 1947 1074 2002 nimis
1099 1946 1444 2013 inhiantibus,
1472 1957 1525 2002 et
1552 1948 1978 2006 beatiticantibus

382 2040 472 2107 qui
504 2048 647 2094 esset
694 2040 957 2094 bibiturus
986 2055 1133 2108 eum,
1177 2056 1359 2095 rursus
1389 2041 1439 2095 ei
1468 2041 1718 2110 poculum
1745 2042 1979 2097 reddidi-

379 2132 473 2197 sti,
502 2130 821 2200 praecipiens
848 2138 908 2185 ut
931 2146 1039 2199 quo
1066 2130 1229 2186 vellet
1271 2138 1515 2186 uteretur
1543 2147 1630 2187 eo.
1664 2130 1817 2187 Unde
1844 2134 1976 2188 mihi

374 2220 522 2290 juste
539 2220 761 2276 videtur
783 2220 887 2276 tuis
906 2208 1194 2276 virtutibus
1214 2230 1525 2291 superatum
1554 2222 1719 2277 etiam
1739 2221 1975 2277 Alexan-

379 2310 559 2379 drum,
587 2311 656 2366 de
683 2324 793 2380 quo
823 2321 1075 2367 narratur
1095 2312 1163 2367 ab
1204 2312 1285 2368 eis
1323 2314 1415 2382 qui
1446 2329 1610 2383 opera
1643 2313 1783 2370 illius
1806 2314 1978 2369 admi-

381 2412 593 2468 rantur,
633 2402 758 2471 quia
785 2402 858 2469 ei,
902 2401 1031 2457 dum
1081 2417 1179 2472 per
1206 2403 1466 2473 inaquosa
1518 2404 1636 2459 loca
1661 2413 1980 2475 properaret

380 2508 503 2547 cum
535 2491 932 2558 Macedonibus,
977 2493 1202 2562 diligens
1230 2494 1448 2563 quidam
1494 2495 1649 2551 miles
1676 2511 1871 2566 aquam
1902 2497 1979 2551 in-

379 2585 624 2652 veniens,
652 2584 830 2639 hausit
865 2594 921 2639 et
954 2584 1147 2639 obtulit
1173 2585 1256 2650 ei;
1298 2585 1395 2642 ille
1415 2601 1543 2641 vero
1568 2602 1676 2641 non
1702 2586 1855 2653 bibit,
1880 2588 1976 2643 sed

379 2674 580 2744 corpus
625 2673 837 2728 infudit.
892 2672 960 2728 Ut
987 2688 1116 2742 ergo
1167 2674 1413 2730 absolute
1462 2674 1690 2739 dicatur,
1736 2677 1974 2731 omnium

383 2750 621 2835 priorum
668 2763 966 2833 principum
1016 2762 1424 2833 principiorem,
1455 2764 1502 2818 si
1539 2764 1643 2819 dici
1674 2763 1751 2819 fas
1779 2773 1883 2832 est,
1924 2773 1981 2821 te

339 2877 351 2917 ι
379 2870 582 2912 vocare
608 2854 867 2910 debemus
909 2853 1204 2910 secundum
1231 2852 1547 2909 Homerum.
1599 2852 1747 2912 Alios
1775 2855 1976 2911 etenim

384 2962 539 3018 reges
566 2948 696 3003 nihil
723 2948 940 3017 dignum
960 2947 1209 3017 habuisse
1224 2949 1615 3020 comperimus;
1640 2949 1774 3005 alios
1796 2958 1977 3006 autem

383 3054 607 3096 ortiassc
637 3055 740 3094 una
769 3049 863 3094 aut
884 3038 1092 3094 duabus
1121 3038 1281 3094 rebus
1328 3040 1630 3109 imperium.
1664 3038 1743 3095 Tu
1774 3049 1976 3106 autem,

384 3144 418 3183 ο
447 3128 810 3194 screnissime,
838 3142 1028 3183 eomes
1055 3127 1213 3182 simul
1236 3127 1463 3184 virtutes
1489 3127 1839 3198 amplectens,
1862 3129 1980 3184 uni-

2078 1966 2167 2013 cto
2194 1957 2396 2029 Spiritu
2421 1959 2473 2015 in
2495 1962 2694 2017 saecula
2721 1960 3059 2024 sreculorum,
3092 1961 3282 2016 Amen.

2694 2112 2925 2170 CAPUT
2965 2115 3027 2169 ll.

2077 2200 2181 2257 Cur
2207 2203 2421 2275 gentiles
2450 2205 2655 2275 {acilius
2683 2223 2837 2277 quam
2887 2206 3098 2261 Hebrwi
3126 2208 3283 2277 ﬁdem
3323 2206 3497 2261 Christi
3524 2223 3618 2259 sns-

2746 2278 2993 2347 ceperint.

2147 2382 2415 2451 Cogitatio
2467 2385 2624 2439 mihi.
2650 2385 2939 2455 aliquando
2986 2390 3254 2459 provenit,
3310 2404 3420 2456 cur,
3469 2397 3616 2459 putas,

2078 2476 2194 2530 aliis
2220 2476 2435 2546 quidem
2467 2478 2773 2533 hominibus
2820 2481 3064 2535 velocior
3113 2482 3215 2538 fuit
3266 2483 3403 2537 circa
3443 2481 3621 2536 Domini

2079 2567 2298 2621 verbum
2330 2567 2479 2633 tides,
2512 2567 2751 2624 Ilebrmis
2775 2578 2953 2625 autem
3001 2572 3329 2629 incredibilis
3372 2573 3467 2647 [ed.
3504 2570 3621 2625 Fre-

2078 2656 2216 2723 ben.,
2244 2655 2450 2713 Hebraei
2475 2660 2861 2734 incredibiles],
2884 2678 3007 2717 cum
3036 2664 3104 2717 ab
3134 2664 3287 2719 initio
3312 2664 3479 2718 divina
3492 2676 3623 2717 man-

2078 2748 2201 2802 data
2228 2751 2569 2820 perceperint
2598 2754 2761 2807 etiam
2790 2753 2857 2808 de
2881 2752 3079 2809 Christi
3109 2757 3408 2825 prtesentia,
3437 2762 3487 2810 et
3510 2770 3623 2824 quo-

2079 2840 2240 2894 modo
2281 2842 2396 2895 inec
2435 2841 2632 2908 forent,
2680 2851 2967 2915 antequam
3006 2846 3217 2912 tierent,
3261 2847 3525 2903 didicerint
3546 2859 3626 2915 per

2079 2931 2389 3000 prophetas.
2421 2933 2693 2991 Abraham
2720 2936 2919 2990 etenim
2955 2937 3207 3007 princeps
3235 2952 3418 2993 eorum
3442 2935 3624 3004 generis

2080 3032 2135 3077 et
2156 3024 2580 3081 circuincisionis
2608 3036 2866 3097 exustens,
2897 3027 3172 3097 inspector
3192 3035 3246 3083 et
3270 3026 3488 3083 conviva
3512 3024 3626 3091 ,Filii

2082 3112 2176 3168 Dei
2229 3129 2348 3170 esse
2400 3116 2698 3185 promeruit
2744 3116 2897 3189 (Gen.
2949 3116 3123 3189 XVIII).
3181 3118 3328 3173 Isaac
3364 3118 3473 3186 ejus
3511 3114 3628 3170 ﬁlius

383 3235 571 3276 versos
598 3219 928 3288 dignosceris
955 3219 1179 3275 cvicisse
1207 3219 1427 3289 pietate,
1462 3205 1773 3287 clementia,
1816 3221 1975 3276 forti-

2083 3206 2385 3264 imitatione
2413 3208 2662 3264 sacrificii
2693 3210 2990 3265 honoratus
3020 3219 3122 3278 est,
3156 3221 3283 3283 typo
3304 3211 3469 3266 crucis
3496 3224 3523 3263 a
3547 3222 3628 3278 pa-

2085 3308 2160 3321 ι..Δ
2189 3299 2397 3321 _-:_-a.--
2447 3307 2493 3321 ,ι
2530 3300 2730 3321 -l-l,_.---
2768 3302 2915 3321 -I.-_E
2953 3300 3043 3321 In,
3140 3320 3165 3321 η
3214 3303 3267 3321 ,A\
3324 3303 3461 3321 4-“.3
3488 3298 3604 3321 --μοι

385 3311 588 3381 tudine,
634 3309 900 3376 castitate,
927 3309 1156 3378 justitia,
1205 3309 1471 3379 largitate,
1505 3318 1668 3380 atque
1698 3312 1977 3380 magnani-

385 3402 572 3457 mitate
599 3400 843 3471 dignitati
866 3400 1128 3471 imperiali
1159 3402 1533 3457 conveniente.
1567 3401 1697 3458 Sine
1720 3405 1979 3473 sanguine

383 3501 565 3547 autent
594 3501 650 3547 et
687 3507 878 3562 purum
970 3491 1136 3557 caede,
1166 3505 1329 3562 super
1374 3493 1617 3569 omnium
1658 3495 1978 3562 priscorum,

385 3593 534 3637 tuum
562 3582 744 3638 cuncti
774 3582 1071 3651 gloriantur
1092 3582 1394 3653 imperium.
1423 3581 1530 3638 Res
1551 3584 1822 3639 stndiosas
1850 3601 1976 3640 cum

382 3673 745 3728 delectatione
773 3672 1048 3741 subjectos
1076 3672 1322 3743 principis
1350 3672 1597 3738 edoceri;
1629 3671 1979 3744 favoremque

381 3774 436 3819 (ἐξ
467 3764 820 3823 reverentiam
849 3765 995 3819 circa
1038 3773 1187 3819 ιιιυιιι
1237 3777 1481 3818 amorem
1530 3770 1586 3816 8‘
1637 3778 1978 3819 communem

383 3857 668 3911 utilitatem
694 3857 899 3912 cunctis
930 3858 1235 3913 ostendere.
1266 3855 1606 3926 Quapropter
1626 3856 1865 3909 omnium
1888 3855 1981 3911 ho-

384 3964 498 4000 nuni
528 3963 689 4002 causa
735 3948 1099 4003 necessarium
1130 3948 1342 4001 videtur
1377 3948 1505 4001 mihi
1553 3946 1977 4002 ecclesiasticam

383 4039 659 4094 historiam
682 4039 1065 4103 conscribenti,
1095 4046 1147 4093 te
1169 4039 1414 4108 primitus
1448 4038 1667 4108 alloqui.
1701 4038 1798 4093 Cui
1826 4055 1977 4095 nam-

381 4146 485 4197 que
515 4130 694 4200 potius
723 4132 829 4186 hoc
854 4130 1144 4197 ascribam,
1175 4131 1465 4185 multorum
1496 4146 1560 4186 ac
1590 4131 1977 4186 venerabilium

380 4224 605 4276 virtutes
632 4222 815 4291 utique
842 4229 1177 4289 narraturus,
1209 4232 1265 4276 et
1294 4237 1358 4278 ea
1399 4236 1517 4291 qua:
1564 4224 1708 4277 circa
1750 4223 1978 4278 catholi-

379 4329 497 4367 run
533 4314 834 4370 Ecclesium
882 4324 1268 4385 pmvenerunt,
1300 4317 1385 4371 vel
1434 4331 1530 4385 per
1576 4324 1809 4387 quantas
1862 4317 1973 4387 ipsa

380 4409 647 4464 transiens
677 4416 1042 4479 tempestates,
1073 4414 1140 4465 ad
1168 4419 1286 4466 tuos
1320 4419 1713 4481 parentumque
1758 4419 1974 4466 tuorum

379 4510 566 4568 portus
592 4503 916 4557 accesserit?
958 4492 1072 4571 A’ge
1114 4518 1256 4559 nunc
1277 4503 1457 4559 onmia
1500 4504 1696 4567 sciens,
1727 4518 1971 4559 omnem-

381 4605 487 4660 que
515 4590 765 4646 virtutem
810 4591 1037 4655 habens,
1085 4600 1139 4648 et
1169 4595 1438 4664 prmcipue
1486 4593 1763 4664 pietatem,
1813 4610 1972 4665 quam

380 4698 393 4747 ι
420 4680 684 4750 rin‘cipem
713 4695 833 4736 esse
879 4682 1156 4751 sapientia:
1184 4699 1363 4739 sermo
1406 4684 1617 4739 divinus
1643 4684 1819 4741 docet.
1851 4684 1976 4741 Sus-

373 4773 497 4841 cipe
542 4786 575 4826 a
613 4786 700 4826 me
741 4771 880 4827 hanc
908 4772 1251 4849 scripturam,
1302 4783 1358 4828 et
1405 4774 1637 4830 libenter
1689 4776 1970 4843 examina;

371 4874 597 4933 tuaeque
627 4861 951 4934 integritatis
988 4862 1320 4932 adjectiones
1346 4874 1402 4919 et
1428 4865 1791 4922 detractiones
1818 4867 1970 4922 adhi-

375 4953 532 5021 bens,
565 4955 671 5009 tuis
698 4953 974 5010 laboribus
1019 4970 1138 5010 eain
1186 4955 1788 5031 purganlndubitanter
1823 4958 1973 5014 enim

375 5043 735 5117 quodcunque
764 5045 858 5103 tibi
898 5047 1180 5117 placuerit,
1208 5034 1362 5103 'utile
1410 5048 1711 5116 legentibus
1736 5049 1970 5105 clarum-

370 5150 476 5204 quc
504 5135 804 5205 videbitur;
833 5155 934 5195 nec
954 5141 1180 5210 quilibet
1201 5140 1560 5211 reprehendet
1579 5141 1723 5211 quod
1747 5149 1803 5196 tu
1830 5156 1967 5211 quo-

371 5243 477 5297 que
523 5229 858 5300 probaveris.
910 5212 1163 5290 PiScedit
1206 5245 1389 5292 autem
1436 5250 1555 5290 mea
1582 5235 1908 5306 conscriptio
1934 5252 1965 5291 a

370 5320 531 5407 tertio
579 5322 863 5378 consulatu
890 5321 1067 5395 Crispi
1095 5324 1518 5381 et'Constantini
1562 5326 1835 5381 Caesarum
1876 5343 1985 5401 us-J

314 5434 319 5439 ε
370 5425 477 5478 que
498 5411 564 5467 ad
579 5414 864 5483 septimum
882 5414 1150 5472 decimum
1164 5430 1324 5493 tuum
1348 5429 1404 5485 ﬂ;
1429 5419 1715 5493 visumque
1730 5427 1812 5474 est
1835 5419 1965 5473 mihi

373 5499 510 5559 bene
538 5515 600 5557 se
626 5502 825 5559 habere
848 5505 900 5560 in
925 5508 1116 5562 uo‘vem
1142 5491 1446 5565 decisiones
1471 5525 1607 5580 opus
1636 5491 1796 5565 omne
1826 5509 1962 5565 divi-

369 5603 517 5644 sere.
549 5589 859 5649 Continebit
883 5604 1065 5652 autem
1091 5598 1295 5667 primus
1323 5608 1379 5653 et
1398 5599 1666 5656 secundus
1693 5610 1869 5656 tomus
1895 5616 1961 5657 ea

369 5693 490 5753 qua:
515 5681 616 5736 sub
643 5683 887 5756 principe
910 5684 1266 5745 Constantino
1295 5688 1550 5746 Ecclesia:
1572 5700 1961 5762 provenerunt.

442 5885 473 5929 φ
512 5877 569 5945 ιιι
592 5882 692 5944 est,
728 5877 796 5929 ab
821 5893 961 5935 anno
983 5880 1080 5936 Ch.
1115 5883 1220 5938 ’525
1250 5900 1416 5955 usque
1444 5885 1507 5941 ad
1532 5884 1657 5942 439.

2084 3308 2164 3353 tre
2189 3299 2401 3355 vinctus
2442 3307 2497 3354 et
2524 3300 2734 3355 oblatus
2764 3302 2918 3355 altari
2950 3300 3102 3371 (Cen.
3139 3303 3293 3373 χχιι),
3317 3303 3462 3357 sicuti
3482 3298 3625 3355 couti-

2078 3392 2152 3460 git
2168 3399 2223 3447 et
2240 3393 2292 3446 in
2319 3389 2515 3446 Christi
2544 3394 2793 3461 passione
2816 3393 2950 3459 fieri,
2983 3404 3040 3449 ut
3066 3394 3220 3449 aiunt
3246 3395 3336 3464 qui
3358 3392 3629 3461 Seripturas

2078 3497 2261 3538 sacras
2286 3483 2632 3551 integerrime
2676 3485 3028 3553 collegerunt.
3060 3484 3228 3541 Jacob
3257 3494 3429 3541 autem
3461 3496 3629 3551 exspe-

2079 3576 2371 3631 ctationem
2397 3578 2634 3644 gentium
2662 3578 2716 3631 in
2746 3592 2813 3632 eo
2860 3594 3004 3634 nunc
3044 3580 3383 3643 existentem,
3423 3591 3515 3631 nec
3540 3588 3629 3628 non

2079 3676 2133 3721 et
2178 3674 2390 3737 tempus
2416 3683 2525 3737 quo
2553 3669 2701 3723 venit
2744 3672 3123 3740 prmnuntiavit
3154 3670 3305 3741 (Cen.
3353 3686 3486 3732 χιιι,
3534 3666 3628 3732 10),

2081 3758 2167 3811 ubi
2198 3759 2273 3811 ait
2323 3767 2447 3813 tunc
2483 3758 2713 3814 deiicere
2764 3760 2930 3816 duces
2982 3760 3332 3816 Hebraeorum
3372 3776 3435 3815 ex
3460 3769 3630 3828 genere

2084 3847 2224 3904 ludar
2263 3850 2518 3921 principis
2556 3854 2671 3920 ejus
2719 3853 2906 3908 tribus.
2939 3853 3288 3922 Significabat
3310 3862 3481 3909 autem
3507 3850 3631 3921 prin-

2078 3942 2317 4012 cipatum
2346 3945 2507 4015 206
2536 3943 2785 4012 Herodis,
2808 3947 2899 4015 qui
2929 3962 3053 4002 cum
3095 3946 3357 4001 ldumieus
3394 3951 3526 4000 esset
3549 3956 3628 4011 ge-

2080 4052 2209 4092 nere
2238 4045 2483 4106 paterno,
2517 4036 2688 4093 Arabs
2710 4048 2889 4093 autem
2913 4055 2941 4093 a
2969 4049 3161 4106 matre,
3193 4041 3468 4096 commissa
3493 4043 3566 4092 est
3590 4033 3631 4088 ei

2078 4146 2209 4200 gens
2235 4130 2539 4187 Judaeorum
2572 4149 2601 4187 a
2623 4142 2815 4188 senatu
2864 4131 3110 4189 Romano
3139 4143 3197 4191 et
3242 4133 3446 4190 Ctesare
3495 4127 3628 4186 simul

2078 4224 2338 4294 Augusto.
2371 4221 2479 4279 Sed
2524 4225 2687 4279 etiam
2735 4224 2951 4294 quidam
2998 4224 3229 4281 aliorum
3277 4225 3627 4296 prophetarum

2077 4315 2221 4369 clare
2241 4313 2436 4369 Christi
2459 4317 2864 4383 generationem
2893 4318 3372 4387 prophetaverunt,
3412 4322 3466 4370 et
3504 4312 3628 4366 illum

2076 4423 2290 4462 sacrum
2334 4408 2766 4479 ineli‘abilemque
2811 4404 3246 4478 conceptum,‘et
3283 4416 3502 4462 matrem
3525 4410 3630 4474 post

2078 4508 2289 4567 partum
2333 4499 2596 4568 virginem
2643 4508 3069 4569 permanentem,
3125 4512 3183 4556 et
3231 4513 3416 4569 genus,
3461 4504 3511 4551 et
3548 4508 3631 4565 pa-

2081 4589 2264 4653 triam;
2315 4589 2405 4643 alii
2452 4604 2582 4644 vero
2635 4591 2976 4660 passionem,
3032 4600 3088 4647 et
3131 4591 3561 4647 resurrectionem
3599 4598 3624 4637 a

2079 4680 2326 4749 mortuis,
2371 4688 2427 4735 et
2455 4664 2833 4737 ascensionem
2873 4681 2926 4735 in
2966 4681 3154 4747 caelos,
3184 4690 3242 4737 et
3268 4687 3507 4737 eventum
3530 4675 3627 4729 sin-

2078 4771 2322 4841 gularum
2369 4775 2825 4869 pEesignaveruut
2876 4789 3078 4828 rerum.
3130 4772 3238 4829 Sed
3293 4773 3404 4828 base
3437 4767 3625 4841 quidem

2078 4879 2175 4919 eos
2217 4881 2324 4919 non
2372 4857 2645 4933 ig'norasse
2699 4865 2839 4920 scire
2877 4867 3077 4935 poterit
3116 4865 3207 4935 qui
3255 4864 3419 4919 sacris
3460 4857 3626 4916 litteris

2077 4955 2357 5010 incumbit.
2406 4955 2676 5026 Josephus
2721 4960 2903 5014 autem
2949 4956 3281 5011 Matthathiae
3332 4955 3463 5008 filius
3488 4960 3626 5020 atque

2073 5049 2345 5111 sacerdos,
2376 5048 2458 5103 vir
2486 5047 2626 5118 apud
2664 5046 2878 5119 .ludznos
2920 5048 3304 5114 nobilissimus,
3333 5060 3431 5101 nec
3456 5057 3553 5098 non
3579 5046 3626 5092 et

2069 5140 2212 5209 apud
2261 5138 2535 5195 Romanos
2571 5138 3089 5206 dignissinms,,erit
3133 5139 3284 5193 testis
3335 5137 3402 5191 de
3427 5134 3625 5188 veritate

2067 5228 2262 5285 Christi
2286 5229 2584 5301 (Josephus,
2613 5229 2789 5302 Antiq.
2839 5228 2930 5283 lib.
2968 5244 3124 5295 xvm,
3155 5245 3272 5299 cap.
3324 5227 3399 5297 6).
3446 5223 3621 5277 Vocare

2067 5338 2303 5394 namque
2347 5337 2470 5379 eum
2499 5323 2671 5376 virum
2702 5321 3037 5397 non'audet,
3078 5332 3343 5391 tanquam
3393 5317 3620 5373 factorem

2065 5408 2352 5484 insighium
2397 5431 2622 5486 operum
2663 5415 3090 5485 magistrumque
3136 5428 3441 5469 sermonum
3486 5401 3610 5462 veral

2067 5508 2242 5562 cium:
2267 5506 2536 5562 Christum
2562 5522 2690 5567 vero
2715 5514 2901 5576 aperte
2923 5506 3184 5569 nominat,
3216 5513 3272 5560 et
3293 5516 3455 5575 poena:
3467 5494 3617 5555 crucis

2037 5592 2449 5668 'adjudicatum,
2474 5607 2531 5654 et
2569 5599 2729 5653 tertia
2757 5598 2844 5653 die
2888 5599 3200 5668 apparuisse
3229 5596 3423 5656 vivum,
3454 5598 3503 5646 el
3527 5585 3614 5642 alia

2066 5691 2276 5747 inﬁnita
2300 5691 2556 5749 miracula
2583 5689 2653 5747 de
2676 5706 2744 5748 eo
2772 5705 2805 5745 a
2832 5690 3112 5763 prephetis
3138 5687 3338 5746 sanctis
3363 5699 3464 5741 non
3487 5680 3615 5752 igtmv
