3990 6170
341 358 443 412 88“ὶ

1434 349 1755 408 HISTORIA
1797 322 2235 404 Tntrsmtrs.
2282 347 2558 403 LIBERI.

3506 349 3611 403 Βθΰ

336 475 418 519 rat
446 478 568 518 esse
592 462 875 533 prmdieta;
924 461 1020 520 sed
1046 462 1208 518 etiam
1246 461 1445 517 multos
1474 470 1599 516 tunc
1627 458 1916 523 exstitisse,
1953 462 1995 515 Α
2023 456 2199 512 biliter
2228 457 2510 526 apparebit
2536 469 2643 509 non
2672 455 2825 525 inops
2857 455 2987 510 Deo.
3041 454 3196 513 Nisus
3251 472 3368 513 sum
3416 463 3613 515 etenim

333 572 468 627 quos
498 554 675 622 elegit,
711 552 927 608 Greecos
950 562 1110 625 atque
1137 552 1368 623 Judteos,
1399 561 1453 607 et
1481 555 1532 607 in
1562 553 1677 621 ejus
1706 567 1920 622 perma-

334 661 465 701 nere
492 645 801 706 dilectione,
832 654 993 713 atque
1020 652 1234 711 gentem
1264 644 1328 698 ab
1357 659 1423 698 eo
1452 642 1781 697 nominatam
1823 655 1919 693 ne-
1951 642 1973 689 ἰ

334 750 599 805 quaquam
621 733 880 788 defecisse
912 742 1157 788 testatur.
1189 732 1255 785 Et
1285 732 1415 786 mihi
1438 732 1646 785 videtur
1666 730 1921 799 quoniam

334 829 445 881 hmc
473 825 734 890 referens,
764 826 914 894 quasi
958 825 1191 880 clamare
1235 824 1447 878 videtur
1473 823 1729 892 operibus
1755 820 1924 875 Deum

331 934 449 971 esse
478 916 770 978 Christum,
819 930 998 969 rerum
1037 914 1309 977 miraculis
1336 913 1744 982 obstupescens.
1790 910 1926 965 Cum

332 1020 512 1062 autem
553 1008 662 1062 hoc
688 1006 931 1070 dixisset,
982 1005 1145 1061 etiam
1174 1003 1381 1059 medius
1412 1002 1526 1073 ipse
1559 1001 1878 1056 transcurrit
1906 1018 1918 1052 :

332 1101 382 1154 in
414 1099 562 1153 nullo
592 1106 768 1153 tamen
798 1097 1170 1153 contradicens
1193 1094 1536 1151 credentibus
1567 1095 1619 1148 in
1651 1108 1793 1153 eum,
1825 1107 1925 1162 po-

334 1195 546 1263 tiusque
583 1192 944 1274 consentiens.
978 1189 1103 1244 Ilaec
1130 1189 1291 1258 igitur
1319 1186 1575 1256 cogitanti
1612 1186 1741 1240 mihi
1770 1185 1929 1252 digne

332 1286 579 1340 mirabile
606 1286 775 1340 visum
798 1294 882 1341 est
909 1282 1164 1340 Hebrtcos
1192 1283 1355 1338 etiam
1384 1289 1509 1336 ante
1530 1281 1663 1336 alios
1683 1281 1930 1335 homines

303 1378 400 1457 ἐκ]
441 1378 899 1432 Christianitatem
929 1392 1035 1431 non
1066 1375 1309 1446 potuisse
1331 1373 1594 1429 converti.
1640 1371 1775 1426 Nam
1807 1371 1932 1426 licet

332 1468 537 1539 Sibylla
568 1476 624 1523 et
647 1468 751 1522 alia
779 1482 1037 1538 responsa
1058 1466 1198 1538 apud
1214 1465 1440 1534 gentiles
1469 1479 1532 1520 ea
1550 1477 1672 1534 quae
1700 1463 1752 1517 in
1775 1462 1931 1516 Chri-

332 1570 419 1614 sto
449 1567 607 1614 erant
634 1566 862 1613 ventura
916 1558 1295 1628 praedixerint,‘
1331 1573 1440 1612 non
1484 1564 1666 1611 tamen
1714 1554 1783 1610 ob
1829 1552 1934 1609 hoc

334 1665 526 1703 omnes
556 1648 729 1704 Graeci
759 1649 826 1704 de
874 1647 1251 1702 incredulitate
1282 1645 1532 1719 culpandi
1578 1654 1721 1701 sunt.
1770 1642 1932 1698 Pauci
1974 1698 1979 1707 ,

336 1751 591 1807 namque,
625 1738 716 1806 qui
744 1736 1060 1791 videbanmr
1083 1737 1418 1803 eruditiores,
1455 1736 1725 1806 praecipue
1748 1734 1933 1805 hujus-

2024 551 2197 620 primo
2220 550 2449 620 ‘quidem
2478 549 2582 605 hoc
2609 564 2741 619 opus
2788 549 2854 603 ab
2893 549 3100 617 origine
3152 551 3333 606 mundi
3387 553 3617 622 dirigere

2027 642 2156 715 ML,
2207 639 2471 713 digerere]
2506 659 2517 693 :
2551 641 2645 695 sed
2675 640 3022 696 considerans
3068 643 3320 712 quoniam
3348 653 3403 700 et
3426 647 3514 699 alii
3541 658 3618 701 ta-

2026 732 2094 786 lia
2126 731 2368 787 fecerunt
2397 747 2566 802 usque
2595 732 2663 785 ad
2694 742 2902 802 tempus
2949 748 3124 800 suum,
3158 733 3209 788 id
3235 743 3337 800 est,
3371 735 3619 794 Clemens

2025 833 2079 879 et
2101 823 2396 893 Egesippus
2425 823 2830 891 sapientissimi,
2878 826 3279 881 successionem
3328 837 3618 899 sequentes

2028 915 2417 985 apostolorum,
2452 912 2840 983 Africanusque
2870 915 3227 985 conscriptor,
3276 924 3332 971 et
3360 916 3622 975 Eusebius

2027 1005 2346 1074 cognomine
2374 1003 2653 1074 Pamphili,
2688 1005 2768 1058 vir
2790 1004 2842 1059 in
2863 1005 3054 1061 divinis
3080 1005 3374 1077 Scripturis
3398 1018 3451 1064 et
3474 1010 3622 1066 Gne—

2028 1113 2213 1153 corum
2242 1098 2415 1169 poetis
2454 1105 2618 1167 atque
2647 1097 2951 1153 rhetoribus
2982 1108 3346 1168 perscrutator
3381 1103 3624 1157 eruditis-

2029 1187 2194 1243 simus
2220 1206 2230 1239 :
2278 1196 2405 1241 tunc
2437 1200 2536 1254 ego
2558 1202 2888 1257 quaecunque
2913 1188 2963 1242 in
2994 1188 3248 1246 Ecclesiis
3278 1193 3620 1262 contigerunt

2028 1286 2153 1348 post
2191 1276 2389 1333 Christi
2419 1279 2791 1333 ascensionem
2822 1278 2887 1332 ad
2923 1278 3105 1345 caelos,
3134 1295 3302 1351 usque
3340 1282 3407 1336 ad
3438 1281 3620 1340 Licinii

2030 1367 2386 1437 dejectionem
2420 1367 2695 1435 colligens,
2729 1368 2781 1422 in
2813 1367 3021 1423 duobus
3052 1369 3233 1440 redegi
3267 1370 3452 1427 libris:
3485 1390 3626 1429 nunc

2032 1469 2234 1527 autem,
2264 1458 2475 1513 favente
2504 1458 2634 1526 Deo,
2660 1474 2777 1528 qua:
2797 1466 2985 1529 postea
3009 1471 3387 1530 provenerunt,
3415 1465 3627 1534 aperire

2031 1551 2273 1606 tentabo.
2306 1546 2565 1616 Quocirca
2595 1548 2905 1604 memorabo
2933 1565 3122 1605 causas
3162 1551 3354 1622 quibus
3383 1552 3624 1620 interfui,

2032 1648 2089 1696 et
2128 1657 2157 1694 a
2186 1640 2479 1696 scientibus
2517 1644 2610 1693 aut
2637 1640 3124 1709 contemplantibus
3152 1655 3244 1696 eas
3289 1641 3487 1708 audivi,
3521 1651 3627 1698 tam

2036 1730 2088 1783 in
2133 1737 2318 1785 nostra
2363 1743 2523 1798 quam
2553 1736 2677 1783 ante
2709 1736 2945 1811 nostram
2977 1730 3385 1800 generationem
3427 1741 3624 1802 gestas.

335 1829 483 1883 modi
511 1829 825 1898 prephetias
874 1827 1273 1893 intellexerunt,
1306 1826 1639 1897 ‘plerumque
1683 1825 1933 1879 metricas
1966 1842 2010 1901 Β
2037 1819 2367 1878 Caeterorum
2396 1837 2524 1877 vero
2554 1822 2852 1891 explanabo
2883 1822 3129 1877 notitiam
3160 1839 3230 1879 ex
3251 1824 3454 1893 legibus
3482 1827 3631 1896 posi-

334 1921 656 1985 ezistentes,
685 1927 739 1972 et
788 1917 1166 1974 disertioribus
1191 1918 1368 1973 verbis
1399 1917 1639 1987 prolatas
1668 1917 1731 1970 ad
1764 1932 1957 1987 popuv

337 2009 474 2064 lum.
517 2007 646 2061 Erat
674 2009 874 2078 itaque,
906 2009 1043 2062 sicut
1070 2008 1200 2061 mihi
1220 2008 1448 2073 videtur,
1482 2022 1727 2077 supernae
1756 2009 1936 2077 provi-

336 2099 532 2154 dentiae
562 2105 621 2152 ut
649 2096 714 2151 ad
744 2097 1086 2152 concordiam
1110 2097 1410 2152 futurorum
1452 2113 1560 2152 non
1603 2096 1780 2152 solum
1808 2111 1936 2165 pro-

337 2190 472 2259 priis
518 2188 795 2257 prophetis
846 2197 1071 2242 ventura
1119 2187 1601 2253 committerentur,
1634 2187 1728 2241 sed
1775 2187 1937 2241 etiam

346 2294 418 2333 ex
450 2288 602 2348 parte
628 2277 915 2347 gentilibus
934 2317 949 2340 ,
980 2272 1144 2331 veluti
1172 2277 1215 2331 si
1244 2277 1364 2345 quis
1390 2277 1638 2331 melodiae
1666 2275 1940 2345 composi-

343 2379 452 2434 tor,
506 2378 729 2438 propter
757 2368 1040 2423 utilitatem
1070 2368 1339 2437 peregrini
1370 2367 1486 2421 soni
1534 2367 1667 2421 alias
1713 2350 1941 2421 chordas

338 2460 553 2528 plectro
583 2459 866 2524 discurrat,
900 2467 992 2512 aut
1016 2473 1178 2527 super
1201 2473 1295 2512 eas
1322 2472 1440 2525 quae
1489 2465 1610 2511 sunt
1637 2455 1767 2509 alias
1806 2454 1942 2524 adji-

338 2549 471 2605 ciat.
503 2547 710 2603 llebrtci
761 2548 1026 2617 siquidem
1084 2547 1323 2617 pluribus
1386 2555 1443 2601 et
1489 2546 1941 2601 manifestioribus

339 2640 643 2710 prophetis
665 2647 898 2703 utentes,
929 2639 980 2693 in
1004 2641 1287 2708 praesentia
1327 2635 1528 2692 Christi
1550 2637 1788 2691 minores
1816 2644 1942 2691 sunt

338 2729 549 2784 inventi
585 2743 746 2797 quam
780 2726 975 2783 Graeci.
1008 2726 1113 2783 Sed
1144 2742 1319 2797 neque
1350 2727 1455 2782 hoc
1480 2734 1634 2782 extra
1676 2725 1940 2780 rationem

337 2821 637 2886 videbitur,
667 2836 762 2875 cur
787 2837 857 2875 ex
904 2822 1023 2875 aliis
1049 2821 1297 2890 gentibus
1325 2827 1533 2874 tantum
1564 2817 1799 2874 Ecclesia
1827 2833 1945 2874 cre-

339 2912 564 2967 diderit.
612 2910 849 2966 Primum
878 2912 1117 2980 quidem,
1163 2911 1418 2981 quoniam
1464 2910 1573 2966 Deo
1601 2917 1810 2979 gratum
1840 2916 1940 2975 est,

340 3021 411 3060 ex
440 3004 713 3059 miraculis
739 3004 887 3059 nasci
908 3004 1235 3057 mutationes
1264 3003 1318 3057 in
1349 3001 1544 3057 divinis
1590 3000 1944 3070 maximisque

342 3096 608 3164 negotiis;
639 3093 836 3150 deinde
862 3094 987 3164 quia
1028 3110 1137 3149 non
1163 3094 1399 3166 fortuitis
1426 3093 1714 3148 virtutibus
1740 3108 1943 3162 praesu-

2041 1912 2110 1968 tis
2139 1927 2301 1967 causa
2330 1910 2622 1978 religionis,
2654 1918 2707 1965 et
2732 1926 2801 1966 ex
2827 1911 3070 1967 conciliis
3098 1927 3197 1981 per
3226 1921 3469 1984 tempora
3499 1930 3631 1969 con-

2041 2000 2266 2071 stitutis,
2291 2018 2354 2057 ac
2376 2002 2706 2057 novitatibus
2732 2002 2902 2068 factis,
2951 2012 3006 2057 et
3042 2004 3425 2073 imperialibus,
3460 2013 3632 2074 atque

2041 2092 2377 2148 sacerdotum
2406 2094 2688 2163 epistolis,.
2710 2109 2937 2163 quarum
2981 2094 3099 2149 aliae
3127 2095 3343 2164 quidem
3372 2097 3633 2152 hactenus

2042 2183 2095 2236 in
2126 2183 2337 2251 palatiis
2372 2182 2718 2251 ecclesiisque
2763 2183 3153 2251 custodiuntur,
3194 2185 3312 2239 alite
3351 2201 3479 2243 vero
3508 2201 3633 2257 pas-

2041 2272 2140 2326 sim
2170 2272 2312 2343 apud
2351 2273 2631 2341 diligentes
2661 2270 3022 2327 inveniuntur.
3056 2272 3420 2340 Quarumdam
3463 2277 3631 2333 ratio-

2043 2384 2166 2422 nem
2206 2367 2353 2440 lum,
2376 2365 2741 2432 Quorumdam
2768 2367 3000 2433 ratione]
3044 2368 3223 2438 potius
3261 2370 3548 2440 complecti
3578 2371 3633 2427 in

2042 2460 2145 2514 hoc
2185 2473 2350 2530 opere
2397 2458 2587 2513 melius
2617 2457 2912 2528 approbavi
2947 2467 3170 2529 prOpter
3213 2461 3632 2529 magnitudinem

2042 2552 2313 2615 lectionis,
2354 2559 2413 2605 ut
2450 2565 2640 2606 sensus
2676 2555 2868 2615 earum
2898 2550 3135 2605 breviter
3175 2552 3481 2607 indicetur:
3534 2553 3645 2610 nisi

2043 2641 2181 2697 forte
2207 2640 2451 2711 qumdam
2478 2640 2663 2695 venire
2692 2641 2897 2711 possint
2944 2642 2998 2696 in
3049 2642 3292 2712 dubium,
3322 2658 3420 2714 pro
3441 2644 3636 2714 quibus

2043 2732 2183 2804 apud
2220 2732 2416 2785 multos
2443 2738 2527 2785 est
2573 2730 2786 2786 diversa
2830 2732 3117 2786 sententia.
3175 2731 3327 2788 Tunc
3374 2735 3539 2802 enim,
3591 2735 3635 2790 si

2042 2823 2335 2893 quamlibet
2359 2821 2680 2891 scripturam
2718 2821 2959 2876 invenire
2986 2829 3234 2891 potuero,
3264 2830 3487 2895 propter
3512 2838 3638 2896 pro-

2043 2917 2315 2970 bationem
2345 2913 2584 2968 veritatis
2611 2928 2731 2971 eam
2760 2929 2962 2983 ponere
2986 2930 3091 2969 non
3120 2915 3332 2972 omitto.
3357 2913 3427 2971 Ut
3454 2926 3633 2972 autem

2044 3009 2220 3063 nullus
2262 3005 2597 3075 ignoratione
2645 3021 2824 3060 rerum
2880 3016 3095 3061 accuset
3147 3007 3462 3063 mendacem
3512 3023 3635 3065 esse

2046 3099 2525 3168 conscriptionem,
2556 3095 2858 3151 contrarias
2887 3096 3112 3165 legendo
3141 3095 3322 3151 forsan
3345 3098 3602 3167 epistolas
3621 3143 3637 3167 ,

344 3188 458 3240 lmn
489 3187 604 3255 ejus
630 3188 698 3242 ab
728 3187 883 3242 initio
929 3187 1213 3257 desperata
1255 3185 1520 3257 reperitur
1564 3199 1685 3239 esse
1736 3184 1940 3252 religio.
1973 3203 2019 3267 ρ
2049 3192 2325 3250 sciendum
2379 3198 2466 3245 est
2511 3189 2766 3257 quoniam
2813 3188 3101 3242 occasione
3148 3186 3414 3257 dogmatis
3457 3187 3639 3243 Ariani

341 3279 484 3334 Nam
529 3280 654 3334 licet
682 3279 916 3349 linguam
965 3279 1035 3333 ad
1081 3278 1444 3334 elocutionem
1474 3287 1567 3332 aut
1596 3276 1948 3350 pulchritudi-

342 3385 473 3424 nem
504 3369 771 3423 sermonis
798 3370 1054 3423 disertam
1094 3384 1201 3423 non
1231 3369 1537 3434 habuerint,
1569 3385 1743 3437 neque
1774 3366 1947 3422 verbis

341 3470 441 3515 aut
467 3460 875 3532 probationibus
896 3459 1281 3530 phiIOSOphicis
1302 3466 1602 3526 uterentur,
1632 3459 1697 3512 ad
1719 3457 1948 3513 suaden-

341 3555 479 3608 dum
512 3562 690 3632 tamen
738 3568 845 3606 non
873 3552 943 3606 ob
986 3551 1092 3606 hoc
1116 3550 1295 3605 minus
1322 3548 1556 3604 studium
1590 3548 1687 3602 fuit
1716 3548 1821 3612 eis;
1852 3546 1948 3602 sed

339 3645 497 3700 exuti
525 3644 855 3715 substantiis,
887 3651 943 3697 et
970 3643 1112 3696 bona
1156 3640 1373 3711 propria
1413 3646 1825 3694 contemnentes
1853 3645 1941 3691 at-

340 3748 455 3801 que
485 3731 692 3807 nudati,
718 3738 774 3784 et
801 3730 947 3785 velut
975 3729 1029 3782 in
1059 3728 1184 3783 aliis
1226 3726 1542 3797 corporibus
1570 3726 1797 3796 plurima
1828 3741 1949 3796 pes-

341 3825 597 3891 simaque
646 3828 913 3875 tormenta
960 3818 1333 3888 suscipientes,
1363 3825 1419 3872 et
1462 3831 1633 3885 neque
1674 3816 1948 3870 civitatum

340 3916 568 3987 populis
611 3911 879 3974 subinissi,
931 3925 1109 3981 neque
1149 3908 1391 3978 judicum
1420 3907 1801 3963 blandimentis
1832 3906 1951 3963 ille-

346 4009 448 4071 αἱ,
488 4019 666 4073 neque
695 4003 991 4058 terroribus
1015 4001 1153 4056 forte
1179 4000 1441 4063 deterriti,
1473 4000 1679 4055 clarum
1710 3997 1950 4055 fecerunt

343 4095 620 4153 universis
658 4092 912 4162 quoniam
958 4106 1058 4161 pro
1086 4090 1331 4145 maximis
1360 4089 1593 4159 praemiis
1644 4087 1950 4156 huiusmodi

342 4187 652 4245 certamina
698 4183 1044 4238 sustinerent.
1097 4181 1438 4252 Quapropter
1480 4194 1655 4247 neque
1697 4179 1950 4233 suasione

342 4276 646 4331 verborum
691 4289 827 4343 opus
881 4280 1018 4336 erat,
1077 4271 1203 4327 dum
1252 4287 1348 4342 per
1392 4271 1581 4325 domos
1626 4277 1681 4324 et
1704 4269 1951 4324 civitates

343 4366 421 4421 ad
466 4364 791 4421 credendum
838 4377 925 4418 res
972 4363 1100 4433 ipsa:
1147 4361 1534 4432 compellerent
1584 4374 1703 4429 qua:
1749 4373 1951 4429 nequa-

341 4474 519 4531 quam
551 4455 797 4527 primitns
834 4453 1152 4509 videbantur
1182 4453 1394 4507 auditae.
1425 4451 1692 4507 Sozouss.
1712 4492 1728 4518 ,
1777 4449 1863 4503 lib.
1898 4464 1945 4512 ι,

344 4570 480 4621 cup.
515 4551 562 4617 ι,
597 4567 649 4620 p.
681 4547 806 4603 398.

968 4681 1196 4739 CAPUT
1245 4681 1329 4736 Ill.

347 4783 497 4851 Qua:
568 4781 723 4851 fuerit
775 4778 1001 4851 intentio
1046 4776 1322 4851 Sozomeni
1382 4773 1664 4851 historian;-
1722 4774 1951 4851 conscri-

457 4843 612 4903 bendi
637 4889 655 4913 ,
698 4858 747 4903 et
786 4866 850 4903 ea:
896 4847 1077 4919 quibus
1123 4847 1357 4916 priorum
1384 4854 1530 4915 gesta
1566 4843 1845 4913 collegerit.

431 4942 607 4996 Tanta
626 4954 758 5010 ergo
770 4940 951 4995 divina
979 4948 1143 5008 atque
1166 4936 1397 4991 mirabili
1421 4935 1721 4991 mutatione
1751 4934 1804 4988 in
1821 4936 1956 4989 orbe

344 5043 632 5087 terrarum
661 5030 820 5096 facta,
853 5030 927 5085 ita
955 5037 1015 5084 ut
1033 5037 1089 5084 et
1112 5028 1260 5098 prior
1280 5026 1488 5094 religio,
1520 5025 1743 5092 etleges
1768 5026 1955 5096 patria:

342 5130 771 5192 spernerentur,
819 5120 1039 5176 crudele
1086 5117 1243 5173 nimis
1270 5123 1390 5171 erat
1437 5113 1789 5184 Calydonium
1832 5117 1945 5183 qui-

343 5216 492 5272 dem
523 5230 733 5283 aprum,
776 5221 832 5268 et
858 5211 1251 5267 Marathoniam
1282 5217 1513 5273 taurum,
1557 5215 1613 5263 et
1638 5206 1741 5261 alia
1773 5206 1854 5261 his
1881 5205 1957 5261 si-

246 5322 253 5327 ·
343 5306 513 5362 milia
546 5319 645 5374 per
670 5304 976 5374 provincias
1025 5310 1081 5356 et
1133 5302 1378 5356 civitates
1420 5298 1582 5361 facta,
1627 5304 1719 5351 aut
1765 5296 1961 5350 fabulis

343 5394 665 5463 divulgata,
695 5383 846 5449 lanio
874 5391 1142 5447 nobilitari
1170 5390 1368 5454 studio,
1394 5396 1450 5441 ut
1478 5386 1629 5441 multi
1651 5385 1961 5442 Grtecorum

342 5497 415 5545 et
452 5487 819 5557 probatissimi
847 5484 1244 5553 conscriptores
1268 5482 1411 5537 circa
1444 5480 1569 5535 talia
1598 5479 1952 5537 laborassent,

342 5594 443 5636 scr
462 5576 639 5631 ibendi
668 5576 928 5630 habentes
952 5573 1223 5642 ingenium
1258 5590 1269 5625 :
1293 5587 1381 5626 me
1410 5586 1537 5625 vero
1567 5569 1672 5623 vim
1696 5583 1830 5622 mea:
1854 5582 1959 5621 non

347 5667 572 5726 inferre
601 5674 825 5731 naturae,
857 5675 913 5720 et
958 5664 1195 5720 historiae
1224 5661 1600 5718 ecclesiasticm
1640 5666 1794 5727 gesta
1842 5671 1967 5710 nar—

350 5770 520 5814 rare.
566 5754 712 5809 Reor
738 5754 881 5808 enim
926 5752 1179 5821 quoniam
1204 5758 1524 5818 argumento
1549 5748 1627 5803 rei
1673 5746 1832 5817 hujus
1862 5759 1971 5799 non

352 5846 441 5902 ab
479 5844 781 5899 hominibus
809 5843 1073 5909 instituto,
1107 5841 1438 5911 conscriptor
1482 5853 1699 5910 quoque
1730 5834 1976 5904 inopina-

2050 3293 2312 3341 eteorum
2341 3282 2432 3352 qui
2480 3288 2670 3352 postea
2702 3286 2828 3334 sunt
2873 3280 3073 3345 oborti,
3103 3278 3474 3335 discordantes
3503 3280 3642 3336 inter

2047 3375 2353 3429 alterutros.
2386 3369 2649 3424 Pmsules
2678 3367 3063 3438 Ecclesiarum,
3103 3369 3297 3438 singuli
3330 3368 3400 3423 de
3447 3369 3641 3438 quibus

2049 3463 2340 3525 studebant
2380 3461 2493 3516 suis
2539 3459 3007 3515 consectatoribus
3058 3454 3388 3527 scribebant,
3443 3468 3499 3515 et
3542 3475 3642 3528 per

2050 3549 2614 3620 concilia‘congregati
2643 3551 3009 3603 decernebant
3044 3563 3163 3618 qua:
3194 3548 3426 3615 vellent;
3459 3557 3513 3603 et
3540 3548 3642 3603 sibi

2049 3643 2319 3701 contraria
2347 3642 2638 3711 sapientes,
2678 3653 2778 3708 per
2819 3638 3118 3692 absentiam
3148 3653 3209 3693 se
3250 3653 3393 3711 smpe
3420 3639 3645 3693 damna-

2050 3735 2210 3800 bant;
2236 3740 2291 3788 et
2315 3746 2412 3802 per
2441 3738 2686 3799 tempora
2726 3727 2996 3798 principes
3023 3741 3089 3783 ac
3128 3742 3385 3797 proceres
3430 3743 3638 3792 eorum,

2050 3845 2156 3899 qua
2183 3832 2435 3899 peterant
2461 3825 2659 3879 virtute
2700 3820 3010 3889 ﬂectebant,
3040 3831 3095 3877 et
3119 3823 3333 3877 sibimet
3362 3823 3645 3878 unanimes

2050 3922 2337 3987 faciebant,
2384 3927 2444 3973 ut
2468 3932 2656 3973 eorum
2687 3929 2953 3970 consensu
2982 3925 3128 3969 recta
3176 3915 3354 3970 colere
3382 3924 3641 3985 putaren—

2053 4025 2157 4070 tur.
2188 4013 2291 4083 Alii
2314 4010 2582 4082 siquidem
2604 4009 2736 4071 istis,
2768 4007 2857 4063 alii
2885 4022 3016 4062 vvro
3048 4006 3288 4062 faventes
3318 4006 3443 4073 illis,
3474 4007 3643 4062 colle-

2053 4108 2288 4163 ctionem
2316 4104 2556 4160 fecerunt
2583 4100 2933 4172 epistolarum
2965 4114 3063 4169 pro
3105 4098 3295 4154 haeresi
3326 4099 3541 4168 prepria
3564 4098 3649 4153 di-

2054 4209 2351 4264 rectarum,
2380 4205 2437 4251 et
2461 4209 2555 4250 eas
2582 4192 2686 4256 sibi
2731 4190 3028 4246 contrarias
3072 4188 3427 4259 reliquerunt.
3478 4188 3646 4244 Porro

2053 4290 2208 4345 nobis
2235 4284 2446 4341 dilllcile
2480 4283 2637 4338 valde
2674 4280 2774 4336 fuit
2801 4288 2861 4335 ut
2907 4279 3271 4335 inveniremus
3299 4279 3479 4334 omnia
3527 4293 3671 4347 quae,

2052 4386 2121 4441 de
2143 4383 2338 4438 talibus
2365 4386 2751 4449 provenerunt.
2791 4372 2927 4441 Quia
2953 4386 3084 4427 vero
3109 4372 3379 4441 praecipua
3408 4387 3537 4427 cura
3562 4388 3649 4426 ve-

2052 4474 2227 4531 ritatis
2261 4468 2503 4525 habenda
2545 4474 2645 4529 est,
2676 4470 2900 4537 propter
2928 4462 3166 4517 liistorite
3195 4463 3510 4533 puritatem,
3551 4476 3648 4516 ne-

1980 4580 2027 4638 ι)
2052 4563 2343 4623 cessarium
2374 4558 2503 4613 mihi
2532 4558 2708 4611 visum
2736 4562 2821 4612 est
2859 4555 3021 4610 etiam
3059 4552 3271 4610 litteras
3316 4552 3645 4623 huiusmodi,

2052 4666 2113 4713 ut
2140 4655 2241 4710 fuit
2285 4651 2440 4723 207
2473 4647 2748 4719 possibile,
2790 4646 3141 4717 perscrutari.
3170 4645 3229 4701 Si
3278 4644 3442 4714 igitur
3486 4644 3647 4700 etiam

2051 4746 2344 4805 seditiones
2390 4738 2787 4797 ecclesiasticas
2828 4738 2975 4793 inter
3017 4736 3305 4793 alterutros
3353 4742 3534 4803 gestas
3583 4733 3649 4788 de

2056 4837 2345 4913 praesulatu
2371 4833 2455 4890 vel
2476 4833 2544 4888 de
2580 4832 2790 4887 honore
2812 4830 3094 4901 primatus,
3127 4826 3357 4899 propria:
3383 4825 3649 4880 haereseos

2059 4929 2442 5001 explanavero,
2465 4939 2573 4979 non
2604 4936 2768 4993 grave
2798 4929 2894 4975 aut
2919 4920 3076 4974 mala:
3103 4915 3392 4974 voluntatis
3419 4930 3542 4971 esse
3569 4916 3650 4968 vi-

2061 5023 2270 5076 deatur.
2302 5015 2485 5070 Primo
2513 5027 2764 5081 namque,
2789 5010 2929 5065 sicut
2952 5006 3152 5062 dictum
3179 5013 3280 5067 est.
3312 5003 3651 5073 conscripto-

2062 5128 2175 5166 rem
2199 5107 2376 5164 omnia
2405 5103 2564 5159 decet
2605 5100 2820 5157 veritati
2857 5106 3203 5168 postponere,
3231 5094 3428 5150 deinde
3456 5092 3650 5162 dogma

2049 5183 2317 5253 'Ecelesiae
2341 5194 2619 5251 catholicte
2638 5190 2982 5246 voracissima
3019 5187 3311 5241 declarare.
3349 5184 3504 5252 Quod
3548 5186 3653 5239 sci-

2066 5292 2191 5344 licet
2230 5286 2498 5341 invenitur
2539 5297 2682 5352 smpe
2728 5279 2943 5350 quidem
2988 5277 3419 5332 adversariorum
3453 5277 3655 5332 insidiis

2067 5375 2390 5446 impetitum,
2438 5380 2494 5425 et
2531 5380 2710 5426 tamen
2744 5375 3001 5435 tanquam
3049 5364 3301 5420 divinitus
3341 5365 3652 5421 roboratum

2065 5468 2117 5521 in
2148 5464 2364 5535 pr0pria
2387 5462 2645 5515 mansisse
2674 5459 2889 5524 virtute,
2921 5466 2978 5512 et
3000 5456 3276 5535 universas
3306 5454 3573 5512 Eeclcsias
3603 5463 3659 5508 et

2070 5534 2296 5627 populos
2324 5553 2391 5608 ad
2441 5566 2593 5606 suam
2648 5550 2877 5604 traxisse
2930 5534 3233 5603 veritatem.
3286 5546 3420 5603 Cum
3478 5545 3659 5613 itaque

2071 5647 2284 5710 vellem,
2315 5644 2360 5699 si
2389 5650 2569 5696 tamen
2615 5640 2801 5695 liceret
2839 5638 2971 5711 [cd.,
3000 5637 3258 5709 deceret],
3291 5652 3353 5692 ea
3381 5636 3496 5692 sola
3526 5650 3661 5689 con-

2075 5724 2314 5793 scribere
2342 5747 2461 5803 qua:
2500 5731 2566 5785 ad
2597 5747 2769 5786 meam
2809 5730 3127 5801 videbantur
3176 5729 3421 5783 notitiam
3466 5738 3661 5795 perve-

2084 5832 2225 5888 nisse
2254 5830 2321 5886 de
2368 5824 2609 5881 Ecclesia
2658 5825 2710 5879 in
2757 5823 3000 5878 Romano
3048 5821 3274 5891 imperio
3321 5818 3657 5876 constituta:
