  <div class='ocr_page' id='page_1' title='image "/cluster/home/n/w/nwhite01/storage/ocr_20150623/69/hvd.32044054758727/471.png"; bbox 0 0 3990 6170; ppageno 0'>
   <div class='ocr_carea' id='block_1_1' title="bbox 419 240 3649 350">
    <p class='ocr_par' dir='ltr' id='par_1_1' title="bbox 419 240 3649 350">
     <span class='ocr_line' id='line_1_1' title="bbox 419 240 3649 350; baseline 0.002 -13"><span class='ocrx_word' id='word_1_1' title='bbox 419 293 524 350; x_wconf 71' lang='grc' dir='ltr'><strong>ε87</strong></span> <span class='ocrx_word' id='word_1_2' title='bbox 1665 265 1737 342; x_wconf 71' lang='lat' dir='ltr'><strong>si.</strong></span> <span class='ocrx_word' id='word_1_3' title='bbox 1777 240 2056 342; x_wconf 61' lang='lat' dir='ltr'><strong>suum!</strong></span> <span class='ocrx_word' id='word_1_4' title='bbox 2092 252 2490 343; x_wconf 61' lang='lat' dir='ltr'><strong>cassubnom</strong></span> <span class='ocrx_word' id='word_1_5' title='bbox 3564 290 3649 346; x_wconf 62' lang='lat' dir='ltr'><strong>res</strong></span> 
     </span>
    </p>
   </div>
   <div class='ocr_carea' id='block_1_2' title="bbox 418 401 3655 487">
    <p class='ocr_par' dir='ltr' id='par_1_2' title="bbox 418 401 3655 487">
     <span class='ocr_line' id='line_1_2' title="bbox 418 401 3655 487; baseline 0.002 -26"><span class='ocrx_word' id='word_1_6' title='bbox 418 410 619 481; x_wconf 80' lang='lat' dir='ltr'><strong>placuit</strong></span> <span class='ocrx_word' id='word_1_7' title='bbox 645 417 847 477; x_wconf 85' lang='lat' dir='ltr'><strong>tamen,</strong></span> <span class='ocrx_word' id='word_1_8' title='bbox 872 415 1135 487; x_wconf 83' lang='lat' dir='ltr'><strong>quantum</strong></span> <span class='ocrx_word' id='word_1_9' title='bbox 1161 404 1405 472; x_wconf 87' lang='lat' dir='ltr'><strong>valuere,</strong></span> <span class='ocrx_word' id='word_1_10' title='bbox 1435 411 1495 457; x_wconf 91' lang='lat' dir='ltr'><strong>ut</strong></span> <span class='ocrx_word' id='word_1_11' title='bbox 1521 403 1684 458; x_wconf 90' lang='lat' dir='ltr'><strong>etiam</strong></span> <span class='ocrx_word' id='word_1_12' title='bbox 1710 403 1854 475; x_wconf 88' lang='lat' dir='ltr'><strong>apud</strong></span> <span class='ocrx_word' id='word_1_13' title='bbox 1888 401 2011 457; x_wconf 85' lang='lat' dir='ltr'><strong>Per-</strong></span> <span class='ocrx_word' id='word_1_14' title='bbox 2039 407 2087 463; x_wconf 80' lang='grc' dir='ltr'><strong>Α</strong></span> <span class='ocrx_word' id='word_1_15' title='bbox 2116 403 2391 460; x_wconf 89' lang='lat' dir='ltr'><strong>occidens.</strong></span> <span class='ocrx_word' id='word_1_16' title='bbox 2424 404 2597 472; x_wconf 84' lang='lat' dir='ltr'><strong>Quem</strong></span> <span class='ocrx_word' id='word_1_17' title='bbox 2625 405 2814 461; x_wconf 86' lang='lat' dir='ltr'><strong>volens</strong></span> <span class='ocrx_word' id='word_1_18' title='bbox 2850 406 3234 478; x_wconf 66' lang='lat' dir='ltr'><strong>Constantinus</strong></span> <span class='ocrx_word' id='word_1_19' title='bbox 3272 406 3574 477; x_wconf 79' lang='lat' dir='ltr'><strong>opprimere,</strong></span> <span class='ocrx_word' id='word_1_20' title='bbox 3611 425 3655 469; x_wconf 79' lang='lat' dir='ltr'><strong>et</strong></span> 
     </span>
    </p>
   </div>
   <div class='ocr_carea' id='block_1_3' title="bbox 416 492 2014 581">
    <p class='ocr_par' dir='ltr' id='par_1_3' title="bbox 416 492 2014 581">
     <span class='ocr_line' id='line_1_3' title="bbox 416 492 2014 581; baseline -0.008 -22"><span class='ocrx_word' id='word_1_21' title='bbox 416 517 508 559; x_wconf 72' lang='lat' dir='ltr'><strong>sas</strong></span> <span class='ocrx_word' id='word_1_22' title='bbox 529 508 586 557; x_wconf 90' lang='lat' dir='ltr'><strong>et</strong></span> <span class='ocrx_word' id='word_1_23' title='bbox 615 500 884 557; x_wconf 80' lang='lat' dir='ltr'><strong>Barbaros</strong></span> <span class='ocrx_word' id='word_1_24' title='bbox 911 512 1030 581; x_wconf 70' lang='lat' dir='ltr'><strong>qua:</strong></span> <span class='ocrx_word' id='word_1_25' title='bbox 1051 504 1179 553; x_wconf 90' lang='lat' dir='ltr'><strong>sunt</strong></span> <span class='ocrx_word' id='word_1_26' title='bbox 1205 502 1357 566; x_wconf 77' lang='lat' dir='ltr'><strong>gesta</strong></span> <span class='ocrx_word' id='word_1_27' title='bbox 1383 494 1450 550; x_wconf 90' lang='lat' dir='ltr'><strong>de</strong></span> <span class='ocrx_word' id='word_1_28' title='bbox 1489 494 1748 563; x_wconf 82' lang='lat' dir='ltr'><strong>religione</strong></span> <span class='ocrx_word' id='word_1_29' title='bbox 1775 492 2014 550; x_wconf 90' lang='lat' dir='ltr'><strong>conscri-</strong></span> 
     </span>
    </p>
   </div>
   <div class='ocr_carea' id='block_1_4' title="bbox 421 587 2012 649">
    <p class='ocr_par' dir='ltr' id='par_1_4' title="bbox 421 587 2012 649">
     <span class='ocr_line' id='line_1_4' title="bbox 421 587 2012 649; baseline -0.005 0"><span class='ocrx_word' id='word_1_30' title='bbox 421 595 566 649; x_wconf 77' lang='lat' dir='ltr'><strong>baln.</strong></span> <span class='ocrx_word' id='word_1_31' title='bbox 597 592 714 648; x_wconf 84' lang='lat' dir='ltr'><strong>Non</strong></span> <span class='ocrx_word' id='word_1_32' title='bbox 736 601 914 647; x_wconf 88' lang='lat' dir='ltr'><strong>autem</strong></span> <span class='ocrx_word' id='word_1_33' title='bbox 944 588 1235 646; x_wconf 88' lang='lat' dir='ltr'><strong>absurdum</strong></span> <span class='ocrx_word' id='word_1_34' title='bbox 1267 589 1372 644; x_wconf 87' lang='lat' dir='ltr'><strong>erit</strong></span> <span class='ocrx_word' id='word_1_35' title='bbox 1399 588 1467 644; x_wconf 87' lang='lat' dir='ltr'><strong>ab</strong></span> <span class='ocrx_word' id='word_1_36' title='bbox 1496 588 1721 645; x_wconf 90' lang='lat' dir='ltr'><strong>historia</strong></span> <span class='ocrx_word' id='word_1_37' title='bbox 1750 587 2012 643; x_wconf 87' lang='lat' dir='ltr'><strong>ecclesia-</strong></span> 
     </span>
    </p>
   </div>
   <div class='ocr_carea' id='block_1_5' title="bbox 423 678 2014 754">
    <p class='ocr_par' dir='ltr' id='par_1_5' title="bbox 423 678 2014 754">
     <span class='ocr_line' id='line_1_5' title="bbox 423 678 2014 754; baseline -0.006 -13"><span class='ocrx_word' id='word_1_38' title='bbox 423 685 577 750; x_wconf 85' lang='lat' dir='ltr'><strong>stica,</strong></span> <span class='ocrx_word' id='word_1_39' title='bbox 604 683 648 739; x_wconf 93' lang='lat' dir='ltr'><strong>si</strong></span> <span class='ocrx_word' id='word_1_40' title='bbox 671 684 725 738; x_wconf 82' lang='lat' dir='ltr'><strong>in</strong></span> <span class='ocrx_word' id='word_1_41' title='bbox 751 682 855 738; x_wconf 90' lang='lat' dir='ltr'><strong>hoc</strong></span> <span class='ocrx_word' id='word_1_42' title='bbox 878 696 1048 754; x_wconf 80' lang='lat' dir='ltr'><strong>opere</strong></span> <span class='ocrx_word' id='word_1_43' title='bbox 1065 681 1228 736; x_wconf 89' lang='lat' dir='ltr'><strong>etiam</strong></span> <span class='ocrx_word' id='word_1_44' title='bbox 1270 679 1347 739; x_wconf 83' lang='lat' dir='ltr'><strong>illi</strong></span> <span class='ocrx_word' id='word_1_45' title='bbox 1378 678 1680 735; x_wconf 84' lang='lat' dir='ltr'><strong>referantur</strong></span> <span class='ocrx_word' id='word_1_46' title='bbox 1718 678 1811 749; x_wconf 91' lang='lat' dir='ltr'><strong>qui</strong></span> <span class='ocrx_word' id='word_1_47' title='bbox 1837 692 2014 747; x_wconf 86' lang='lat' dir='ltr'><strong>quon-</strong></span> 
     </span>
    </p>
   </div>
   <div class='ocr_carea' id='block_1_6' title="bbox 420 761 2012 847">
    <p class='ocr_par' dir='ltr' id='par_1_6' title="bbox 420 761 2012 847">
     <span class='ocr_line' id='line_1_6' title="bbox 420 761 2012 847; baseline -0.004 -14"><span class='ocrx_word' id='word_1_48' title='bbox 420 776 545 833; x_wconf 91' lang='lat' dir='ltr'><strong>dam</strong></span> <span class='ocrx_word' id='word_1_49' title='bbox 580 785 764 847; x_wconf 90' lang='lat' dir='ltr'><strong>patres</strong></span> <span class='ocrx_word' id='word_1_50' title='bbox 808 783 865 833; x_wconf 88' lang='lat' dir='ltr'><strong>et</strong></span> <span class='ocrx_word' id='word_1_51' title='bbox 914 761 1278 846; x_wconf 59' lang='lat' dir='ltr'><strong>praeceptores</strong></span> <span class='ocrx_word' id='word_1_52' title='bbox 1329 772 1547 828; x_wconf 78' lang='lat' dir='ltr'><strong>fuerunt</strong></span> <span class='ocrx_word' id='word_1_53' title='bbox 1602 770 2012 835; x_wconf 82' lang='lat' dir='ltr'><strong>monachorum,</strong></span> 
     </span>
    </p>
   </div>
   <div class='ocr_carea' id='block_1_7' title="bbox 422 863 2017 939">
    <p class='ocr_par' dir='ltr' id='par_1_7' title="bbox 422 863 2017 939">
     <span class='ocr_line' id='line_1_7' title="bbox 422 863 2017 939; baseline -0.003 -16"><span class='ocrx_word' id='word_1_54' title='bbox 422 875 519 923; x_wconf 89' lang='lat' dir='ltr'><strong>aut</strong></span> <span class='ocrx_word' id='word_1_55' title='bbox 541 867 633 939; x_wconf 88' lang='lat' dir='ltr'><strong>qui</strong></span> <span class='ocrx_word' id='word_1_56' title='bbox 661 875 784 938; x_wconf 87' lang='lat' dir='ltr'><strong>post</strong></span> <span class='ocrx_word' id='word_1_57' title='bbox 810 880 908 927; x_wconf 85' lang='lat' dir='ltr'><strong>eos</strong></span> <span class='ocrx_word' id='word_1_58' title='bbox 932 881 1031 938; x_wconf 87' lang='lat' dir='ltr'><strong>per</strong></span> <span class='ocrx_word' id='word_1_59' title='bbox 1052 864 1420 925; x_wconf 85' lang='lat' dir='ltr'><strong>successiones</strong></span> <span class='ocrx_word' id='word_1_60' title='bbox 1440 865 1598 920; x_wconf 90' lang='lat' dir='ltr'><strong>utiles</strong></span> <span class='ocrx_word' id='word_1_61' title='bbox 1620 863 1718 919; x_wconf 91' lang='lat' dir='ltr'><strong>visi</strong></span> <span class='ocrx_word' id='word_1_62' title='bbox 1738 871 1886 932; x_wconf 88' lang='lat' dir='ltr'><strong>sunt,</strong></span> <span class='ocrx_word' id='word_1_63' title='bbox 1909 863 2017 919; x_wconf 88' lang='lat' dir='ltr'><strong>sic-</strong></span> 
     </span>
    </p>
   </div>
   <div class='ocr_carea' id='block_1_8' title="bbox 423 956 2017 1031">
    <p class='ocr_par' dir='ltr' id='par_1_8' title="bbox 423 956 2017 1031">
     <span class='ocr_line' id='line_1_8' title="bbox 423 956 2017 1031; baseline -0.003 -14"><span class='ocrx_word' id='word_1_64' title='bbox 423 968 485 1017; x_wconf 91' lang='lat' dir='ltr'><strong>ut</strong></span> <span class='ocrx_word' id='word_1_65' title='bbox 510 958 810 1019; x_wconf 77' lang='lat' dir='ltr'><strong>audivimus</strong></span> <span class='ocrx_word' id='word_1_66' title='bbox 862 966 1025 1029; x_wconf 89' lang='lat' dir='ltr'><strong>atque</strong></span> <span class='ocrx_word' id='word_1_67' title='bbox 1062 958 1425 1031; x_wconf 83' lang='lat' dir='ltr'><strong>probavimus.</strong></span> <span class='ocrx_word' id='word_1_68' title='bbox 1474 956 1591 1016; x_wconf 86' lang='lat' dir='ltr'><strong>Non</strong></span> <span class='ocrx_word' id='word_1_69' title='bbox 1622 958 1765 1012; x_wconf 88' lang='lat' dir='ltr'><strong>enim</strong></span> <span class='ocrx_word' id='word_1_70' title='bbox 1797 964 1891 1011; x_wconf 87' lang='lat' dir='ltr'><strong>aut</strong></span> <span class='ocrx_word' id='word_1_71' title='bbox 1918 971 2017 1023; x_wconf 89' lang='lat' dir='ltr'><strong>nos</strong></span> 
     </span>
    </p>
   </div>
   <div class='ocr_carea' id='block_1_9' title="bbox 422 1046 2034 1123">
    <p class='ocr_par' dir='ltr' id='par_1_9' title="bbox 422 1046 2034 1123">
     <span class='ocr_line' id='line_1_9' title="bbox 422 1046 2034 1123; baseline -0.004 -15"><span class='ocrx_word' id='word_1_72' title='bbox 422 1050 620 1121; x_wconf 75' lang='lat' dir='ltr'><strong>ingrati</strong></span> <span class='ocrx_word' id='word_1_73' title='bbox 646 1065 767 1108; x_wconf 88' lang='lat' dir='ltr'><strong>esse</strong></span> <span class='ocrx_word' id='word_1_74' title='bbox 796 1048 1115 1115; x_wconf 84' lang='lat' dir='ltr'><strong>videbimur,</strong></span> <span class='ocrx_word' id='word_1_75' title='bbox 1158 1047 1506 1107; x_wconf 79' lang='lat' dir='ltr'><strong>taciturnitati</strong></span> <span class='ocrx_word' id='word_1_76' title='bbox 1537 1046 1810 1110; x_wconf 74' lang='lat' dir='ltr'><strong>tradentes</strong></span> <span class='ocrx_word' id='word_1_77' title='bbox 1848 1046 2034 1123; x_wconf 33' lang='lat' dir='ltr'><strong>virtu:</strong></span> 
     </span>
    </p>
   </div>
   <div class='ocr_carea' id='block_1_10' title="bbox 423 1136 2017 1210">
    <p class='ocr_par' dir='ltr' id='par_1_10' title="bbox 423 1136 2017 1210">
     <span class='ocr_line' id='line_1_10' title="bbox 423 1136 2017 1210; baseline -0.004 -11"><span class='ocrx_word' id='word_1_78' title='bbox 423 1151 536 1199; x_wconf 86' lang='lat' dir='ltr'><strong>tem</strong></span> <span class='ocrx_word' id='word_1_79' title='bbox 563 1149 895 1210; x_wconf 87' lang='lat' dir='ltr'><strong>eorum;aut</strong></span> <span class='ocrx_word' id='word_1_80' title='bbox 915 1141 989 1196; x_wconf 82' lang='lat' dir='ltr'><strong>illi</strong></span> <span class='ocrx_word' id='word_1_81' title='bbox 1020 1149 1266 1202; x_wconf 79' lang='lat' dir='ltr'><strong>exsortes</strong></span> <span class='ocrx_word' id='word_1_82' title='bbox 1295 1146 1456 1197; x_wconf 91' lang='lat' dir='ltr'><strong>erunt</strong></span> <span class='ocrx_word' id='word_1_83' title='bbox 1483 1137 1642 1210; x_wconf 80' lang='lat' dir='ltr'><strong>hujus</strong></span> <span class='ocrx_word' id='word_1_84' title='bbox 1671 1137 1907 1194; x_wconf 75' lang='lat' dir='ltr'><strong>historia:</strong></span> <span class='ocrx_word' id='word_1_85' title='bbox 1925 1136 2017 1209; x_wconf 87' lang='lat' dir='ltr'><strong>qui</strong></span> 
     </span>
    </p>
   </div>
   <div class='ocr_carea' id='block_1_11' title="bbox 425 1230 2018 1306">
    <p class='ocr_par' dir='ltr' id='par_1_11' title="bbox 425 1230 2018 1306">
     <span class='ocr_line' id='line_1_11' title="bbox 425 1230 2018 1306; baseline 0.001 -19"><span class='ocrx_word' id='word_1_86' title='bbox 425 1242 590 1290; x_wconf 71' lang='lat' dir='ltr'><strong>tanta:</strong></span> <span class='ocrx_word' id='word_1_87' title='bbox 615 1230 1236 1306; x_wconf 74' lang='lat' dir='ltr'><strong>philosophimexempla</strong></span> <span class='ocrx_word' id='word_1_88' title='bbox 1257 1233 1610 1304; x_wconf 86' lang='lat' dir='ltr'><strong>reliquerunt,</strong></span> <span class='ocrx_word' id='word_1_89' title='bbox 1638 1233 1834 1303; x_wconf 83' lang='lat' dir='ltr'><strong>quibus</strong></span> <span class='ocrx_word' id='word_1_90' title='bbox 1862 1242 2018 1288; x_wconf 85' lang='lat' dir='ltr'><strong>uten-</strong></span> 
     </span>
    </p>
   </div>
   <div class='ocr_carea' id='block_1_12' title="bbox 425 1326 2013 1399">
    <p class='ocr_par' dir='ltr' id='par_1_12' title="bbox 425 1326 2013 1399">
     <span class='ocr_line' id='line_1_12' title="bbox 425 1326 2013 1399; baseline -0.004 -14"><span class='ocrx_word' id='word_1_91' title='bbox 425 1337 511 1385; x_wconf 86' lang='lat' dir='ltr'><strong>tes</strong></span> <span class='ocrx_word' id='word_1_92' title='bbox 537 1329 760 1399; x_wconf 88' lang='lat' dir='ltr'><strong>posteri,</strong></span> <span class='ocrx_word' id='word_1_93' title='bbox 787 1328 1103 1386; x_wconf 88' lang='lat' dir='ltr'><strong>beatissimo</strong></span> <span class='ocrx_word' id='word_1_94' title='bbox 1131 1336 1187 1385; x_wconf 89' lang='lat' dir='ltr'><strong>et</strong></span> <span class='ocrx_word' id='word_1_95' title='bbox 1228 1326 1539 1382; x_wconf 77' lang='lat' dir='ltr'><strong>felicissimo</strong></span> <span class='ocrx_word' id='word_1_96' title='bbox 1568 1327 1675 1381; x_wconf 89' lang='lat' dir='ltr'><strong>tine</strong></span> <span class='ocrx_word' id='word_1_97' title='bbox 1721 1326 2013 1396; x_wconf 90' lang='lat' dir='ltr'><strong>potientur.</strong></span> 
     </span>
    </p>
   </div>
   <div class='ocr_carea' id='block_1_13' title="bbox 427 1416 2020 1492">
    <p class='ocr_par' dir='ltr' id='par_1_13' title="bbox 427 1416 2020 1492">
     <span class='ocr_line' id='line_1_13' title="bbox 427 1416 2020 1492; baseline -0.004 -14"><span class='ocrx_word' id='word_1_98' title='bbox 427 1420 533 1477; x_wconf 80' lang='lat' dir='ltr'><strong>Sed</strong></span> <span class='ocrx_word' id='word_1_99' title='bbox 563 1421 677 1477; x_wconf 67' lang='lat' dir='ltr'><strong>hare</strong></span> <span class='ocrx_word' id='word_1_100' title='bbox 696 1420 916 1492; x_wconf 85' lang='lat' dir='ltr'><strong>quidem</strong></span> <span class='ocrx_word' id='word_1_101' title='bbox 934 1435 1113 1477; x_wconf 87' lang='lat' dir='ltr'><strong>sermo</strong></span> <span class='ocrx_word' id='word_1_102' title='bbox 1140 1418 1460 1492; x_wconf 88' lang='lat' dir='ltr'><strong>procedens,</strong></span> <span class='ocrx_word' id='word_1_103' title='bbox 1483 1426 1542 1473; x_wconf 92' lang='lat' dir='ltr'><strong>ut</strong></span> <span class='ocrx_word' id='word_1_104' title='bbox 1570 1417 1805 1489; x_wconf 89' lang='lat' dir='ltr'><strong>potuerit</strong></span> <span class='ocrx_word' id='word_1_105' title='bbox 1831 1416 2020 1473; x_wconf 88' lang='lat' dir='ltr'><strong>obser-</strong></span> 
     </span>
    </p>
   </div>
   <div class='ocr_carea' id='block_1_14' title="bbox 426 1510 2019 1574">
    <p class='ocr_par' dir='ltr' id='par_1_14' title="bbox 426 1510 2019 1574">
     <span class='ocr_line' id='line_1_14' title="bbox 426 1510 2019 1574; baseline -0.002 -7"><span class='ocrx_word' id='word_1_106' title='bbox 426 1512 595 1569; x_wconf 80' lang='lat' dir='ltr'><strong>vabit.</strong></span> <span class='ocrx_word' id='word_1_107' title='bbox 639 1510 941 1569; x_wconf 86' lang='lat' dir='ltr'><strong>Convertar</strong></span> <span class='ocrx_word' id='word_1_108' title='bbox 980 1527 1123 1568; x_wconf 90' lang='lat' dir='ltr'><strong>nunc</strong></span> <span class='ocrx_word' id='word_1_109' title='bbox 1151 1510 1220 1566; x_wconf 86' lang='lat' dir='ltr'><strong>ad</strong></span> <span class='ocrx_word' id='word_1_110' title='bbox 1260 1510 1624 1567; x_wconf 83' lang='lat' dir='ltr'><strong>narrationem</strong></span> <span class='ocrx_word' id='word_1_111' title='bbox 1676 1524 1878 1574; x_wconf 89' lang='lat' dir='ltr'><strong>rerum,</strong></span> <span class='ocrx_word' id='word_1_112' title='bbox 1929 1523 2019 1564; x_wconf 89' lang='lat' dir='ltr'><strong>co-</strong></span> 
     </span>
    </p>
   </div>
   <div class='ocr_carea' id='block_1_15' title="bbox 427 1598 2020 1672">
    <p class='ocr_par' dir='ltr' id='par_1_15' title="bbox 427 1598 2020 1672">
     <span class='ocr_line' id='line_1_15' title="bbox 427 1598 2020 1672; baseline -0.004 -15"><span class='ocrx_word' id='word_1_113' title='bbox 427 1609 771 1672; x_wconf 87' lang='lat' dir='ltr'><strong>operatorem</strong></span> <span class='ocrx_word' id='word_1_114' title='bbox 821 1601 1082 1663; x_wconf 80' lang='lat' dir='ltr'><strong>invocans</strong></span> <span class='ocrx_word' id='word_1_115' title='bbox 1154 1600 1342 1657; x_wconf 88' lang='lat' dir='ltr'><strong>Deum.</strong></span> <span class='ocrx_word' id='word_1_116' title='bbox 1396 1599 1534 1657; x_wconf 82' lang='lat' dir='ltr'><strong>Hine</strong></span> <span class='ocrx_word' id='word_1_117' title='bbox 1604 1599 1748 1655; x_wconf 88' lang='lat' dir='ltr'><strong>enim</strong></span> <span class='ocrx_word' id='word_1_118' title='bbox 1803 1598 2020 1657; x_wconf 84' lang='lat' dir='ltr'><strong>habebit</strong></span> 
     </span>
    </p>
   </div>
   <div class='ocr_carea' id='block_1_16' title="bbox 428 1691 2016 1781">
    <p class='ocr_par' dir='ltr' id='par_1_16' title="bbox 428 1691 2016 1781">
     <span class='ocr_line' id='line_1_16' title="bbox 428 1691 2016 1781; baseline -0.004 -29"><span class='ocrx_word' id='word_1_119' title='bbox 428 1710 667 1781; x_wconf 70' lang='lat' dir='ltr'><strong>prmsens</strong></span> <span class='ocrx_word' id='word_1_120' title='bbox 687 1696 952 1768; x_wconf 75' lang='lat' dir='ltr'><strong>scriptura</strong></span> <span class='ocrx_word' id='word_1_121' title='bbox 980 1695 1323 1767; x_wconf 86' lang='lat' dir='ltr'><strong>principium.</strong></span> <span class='ocrx_word' id='word_1_122' title='bbox 1368 1692 1667 1762; x_wconf 65' lang='lat' dir='ltr'><strong>Somnum,</strong></span> <span class='ocrx_word' id='word_1_123' title='bbox 1705 1691 1796 1748; x_wconf 82' lang='lat' dir='ltr'><strong>lib.</strong></span> <span class='ocrx_word' id='word_1_124' title='bbox 1830 1708 1870 1763; x_wconf 83' lang='grc' dir='ltr'><strong>ι,</strong></span> <span class='ocrx_word' id='word_1_125' title='bbox 1898 1708 2016 1763; x_wconf 86' lang='lat' dir='ltr'><strong>cap.</strong></span> 
     </span>
    </p>
   </div>
   <div class='ocr_carea' id='block_1_17' title="bbox 429 1784 722 1858">
    <p class='ocr_par' dir='ltr' id='par_1_17' title="bbox 429 1784 722 1858">
     <span class='ocr_line' id='line_1_17' title="bbox 429 1784 722 1858; baseline 0.014 -18"><span class='ocrx_word' id='word_1_126' title='bbox 429 1784 483 1854; x_wconf 76' lang='grc'><strong>1,</strong></span> <span class='ocrx_word' id='word_1_127' title='bbox 513 1804 566 1858; x_wconf 87' lang='lat' dir='ltr'><strong>p.</strong></span> <span class='ocrx_word' id='word_1_128' title='bbox 597 1785 722 1852; x_wconf 71' lang='lat'><strong>400.</strong></span> 
     </span>
    </p>
   </div>
   <div class='ocr_carea' id='block_1_18' title="bbox 1036 1893 1387 1952">
    <p class='ocr_par' dir='ltr' id='par_1_18' title="bbox 1036 1893 1387 1952">
     <span class='ocr_line' id='line_1_18' title="bbox 1036 1893 1387 1952; baseline -0.003 0"><span class='ocrx_word' id='word_1_129' title='bbox 1036 1894 1264 1952; x_wconf 79' lang='lat' dir='ltr'><strong>CAPUT</strong></span> <span class='ocrx_word' id='word_1_130' title='bbox 1302 1893 1387 1952; x_wconf 81' lang='lat' dir='ltr'><strong>IV.</strong></span> 
     </span>
    </p>
   </div>
   <div class='ocr_carea' id='block_1_19' title="bbox 428 1991 2017 2069">
    <p class='ocr_par' dir='ltr' id='par_1_19' title="bbox 428 1991 2017 2069">
     <span class='ocr_line' id='line_1_19' title="bbox 428 1991 2017 2069; baseline 0.003 -24"><span class='ocrx_word' id='word_1_131' title='bbox 428 1991 471 2045; x_wconf 82' lang='grc' dir='ltr'><strong><em>Δ</em></strong></span> <span class='ocrx_word' id='word_1_132' title='bbox 510 2007 612 2069; x_wconf 63' lang='lat' dir='ltr'><strong>quo</strong></span> <span class='ocrx_word' id='word_1_133' title='bbox 641 2000 868 2069; x_wconf 68' lang='lat' dir='ltr'><strong>tempore</strong></span> <span class='ocrx_word' id='word_1_134' title='bbox 901 1991 1146 2069; x_wconf 54' lang='lat' dir='ltr'><strong>fauerint</strong></span> <span class='ocrx_word' id='word_1_135' title='bbox 1200 1993 1321 2069; x_wconf 72' lang='lat' dir='ltr'><strong>fecit</strong></span> <span class='ocrx_word' id='word_1_136' title='bbox 1363 1991 1604 2069; x_wconf 68' lang='lat' dir='ltr'><strong>initium,</strong></span> <span class='ocrx_word' id='word_1_137' title='bbox 1658 2002 1711 2049; x_wconf 80' lang='lat' dir='ltr'><strong>et</strong></span> <span class='ocrx_word' id='word_1_138' title='bbox 1759 1994 2017 2069; x_wconf 59' lang='lat' dir='ltr'><strong>quomodo</strong></span> 
     </span>
    </p>
   </div>
   <div class='ocr_carea' id='block_1_20' title="bbox 397 2061 2016 2136">
    <p class='ocr_par' dir='ltr' id='par_1_20' title="bbox 397 2061 2016 2136">
     <span class='ocr_line' id='line_1_20' title="bbox 397 2061 2016 2136; baseline 0.002 -20"><span class='ocrx_word' id='word_1_139' title='bbox 397 2061 401 2065; x_wconf 76' lang='grc'><strong>’</strong></span> <span class='ocrx_word' id='word_1_140' title='bbox 499 2061 844 2136; x_wconf 73' lang='lat' dir='ltr'><strong>Constantino</strong></span> <span class='ocrx_word' id='word_1_141' title='bbox 870 2063 1073 2133; x_wconf 76' lang='lat' dir='ltr'><strong>signant</strong></span> <span class='ocrx_word' id='word_1_142' title='bbox 1100 2061 1265 2136; x_wconf 61' lang='lat' dir='ltr'><strong>crucis</strong></span> <span class='ocrx_word' id='word_1_143' title='bbox 1305 2062 1612 2136; x_wconf 79' lang='lat' dir='ltr'><strong>ostenditur,</strong></span> <span class='ocrx_word' id='word_1_144' title='bbox 1643 2074 1693 2118; x_wconf 85' lang='lat' dir='ltr'><strong>et</strong></span> <span class='ocrx_word' id='word_1_145' title='bbox 1721 2061 1808 2133; x_wconf 74' lang='lat' dir='ltr'><strong>qui</strong></span> <span class='ocrx_word' id='word_1_146' title='bbox 1849 2066 2016 2136; x_wconf 73' lang='lat' dir='ltr'><strong>impe-</strong></span> 
     </span>
    </p>
   </div>
   <div class='ocr_carea' id='block_1_21' title="bbox 497 2131 1731 2206">
    <p class='ocr_par' dir='ltr' id='par_1_21' title="bbox 497 2131 1731 2206">
     <span class='ocr_line' id='line_1_21' title="bbox 497 2131 1731 2206; baseline 0.003 -21"><span class='ocrx_word' id='word_1_147' title='bbox 497 2140 699 2188; x_wconf 70' lang='lat' dir='ltr'><strong>ratores</strong></span> <span class='ocrx_word' id='word_1_148' title='bbox 727 2142 776 2186; x_wconf 85' lang='lat' dir='ltr'><strong>et</strong></span> <span class='ocrx_word' id='word_1_149' title='bbox 803 2131 1037 2188; x_wconf 75' lang='lat' dir='ltr'><strong>Cwsnres</strong></span> <span class='ocrx_word' id='word_1_150' title='bbox 1067 2150 1156 2203; x_wconf 83' lang='lat' dir='ltr'><strong>per</strong></span> <span class='ocrx_word' id='word_1_151' title='bbox 1184 2132 1322 2187; x_wconf 82' lang='lat' dir='ltr'><strong>idem</strong></span> <span class='ocrx_word' id='word_1_152' title='bbox 1350 2135 1493 2206; x_wconf 79' lang='lat' dir='ltr'><strong>{uere</strong></span> <span class='ocrx_word' id='word_1_153' title='bbox 1515 2141 1731 2205; x_wconf 78' lang='lat' dir='ltr'><strong>tempus.</strong></span> 
     </span>
    </p>
   </div>
   <div class='ocr_carea' id='block_1_22' title="bbox 497 2233 2017 2316">
    <p class='ocr_par' dir='ltr' id='par_1_22' title="bbox 497 2233 2017 2316">
     <span class='ocr_line' id='line_1_22' title="bbox 497 2233 2017 2316; baseline 0.003 -16"><span class='ocrx_word' id='word_1_154' title='bbox 497 2242 692 2315; x_wconf 79' lang='lat' dir='ltr'><strong>Crispo</strong></span> <span class='ocrx_word' id='word_1_155' title='bbox 719 2252 778 2300; x_wconf 90' lang='lat' dir='ltr'><strong>et</strong></span> <span class='ocrx_word' id='word_1_156' title='bbox 807 2245 1163 2303; x_wconf 89' lang='lat' dir='ltr'><strong>Constantino</strong></span> <span class='ocrx_word' id='word_1_157' title='bbox 1188 2245 1489 2302; x_wconf 82' lang='lat' dir='ltr'><strong>Caesaribus</strong></span> <span class='ocrx_word' id='word_1_158' title='bbox 1516 2233 1678 2316; x_wconf 79' lang='lat' dir='ltr'><strong>atque</strong></span> <span class='ocrx_word' id='word_1_159' title='bbox 1707 2247 2017 2304; x_wconf 86' lang='lat' dir='ltr'><strong>consulibus</strong></span> 
     </span>
    </p>
   </div>
   <div class='ocr_carea' id='block_1_23' title="bbox 428 2333 2015 2409">
    <p class='ocr_par' dir='ltr' id='par_1_23' title="bbox 428 2333 2015 2409">
     <span class='ocr_line' id='line_1_23' title="bbox 428 2333 2015 2409; baseline 0.004 -21"><span class='ocrx_word' id='word_1_160' title='bbox 428 2334 449 2404; x_wconf 94' lang='lat'><strong>(</strong></span> <span class='ocrx_word' id='word_1_161' title='bbox 479 2334 631 2392; x_wconf 80' lang='lat' dir='ltr'><strong>Anno</strong></span> <span class='ocrx_word' id='word_1_162' title='bbox 667 2333 738 2389; x_wconf 80' lang='grc' dir='ltr'><strong>ι).</strong></span> <span class='ocrx_word' id='word_1_163' title='bbox 771 2334 876 2389; x_wconf 71' lang='grc'><strong>522</strong></span> <span class='ocrx_word' id='word_1_164' title='bbox 904 2336 949 2405; x_wconf 88' lang='grc'><strong>),</strong></span> <span class='ocrx_word' id='word_1_165' title='bbox 983 2334 1241 2390; x_wconf 64' lang='lat' dir='ltr'><strong>Romamre</strong></span> <span class='ocrx_word' id='word_1_166' title='bbox 1268 2336 1485 2406; x_wconf 86' lang='lat' dir='ltr'><strong>quidem</strong></span> <span class='ocrx_word' id='word_1_167' title='bbox 1524 2335 1779 2394; x_wconf 67' lang='lat' dir='ltr'><strong>Ecclesiae</strong></span> <span class='ocrx_word' id='word_1_168' title='bbox 1824 2337 2015 2409; x_wconf 84' lang='lat' dir='ltr'><strong>Sylve-</strong></span> 
     </span>
    </p>
   </div>
   <div class='ocr_carea' id='block_1_24' title="bbox 424 2425 2017 2496">
    <p class='ocr_par' dir='ltr' id='par_1_24' title="bbox 424 2425 2017 2496">
     <span class='ocr_line' id='line_1_24' title="bbox 424 2425 2017 2496; baseline 0.003 -16"><span class='ocrx_word' id='word_1_169' title='bbox 424 2425 589 2482; x_wconf 73' lang='lat' dir='ltr'><strong>sti-ius</strong></span> <span class='ocrx_word' id='word_1_170' title='bbox 615 2425 958 2495; x_wconf 61' lang='lat' dir='ltr'><strong>praesidebat.</strong></span> <span class='ocrx_word' id='word_1_171' title='bbox 994 2426 1370 2481; x_wconf 70' lang='lat' dir='ltr'><strong>Alexandrina:</strong></span> <span class='ocrx_word' id='word_1_172' title='bbox 1395 2436 1578 2496; x_wconf 71' lang='lat' dir='ltr'><strong>autem</strong></span> <span class='ocrx_word' id='word_1_173' title='bbox 1607 2428 1931 2495; x_wconf 77' lang='lat' dir='ltr'><strong>Alexander,</strong></span> <span class='ocrx_word' id='word_1_174' title='bbox 1961 2438 2017 2486; x_wconf 91' lang='lat' dir='ltr'><strong>et</strong></span> 
     </span>
    </p>
   </div>
   <div class='ocr_carea' id='block_1_25' title="bbox 425 2510 2017 2589">
    <p class='ocr_par' dir='ltr' id='par_1_25' title="bbox 425 2510 2017 2589">
     <span class='ocr_line' id='line_1_25' title="bbox 425 2510 2017 2589; baseline 0.006 -23"><span class='ocrx_word' id='word_1_175' title='bbox 425 2510 926 2586; x_wconf 74' lang='lat' dir='ltr'><strong>Hierosolymorum</strong></span> <span class='ocrx_word' id='word_1_176' title='bbox 963 2513 1243 2583; x_wconf 81' lang='lat' dir='ltr'><strong>Macarius,</strong></span> <span class='ocrx_word' id='word_1_177' title='bbox 1298 2517 1598 2575; x_wconf 62' lang='lat' dir='ltr'><strong>Antiochia:</strong></span> <span class='ocrx_word' id='word_1_178' title='bbox 1626 2534 1754 2574; x_wconf 89' lang='lat' dir='ltr'><strong>vero</strong></span> <span class='ocrx_word' id='word_1_179' title='bbox 1782 2534 1904 2589; x_wconf 64' lang='lat' dir='ltr'><strong>quae</strong></span> <span class='ocrx_word' id='word_1_180' title='bbox 1931 2529 2017 2579; x_wconf 87' lang='lat' dir='ltr'><strong>est</strong></span> 
     </span>
    </p>
   </div>
   <div class='ocr_carea' id='block_1_26' title="bbox 425 2602 2012 2687">
    <p class='ocr_par' dir='ltr' id='par_1_26' title="bbox 425 2602 2012 2687">
     <span class='ocr_line' id='line_1_26' title="bbox 425 2602 2012 2687; baseline 0.008 -28"><span class='ocrx_word' id='word_1_181' title='bbox 425 2602 569 2675; x_wconf 91' lang='lat' dir='ltr'><strong>apud</strong></span> <span class='ocrx_word' id='word_1_182' title='bbox 589 2603 847 2661; x_wconf 90' lang='lat' dir='ltr'><strong>Orontem</strong></span> <span class='ocrx_word' id='word_1_183' title='bbox 878 2606 985 2680; x_wconf 82' lang='lat' dir='ltr'><strong>[ed.</strong></span> <span class='ocrx_word' id='word_1_184' title='bbox 1011 2605 1195 2673; x_wconf 78' lang='lat' dir='ltr'><strong>Frob.,</strong></span> <span class='ocrx_word' id='word_1_185' title='bbox 1231 2606 1531 2681; x_wconf 87' lang='lat' dir='ltr'><strong>Orientem]</strong></span> <span class='ocrx_word' id='word_1_186' title='bbox 1562 2620 1685 2681; x_wconf 91' lang='lat' dir='ltr'><strong>post</strong></span> <span class='ocrx_word' id='word_1_187' title='bbox 1708 2610 2012 2687; x_wconf 79' lang='lat' dir='ltr'><strong>Romanum</strong></span> 
     </span>
    </p>
   </div>
   <div class='ocr_carea' id='block_1_27' title="bbox 425 2695 2014 2773">
    <p class='ocr_par' dir='ltr' id='par_1_27' title="bbox 425 2695 2014 2773">
     <span class='ocr_line' id='line_1_27' title="bbox 425 2695 2014 2773; baseline 0.008 -23"><span class='ocrx_word' id='word_1_188' title='bbox 425 2695 667 2751; x_wconf 89' lang='lat' dir='ltr'><strong>nondum</strong></span> <span class='ocrx_word' id='word_1_189' title='bbox 687 2697 972 2767; x_wconf 86' lang='lat' dir='ltr'><strong>quisquam</strong></span> <span class='ocrx_word' id='word_1_190' title='bbox 1002 2697 1173 2755; x_wconf 81' lang='lat' dir='ltr'><strong>fuerat</strong></span> <span class='ocrx_word' id='word_1_191' title='bbox 1202 2701 1501 2767; x_wconf 89' lang='lat' dir='ltr'><strong>ordinatus,</strong></span> <span class='ocrx_word' id='word_1_192' title='bbox 1546 2705 2014 2773; x_wconf 87' lang='lat' dir='ltr'><strong>persecutionibus</strong></span> 
     </span>
    </p>
   </div>
   <div class='ocr_carea' id='block_1_28' title="bbox 428 2788 2011 2868">
    <p class='ocr_par' dir='ltr' id='par_1_28' title="bbox 428 2788 2011 2868">
     <span class='ocr_line' id='line_1_28' title="bbox 428 2788 2011 2868; baseline 0.006 -24"><span class='ocrx_word' id='word_1_193' title='bbox 428 2788 638 2845; x_wconf 80' lang='lat' dir='ltr'><strong>scilicet</strong></span> <span class='ocrx_word' id='word_1_194' title='bbox 664 2789 1095 2860; x_wconf 77' lang='lat' dir='ltr'><strong>prohibentibus.</strong></span> <span class='ocrx_word' id='word_1_195' title='bbox 1137 2790 1255 2849; x_wconf 82' lang='lat' dir='ltr'><strong>Non</strong></span> <span class='ocrx_word' id='word_1_196' title='bbox 1298 2794 1460 2864; x_wconf 78' lang='lat' dir='ltr'><strong>longo</strong></span> <span class='ocrx_word' id='word_1_197' title='bbox 1490 2804 1614 2867; x_wconf 90' lang='lat' dir='ltr'><strong>post</strong></span> <span class='ocrx_word' id='word_1_198' title='bbox 1658 2804 1924 2868; x_wconf 89' lang='lat' dir='ltr'><strong>tempore,</strong></span> <span class='ocrx_word' id='word_1_199' title='bbox 1958 2799 2011 2854; x_wconf 91' lang='lat' dir='ltr'><strong>hi</strong></span> 
     </span>
    </p>
   </div>
   <div class='ocr_carea' id='block_1_29' title="bbox 425 2878 2013 2958">
    <p class='ocr_par' dir='ltr' id='par_1_29' title="bbox 425 2878 2013 2958">
     <span class='ocr_line' id='line_1_29' title="bbox 425 2878 2013 2958; baseline 0.006 -22"><span class='ocrx_word' id='word_1_200' title='bbox 425 2878 591 2949; x_wconf 88' lang='lat' dir='ltr'><strong>quiin</strong></span> <span class='ocrx_word' id='word_1_201' title='bbox 620 2880 798 2936; x_wconf 81' lang='lat' dir='ltr'><strong>Nicaea</strong></span> <span class='ocrx_word' id='word_1_202' title='bbox 839 2881 1054 2939; x_wconf 88' lang='lat' dir='ltr'><strong>collecti</strong></span> <span class='ocrx_word' id='word_1_203' title='bbox 1082 2892 1223 2948; x_wconf 89' lang='lat' dir='ltr'><strong>sunt,</strong></span> <span class='ocrx_word' id='word_1_204' title='bbox 1252 2886 1515 2954; x_wconf 82' lang='lat' dir='ltr'><strong>sapientia</strong></span> <span class='ocrx_word' id='word_1_205' title='bbox 1565 2895 1622 2942; x_wconf 91' lang='lat' dir='ltr'><strong>et</strong></span> <span class='ocrx_word' id='word_1_206' title='bbox 1661 2888 1890 2958; x_wconf 89' lang='lat' dir='ltr'><strong>eloquiis</strong></span> <span class='ocrx_word' id='word_1_207' title='bbox 1917 2890 2013 2945; x_wconf 90' lang='lat' dir='ltr'><strong>ad-</strong></span> 
     </span>
    </p>
   </div>
   <div class='ocr_carea' id='block_1_30' title="bbox 424 2970 2010 3049">
    <p class='ocr_par' dir='ltr' id='par_1_30' title="bbox 424 2970 2010 3049">
     <span class='ocr_line' id='line_1_30' title="bbox 424 2970 2010 3049; baseline 0.003 -18"><span class='ocrx_word' id='word_1_208' title='bbox 424 2970 686 3031; x_wconf 75' lang='lat' dir='ltr'><strong>mirantes</strong></span> <span class='ocrx_word' id='word_1_209' title='bbox 732 2970 1098 3044; x_wconf 83' lang='lat' dir='ltr'><strong>Eustathium,</strong></span> <span class='ocrx_word' id='word_1_210' title='bbox 1147 2976 1366 3045; x_wconf 80' lang='lat' dir='ltr'><strong>dignum</strong></span> <span class='ocrx_word' id='word_1_211' title='bbox 1415 2978 1852 3049; x_wconf 88' lang='lat' dir='ltr'><strong>approbaverunt</strong></span> <span class='ocrx_word' id='word_1_212' title='bbox 1897 2982 2010 3039; x_wconf 91' lang='lat' dir='ltr'><strong>sedi</strong></span> 
     </span>
    </p>
   </div>
   <div class='ocr_carea' id='block_1_31' title="bbox 2122 492 3657 565">
    <p class='ocr_par' dir='ltr' id='par_1_31' title="bbox 2122 492 3657 565">
     <span class='ocr_line' id='line_1_31' title="bbox 2122 492 3657 565; baseline 0.007 -19"><span class='ocrx_word' id='word_1_213' title='bbox 2122 492 2396 549; x_wconf 82' lang='lat' dir='ltr'><strong>llomanos</strong></span> <span class='ocrx_word' id='word_1_214' title='bbox 2423 510 2454 548; x_wconf 91' lang='lat' dir='ltr'><strong>a</strong></span> <span class='ocrx_word' id='word_1_215' title='bbox 2474 494 2717 550; x_wconf 85' lang='lat' dir='ltr'><strong>cladibus</strong></span> <span class='ocrx_word' id='word_1_216' title='bbox 2741 494 2992 561; x_wconf 86' lang='lat' dir='ltr'><strong>liberare,</strong></span> <span class='ocrx_word' id='word_1_217' title='bbox 3010 495 3282 564; x_wconf 77' lang='lat' dir='ltr'><strong>cogitabat</strong></span> <span class='ocrx_word' id='word_1_218' title='bbox 3300 511 3457 565; x_wconf 86' lang='lat' dir='ltr'><strong>quem</strong></span> <span class='ocrx_word' id='word_1_219' title='bbox 3476 498 3521 552; x_wconf 94' lang='lat' dir='ltr'><strong>in</strong></span> <span class='ocrx_word' id='word_1_220' title='bbox 3540 499 3657 557; x_wconf 80' lang='lat' dir='ltr'><strong>bello</strong></span> 
     </span>
    </p>
   </div>
   <div class='ocr_carea' id='block_1_32' title="bbox 2119 584 3658 661">
    <p class='ocr_par' dir='ltr' id='par_1_32' title="bbox 2119 584 3658 661">
     <span class='ocr_line' id='line_1_32' title="bbox 2119 584 3658 661; baseline 0.006 -23"><span class='ocrx_word' id='word_1_221' title='bbox 2119 584 2287 641; x_wconf 88' lang='lat' dir='ltr'><strong>Deum</strong></span> <span class='ocrx_word' id='word_1_222' title='bbox 2317 585 2543 641; x_wconf 82' lang='lat' dir='ltr'><strong>haberet</strong></span> <span class='ocrx_word' id='word_1_223' title='bbox 2569 586 2772 641; x_wconf 82' lang='lat' dir='ltr'><strong>auxilio</strong></span> <span class='ocrx_word' id='word_1_224' title='bbox 2820 604 2834 640; x_wconf 92' lang='lat'><strong>:</strong></span> <span class='ocrx_word' id='word_1_225' title='bbox 2878 586 3057 642; x_wconf 90' lang='lat' dir='ltr'><strong>sciens</strong></span> <span class='ocrx_word' id='word_1_226' title='bbox 3096 587 3229 643; x_wconf 87' lang='lat' dir='ltr'><strong>nihil</strong></span> <span class='ocrx_word' id='word_1_227' title='bbox 3273 587 3518 661; x_wconf 84' lang='lat' dir='ltr'><strong>prodesse</strong></span> <span class='ocrx_word' id='word_1_228' title='bbox 3550 591 3658 652; x_wconf 72' lang='lat' dir='ltr'><strong>deos</strong></span> 
     </span>
    </p>
   </div>
   <div class='ocr_carea' id='block_1_33' title="bbox 2119 673 3661 752">
    <p class='ocr_par' dir='ltr' id='par_1_33' title="bbox 2119 673 3661 752">
     <span class='ocr_line' id='line_1_33' title="bbox 2119 673 3661 752; baseline 0.007 -23"><span class='ocrx_word' id='word_1_229' title='bbox 2119 690 2257 745; x_wconf 90' lang='lat' dir='ltr'><strong>quos</strong></span> <span class='ocrx_word' id='word_1_230' title='bbox 2286 673 2658 732; x_wconf 87' lang='lat' dir='ltr'><strong>Diocletianus</strong></span> <span class='ocrx_word' id='word_1_231' title='bbox 2684 676 3069 746; x_wconf 77' lang='lat' dir='ltr'><strong>venerabatur,</strong></span> <span class='ocrx_word' id='word_1_232' title='bbox 3115 687 3173 732; x_wconf 92' lang='lat' dir='ltr'><strong>et</strong></span> <span class='ocrx_word' id='word_1_233' title='bbox 3204 677 3332 748; x_wconf 90' lang='lat' dir='ltr'><strong>quia</strong></span> <span class='ocrx_word' id='word_1_234' title='bbox 3378 679 3542 748; x_wconf 86' lang='lat' dir='ltr'><strong>potius</strong></span> <span class='ocrx_word' id='word_1_235' title='bbox 3563 683 3661 752; x_wconf 88' lang='lat' dir='ltr'><strong>ejus</strong></span> 
     </span>
    </p>
   </div>
   <div class='ocr_carea' id='block_1_34' title="bbox 2116 765 3659 837">
    <p class='ocr_par' dir='ltr' id='par_1_34' title="bbox 2116 765 3659 837">
     <span class='ocr_line' id='line_1_34' title="bbox 2116 765 3659 837; baseline 0.006 -18"><span class='ocrx_word' id='word_1_236' title='bbox 2116 774 2293 836; x_wconf 88' lang='lat' dir='ltr'><strong>pater,</strong></span> <span class='ocrx_word' id='word_1_237' title='bbox 2317 780 2650 836; x_wconf 82' lang='lat' dir='ltr'><strong>paganorum</strong></span> <span class='ocrx_word' id='word_1_238' title='bbox 2678 773 2989 836; x_wconf 83' lang='lat' dir='ltr'><strong>contempta</strong></span> <span class='ocrx_word' id='word_1_239' title='bbox 3032 766 3316 837; x_wconf 72' lang='lat' dir='ltr'><strong>relig?one,</strong></span> <span class='ocrx_word' id='word_1_240' title='bbox 3349 765 3559 826; x_wconf 75' lang='lat' dir='ltr'><strong>feliciter</strong></span> <span class='ocrx_word' id='word_1_241' title='bbox 3581 774 3659 829; x_wconf 62' lang='grc' dir='ltr'><strong>δύο</strong></span> 
     </span>
    </p>
   </div>
   <div class='ocr_carea' id='block_1_35' title="bbox 2116 856 3273 930">
    <p class='ocr_par' dir='ltr' id='par_1_35' title="bbox 2116 856 3273 930">
     <span class='ocr_line' id='line_1_35' title="bbox 2116 856 3273 930; baseline 0 -18"><span class='ocrx_word' id='word_1_242' title='bbox 2116 858 2359 913; x_wconf 76' lang='lat' dir='ltr'><strong>vixisset.</strong></span> <span class='ocrx_word' id='word_1_243' title='bbox 2392 856 2685 922; x_wconf 65' lang='lat' dir='ltr'><strong>Securus,</strong></span> <span class='ocrx_word' id='word_1_244' title='bbox 2715 856 2804 912; x_wconf 80' lang='lat' dir='ltr'><strong>lib.</strong></span> <span class='ocrx_word' id='word_1_245' title='bbox 2834 874 2872 922; x_wconf 85' lang='grc' dir='ltr'><strong>ι,</strong></span> <span class='ocrx_word' id='word_1_246' title='bbox 2897 874 3015 930; x_wconf 87' lang='lat' dir='ltr'><strong>cap.</strong></span> <span class='ocrx_word' id='word_1_247' title='bbox 3050 856 3105 925; x_wconf 72' lang='lat'><strong>2,</strong></span> <span class='ocrx_word' id='word_1_248' title='bbox 3131 875 3185 929; x_wconf 76' lang='grc' dir='ltr'><strong>ρ.</strong></span> <span class='ocrx_word' id='word_1_249' title='bbox 3220 856 3273 912; x_wconf 88' lang='lat'><strong>5.</strong></span> 
     </span>
    </p>
   </div>
   <div class='ocr_carea' id='block_1_36' title="bbox 2190 933 3665 1018">
    <p class='ocr_par' dir='ltr' id='par_1_36' title="bbox 2190 933 3665 1018">
     <span class='ocr_line' id='line_1_36' title="bbox 2190 933 3665 1018; baseline 0.004 -14"><span class='ocrx_word' id='word_1_250' title='bbox 2190 948 2249 1005; x_wconf 87' lang='lat' dir='ltr'><strong>in</strong></span> <span class='ocrx_word' id='word_1_251' title='bbox 2270 933 2374 1005; x_wconf 83' lang='lat' dir='ltr'><strong>his</strong></span> <span class='ocrx_word' id='word_1_252' title='bbox 2402 962 2532 1018; x_wconf 77' lang='lat' dir='ltr'><strong>ergo</strong></span> <span class='ocrx_word' id='word_1_253' title='bbox 2572 942 3018 1005; x_wconf 88' lang='lat' dir='ltr'><strong>sollicitudinibus</strong></span> <span class='ocrx_word' id='word_1_254' title='bbox 3038 949 3382 1016; x_wconf 87' lang='lat' dir='ltr'><strong>constitutus,</strong></span> <span class='ocrx_word' id='word_1_255' title='bbox 3431 950 3481 1006; x_wconf 91' lang='lat' dir='ltr'><strong>in</strong></span> <span class='ocrx_word' id='word_1_256' title='bbox 3502 968 3665 1011; x_wconf 87' lang='lat' dir='ltr'><strong>somno</strong></span> 
     </span>
    </p>
   </div>
   <div class='ocr_carea' id='block_1_37' title="bbox 2118 1025 3782 1110">
    <p class='ocr_par' dir='ltr' id='par_1_37' title="bbox 2118 1025 3782 1110">
     <span class='ocr_line' id='line_1_37' title="bbox 2118 1025 3782 1110; baseline 0.004 -16"><span class='ocrx_word' id='word_1_257' title='bbox 2118 1039 2253 1095; x_wconf 80' lang='lat' dir='ltr'><strong>vidit</strong></span> <span class='ocrx_word' id='word_1_258' title='bbox 2279 1041 2456 1095; x_wconf 69' lang='lat' dir='ltr'><strong>crucis</strong></span> <span class='ocrx_word' id='word_1_259' title='bbox 2482 1038 2691 1109; x_wconf 85' lang='lat' dir='ltr'><strong>signum</strong></span> <span class='ocrx_word' id='word_1_260' title='bbox 2711 1039 2852 1095; x_wconf 58' lang='lat' dir='ltr'><strong>caelo</strong></span> <span class='ocrx_word' id='word_1_261' title='bbox 2892 1038 3172 1110; x_wconf 88' lang='lat' dir='ltr'><strong>splendide</strong></span> <span class='ocrx_word' id='word_1_262' title='bbox 3213 1042 3523 1099; x_wconf 86' lang='lat' dir='ltr'><strong>collocatum</strong></span> <span class='ocrx_word' id='word_1_263' title='bbox 3549 1048 3667 1102; x_wconf 82' lang='lat' dir='ltr'><strong>:mi-</strong></span> <span class='ocrx_word' id='word_1_264' title='bbox 3773 1025 3782 1045; x_wconf 79' lang='grc'><em>’</em></span> 
     </span>
    </p>
   </div>
   <div class='ocr_carea' id='block_1_38' title="bbox 2120 1128 3667 1207">
    <p class='ocr_par' dir='ltr' id='par_1_38' title="bbox 2120 1128 3667 1207">
     <span class='ocr_line' id='line_1_38' title="bbox 2120 1128 3667 1207; baseline 0.005 -21"><span class='ocrx_word' id='word_1_265' title='bbox 2120 1131 2369 1200; x_wconf 78' lang='lat' dir='ltr'><strong>ramique</strong></span> <span class='ocrx_word' id='word_1_266' title='bbox 2394 1130 2656 1186; x_wconf 91' lang='lat' dir='ltr'><strong>visionem</strong></span> <span class='ocrx_word' id='word_1_267' title='bbox 2689 1131 2817 1201; x_wconf 79' lang='lat' dir='ltr'><strong>(An.</strong></span> <span class='ocrx_word' id='word_1_268' title='bbox 2842 1128 3000 1185; x_wconf 87' lang='lat' dir='ltr'><strong>Dom.</strong></span> <span class='ocrx_word' id='word_1_269' title='bbox 3028 1129 3179 1204; x_wconf 79' lang='lat'><strong>515),</strong></span> <span class='ocrx_word' id='word_1_270' title='bbox 3212 1134 3492 1189; x_wconf 90' lang='lat' dir='ltr'><strong>astiterunt</strong></span> <span class='ocrx_word' id='word_1_271' title='bbox 3514 1140 3667 1207; x_wconf 81' lang='lat' dir='ltr'><strong>angeli</strong></span> 
     </span>
    </p>
   </div>
   <div class='ocr_carea' id='block_1_39' title="bbox 2120 1223 3665 1294">
    <p class='ocr_par' dir='ltr' id='par_1_39' title="bbox 2120 1223 3665 1294">
     <span class='ocr_line' id='line_1_39' title="bbox 2120 1223 3665 1294; baseline 0.005 -13"><span class='ocrx_word' id='word_1_272' title='bbox 2120 1225 2358 1282; x_wconf 85' lang='lat' dir='ltr'><strong>dicentes</strong></span> <span class='ocrx_word' id='word_1_273' title='bbox 2392 1242 2407 1279; x_wconf 91' lang='lat'><strong>:</strong></span> <span class='ocrx_word' id='word_1_274' title='bbox 2439 1223 2483 1280; x_wconf 97' lang='lat' dir='ltr'><strong>O</strong></span> <span class='ocrx_word' id='word_1_275' title='bbox 2505 1224 2880 1294; x_wconf 82' lang='lat' dir='ltr'><strong>Constantine,</strong></span> <span class='ocrx_word' id='word_1_276' title='bbox 2903 1225 2956 1281; x_wconf 92' lang='lat' dir='ltr'><strong>in</strong></span> <span class='ocrx_word' id='word_1_277' title='bbox 2978 1226 3083 1285; x_wconf 88' lang='lat' dir='ltr'><strong>hoc</strong></span> <span class='ocrx_word' id='word_1_278' title='bbox 3101 1228 3275 1285; x_wconf 87' lang='lat' dir='ltr'><strong>vince.</strong></span> <span class='ocrx_word' id='word_1_279' title='bbox 3302 1228 3490 1287; x_wconf 85' lang='lat' dir='ltr'><strong>Fertur</strong></span> <span class='ocrx_word' id='word_1_280' title='bbox 3510 1244 3665 1294; x_wconf 83' lang='lat' dir='ltr'><strong>autem</strong></span> 
     </span>
    </p>
   </div>
   <div class='ocr_carea' id='block_1_40' title="bbox 2120 1317 3671 1396">
    <p class='ocr_par' dir='ltr' id='par_1_40' title="bbox 2120 1317 3671 1396">
     <span class='ocr_line' id='line_1_40' title="bbox 2120 1317 3671 1396; baseline 0.006 -23"><span class='ocrx_word' id='word_1_281' title='bbox 2120 1327 2177 1376; x_wconf 88' lang='lat' dir='ltr'><strong>et</strong></span> <span class='ocrx_word' id='word_1_282' title='bbox 2218 1318 2392 1391; x_wconf 88' lang='lat' dir='ltr'><strong>ipsum</strong></span> <span class='ocrx_word' id='word_1_283' title='bbox 2439 1317 2713 1375; x_wconf 85' lang='lat' dir='ltr'><strong>Christum</strong></span> <span class='ocrx_word' id='word_1_284' title='bbox 2749 1319 3063 1389; x_wconf 88' lang='lat' dir='ltr'><strong>apparuisse</strong></span> <span class='ocrx_word' id='word_1_285' title='bbox 3089 1320 3161 1385; x_wconf 88' lang='lat' dir='ltr'><strong>ei,</strong></span> <span class='ocrx_word' id='word_1_286' title='bbox 3206 1321 3517 1396; x_wconf 80' lang='lat' dir='ltr'><strong>signumque</strong></span> <span class='ocrx_word' id='word_1_287' title='bbox 3539 1343 3671 1385; x_wconf 77' lang='lat' dir='ltr'><strong>mon-</strong></span> 
     </span>
    </p>
   </div>
   <div class='ocr_carea' id='block_1_41' title="bbox 2120 1408 3670 1481">
    <p class='ocr_par' dir='ltr' id='par_1_41' title="bbox 2120 1408 3670 1481">
     <span class='ocr_line' id='line_1_41' title="bbox 2120 1408 3670 1481; baseline 0.003 -17"><span class='ocrx_word' id='word_1_288' title='bbox 2120 1419 2322 1464; x_wconf 85' lang='lat' dir='ltr'><strong>strasse</strong></span> <span class='ocrx_word' id='word_1_289' title='bbox 2346 1408 2541 1473; x_wconf 89' lang='lat' dir='ltr'><strong>crucis,</strong></span> <span class='ocrx_word' id='word_1_290' title='bbox 2572 1418 2636 1464; x_wconf 86' lang='lat' dir='ltr'><strong>ac</strong></span> <span class='ocrx_word' id='word_1_291' title='bbox 2662 1410 2984 1479; x_wconf 74' lang='lat' dir='ltr'><strong>prmcepisse</strong></span> <span class='ocrx_word' id='word_1_292' title='bbox 3028 1423 3086 1464; x_wconf 90' lang='lat' dir='ltr'><strong>ut</strong></span> <span class='ocrx_word' id='word_1_293' title='bbox 3116 1412 3337 1481; x_wconf 79' lang='lat' dir='ltr'><strong>ﬁguram</strong></span> <span class='ocrx_word' id='word_1_294' title='bbox 3366 1414 3578 1473; x_wconf 86' lang='lat' dir='ltr'><strong>similem</strong></span> <span class='ocrx_word' id='word_1_295' title='bbox 3601 1417 3670 1475; x_wconf 82' lang='lat' dir='ltr'><strong>fa.</strong></span> 
     </span>
    </p>
   </div>
   <div class='ocr_carea' id='block_1_42' title="bbox 2121 1499 3676 1579">
    <p class='ocr_par' dir='ltr' id='par_1_42' title="bbox 2121 1499 3676 1579">
     <span class='ocr_line' id='line_1_42' title="bbox 2121 1499 3676 1579; baseline -0.003 -21"><span class='ocrx_word' id='word_1_296' title='bbox 2121 1509 2291 1567; x_wconf 87' lang='lat' dir='ltr'><strong>ceret,</strong></span> <span class='ocrx_word' id='word_1_297' title='bbox 2337 1509 2394 1555; x_wconf 90' lang='lat' dir='ltr'><strong>et</strong></span> <span class='ocrx_word' id='word_1_298' title='bbox 2420 1500 2473 1555; x_wconf 91' lang='lat' dir='ltr'><strong>in</strong></span> <span class='ocrx_word' id='word_1_299' title='bbox 2521 1499 2731 1570; x_wconf 70' lang='lat' dir='ltr'><strong>prteliis</strong></span> <span class='ocrx_word' id='word_1_300' title='bbox 2764 1500 3022 1557; x_wconf 77' lang='lat' dir='ltr'><strong>auxilium</strong></span> <span class='ocrx_word' id='word_1_301' title='bbox 3068 1503 3171 1559; x_wconf 91' lang='lat' dir='ltr'><strong>hoc</strong></span> <span class='ocrx_word' id='word_1_302' title='bbox 3200 1505 3452 1574; x_wconf 87' lang='lat' dir='ltr'><strong>haberet,</strong></span> <span class='ocrx_word' id='word_1_303' title='bbox 3480 1523 3579 1579; x_wconf 87' lang='lat' dir='ltr'><strong>quo</strong></span> <span class='ocrx_word' id='word_1_304' title='bbox 3604 1512 3676 1567; x_wconf 68' lang='lat' dir='ltr'><strong>vi.</strong></span> 
     </span>
    </p>
   </div>
   <div class='ocr_carea' id='block_1_43' title="bbox 2121 1593 3673 1673">
    <p class='ocr_par' dir='ltr' id='par_1_43' title="bbox 2121 1593 3673 1673">
     <span class='ocr_line' id='line_1_43' title="bbox 2121 1593 3673 1673; baseline 0.008 -23"><span class='ocrx_word' id='word_1_305' title='bbox 2121 1594 2307 1651; x_wconf 68' lang='lat' dir='ltr'><strong>ctorite</strong></span> <span class='ocrx_word' id='word_1_306' title='bbox 2324 1593 2446 1663; x_wconf 84' lang='lat' dir='ltr'><strong>jura</strong></span> <span class='ocrx_word' id='word_1_307' title='bbox 2490 1593 2856 1664; x_wconf 85' lang='lat' dir='ltr'><strong>conquireret.</strong></span> <span class='ocrx_word' id='word_1_308' title='bbox 2902 1593 3163 1656; x_wconf 85' lang='lat' dir='ltr'><strong>Eusebius</strong></span> <span class='ocrx_word' id='word_1_309' title='bbox 3211 1597 3398 1668; x_wconf 87' lang='lat' dir='ltr'><strong>itaque</strong></span> <span class='ocrx_word' id='word_1_310' title='bbox 3440 1599 3673 1673; x_wconf 83' lang='lat' dir='ltr'><strong>Pamphili</strong></span> 
     </span>
    </p>
   </div>
   <div class='ocr_carea' id='block_1_44' title="bbox 2124 1681 3676 1755">
    <p class='ocr_par' dir='ltr' id='par_1_44' title="bbox 2124 1681 3676 1755">
     <span class='ocr_line' id='line_1_44' title="bbox 2124 1681 3676 1755; baseline 0.006 -16"><span class='ocrx_word' id='word_1_311' title='bbox 2124 1699 2247 1739; x_wconf 90' lang='lat' dir='ltr'><strong>cum</strong></span> <span class='ocrx_word' id='word_1_312' title='bbox 2289 1681 2639 1755; x_wconf 82' lang='lat' dir='ltr'><strong>jurejurando</strong></span> <span class='ocrx_word' id='word_1_313' title='bbox 2680 1683 2853 1754; x_wconf 88' lang='lat' dir='ltr'><strong>ipsum</strong></span> <span class='ocrx_word' id='word_1_314' title='bbox 2880 1683 3262 1755; x_wconf 87' lang='lat' dir='ltr'><strong>imperatorem</strong></span> <span class='ocrx_word' id='word_1_315' title='bbox 3308 1688 3566 1747; x_wconf 88' lang='lat' dir='ltr'><strong>dicentem</strong></span> <span class='ocrx_word' id='word_1_316' title='bbox 3592 1708 3676 1750; x_wconf 60' lang='lat' dir='ltr'><strong>au-</strong></span> 
     </span>
    </p>
   </div>
   <div class='ocr_carea' id='block_1_45' title="bbox 2043 1773 3671 1853">
    <p class='ocr_par' dir='ltr' id='par_1_45' title="bbox 2043 1773 3671 1853">
     <span class='ocr_line' id='line_1_45' title="bbox 2043 1773 3671 1853; baseline 0.006 -22"><span class='ocrx_word' id='word_1_317' title='bbox 2043 1786 2088 1845; x_wconf 75' lang='lat' dir='ltr'><strong>B</strong></span> <span class='ocrx_word' id='word_1_318' title='bbox 2115 1775 2276 1831; x_wconf 85' lang='lat' dir='ltr'><strong>diisse</strong></span> <span class='ocrx_word' id='word_1_319' title='bbox 2297 1789 2358 1830; x_wconf 89' lang='lat' dir='ltr'><strong>se</strong></span> <span class='ocrx_word' id='word_1_320' title='bbox 2380 1773 2563 1840; x_wconf 77' lang='lat' dir='ltr'><strong>refert,</strong></span> <span class='ocrx_word' id='word_1_321' title='bbox 2586 1775 2711 1846; x_wconf 89' lang='lat' dir='ltr'><strong>quia</strong></span> <span class='ocrx_word' id='word_1_322' title='bbox 2737 1776 2880 1831; x_wconf 89' lang='lat' dir='ltr'><strong>circa</strong></span> <span class='ocrx_word' id='word_1_323' title='bbox 2922 1777 3226 1840; x_wconf 81' lang='lat' dir='ltr'><strong>meridiem,</strong></span> <span class='ocrx_word' id='word_1_324' title='bbox 3254 1778 3555 1840; x_wconf 84' lang='lat' dir='ltr'><strong>declinante</strong></span> <span class='ocrx_word' id='word_1_325' title='bbox 3573 1784 3671 1853; x_wconf 88' lang='lat' dir='ltr'><strong>jam</strong></span> 
     </span>
    </p>
   </div>
   <div class='ocr_carea' id='block_1_46' title="bbox 2119 1856 3676 1945">
    <p class='ocr_par' dir='ltr' id='par_1_46' title="bbox 2119 1856 3676 1945">
     <span class='ocr_line' id='line_1_46' title="bbox 2119 1856 3676 1945; baseline 0.006 -20"><span class='ocrx_word' id='word_1_326' title='bbox 2119 1868 2254 1938; x_wconf 75' lang='lat' dir='ltr'><strong>sole“,</strong></span> <span class='ocrx_word' id='word_1_327' title='bbox 2276 1856 2452 1924; x_wconf 86' lang='lat' dir='ltr'><strong>crucis</strong></span> <span class='ocrx_word' id='word_1_328' title='bbox 2468 1868 2678 1939; x_wconf 77' lang='lat' dir='ltr'><strong>signum</strong></span> <span class='ocrx_word' id='word_1_329' title='bbox 2718 1884 2786 1924; x_wconf 82' lang='lat' dir='ltr'><strong>ex</strong></span> <span class='ocrx_word' id='word_1_330' title='bbox 2810 1869 3012 1925; x_wconf 90' lang='lat' dir='ltr'><strong>lumine</strong></span> <span class='ocrx_word' id='word_1_331' title='bbox 3039 1868 3262 1937; x_wconf 80' lang='lat' dir='ltr'><strong>factum,</strong></span> <span class='ocrx_word' id='word_1_332' title='bbox 3288 1881 3347 1928; x_wconf 91' lang='lat' dir='ltr'><strong>et</strong></span> <span class='ocrx_word' id='word_1_333' title='bbox 3373 1875 3676 1945; x_wconf 81' lang='lat' dir='ltr'><strong>scripturam</strong></span> 
     </span>
    </p>
   </div>
   <div class='ocr_carea' id='block_1_47' title="bbox 2118 1960 3679 2039">
    <p class='ocr_par' dir='ltr' id='par_1_47' title="bbox 2118 1960 3679 2039">
     <span class='ocr_line' id='line_1_47' title="bbox 2118 1960 3679 2039; baseline 0.006 -21"><span class='ocrx_word' id='word_1_334' title='bbox 2118 1968 2425 2018; x_wconf 88' lang='lat' dir='ltr'><strong>consertam</strong></span> <span class='ocrx_word' id='word_1_335' title='bbox 2452 1960 2505 2017; x_wconf 91' lang='lat' dir='ltr'><strong>ei</strong></span> <span class='ocrx_word' id='word_1_336' title='bbox 2526 1960 2824 2029; x_wconf 72' lang='lat' dir='ltr'><strong>dicentem,</strong></span> <span class='ocrx_word' id='word_1_337' title='bbox 2844 1978 2897 2017; x_wconf 78' lang='lat' dir='ltr'><strong>IN</strong></span> <span class='ocrx_word' id='word_1_338' title='bbox 2919 1978 3022 2019; x_wconf 85' lang='lat' dir='ltr'><strong>nec</strong></span> <span class='ocrx_word' id='word_1_339' title='bbox 3044 1979 3221 2027; x_wconf 71' lang='lat' dir='ltr'><strong>vrsae,</strong></span> <span class='ocrx_word' id='word_1_340' title='bbox 3252 1965 3478 2024; x_wconf 85' lang='lat' dir='ltr'><strong>vidisset</strong></span> <span class='ocrx_word' id='word_1_341' title='bbox 3505 1968 3608 2039; x_wconf 84' lang='lat' dir='ltr'><strong>ipse</strong></span> <span class='ocrx_word' id='word_1_342' title='bbox 3630 1978 3679 2028; x_wconf 83' lang='lat' dir='ltr'><strong>et</strong></span> 
     </span>
    </p>
   </div>
   <div class='ocr_carea' id='block_1_48' title="bbox 2118 2051 3681 2130">
    <p class='ocr_par' dir='ltr' id='par_1_48' title="bbox 2118 2051 3681 2130">
     <span class='ocr_line' id='line_1_48' title="bbox 2118 2051 3681 2130; baseline 0.007 -23"><span class='ocrx_word' id='word_1_343' title='bbox 2118 2052 2318 2108; x_wconf 87' lang='lat' dir='ltr'><strong>milites</strong></span> <span class='ocrx_word' id='word_1_344' title='bbox 2336 2051 2427 2120; x_wconf 89' lang='lat' dir='ltr'><strong>qui</strong></span> <span class='ocrx_word' id='word_1_345' title='bbox 2450 2066 2572 2107; x_wconf 91' lang='lat' dir='ltr'><strong>eum</strong></span> <span class='ocrx_word' id='word_1_346' title='bbox 2602 2066 2670 2107; x_wconf 88' lang='lat' dir='ltr'><strong>eo</strong></span> <span class='ocrx_word' id='word_1_347' title='bbox 2692 2060 2820 2108; x_wconf 90' lang='lat' dir='ltr'><strong>tunc</strong></span> <span class='ocrx_word' id='word_1_348' title='bbox 2841 2063 3042 2109; x_wconf 84' lang='lat' dir='ltr'><strong>essent.</strong></span> <span class='ocrx_word' id='word_1_349' title='bbox 3075 2054 3323 2125; x_wconf 62' lang='lat' dir='ltr'><strong>Pergami</strong></span> <span class='ocrx_word' id='word_1_350' title='bbox 3346 2074 3572 2130; x_wconf 86' lang='lat' dir='ltr'><strong>namque</strong></span> <span class='ocrx_word' id='word_1_351' title='bbox 3594 2062 3681 2117; x_wconf 86' lang='lat' dir='ltr'><strong>ali-</strong></span> 
     </span>
    </p>
   </div>
   <div class='ocr_carea' id='block_1_49' title="bbox 2117 2143 3679 2217">
    <p class='ocr_par' dir='ltr' id='par_1_49' title="bbox 2117 2143 3679 2217">
     <span class='ocr_line' id='line_1_49' title="bbox 2117 2143 3679 2217; baseline 0.006 -19"><span class='ocrx_word' id='word_1_352' title='bbox 2117 2144 2259 2215; x_wconf 91' lang='lat' dir='ltr'><strong>quod</strong></span> <span class='ocrx_word' id='word_1_353' title='bbox 2286 2157 2383 2214; x_wconf 90' lang='lat' dir='ltr'><strong>per</strong></span> <span class='ocrx_word' id='word_1_354' title='bbox 2405 2143 2510 2198; x_wconf 90' lang='lat' dir='ltr'><strong>iter</strong></span> <span class='ocrx_word' id='word_1_355' title='bbox 2541 2157 2664 2198; x_wconf 90' lang='lat' dir='ltr'><strong>cum</strong></span> <span class='ocrx_word' id='word_1_356' title='bbox 2687 2143 2956 2209; x_wconf 85' lang='lat' dir='ltr'><strong>exercitu,</strong></span> <span class='ocrx_word' id='word_1_357' title='bbox 2988 2144 3128 2213; x_wconf 90' lang='lat' dir='ltr'><strong>hoc,</strong></span> <span class='ocrx_word' id='word_1_358' title='bbox 3156 2144 3354 2217; x_wconf 88' lang='lat' dir='ltr'><strong>inquit,</strong></span> <span class='ocrx_word' id='word_1_359' title='bbox 3387 2149 3437 2204; x_wconf 89' lang='lat' dir='ltr'><strong>ei</strong></span> <span class='ocrx_word' id='word_1_360' title='bbox 3473 2151 3679 2207; x_wconf 84' lang='lat' dir='ltr'><strong>miracu-</strong></span> 
     </span>
    </p>
   </div>
   <div class='ocr_carea' id='block_1_50' title="bbox 2118 2233 3681 2309">
    <p class='ocr_par' dir='ltr' id='par_1_50' title="bbox 2118 2233 3681 2309">
     <span class='ocr_line' id='line_1_50' title="bbox 2118 2233 3681 2309; baseline 0.005 -18"><span class='ocrx_word' id='word_1_361' title='bbox 2118 2236 2227 2291; x_wconf 89' lang='lat' dir='ltr'><strong>lum</strong></span> <span class='ocrx_word' id='word_1_362' title='bbox 2258 2243 2342 2291; x_wconf 90' lang='lat' dir='ltr'><strong>est</strong></span> <span class='ocrx_word' id='word_1_363' title='bbox 2367 2243 2663 2291; x_wconf 89' lang='lat' dir='ltr'><strong>ostensum.</strong></span> <span class='ocrx_word' id='word_1_364' title='bbox 2702 2233 2943 2304; x_wconf 88' lang='lat' dir='ltr'><strong>Dumque</strong></span> <span class='ocrx_word' id='word_1_365' title='bbox 2970 2238 3237 2306; x_wconf 84' lang='lat' dir='ltr'><strong>cogitaret</strong></span> <span class='ocrx_word' id='word_1_366' title='bbox 3260 2240 3394 2309; x_wconf 92' lang='lat' dir='ltr'><strong>quid</strong></span> <span class='ocrx_word' id='word_1_367' title='bbox 3415 2251 3568 2309; x_wconf 87' lang='lat' dir='ltr'><strong>esset,</strong></span> <span class='ocrx_word' id='word_1_368' title='bbox 3587 2259 3681 2299; x_wconf 83' lang='lat' dir='ltr'><strong>nox</strong></span> 
     </span>
    </p>
   </div>
   <div class='ocr_carea' id='block_1_51' title="bbox 2116 2327 3682 2404">
    <p class='ocr_par' dir='ltr' id='par_1_51' title="bbox 2116 2327 3682 2404">
     <span class='ocr_line' id='line_1_51' title="bbox 2116 2327 3682 2404; baseline 0.003 -18"><span class='ocrx_word' id='word_1_369' title='bbox 2116 2329 2445 2400; x_wconf 89' lang='lat' dir='ltr'><strong>supervenit,</strong></span> <span class='ocrx_word' id='word_1_370' title='bbox 2469 2337 2525 2384; x_wconf 89' lang='lat' dir='ltr'><strong>et</strong></span> <span class='ocrx_word' id='word_1_371' title='bbox 2547 2327 2831 2384; x_wconf 88' lang='lat' dir='ltr'><strong>dormienti</strong></span> <span class='ocrx_word' id='word_1_372' title='bbox 2853 2329 3105 2386; x_wconf 81' lang='lat' dir='ltr'><strong>Christus‘</strong></span> <span class='ocrx_word' id='word_1_373' title='bbox 3124 2333 3376 2404; x_wconf 77' lang='lat' dir='ltr'><strong>apparuit</strong></span> <span class='ocrx_word' id='word_1_374' title='bbox 3405 2350 3521 2388; x_wconf 89' lang='lat' dir='ltr'><strong>cum</strong></span> <span class='ocrx_word' id='word_1_375' title='bbox 3547 2334 3682 2402; x_wconf 78' lang='lat' dir='ltr'><strong>signo</strong></span> 
     </span>
    </p>
   </div>
   <div class='ocr_carea' id='block_1_52' title="bbox 2115 2417 3683 2493">
    <p class='ocr_par' dir='ltr' id='par_1_52' title="bbox 2115 2417 3683 2493">
     <span class='ocr_line' id='line_1_52' title="bbox 2115 2417 3683 2493; baseline 0.003 -21"><span class='ocrx_word' id='word_1_376' title='bbox 2115 2419 2260 2490; x_wconf 90' lang='lat' dir='ltr'><strong>quod</strong></span> <span class='ocrx_word' id='word_1_377' title='bbox 2288 2418 2421 2474; x_wconf 89' lang='lat' dir='ltr'><strong>vidit</strong></span> <span class='ocrx_word' id='word_1_378' title='bbox 2449 2418 2501 2474; x_wconf 93' lang='lat' dir='ltr'><strong>in</strong></span> <span class='ocrx_word' id='word_1_379' title='bbox 2532 2418 2693 2484; x_wconf 64' lang='lat' dir='ltr'><strong>caelo,</strong></span> <span class='ocrx_word' id='word_1_380' title='bbox 2734 2417 3001 2488; x_wconf 74' lang='lat' dir='ltr'><strong>iussitque</strong></span> <span class='ocrx_word' id='word_1_381' title='bbox 3047 2429 3105 2475; x_wconf 91' lang='lat' dir='ltr'><strong>ut</strong></span> <span class='ocrx_word' id='word_1_382' title='bbox 3147 2420 3300 2475; x_wconf 87' lang='lat' dir='ltr'><strong>lieret</strong></span> <span class='ocrx_word' id='word_1_383' title='bbox 3327 2420 3448 2490; x_wconf 89' lang='lat' dir='ltr'><strong>ejus</strong></span> <span class='ocrx_word' id='word_1_384' title='bbox 3474 2424 3603 2493; x_wconf 77' lang='lat' dir='ltr'><strong>signi</strong></span> <span class='ocrx_word' id='word_1_385' title='bbox 3629 2424 3683 2476; x_wconf 68' lang='lat' dir='ltr'><strong>li.</strong></span> 
     </span>
    </p>
   </div>
   <div class='ocr_carea' id='block_1_53' title="bbox 2114 2509 3684 2588">
    <p class='ocr_par' dir='ltr' id='par_1_53' title="bbox 2114 2509 3684 2588">
     <span class='ocr_line' id='line_1_53' title="bbox 2114 2509 3684 2588; baseline 0.006 -24"><span class='ocrx_word' id='word_1_386' title='bbox 2114 2510 2349 2578; x_wconf 82' lang='lat' dir='ltr'><strong>guratio,</strong></span> <span class='ocrx_word' id='word_1_387' title='bbox 2371 2525 2492 2578; x_wconf 62' lang='lat' dir='ltr'><strong>quae</strong></span> <span class='ocrx_word' id='word_1_388' title='bbox 2520 2509 2658 2565; x_wconf 82' lang='lat' dir='ltr'><strong>foret</strong></span> <span class='ocrx_word' id='word_1_389' title='bbox 2687 2510 2944 2564; x_wconf 79' lang='lat' dir='ltr'><strong>auxilium</strong></span> <span class='ocrx_word' id='word_1_390' title='bbox 2988 2511 3043 2566; x_wconf 88' lang='lat' dir='ltr'><strong>in</strong></span> <span class='ocrx_word' id='word_1_391' title='bbox 3072 2514 3545 2582; x_wconf 81' lang='lat' dir='ltr'><strong>congressionibus</strong></span> <span class='ocrx_word' id='word_1_392' title='bbox 3564 2531 3684 2588; x_wconf 53' lang='lat' dir='ltr'><strong>pun.</strong></span> 
     </span>
    </p>
   </div>
   <div class='ocr_carea' id='block_1_54' title="bbox 2115 2598 3308 2673">
    <p class='ocr_par' dir='ltr' id='par_1_54' title="bbox 2115 2598 3308 2673">
     <span class='ocr_line' id='line_1_54' title="bbox 2115 2598 3308 2673; baseline 0.005 -20"><span class='ocrx_word' id='word_1_393' title='bbox 2115 2598 2330 2655; x_wconf 87' lang='lat' dir='ltr'><strong>liorum.</strong></span> <span class='ocrx_word' id='word_1_394' title='bbox 2362 2598 2655 2668; x_wconf 59' lang='lat' dir='ltr'><strong>Somnum,</strong></span> <span class='ocrx_word' id='word_1_395' title='bbox 2677 2598 2768 2654; x_wconf 84' lang='lat' dir='ltr'><strong>lib.</strong></span> <span class='ocrx_word' id='word_1_396' title='bbox 2801 2617 2840 2665; x_wconf 83' lang='grc' dir='ltr'><strong>ι,</strong></span> <span class='ocrx_word' id='word_1_397' title='bbox 2871 2616 2986 2672; x_wconf 79' lang='lat' dir='ltr'><strong>cap.</strong></span> <span class='ocrx_word' id='word_1_398' title='bbox 3010 2601 3065 2670; x_wconf 84' lang='lat'><strong>5,</strong></span> <span class='ocrx_word' id='word_1_399' title='bbox 3093 2620 3151 2673; x_wconf 88' lang='lat' dir='ltr'><strong>p.</strong></span> <span class='ocrx_word' id='word_1_400' title='bbox 3182 2602 3308 2659; x_wconf 68' lang='lat'><strong>405.</strong></span> 
     </span>
    </p>
   </div>
   <div class='ocr_carea' id='block_1_55' title="bbox 2735 2735 3069 2791">
    <p class='ocr_par' dir='ltr' id='par_1_55' title="bbox 2735 2735 3069 2791">
     <span class='ocr_line' id='line_1_55' title="bbox 2735 2735 3069 2791; baseline 0 -1"><span class='ocrx_word' id='word_1_401' title='bbox 2735 2735 2964 2790; x_wconf 79' lang='lat' dir='ltr'><strong>CAPUT</strong></span> <span class='ocrx_word' id='word_1_402' title='bbox 3008 2736 3069 2791; x_wconf 86' lang='lat' dir='ltr'><strong>V.</strong></span> 
     </span>
    </p>
   </div>
   <div class='ocr_carea' id='block_1_56' title="bbox 2117 2823 3683 2901">
    <p class='ocr_par' dir='ltr' id='par_1_56' title="bbox 2117 2823 3683 2901">
     <span class='ocr_line' id='line_1_56' title="bbox 2117 2823 3683 2901; baseline 0.004 -22"><span class='ocrx_word' id='word_1_403' title='bbox 2117 2823 2772 2901; x_wconf 26' lang='lat' dir='ltr'><strong>QuomodolConstantinns</strong></span> <span class='ocrx_word' id='word_1_404' title='bbox 2793 2825 3143 2901; x_wconf 75' lang='lat' dir='ltr'><strong>Christianum</strong></span> <span class='ocrx_word' id='word_1_405' title='bbox 3169 2829 3364 2901; x_wconf 62' lang='lat' dir='ltr'><strong>dogma</strong></span> <span class='ocrx_word' id='word_1_406' title='bbox 3380 2831 3683 2901; x_wconf 72' lang='lat' dir='ltr'><strong>cognoverit;</strong></span> 
     </span>
    </p>
   </div>
   <div class='ocr_carea' id='block_1_57' title="bbox 2288 2896 3523 2963">
    <p class='ocr_par' dir='ltr' id='par_1_57' title="bbox 2288 2896 3523 2963">
     <span class='ocr_line' id='line_1_57' title="bbox 2288 2896 3523 2963; baseline 0.003 -13"><span class='ocrx_word' id='word_1_407' title='bbox 2288 2905 2339 2950; x_wconf 84' lang='lat' dir='ltr'><strong>et</strong></span> <span class='ocrx_word' id='word_1_408' title='bbox 2364 2897 2428 2950; x_wconf 83' lang='lat' dir='ltr'><strong>de</strong></span> <span class='ocrx_word' id='word_1_409' title='bbox 2457 2896 2723 2950; x_wconf 76' lang='lat' dir='ltr'><strong>miraculis</strong></span> <span class='ocrx_word' id='word_1_410' title='bbox 2751 2898 2948 2963; x_wconf 79' lang='lat' dir='ltr'><strong>crucia,</strong></span> <span class='ocrx_word' id='word_1_411' title='bbox 2979 2906 3030 2950; x_wconf 83' lang='lat' dir='ltr'><strong>et</strong></span> <span class='ocrx_word' id='word_1_412' title='bbox 3053 2908 3216 2953; x_wconf 75' lang='lat' dir='ltr'><strong>morte</strong></span> <span class='ocrx_word' id='word_1_413' title='bbox 3241 2896 3523 2954; x_wconf 66' lang='lat' dir='ltr'><strong>Maxeniii.</strong></span> 
     </span>
    </p>
   </div>
   <div class='ocr_carea' id='block_1_58' title="bbox 2180 2990 3685 3064">
    <p class='ocr_par' dir='ltr' id='par_1_58' title="bbox 2180 2990 3685 3064">
     <span class='ocr_line' id='line_1_58' title="bbox 2180 2990 3685 3064; baseline 0.003 -20"><span class='ocrx_word' id='word_1_414' title='bbox 2180 2990 2422 3061; x_wconf 89' lang='lat' dir='ltr'><strong>Cumque</strong></span> <span class='ocrx_word' id='word_1_415' title='bbox 2442 2990 2555 3060; x_wconf 85' lang='lat' dir='ltr'><strong>jam</strong></span> <span class='ocrx_word' id='word_1_416' title='bbox 2581 3006 2718 3059; x_wconf 87' lang='lat' dir='ltr'><strong>opus</strong></span> <span class='ocrx_word' id='word_1_417' title='bbox 2747 3006 2853 3049; x_wconf 88' lang='lat' dir='ltr'><strong>non</strong></span> <span class='ocrx_word' id='word_1_418' title='bbox 2874 3000 3014 3046; x_wconf 88' lang='lat' dir='ltr'><strong>esset</strong></span> <span class='ocrx_word' id='word_1_419' title='bbox 3047 2991 3367 3061; x_wconf 88' lang='lat' dir='ltr'><strong>interprete,</strong></span> <span class='ocrx_word' id='word_1_420' title='bbox 3395 2994 3489 3048; x_wconf 90' lang='lat' dir='ltr'><strong>sed</strong></span> <span class='ocrx_word' id='word_1_421' title='bbox 3516 3002 3685 3064; x_wconf 86' lang='lat' dir='ltr'><strong>aperte</strong></span> 
     </span>
    </p>
   </div>
   <div class='ocr_carea' id='block_1_59' title="bbox 425 3064 3690 3151">
    <p class='ocr_par' dir='ltr' id='par_1_59' title="bbox 425 3064 3690 3151">
     <span class='ocr_line' id='line_1_59' title="bbox 425 3064 3690 3151; baseline 0.007 -33"><span class='ocrx_word' id='word_1_422' title='bbox 425 3064 738 3135; x_wconf 72' lang='lat' dir='ltr'><strong>apostolicm</strong></span> <span class='ocrx_word' id='word_1_423' title='bbox 762 3067 1082 3138; x_wconf 60' lang='lat' dir='ltr'><strong>praesidere;</strong></span> <span class='ocrx_word' id='word_1_424' title='bbox 1109 3076 1165 3123; x_wconf 90' lang='lat' dir='ltr'><strong>et</strong></span> <span class='ocrx_word' id='word_1_425' title='bbox 1188 3085 1309 3127; x_wconf 87' lang='lat' dir='ltr'><strong>eum</strong></span> <span class='ocrx_word' id='word_1_426' title='bbox 1334 3081 1481 3131; x_wconf 84' lang='lat' dir='ltr'><strong>esset</strong></span> <span class='ocrx_word' id='word_1_427' title='bbox 1515 3073 1800 3144; x_wconf 87' lang='lat' dir='ltr'><strong>episcopus</strong></span> <span class='ocrx_word' id='word_1_428' title='bbox 1820 3076 2009 3132; x_wconf 64' lang='lat' dir='ltr'><strong>vicina:</strong></span> <span class='ocrx_word' id='word_1_429' title='bbox 2111 3079 2423 3150; x_wconf 88' lang='lat' dir='ltr'><strong>imperatori</strong></span> <span class='ocrx_word' id='word_1_430' title='bbox 2454 3087 2810 3135; x_wconf 88' lang='lat' dir='ltr'><strong>monstratum</strong></span> <span class='ocrx_word' id='word_1_431' title='bbox 2840 3080 3025 3136; x_wconf 85' lang='lat' dir='ltr'><strong>luisset</strong></span> <span class='ocrx_word' id='word_1_432' title='bbox 3072 3081 3202 3151; x_wconf 90' lang='lat' dir='ltr'><strong>quid</strong></span> <span class='ocrx_word' id='word_1_433' title='bbox 3232 3082 3301 3138; x_wconf 90' lang='lat' dir='ltr'><strong>de</strong></span> <span class='ocrx_word' id='word_1_434' title='bbox 3347 3083 3463 3139; x_wconf 84' lang='lat' dir='ltr'><strong>Deo</strong></span> <span class='ocrx_word' id='word_1_435' title='bbox 3486 3085 3690 3140; x_wconf 85' lang='lat' dir='ltr'><strong>credere</strong></span> 
     </span>
    </p>
   </div>
   <div class='ocr_carea' id='block_1_60' title="bbox 426 3151 3688 3237">
    <p class='ocr_par' dir='ltr' id='par_1_60' title="bbox 426 3151 3688 3237">
     <span class='ocr_line' id='line_1_60' title="bbox 426 3151 3688 3237; baseline 0.005 -24"><span class='ocrx_word' id='word_1_436' title='bbox 426 3151 651 3220; x_wconf 69' lang='lat' dir='ltr'><strong>Dem,</strong></span> <span class='ocrx_word' id='word_1_437' title='bbox 682 3169 804 3212; x_wconf 92' lang='lat' dir='ltr'><strong>eum</strong></span> <span class='ocrx_word' id='word_1_438' title='bbox 834 3156 886 3211; x_wconf 92' lang='lat' dir='ltr'><strong>in</strong></span> <span class='ocrx_word' id='word_1_439' title='bbox 912 3156 1249 3215; x_wconf 82' lang='lat' dir='ltr'><strong>Antiochiam</strong></span> <span class='ocrx_word' id='word_1_440' title='bbox 1272 3162 1676 3225; x_wconf 82' lang='lat' dir='ltr'><strong>transtulerunt.</strong></span> <span class='ocrx_word' id='word_1_441' title='bbox 1705 3164 1855 3224; x_wconf 85' lang='lat' dir='ltr'><strong>Tunc</strong></span> <span class='ocrx_word' id='word_1_442' title='bbox 1882 3183 2011 3237; x_wconf 77' lang='lat' dir='ltr'><strong>ergo</strong></span> <span class='ocrx_word' id='word_1_443' title='bbox 2042 3152 2089 3214; x_wconf 71' lang='grc' dir='ltr'>ο</span> <span class='ocrx_word' id='word_1_444' title='bbox 2117 3171 2454 3236; x_wconf 85' lang='lat' dir='ltr'><strong>conveniret,</strong></span> <span class='ocrx_word' id='word_1_445' title='bbox 2478 3186 2607 3225; x_wconf 86' lang='lat' dir='ltr'><strong>mox</strong></span> <span class='ocrx_word' id='word_1_446' title='bbox 2636 3171 2725 3227; x_wconf 92' lang='lat' dir='ltr'><strong>die</strong></span> <span class='ocrx_word' id='word_1_447' title='bbox 2763 3171 2903 3227; x_wconf 82' lang='lat' dir='ltr'><strong>facta</strong></span> <span class='ocrx_word' id='word_1_448' title='bbox 2926 3173 3235 3228; x_wconf 84' lang='lat' dir='ltr'><strong>sacerdotes</strong></span> <span class='ocrx_word' id='word_1_449' title='bbox 3272 3173 3479 3231; x_wconf 88' lang='lat' dir='ltr'><strong>Christi</strong></span> <span class='ocrx_word' id='word_1_450' title='bbox 3506 3190 3688 3230; x_wconf 78' lang='lat' dir='ltr'><strong>convo.</strong></span> 
     </span>
    </p>
   </div>
   <div class='ocr_carea' id='block_1_61' title="bbox 423 3243 2010 3333">
    <p class='ocr_par' dir='ltr' id='par_1_61' title="bbox 423 3243 2010 3333">
     <span class='ocr_line' id='line_1_61' title="bbox 423 3243 2010 3333; baseline 0.01 -33"><span class='ocrx_word' id='word_1_451' title='bbox 423 3243 719 3301; x_wconf 88' lang='lat' dir='ltr'><strong>Christiani</strong></span> <span class='ocrx_word' id='word_1_452' title='bbox 742 3249 1035 3305; x_wconf 87' lang='lat' dir='ltr'><strong>orientales</strong></span> <span class='ocrx_word' id='word_1_453' title='bbox 1052 3251 1269 3320; x_wconf 88' lang='lat' dir='ltr'><strong>quidem</strong></span> <span class='ocrx_word' id='word_1_454' title='bbox 1290 3269 1462 3326; x_wconf 90' lang='lat' dir='ltr'><strong>usque</strong></span> <span class='ocrx_word' id='word_1_455' title='bbox 1481 3255 1551 3311; x_wconf 89' lang='lat' dir='ltr'><strong>ad</strong></span> <span class='ocrx_word' id='word_1_456' title='bbox 1569 3258 1828 3316; x_wconf 87' lang='lat' dir='ltr'><strong>terminos</strong></span> <span class='ocrx_word' id='word_1_457' title='bbox 1843 3259 2010 3333; x_wconf 65' lang='lat' dir='ltr'><strong>Egy—</strong></span> 
     </span>
    </p>
   </div>
   <div class='ocr_carea' id='block_1_62' title="bbox 425 3337 2011 3420">
    <p class='ocr_par' dir='ltr' id='par_1_62' title="bbox 425 3337 2011 3420">
     <span class='ocr_line' id='line_1_62' title="bbox 425 3337 2011 3420; baseline 0.009 -29"><span class='ocrx_word' id='word_1_458' title='bbox 425 3337 506 3408; x_wconf 88' lang='lat' dir='ltr'><strong>pti</strong></span> <span class='ocrx_word' id='word_1_459' title='bbox 534 3338 681 3395; x_wconf 85' lang='lat' dir='ltr'><strong>circa</strong></span> <span class='ocrx_word' id='word_1_460' title='bbox 730 3337 950 3413; x_wconf 83' lang='lat' dir='ltr'><strong>Libyam</strong></span> <span class='ocrx_word' id='word_1_461' title='bbox 992 3353 1419 3411; x_wconf 86' lang='lat' dir='ltr'><strong>commorantes,</strong></span> <span class='ocrx_word' id='word_1_462' title='bbox 1466 3361 1576 3403; x_wconf 91' lang='lat' dir='ltr'><strong>non</strong></span> <span class='ocrx_word' id='word_1_463' title='bbox 1616 3352 2011 3420; x_wconf 63' lang='lat' dir='ltr'><strong>praesumebant</strong></span> 
     </span>
    </p>
   </div>
   <div class='ocr_carea' id='block_1_63' title="bbox 424 3426 2010 3498">
    <p class='ocr_par' dir='ltr' id='par_1_63' title="bbox 424 3426 2010 3498">
     <span class='ocr_line' id='line_1_63' title="bbox 424 3426 2010 3498; baseline 0.009 -16"><span class='ocrx_word' id='word_1_464' title='bbox 424 3434 618 3497; x_wconf 85' lang='lat' dir='ltr'><strong>aperte</strong></span> <span class='ocrx_word' id='word_1_465' title='bbox 645 3426 699 3483; x_wconf 89' lang='lat' dir='ltr'><strong>in</strong></span> <span class='ocrx_word' id='word_1_466' title='bbox 727 3428 986 3487; x_wconf 84' lang='lat' dir='ltr'><strong>ecclesias</strong></span> <span class='ocrx_word' id='word_1_467' title='bbox 1014 3433 1323 3498; x_wconf 87' lang='lat' dir='ltr'><strong>convenire,</strong></span> <span class='ocrx_word' id='word_1_468' title='bbox 1349 3451 1472 3492; x_wconf 92' lang='lat' dir='ltr'><strong>cum</strong></span> <span class='ocrx_word' id='word_1_469' title='bbox 1508 3436 1744 3497; x_wconf 86' lang='lat' dir='ltr'><strong>Licinius</strong></span> <span class='ocrx_word' id='word_1_470' title='bbox 1772 3441 2010 3498; x_wconf 80' lang='lat' dir='ltr'><strong>favorem</strong></span> 
     </span>
    </p>
   </div>
   <div class='ocr_carea' id='block_1_64' title="bbox 425 3517 2013 3603">
    <p class='ocr_par' dir='ltr' id='par_1_64' title="bbox 425 3517 2013 3603">
     <span class='ocr_line' id='line_1_64' title="bbox 425 3517 2013 3603; baseline 0.011 -31"><span class='ocrx_word' id='word_1_471' title='bbox 425 3531 590 3586; x_wconf 87' lang='lat' dir='ltr'><strong>quem</strong></span> <span class='ocrx_word' id='word_1_472' title='bbox 616 3517 672 3574; x_wconf 90' lang='lat' dir='ltr'><strong>in</strong></span> <span class='ocrx_word' id='word_1_473' title='bbox 694 3533 790 3576; x_wconf 91' lang='lat' dir='ltr'><strong>eos</strong></span> <span class='ocrx_word' id='word_1_474' title='bbox 817 3518 1081 3583; x_wconf 79' lang='lat' dir='ltr'><strong>habuerat</strong></span> <span class='ocrx_word' id='word_1_475' title='bbox 1120 3535 1498 3593; x_wconf 88' lang='lat' dir='ltr'><strong>permutasset.</strong></span> <span class='ocrx_word' id='word_1_476' title='bbox 1541 3528 1647 3585; x_wconf 88' lang='lat' dir='ltr'><strong>Sed</strong></span> <span class='ocrx_word' id='word_1_477' title='bbox 1695 3546 1870 3600; x_wconf 88' lang='lat' dir='ltr'><strong>neque</strong></span> <span class='ocrx_word' id='word_1_478' title='bbox 1916 3546 2013 3603; x_wconf 90' lang='lat' dir='ltr'><strong>per</strong></span> 
     </span>
    </p>
   </div>
   <div class='ocr_carea' id='block_1_65' title="bbox 426 3605 2011 3693">
    <p class='ocr_par' dir='ltr' id='par_1_65' title="bbox 426 3605 2011 3693">
     <span class='ocr_line' id='line_1_65' title="bbox 426 3605 2011 3693; baseline 0.009 -29"><span class='ocrx_word' id='word_1_479' title='bbox 426 3605 773 3667; x_wconf 87' lang='lat' dir='ltr'><strong>Occidentem</strong></span> <span class='ocrx_word' id='word_1_480' title='bbox 799 3611 1077 3679; x_wconf 81' lang='lat' dir='ltr'><strong>lielladici,</strong></span> <span class='ocrx_word' id='word_1_481' title='bbox 1109 3615 1196 3670; x_wconf 92' lang='lat' dir='ltr'><strong>vel</strong></span> <span class='ocrx_word' id='word_1_482' title='bbox 1236 3615 1580 3689; x_wconf 80' lang='lat' dir='ltr'><strong>Macedones,</strong></span> <span class='ocrx_word' id='word_1_483' title='bbox 1618 3631 1675 3675; x_wconf 90' lang='lat' dir='ltr'><strong>et</strong></span> <span class='ocrx_word' id='word_1_484' title='bbox 1718 3608 1915 3693; x_wconf 74' lang='lat' dir='ltr'><strong>&quot;lyrici</strong></span> <span class='ocrx_word' id='word_1_485' title='bbox 1944 3622 2011 3678; x_wconf 92' lang='lat' dir='ltr'><strong>li-</strong></span> 
     </span>
    </p>
   </div>
   <div class='ocr_carea' id='block_1_66' title="bbox 427 3702 2010 3781">
    <p class='ocr_par' dir='ltr' id='par_1_66' title="bbox 427 3702 2010 3781">
     <span class='ocr_line' id='line_1_66' title="bbox 427 3702 2010 3781; baseline 0.008 -23"><span class='ocrx_word' id='word_1_486' title='bbox 427 3709 617 3759; x_wconf 82' lang='lat' dir='ltr'><strong>center</strong></span> <span class='ocrx_word' id='word_1_487' title='bbox 642 3702 699 3758; x_wconf 87' lang='lat' dir='ltr'><strong>in</strong></span> <span class='ocrx_word' id='word_1_488' title='bbox 723 3702 988 3774; x_wconf 76' lang='lat' dir='ltr'><strong>religiene</strong></span> <span class='ocrx_word' id='word_1_489' title='bbox 1014 3707 1282 3764; x_wconf 82' lang='lat' dir='ltr'><strong>durabant</strong></span> <span class='ocrx_word' id='word_1_490' title='bbox 1321 3718 1542 3781; x_wconf 87' lang='lat' dir='ltr'><strong>propter</strong></span> <span class='ocrx_word' id='word_1_491' title='bbox 1577 3710 2010 3778; x_wconf 89' lang='lat' dir='ltr'><strong>Constantinum,</strong></span> 
     </span>
    </p>
   </div>
   <div class='ocr_carea' id='block_1_67' title="bbox 427 3791 2014 3876">
    <p class='ocr_par' dir='ltr' id='par_1_67' title="bbox 427 3791 2014 3876">
     <span class='ocr_line' id='line_1_67' title="bbox 427 3791 2014 3876; baseline 0.011 -29"><span class='ocrx_word' id='word_1_492' title='bbox 427 3791 522 3862; x_wconf 93' lang='lat' dir='ltr'><strong>qui</strong></span> <span class='ocrx_word' id='word_1_493' title='bbox 544 3792 793 3865; x_wconf 83' lang='lat' dir='ltr'><strong>princeps</strong></span> <span class='ocrx_word' id='word_1_494' title='bbox 818 3797 1017 3857; x_wconf 78' lang='lat' dir='ltr'><strong>eratin</strong></span> <span class='ocrx_word' id='word_1_495' title='bbox 1044 3798 1126 3853; x_wconf 89' lang='lat' dir='ltr'><strong>his</strong></span> <span class='ocrx_word' id='word_1_496' title='bbox 1145 3800 1388 3868; x_wconf 90' lang='lat' dir='ltr'><strong>partibus</strong></span> <span class='ocrx_word' id='word_1_497' title='bbox 1415 3799 1786 3860; x_wconf 80' lang='lat' dir='ltr'><strong>Romanorum</strong></span> <span class='ocrx_word' id='word_1_498' title='bbox 1815 3805 1834 3876; x_wconf 87' lang='lat'>(</span> <span class='ocrx_word' id='word_1_499' title='bbox 1863 3805 2014 3867; x_wconf 80' lang='lat' dir='ltr'><strong>Anno</strong></span> 
     </span>
    </p>
   </div>
   <div class='ocr_carea' id='block_1_68' title="bbox 430 3879 2014 3966">
    <p class='ocr_par' dir='ltr' id='par_1_68' title="bbox 430 3879 2014 3966">
     <span class='ocr_line' id='line_1_68' title="bbox 430 3879 2014 3966; baseline 0.012 -31"><span class='ocrx_word' id='word_1_500' title='bbox 430 3879 502 3943; x_wconf 77' lang='grc' dir='ltr'><strong>ι).</strong></span> <span class='ocrx_word' id='word_1_501' title='bbox 548 3881 724 3955; x_wconf 77' lang='grc'><strong>515).</strong></span> <span class='ocrx_word' id='word_1_502' title='bbox 755 3883 892 3942; x_wconf 84' lang='lat' dir='ltr'><strong>Huic</strong></span> <span class='ocrx_word' id='word_1_503' title='bbox 932 3889 1075 3942; x_wconf 91' lang='lat' dir='ltr'><strong>enim</strong></span> <span class='ocrx_word' id='word_1_504' title='bbox 1105 3889 1224 3947; x_wconf 89' lang='lat' dir='ltr'><strong>viro</strong></span> <span class='ocrx_word' id='word_1_505' title='bbox 1265 3898 1321 3946; x_wconf 92' lang='lat' dir='ltr'><strong>et</strong></span> <span class='ocrx_word' id='word_1_506' title='bbox 1374 3890 1479 3947; x_wconf 87' lang='lat' dir='ltr'><strong>alia</strong></span> <span class='ocrx_word' id='word_1_507' title='bbox 1520 3892 1737 3962; x_wconf 87' lang='lat' dir='ltr'><strong>quidem</strong></span> <span class='ocrx_word' id='word_1_508' title='bbox 1785 3895 2014 3966; x_wconf 80' lang='lat' dir='ltr'><strong>plurima</strong></span> 
     </span>
    </p>
   </div>
   <div class='ocr_carea' id='block_1_69' title="bbox 430 3975 2017 4055">
    <p class='ocr_par' dir='ltr' id='par_1_69' title="bbox 430 3975 2017 4055">
     <span class='ocr_line' id='line_1_69' title="bbox 430 3975 2017 4055; baseline 0.011 -28"><span class='ocrx_word' id='word_1_509' title='bbox 430 3979 620 4042; x_wconf 87' lang='lat' dir='ltr'><strong>postea</strong></span> <span class='ocrx_word' id='word_1_510' title='bbox 639 3975 953 4044; x_wconf 84' lang='lat' dir='ltr'><strong>provenisse</strong></span> <span class='ocrx_word' id='word_1_511' title='bbox 974 3979 1327 4048; x_wconf 86' lang='lat' dir='ltr'><strong>percepimus,</strong></span> <span class='ocrx_word' id='word_1_512' title='bbox 1342 3982 1536 4055; x_wconf 85' lang='lat' dir='ltr'><strong>quibus</strong></span> <span class='ocrx_word' id='word_1_513' title='bbox 1558 3981 1729 4041; x_wconf 82' lang='lat' dir='ltr'><strong>ﬂexus</strong></span> <span class='ocrx_word' id='word_1_514' title='bbox 1753 3993 1838 4042; x_wconf 87' lang='lat' dir='ltr'><strong>est</strong></span> <span class='ocrx_word' id='word_1_515' title='bbox 1860 3986 2017 4044; x_wconf 89' lang='lat' dir='ltr'><strong>Chri-</strong></span> 
     </span>
    </p>
   </div>
   <div class='ocr_carea' id='block_1_70' title="bbox 428 4065 2018 4150">
    <p class='ocr_par' dir='ltr' id='par_1_70' title="bbox 428 4065 2018 4150">
     <span class='ocr_line' id='line_1_70' title="bbox 428 4065 2018 4150; baseline 0.009 -29"><span class='ocrx_word' id='word_1_516' title='bbox 428 4065 731 4121; x_wconf 87' lang='lat' dir='ltr'><strong>stianorum</strong></span> <span class='ocrx_word' id='word_1_517' title='bbox 758 4066 954 4139; x_wconf 71' lang='lat' dir='ltr'><strong>dogma</strong></span> <span class='ocrx_word' id='word_1_518' title='bbox 984 4071 1264 4138; x_wconf 85' lang='lat' dir='ltr'><strong>venerari;</strong></span> <span class='ocrx_word' id='word_1_519' title='bbox 1293 4073 1562 4143; x_wconf 70' lang='lat' dir='ltr'><strong>praecipue</strong></span> <span class='ocrx_word' id='word_1_520' title='bbox 1590 4081 1771 4132; x_wconf 87' lang='lat' dir='ltr'><strong>tamen</strong></span> <span class='ocrx_word' id='word_1_521' title='bbox 1795 4066 2018 4150; x_wconf 75' lang='lat' dir='ltr'><strong>propler</strong></span> 
     </span>
    </p>
   </div>
   <div class='ocr_carea' id='block_1_71' title="bbox 428 4153 2011 4237">
    <p class='ocr_par' dir='ltr' id='par_1_71' title="bbox 428 4153 2011 4237">
     <span class='ocr_line' id='line_1_71' title="bbox 428 4153 2011 4237; baseline 0.01 -29"><span class='ocrx_word' id='word_1_522' title='bbox 428 4153 653 4224; x_wconf 74' lang='lat' dir='ltr'><strong>signum</strong></span> <span class='ocrx_word' id='word_1_523' title='bbox 663 4153 806 4227; x_wconf 89' lang='lat' dir='ltr'><strong>quod</strong></span> <span class='ocrx_word' id='word_1_524' title='bbox 834 4156 885 4211; x_wconf 92' lang='lat' dir='ltr'><strong>ei</strong></span> <span class='ocrx_word' id='word_1_525' title='bbox 913 4156 1169 4222; x_wconf 84' lang='lat' dir='ltr'><strong>divinitus</strong></span> <span class='ocrx_word' id='word_1_526' title='bbox 1189 4167 1467 4224; x_wconf 79' lang='lat' dir='ltr'><strong>ostensum</strong></span> <span class='ocrx_word' id='word_1_527' title='bbox 1483 4170 1584 4219; x_wconf 85' lang='lat' dir='ltr'><strong>est.</strong></span> <span class='ocrx_word' id='word_1_528' title='bbox 1602 4161 1898 4237; x_wconf 75' lang='lat' dir='ltr'><strong>SOZOIEN.,</strong></span> <span class='ocrx_word' id='word_1_529' title='bbox 1920 4168 2011 4233; x_wconf 74' lang='lat' dir='ltr'><strong>lib.</strong></span> 
     </span>
    </p>
   </div>
   <div class='ocr_carea' id='block_1_72' title="bbox 432 4243 931 4317">
    <p class='ocr_par' dir='ltr' id='par_1_72' title="bbox 432 4243 931 4317">
     <span class='ocr_line' id='line_1_72' title="bbox 432 4243 931 4317; baseline 0.006 -19"><span class='ocrx_word' id='word_1_530' title='bbox 432 4263 471 4313; x_wconf 73' lang='grc' dir='ltr'><strong>ι,</strong></span> <span class='ocrx_word' id='word_1_531' title='bbox 499 4260 615 4316; x_wconf 79' lang='lat' dir='ltr'><strong>cap,</strong></span> <span class='ocrx_word' id='word_1_532' title='bbox 636 4243 695 4316; x_wconf 75' lang='lat'><strong>2,</strong></span> <span class='ocrx_word' id='word_1_533' title='bbox 721 4262 775 4317; x_wconf 79' lang='grc' dir='ltr'><strong>ρ.</strong></span> <span class='ocrx_word' id='word_1_534' title='bbox 806 4245 931 4313; x_wconf 69' lang='grc' dir='ltr'><strong>ωδ,</strong></span> 
     </span>
    </p>
   </div>
   <div class='ocr_carea' id='block_1_73' title="bbox 500 4334 2016 4426">
    <p class='ocr_par' dir='ltr' id='par_1_73' title="bbox 500 4334 2016 4426">
     <span class='ocr_line' id='line_1_73' title="bbox 500 4334 2016 4426; baseline 0.012 -33"><span class='ocrx_word' id='word_1_535' title='bbox 500 4334 569 4399; x_wconf 74' lang='lat' dir='ltr'><strong>Et</strong></span> <span class='ocrx_word' id='word_1_536' title='bbox 591 4339 848 4408; x_wconf 76' lang='lat' dir='ltr'><strong>quoniam</strong></span> <span class='ocrx_word' id='word_1_537' title='bbox 877 4340 944 4397; x_wconf 88' lang='lat' dir='ltr'><strong>ad</strong></span> <span class='ocrx_word' id='word_1_538' title='bbox 973 4344 1087 4400; x_wconf 76' lang='lat' dir='ltr'><strong>hmo</strong></span> <span class='ocrx_word' id='word_1_539' title='bbox 1116 4346 1380 4415; x_wconf 82' lang='lat' dir='ltr'><strong>venimus,</strong></span> <span class='ocrx_word' id='word_1_540' title='bbox 1423 4349 1586 4418; x_wconf 88' lang='lat' dir='ltr'><strong>paulo</strong></span> <span class='ocrx_word' id='word_1_541' title='bbox 1629 4348 1790 4408; x_wconf 87' lang='lat' dir='ltr'><strong>latius</strong></span> <span class='ocrx_word' id='word_1_542' title='bbox 1814 4352 2016 4426; x_wconf 88' lang='lat' dir='ltr'><strong>aliquid</strong></span> 
     </span>
    </p>
   </div>
   <div class='ocr_carea' id='block_1_74' title="bbox 427 4428 2014 4501">
    <p class='ocr_par' dir='ltr' id='par_1_74' title="bbox 427 4428 2014 4501">
     <span class='ocr_line' id='line_1_74' title="bbox 427 4428 2014 4501; baseline 0.013 -20"><span class='ocrx_word' id='word_1_543' title='bbox 427 4428 745 4493; x_wconf 75' lang='lat' dir='ltr'><strong>referamus.</strong></span> <span class='ocrx_word' id='word_1_544' title='bbox 773 4430 906 4491; x_wconf 82' lang='lat' dir='ltr'><strong>Cum</strong></span> <span class='ocrx_word' id='word_1_545' title='bbox 938 4434 1300 4496; x_wconf 85' lang='lat' dir='ltr'><strong>Diocletianus</strong></span> <span class='ocrx_word' id='word_1_546' title='bbox 1339 4447 1395 4495; x_wconf 89' lang='lat' dir='ltr'><strong>et</strong></span> <span class='ocrx_word' id='word_1_547' title='bbox 1427 4439 1781 4501; x_wconf 78' lang='lat' dir='ltr'><strong>Maximianus</strong></span> <span class='ocrx_word' id='word_1_548' title='bbox 1808 4440 2014 4501; x_wconf 82' lang='lat' dir='ltr'><strong>Hercu—</strong></span> 
     </span>
    </p>
   </div>
   <div class='ocr_carea' id='block_1_75' title="bbox 2113 3262 3690 3332">
    <p class='ocr_par' dir='ltr' id='par_1_75' title="bbox 2113 3262 3690 3332">
     <span class='ocr_line' id='line_1_75' title="bbox 2113 3262 3690 3332; baseline 0.001 -15"><span class='ocrx_word' id='word_1_549' title='bbox 2113 3276 2265 3328; x_wconf 85' lang='lat' dir='ltr'><strong>cans,</strong></span> <span class='ocrx_word' id='word_1_550' title='bbox 2297 3262 2365 3317; x_wconf 88' lang='lat' dir='ltr'><strong>de</strong></span> <span class='ocrx_word' id='word_1_551' title='bbox 2393 3262 2647 3332; x_wconf 76' lang='lat' dir='ltr'><strong>dogmate</strong></span> <span class='ocrx_word' id='word_1_552' title='bbox 2696 3263 3034 3318; x_wconf 88' lang='lat' dir='ltr'><strong>consulebat.</strong></span> <span class='ocrx_word' id='word_1_553' title='bbox 3069 3262 3135 3332; x_wconf 81' lang='lat' dir='ltr'><strong>At</strong></span> <span class='ocrx_word' id='word_1_554' title='bbox 3183 3264 3259 3320; x_wconf 92' lang='lat' dir='ltr'><strong>illi</strong></span> <span class='ocrx_word' id='word_1_555' title='bbox 3310 3281 3503 3322; x_wconf 84' lang='lat' dir='ltr'><strong>sacros</strong></span> <span class='ocrx_word' id='word_1_556' title='bbox 3544 3266 3690 3321; x_wconf 87' lang='lat' dir='ltr'><strong>libros</strong></span> 
     </span>
    </p>
   </div>
   <div class='ocr_carea' id='block_1_76' title="bbox 2114 3352 3688 3428">
    <p class='ocr_par' dir='ltr' id='par_1_76' title="bbox 2114 3352 3688 3428">
     <span class='ocr_line' id='line_1_76' title="bbox 2114 3352 3688 3428; baseline 0.002 -19"><span class='ocrx_word' id='word_1_557' title='bbox 2114 3352 2424 3423; x_wconf 80' lang='lat' dir='ltr'><strong>offerentes,</strong></span> <span class='ocrx_word' id='word_1_558' title='bbox 2453 3353 2525 3410; x_wconf 90' lang='lat' dir='ltr'><strong>de</strong></span> <span class='ocrx_word' id='word_1_559' title='bbox 2550 3353 2764 3410; x_wconf 88' lang='lat' dir='ltr'><strong>Christo</strong></span> <span class='ocrx_word' id='word_1_560' title='bbox 2792 3355 3171 3425; x_wconf 86' lang='lat' dir='ltr'><strong>loquebantur,</strong></span> <span class='ocrx_word' id='word_1_561' title='bbox 3223 3374 3434 3428; x_wconf 82' lang='lat' dir='ltr'><strong>suaque</strong></span> <span class='ocrx_word' id='word_1_562' title='bbox 3468 3359 3604 3415; x_wconf 84' lang='lat' dir='ltr'><strong>dicta</strong></span> <span class='ocrx_word' id='word_1_563' title='bbox 3630 3375 3688 3413; x_wconf 81' lang='lat' dir='ltr'><strong>ex</strong></span> 
     </span>
    </p>
   </div>
   <div class='ocr_carea' id='block_1_77' title="bbox 2114 3445 3689 3522">
    <p class='ocr_par' dir='ltr' id='par_1_77' title="bbox 2114 3445 3689 3522">
     <span class='ocr_line' id='line_1_77' title="bbox 2114 3445 3689 3522; baseline 0.003 -22"><span class='ocrx_word' id='word_1_564' title='bbox 2114 3445 2449 3517; x_wconf 85' lang='lat' dir='ltr'><strong>propheticis</strong></span> <span class='ocrx_word' id='word_1_565' title='bbox 2476 3446 2925 3517; x_wconf 82' lang='lat' dir='ltr'><strong>comprobabant:</strong></span> <span class='ocrx_word' id='word_1_566' title='bbox 2951 3447 3173 3518; x_wconf 81' lang='lat' dir='ltr'><strong>Signum</strong></span> <span class='ocrx_word' id='word_1_567' title='bbox 3202 3466 3337 3506; x_wconf 89' lang='lat' dir='ltr'><strong>vero</strong></span> <span class='ocrx_word' id='word_1_568' title='bbox 3378 3452 3522 3520; x_wconf 86' lang='lat' dir='ltr'><strong>quod</strong></span> <span class='ocrx_word' id='word_1_569' title='bbox 3537 3466 3689 3522; x_wconf 79' lang='lat' dir='ltr'><strong>appa-</strong></span> 
     </span>
    </p>
   </div>
   <div class='ocr_carea' id='block_1_78' title="bbox 2113 3538 3693 3611">
    <p class='ocr_par' dir='ltr' id='par_1_78' title="bbox 2113 3538 3693 3611">
     <span class='ocr_line' id='line_1_78' title="bbox 2113 3538 3693 3611; baseline 0.003 -18"><span class='ocrx_word' id='word_1_570' title='bbox 2113 3546 2301 3594; x_wconf 87' lang='lat' dir='ltr'><strong>ruerat</strong></span> <span class='ocrx_word' id='word_1_571' title='bbox 2347 3539 2420 3607; x_wconf 90' lang='lat' dir='ltr'><strong>ei,</strong></span> <span class='ocrx_word' id='word_1_572' title='bbox 2450 3538 2704 3594; x_wconf 88' lang='lat' dir='ltr'><strong>dicebant</strong></span> <span class='ocrx_word' id='word_1_573' title='bbox 2733 3548 2993 3611; x_wconf 78' lang='lat' dir='ltr'><strong>tropaeum</strong></span> <span class='ocrx_word' id='word_1_574' title='bbox 3035 3556 3156 3598; x_wconf 86' lang='lat' dir='ltr'><strong>esse</strong></span> <span class='ocrx_word' id='word_1_575' title='bbox 3183 3543 3431 3600; x_wconf 72' lang='lat' dir='ltr'><strong>vietor-im</strong></span> <span class='ocrx_word' id='word_1_576' title='bbox 3453 3544 3693 3600; x_wconf 85' lang='lat' dir='ltr'><strong>adversus</strong></span> 
     </span>
    </p>
   </div>
   <div class='ocr_carea' id='block_1_79' title="bbox 2115 3629 3694 3705">
    <p class='ocr_par' dir='ltr' id='par_1_79' title="bbox 2115 3629 3694 3705">
     <span class='ocr_line' id='line_1_79' title="bbox 2115 3629 3694 3705; baseline 0.002 -20"><span class='ocrx_word' id='word_1_577' title='bbox 2115 3629 2415 3697; x_wconf 79' lang='lat' dir='ltr'><strong>infernum,</strong></span> <span class='ocrx_word' id='word_1_578' title='bbox 2444 3645 2607 3702; x_wconf 89' lang='lat' dir='ltr'><strong>quam</strong></span> <span class='ocrx_word' id='word_1_579' title='bbox 2634 3632 2920 3688; x_wconf 90' lang='lat' dir='ltr'><strong>victoriam</strong></span> <span class='ocrx_word' id='word_1_580' title='bbox 2967 3634 3264 3690; x_wconf 88' lang='lat' dir='ltr'><strong>ascendens</strong></span> <span class='ocrx_word' id='word_1_581' title='bbox 3315 3635 3384 3690; x_wconf 78' lang='lat' dir='ltr'><strong>in</strong></span> <span class='ocrx_word' id='word_1_582' title='bbox 3406 3636 3574 3692; x_wconf 66' lang='lat' dir='ltr'><strong>caelos</strong></span> <span class='ocrx_word' id='word_1_583' title='bbox 3596 3634 3694 3705; x_wconf 77' lang='lat' dir='ltr'><strong>egit</strong></span> 
     </span>
    </p>
   </div>
   <div class='ocr_carea' id='block_1_80' title="bbox 2115 3712 3693 3793">
    <p class='ocr_par' dir='ltr' id='par_1_80' title="bbox 2115 3712 3693 3793">
     <span class='ocr_line' id='line_1_80' title="bbox 2115 3712 3693 3793; baseline 0.003 -16"><span class='ocrx_word' id='word_1_584' title='bbox 2115 3721 2383 3789; x_wconf 90' lang='lat' dir='ltr'><strong>Christus,</strong></span> <span class='ocrx_word' id='word_1_585' title='bbox 2411 3722 2698 3780; x_wconf 83' lang='lat' dir='ltr'><strong>cruciﬁxus</strong></span> <span class='ocrx_word' id='word_1_586' title='bbox 2724 3712 2779 3779; x_wconf 85' lang='lat' dir='ltr'><strong>et</strong></span> <span class='ocrx_word' id='word_1_587' title='bbox 2822 3734 3096 3793; x_wconf 88' lang='lat' dir='ltr'><strong>mortuus,</strong></span> <span class='ocrx_word' id='word_1_588' title='bbox 3128 3735 3184 3781; x_wconf 90' lang='lat' dir='ltr'><strong>et</strong></span> <span class='ocrx_word' id='word_1_589' title='bbox 3211 3729 3378 3783; x_wconf 89' lang='lat' dir='ltr'><strong>tertia</strong></span> <span class='ocrx_word' id='word_1_590' title='bbox 3420 3728 3509 3784; x_wconf 90' lang='lat' dir='ltr'><strong>die</strong></span> <span class='ocrx_word' id='word_1_591' title='bbox 3534 3742 3693 3783; x_wconf 86' lang='lat' dir='ltr'><strong>resur-</strong></span> 
     </span>
    </p>
   </div>
   <div class='ocr_carea' id='block_1_81' title="bbox 2115 3798 3693 3887">
    <p class='ocr_par' dir='ltr' id='par_1_81' title="bbox 2115 3798 3693 3887">
     <span class='ocr_line' id='line_1_81' title="bbox 2115 3798 3693 3887; baseline 0.002 -18"><span class='ocrx_word' id='word_1_592' title='bbox 2115 3825 2269 3883; x_wconf 76' lang='lat' dir='ltr'><strong>gens,</strong></span> <span class='ocrx_word' id='word_1_593' title='bbox 2295 3815 2590 3870; x_wconf 84' lang='lat' dir='ltr'><strong>secundum</strong></span> <span class='ocrx_word' id='word_1_594' title='bbox 2617 3798 2758 3885; x_wconf 84' lang='lat' dir='ltr'><strong>quod</strong></span> <span class='ocrx_word' id='word_1_595' title='bbox 2774 3816 3096 3886; x_wconf 89' lang='lat' dir='ltr'><strong>sperandum</strong></span> <span class='ocrx_word' id='word_1_596' title='bbox 3117 3833 3236 3875; x_wconf 72' lang='lat' dir='ltr'><strong>esse</strong></span> <span class='ocrx_word' id='word_1_597' title='bbox 3263 3819 3560 3875; x_wconf 85' lang='lat' dir='ltr'><strong>dixerunt:</strong></span> <span class='ocrx_word' id='word_1_598' title='bbox 3584 3818 3693 3887; x_wconf 84' lang='lat' dir='ltr'><strong>quia</strong></span> 
     </span>
    </p>
   </div>
   <div class='ocr_carea' id='block_1_82' title="bbox 2115 3902 3691 3979">
    <p class='ocr_par' dir='ltr' id='par_1_82' title="bbox 2115 3902 3691 3979">
     <span class='ocr_line' id='line_1_82' title="bbox 2115 3902 3691 3979; baseline 0.003 -22"><span class='ocrx_word' id='word_1_599' title='bbox 2115 3910 2241 3973; x_wconf 88' lang='lat' dir='ltr'><strong>post</strong></span> <span class='ocrx_word' id='word_1_600' title='bbox 2278 3902 2437 3975; x_wconf 85' lang='lat' dir='ltr'><strong>hujus</strong></span> <span class='ocrx_word' id='word_1_601' title='bbox 2460 3904 2582 3960; x_wconf 74' lang='lat' dir='ltr'><strong>vita:</strong></span> <span class='ocrx_word' id='word_1_602' title='bbox 2628 3904 2913 3959; x_wconf 84' lang='lat' dir='ltr'><strong>terminum</strong></span> <span class='ocrx_word' id='word_1_603' title='bbox 2956 3906 3101 3965; x_wconf 79' lang='lat' dir='ltr'><strong>circa</strong></span> <span class='ocrx_word' id='word_1_604' title='bbox 3131 3904 3293 3962; x_wconf 80' lang='lat' dir='ltr'><strong>linem</strong></span> <span class='ocrx_word' id='word_1_605' title='bbox 3343 3908 3532 3964; x_wconf 74' lang='lat' dir='ltr'><strong>smeuli</strong></span> <span class='ocrx_word' id='word_1_606' title='bbox 3570 3921 3691 3979; x_wconf 77' lang='lat' dir='ltr'><strong>pra:-</strong></span> 
     </span>
    </p>
   </div>
   <div class='ocr_carea' id='block_1_83' title="bbox 2115 3995 3693 4075">
    <p class='ocr_par' dir='ltr' id='par_1_83' title="bbox 2115 3995 3693 4075">
     <span class='ocr_line' id='line_1_83' title="bbox 2115 3995 3693 4075; baseline 0.003 -25"><span class='ocrx_word' id='word_1_607' title='bbox 2115 3995 2306 4062; x_wconf 84' lang='lat' dir='ltr'><strong>sentis,</strong></span> <span class='ocrx_word' id='word_1_608' title='bbox 2332 4010 2520 4052; x_wconf 90' lang='lat' dir='ltr'><strong>omnes</strong></span> <span class='ocrx_word' id='word_1_609' title='bbox 2542 3996 2788 4053; x_wconf 88' lang='lat' dir='ltr'><strong>homines</strong></span> <span class='ocrx_word' id='word_1_610' title='bbox 2812 4007 3112 4075; x_wconf 78' lang='lat' dir='ltr'><strong>resurgant,</strong></span> <span class='ocrx_word' id='word_1_611' title='bbox 3144 4008 3200 4054; x_wconf 91' lang='lat' dir='ltr'><strong>et</strong></span> <span class='ocrx_word' id='word_1_612' title='bbox 3225 4000 3571 4057; x_wconf 88' lang='lat' dir='ltr'><strong>immortales</strong></span> <span class='ocrx_word' id='word_1_613' title='bbox 3591 3999 3693 4055; x_wconf 86' lang='lat' dir='ltr'><strong>exi-</strong></span> 
     </span>
    </p>
   </div>
   <div class='ocr_carea' id='block_1_84' title="bbox 2115 4085 3696 4164">
    <p class='ocr_par' dir='ltr' id='par_1_84' title="bbox 2115 4085 3696 4164">
     <span class='ocr_line' id='line_1_84' title="bbox 2115 4085 3696 4164; baseline 0.002 -22"><span class='ocrx_word' id='word_1_614' title='bbox 2115 4085 2262 4142; x_wconf 86' lang='lat' dir='ltr'><strong>stant</strong></span> <span class='ocrx_word' id='word_1_615' title='bbox 2292 4087 2425 4147; x_wconf 85' lang='lat' dir='ltr'><strong>:alii</strong></span> <span class='ocrx_word' id='word_1_616' title='bbox 2477 4088 2692 4159; x_wconf 87' lang='lat' dir='ltr'><strong>quidem</strong></span> <span class='ocrx_word' id='word_1_617' title='bbox 2720 4089 2789 4144; x_wconf 91' lang='lat' dir='ltr'><strong>ad</strong></span> <span class='ocrx_word' id='word_1_618' title='bbox 2822 4091 3037 4161; x_wconf 63' lang='lat' dir='ltr'><strong>praemia</strong></span> <span class='ocrx_word' id='word_1_619' title='bbox 3064 4107 3246 4147; x_wconf 86' lang='lat' dir='ltr'><strong>rerum</strong></span> <span class='ocrx_word' id='word_1_620' title='bbox 3269 4132 3289 4159; x_wconf 92' lang='lat'><strong>,</strong></span> <span class='ocrx_word' id='word_1_621' title='bbox 3340 4094 3542 4164; x_wconf 88' lang='lat' dir='ltr'><strong>quibus</strong></span> <span class='ocrx_word' id='word_1_622' title='bbox 3572 4093 3696 4148; x_wconf 84' lang='lat' dir='ltr'><strong>bene</strong></span> 
     </span>
    </p>
   </div>
   <div class='ocr_carea' id='block_1_85' title="bbox 2117 4178 3699 4252">
    <p class='ocr_par' dir='ltr' id='par_1_85' title="bbox 2117 4178 3699 4252">
     <span class='ocr_line' id='line_1_85' title="bbox 2117 4178 3699 4252; baseline 0.004 -20"><span class='ocrx_word' id='word_1_623' title='bbox 2117 4178 2394 4245; x_wconf 81' lang='lat' dir='ltr'><strong>vixerunt;</strong></span> <span class='ocrx_word' id='word_1_624' title='bbox 2426 4178 2517 4241; x_wconf 85' lang='lat' dir='ltr'><strong>alii</strong></span> <span class='ocrx_word' id='word_1_625' title='bbox 2547 4180 2612 4233; x_wconf 90' lang='lat' dir='ltr'><strong>ad</strong></span> <span class='ocrx_word' id='word_1_626' title='bbox 2642 4180 2929 4252; x_wconf 88' lang='lat' dir='ltr'><strong>supplicia,</strong></span> <span class='ocrx_word' id='word_1_627' title='bbox 2955 4197 3021 4237; x_wconf 90' lang='lat' dir='ltr'><strong>eo</strong></span> <span class='ocrx_word' id='word_1_628' title='bbox 3052 4183 3196 4252; x_wconf 91' lang='lat' dir='ltr'><strong>quod</strong></span> <span class='ocrx_word' id='word_1_629' title='bbox 3220 4185 3294 4241; x_wconf 88' lang='lat' dir='ltr'><strong>ab</strong></span> <span class='ocrx_word' id='word_1_630' title='bbox 3319 4185 3407 4241; x_wconf 91' lang='lat' dir='ltr'><strong>eis</strong></span> <span class='ocrx_word' id='word_1_631' title='bbox 3433 4185 3576 4241; x_wconf 89' lang='lat' dir='ltr'><strong>mala</strong></span> <span class='ocrx_word' id='word_1_632' title='bbox 3602 4184 3699 4239; x_wconf 87' lang='lat' dir='ltr'><strong>sint</strong></span> 
     </span>
    </p>
   </div>
   <div class='ocr_carea' id='block_1_86' title="bbox 2117 4262 3697 4347">
    <p class='ocr_par' dir='ltr' id='par_1_86' title="bbox 2117 4262 3697 4347">
     <span class='ocr_line' id='line_1_86' title="bbox 2117 4262 3697 4347; baseline 0.001 -19"><span class='ocrx_word' id='word_1_633' title='bbox 2117 4280 2287 4342; x_wconf 72' lang='lat' dir='ltr'><strong>gesta.</strong></span> <span class='ocrx_word' id='word_1_634' title='bbox 2316 4270 2444 4331; x_wconf 82' lang='lat' dir='ltr'><strong>Esse</strong></span> <span class='ocrx_word' id='word_1_635' title='bbox 2471 4281 2650 4329; x_wconf 88' lang='lat' dir='ltr'><strong>tamen</strong></span> <span class='ocrx_word' id='word_1_636' title='bbox 2687 4262 2851 4330; x_wconf 87' lang='lat' dir='ltr'><strong>etiam</strong></span> <span class='ocrx_word' id='word_1_637' title='bbox 2896 4274 2949 4329; x_wconf 91' lang='lat' dir='ltr'><strong>in</strong></span> <span class='ocrx_word' id='word_1_638' title='bbox 2979 4275 3191 4332; x_wconf 88' lang='lat' dir='ltr'><strong>delictis</strong></span> <span class='ocrx_word' id='word_1_639' title='bbox 3217 4292 3348 4347; x_wconf 61' lang='lat' dir='ltr'><strong>quae</strong></span> <span class='ocrx_word' id='word_1_640' title='bbox 3373 4277 3697 4335; x_wconf 83' lang='lat' dir='ltr'><strong>committun-</strong></span> 
     </span>
    </p>
   </div>
   <div class='ocr_carea' id='block_1_87' title="bbox 2118 4364 3698 4440">
    <p class='ocr_par' dir='ltr' id='par_1_87' title="bbox 2118 4364 3698 4440">
     <span class='ocr_line' id='line_1_87' title="bbox 2118 4364 3698 4440; baseline 0.001 -17"><span class='ocrx_word' id='word_1_641' title='bbox 2118 4370 2207 4423; x_wconf 77' lang='lat' dir='ltr'><strong>tur</strong></span> <span class='ocrx_word' id='word_1_642' title='bbox 2230 4364 2317 4419; x_wconf 92' lang='lat' dir='ltr'><strong>hic</strong></span> <span class='ocrx_word' id='word_1_643' title='bbox 2354 4366 2691 4422; x_wconf 87' lang='lat' dir='ltr'><strong>occasionem</strong></span> <span class='ocrx_word' id='word_1_644' title='bbox 2738 4366 2928 4423; x_wconf 87' lang='lat' dir='ltr'><strong>salutis</strong></span> <span class='ocrx_word' id='word_1_645' title='bbox 2976 4365 3532 4440; x_wconf 84' lang='lat' dir='ltr'><strong>purificationemque</strong></span> <span class='ocrx_word' id='word_1_646' title='bbox 3582 4382 3698 4440; x_wconf 84' lang='lat' dir='ltr'><strong>pec-</strong></span> 
     </span>
    </p>
   </div>
   <div class='ocr_carea' id='block_1_88' title="bbox 2120 4454 3699 4529">
    <p class='ocr_par' dir='ltr' id='par_1_88' title="bbox 2120 4454 3699 4529">
     <span class='ocr_line' id='line_1_88' title="bbox 2120 4454 3699 4529; baseline 0.002 -20"><span class='ocrx_word' id='word_1_647' title='bbox 2120 4454 2266 4510; x_wconf 88' lang='lat' dir='ltr'><strong>cati:</strong></span> <span class='ocrx_word' id='word_1_648' title='bbox 2296 4456 2535 4511; x_wconf 88' lang='lat' dir='ltr'><strong>nondum</strong></span> <span class='ocrx_word' id='word_1_649' title='bbox 2574 4455 2800 4518; x_wconf 89' lang='lat' dir='ltr'><strong>initialis</strong></span> <span class='ocrx_word' id='word_1_650' title='bbox 2834 4458 3050 4528; x_wconf 90' lang='lat' dir='ltr'><strong>quidem</strong></span> <span class='ocrx_word' id='word_1_651' title='bbox 3090 4459 3445 4529; x_wconf 88' lang='lat' dir='ltr'><strong>baptismatis</strong></span> <span class='ocrx_word' id='word_1_652' title='bbox 3472 4457 3699 4529; x_wconf 81' lang='lat' dir='ltr'><strong>adeptio-</strong></span> 
     </span>
    </p>
   </div>
   <div class='ocr_carea' id='block_1_89' title="bbox 429 4518 2014 4624">
    <p class='ocr_par' dir='ltr' id='par_1_89' title="bbox 429 4518 2014 4598">
     <span class='ocr_line' id='line_1_89' title="bbox 429 4518 2014 4598; baseline 0.011 -24"><span class='ocrx_word' id='word_1_653' title='bbox 429 4518 534 4581; x_wconf 87' lang='lat' dir='ltr'><strong>lius</strong></span> <span class='ocrx_word' id='word_1_654' title='bbox 560 4519 826 4590; x_wconf 80' lang='lat' dir='ltr'><strong>privatam</strong></span> <span class='ocrx_word' id='word_1_655' title='bbox 852 4523 1143 4594; x_wconf 70' lang='lat' dir='ltr'><strong>elegissent</strong></span> <span class='ocrx_word' id='word_1_656' title='bbox 1169 4528 1333 4585; x_wconf 86' lang='lat' dir='ltr'><strong>vitam</strong></span> <span class='ocrx_word' id='word_1_657' title='bbox 1352 4571 1368 4598; x_wconf 93' lang='lat'><strong>,</strong></span> <span class='ocrx_word' id='word_1_658' title='bbox 1393 4538 1451 4587; x_wconf 90' lang='lat' dir='ltr'><strong>et</strong></span> <span class='ocrx_word' id='word_1_659' title='bbox 1486 4530 1808 4591; x_wconf 81' lang='lat' dir='ltr'><strong>Maximinus</strong></span> <span class='ocrx_word' id='word_1_660' title='bbox 1854 4532 2014 4592; x_wconf 82' lang='lat' dir='ltr'><strong>Cale-</strong></span> 
     </span>
    </p>
   </div>
   <div class='ocr_carea' id='block_1_90' title="bbox 2117 4518 3700 4624">
    <p class='ocr_par' dir='ltr' id='par_1_90' title="bbox 2117 4518 3700 4624">
     <span class='ocr_line' id='line_1_90' title="bbox 2117 4518 3700 4624; baseline 0.003 -24"><span class='ocrx_word' id='word_1_661' title='bbox 2117 4560 2240 4601; x_wconf 89' lang='lat' dir='ltr'><strong>nem</strong></span> <span class='ocrx_word' id='word_1_662' title='bbox 2261 4547 2557 4605; x_wconf 89' lang='lat' dir='ltr'><strong>secundum</strong></span> <span class='ocrx_word' id='word_1_663' title='bbox 2597 4518 3018 4607; x_wconf 66' lang='lat' dir='ltr'><strong>ecclesiasticam</strong></span> <span class='ocrx_word' id='word_1_664' title='bbox 3047 4518 3242 4619; x_wconf 74' lang='lat' dir='ltr'><strong>legem,</strong></span> <span class='ocrx_word' id='word_1_665' title='bbox 3268 4553 3448 4624; x_wconf 72' lang='lat'><strong>208</strong></span> <span class='ocrx_word' id='word_1_666' title='bbox 3493 4518 3700 4606; x_wconf 77' lang='lat' dir='ltr'><strong>initiatis</strong></span> 
     </span>
    </p>
   </div>
   <div class='ocr_carea' id='block_1_91' title="bbox 427 4609 2015 4694">
    <p class='ocr_par' dir='ltr' id='par_1_91' title="bbox 427 4609 2015 4694">
     <span class='ocr_line' id='line_1_91' title="bbox 427 4609 2015 4694; baseline 0.013 -30"><span class='ocrx_word' id='word_1_667' title='bbox 427 4609 562 4677; x_wconf 84' lang='lat' dir='ltr'><strong>rius,</strong></span> <span class='ocrx_word' id='word_1_668' title='bbox 592 4611 685 4687; x_wconf 92' lang='lat' dir='ltr'><strong>qui</strong></span> <span class='ocrx_word' id='word_1_669' title='bbox 726 4628 851 4673; x_wconf 85' lang='lat' dir='ltr'><strong>cum</strong></span> <span class='ocrx_word' id='word_1_670' title='bbox 877 4615 958 4673; x_wconf 81' lang='lat' dir='ltr'><strong>eis</strong></span> <span class='ocrx_word' id='word_1_671' title='bbox 986 4617 1361 4688; x_wconf 80' lang='lat' dir='ltr'><strong>imperaverat,</strong></span> <span class='ocrx_word' id='word_1_672' title='bbox 1395 4630 1581 4681; x_wconf 87' lang='lat' dir='ltr'><strong>tenens</strong></span> <span class='ocrx_word' id='word_1_673' title='bbox 1624 4624 1851 4694; x_wconf 85' lang='lat' dir='ltr'><strong>Italiam,</strong></span> <span class='ocrx_word' id='word_1_674' title='bbox 1878 4626 2015 4686; x_wconf 83' lang='lat' dir='ltr'><strong>duos</strong></span> 
     </span>
    </p>
   </div>
   <div class='ocr_carea' id='block_1_92' title="bbox 428 4700 2013 4782">
    <p class='ocr_par' dir='ltr' id='par_1_92' title="bbox 428 4700 2013 4782">
     <span class='ocr_line' id='line_1_92' title="bbox 428 4700 2013 4782; baseline 0.013 -26"><span class='ocrx_word' id='word_1_675' title='bbox 428 4700 671 4763; x_wconf 65' lang='lat' dir='ltr'><strong>Cresares</strong></span> <span class='ocrx_word' id='word_1_676' title='bbox 692 4702 925 4772; x_wconf 82' lang='lat' dir='ltr'><strong>fecisset,</strong></span> <span class='ocrx_word' id='word_1_677' title='bbox 954 4704 1302 4772; x_wconf 74' lang='lat' dir='ltr'><strong>Maximinum</strong></span> <span class='ocrx_word' id='word_1_678' title='bbox 1331 4713 1385 4775; x_wconf 84' lang='lat' dir='ltr'><strong>in</strong></span> <span class='ocrx_word' id='word_1_679' title='bbox 1403 4711 1641 4782; x_wconf 87' lang='lat' dir='ltr'><strong>Oriente,</strong></span> <span class='ocrx_word' id='word_1_680' title='bbox 1673 4724 1728 4772; x_wconf 88' lang='lat' dir='ltr'><strong>et</strong></span> <span class='ocrx_word' id='word_1_681' title='bbox 1753 4716 2013 4776; x_wconf 89' lang='lat' dir='ltr'><strong>Severum</strong></span> 
     </span>
    </p>
   </div>
   <div class='ocr_carea' id='block_1_93' title="bbox 426 4793 2013 4870">
    <p class='ocr_par' dir='ltr' id='par_1_93' title="bbox 426 4793 2013 4870">
     <span class='ocr_line' id='line_1_93' title="bbox 426 4793 2013 4870; baseline 0.009 -18"><span class='ocrx_word' id='word_1_682' title='bbox 426 4795 482 4859; x_wconf 86' lang='lat' dir='ltr'><strong>in</strong></span> <span class='ocrx_word' id='word_1_683' title='bbox 510 4793 663 4857; x_wconf 87' lang='lat' dir='ltr'><strong>Italia</strong></span> <span class='ocrx_word' id='word_1_684' title='bbox 687 4795 859 4868; x_wconf 81' lang='lat' dir='ltr'><strong>(Anno</strong></span> <span class='ocrx_word' id='word_1_685' title='bbox 878 4796 975 4861; x_wconf 79' lang='lat' dir='ltr'><strong>Ch,</strong></span> <span class='ocrx_word' id='word_1_686' title='bbox 1004 4799 1164 4870; x_wconf 78' lang='lat'><strong>506);</strong></span> <span class='ocrx_word' id='word_1_687' title='bbox 1195 4810 1325 4859; x_wconf 91' lang='lat' dir='ltr'><strong>tunc</strong></span> <span class='ocrx_word' id='word_1_688' title='bbox 1367 4803 1749 4863; x_wconf 88' lang='lat' dir='ltr'><strong>Constantinus</strong></span> <span class='ocrx_word' id='word_1_689' title='bbox 1795 4808 1849 4864; x_wconf 91' lang='lat' dir='ltr'><strong>in</strong></span> <span class='ocrx_word' id='word_1_690' title='bbox 1895 4808 2013 4865; x_wconf 85' lang='lat' dir='ltr'><strong>Bri-</strong></span> 
     </span>
    </p>
   </div>
   <div class='ocr_carea' id='block_1_94' title="bbox 429 4887 2013 4966">
    <p class='ocr_par' dir='ltr' id='par_1_94' title="bbox 429 4887 2013 4966">
     <span class='ocr_line' id='line_1_94' title="bbox 429 4887 2013 4966; baseline 0.01 -27"><span class='ocrx_word' id='word_1_691' title='bbox 429 4887 613 4941; x_wconf 83' lang='lat' dir='ltr'><strong>tannia</strong></span> <span class='ocrx_word' id='word_1_692' title='bbox 640 4894 797 4957; x_wconf 81' lang='lat' dir='ltr'><strong>patre</strong></span> <span class='ocrx_word' id='word_1_693' title='bbox 820 4896 1036 4945; x_wconf 87' lang='lat' dir='ltr'><strong>mortuo</strong></span> <span class='ocrx_word' id='word_1_694' title='bbox 1056 4890 1334 4955; x_wconf 83' lang='lat' dir='ltr'><strong>ordinatur</strong></span> <span class='ocrx_word' id='word_1_695' title='bbox 1357 4893 1652 4964; x_wconf 84' lang='lat' dir='ltr'><strong>imperator</strong></span> <span class='ocrx_word' id='word_1_696' title='bbox 1676 4895 1851 4966; x_wconf 89' lang='lat' dir='ltr'><strong>primo</strong></span> <span class='ocrx_word' id='word_1_697' title='bbox 1870 4912 2013 4955; x_wconf 88' lang='lat' dir='ltr'><strong>anno</strong></span> 
     </span>
    </p>
   </div>
   <div class='ocr_carea' id='block_1_95' title="bbox 427 4972 2012 5048">
    <p class='ocr_par' dir='ltr' id='par_1_95' title="bbox 427 4972 2012 5048">
     <span class='ocr_line' id='line_1_95' title="bbox 427 4972 2012 5048; baseline 0.009 -20"><span class='ocrx_word' id='word_1_698' title='bbox 427 4972 750 5047; x_wconf 80' lang='lat' dir='ltr'><strong>Olympiadis</strong></span> <span class='ocrx_word' id='word_1_699' title='bbox 774 4974 900 5041; x_wconf 71' lang='lat' dir='ltr'><strong>2H,</strong></span> <span class='ocrx_word' id='word_1_700' title='bbox 939 4977 1027 5035; x_wconf 89' lang='lat' dir='ltr'><strong>die</strong></span> <span class='ocrx_word' id='word_1_701' title='bbox 1071 4978 1139 5033; x_wconf 74' lang='lat'><strong>27</strong></span> <span class='ocrx_word' id='word_1_702' title='bbox 1168 4978 1290 5036; x_wconf 84' lang='lat' dir='ltr'><strong>Julii</strong></span> <span class='ocrx_word' id='word_1_703' title='bbox 1342 4984 1562 5043; x_wconf 87' lang='lat' dir='ltr'><strong>mensis.</strong></span> <span class='ocrx_word' id='word_1_704' title='bbox 1609 4983 1797 5041; x_wconf 66' lang='lat' dir='ltr'><strong>Romae</strong></span> <span class='ocrx_word' id='word_1_705' title='bbox 1826 5001 1953 5042; x_wconf 89' lang='lat' dir='ltr'><strong>vero</strong></span> <span class='ocrx_word' id='word_1_706' title='bbox 1979 5003 2012 5048; x_wconf 83' lang='lat' dir='ltr'><strong>a</strong></span> 
     </span>
    </p>
   </div>
   <div class='ocr_carea' id='block_1_96' title="bbox 430 5064 2018 5135">
    <p class='ocr_par' dir='ltr' id='par_1_96' title="bbox 430 5064 2018 5135">
     <span class='ocr_line' id='line_1_96' title="bbox 430 5064 2018 5135; baseline 0.012 -19"><span class='ocrx_word' id='word_1_707' title='bbox 430 5064 768 5133; x_wconf 71' lang='lat' dir='ltr'><strong>prmtorianis</strong></span> <span class='ocrx_word' id='word_1_708' title='bbox 794 5067 1055 5125; x_wconf 88' lang='lat' dir='ltr'><strong>militibus</strong></span> <span class='ocrx_word' id='word_1_709' title='bbox 1091 5068 1394 5131; x_wconf 72' lang='lat' dir='ltr'><strong>Maxentius</strong></span> <span class='ocrx_word' id='word_1_710' title='bbox 1442 5073 1753 5135; x_wconf 82' lang='lat' dir='ltr'><strong>Maximiani</strong></span> <span class='ocrx_word' id='word_1_711' title='bbox 1780 5075 2018 5135; x_wconf 80' lang='lat' dir='ltr'><strong>Herculii</strong></span> 
     </span>
    </p>
   </div>
   <div class='ocr_carea' id='block_1_97' title="bbox 429 5156 2016 5244">
    <p class='ocr_par' dir='ltr' id='par_1_97' title="bbox 429 5156 2016 5244">
     <span class='ocr_line' id='line_1_97' title="bbox 429 5156 2016 5244; baseline 0.012 -35"><span class='ocrx_word' id='word_1_712' title='bbox 429 5156 572 5213; x_wconf 82' lang='lat' dir='ltr'><strong>illius</strong></span> <span class='ocrx_word' id='word_1_713' title='bbox 616 5158 914 5230; x_wconf 85' lang='lat' dir='ltr'><strong>imperator</strong></span> <span class='ocrx_word' id='word_1_714' title='bbox 950 5162 1265 5227; x_wconf 83' lang='lat' dir='ltr'><strong>instituitur,</strong></span> <span class='ocrx_word' id='word_1_715' title='bbox 1307 5164 1445 5227; x_wconf 84' lang='lat' dir='ltr'><strong>lline</strong></span> <span class='ocrx_word' id='word_1_716' title='bbox 1489 5167 1608 5239; x_wconf 89' lang='lat' dir='ltr'><strong>ejus</strong></span> <span class='ocrx_word' id='word_1_717' title='bbox 1654 5177 1811 5241; x_wconf 88' lang='lat' dir='ltr'><strong>pater</strong></span> <span class='ocrx_word' id='word_1_718' title='bbox 1846 5172 2016 5244; x_wconf 91' lang='lat' dir='ltr'><strong>impe-</strong></span> 
     </span>
    </p>
   </div>
   <div class='ocr_carea' id='block_1_98' title="bbox 430 5248 2016 5334">
    <p class='ocr_par' dir='ltr' id='par_1_98' title="bbox 430 5248 2016 5334">
     <span class='ocr_line' id='line_1_98' title="bbox 430 5248 2016 5334; baseline 0.011 -32"><span class='ocrx_word' id='word_1_719' title='bbox 430 5248 585 5305; x_wconf 80' lang='lat' dir='ltr'><strong>randi</strong></span> <span class='ocrx_word' id='word_1_720' title='bbox 604 5250 859 5322; x_wconf 88' lang='lat' dir='ltr'><strong>cupidine</strong></span> <span class='ocrx_word' id='word_1_721' title='bbox 887 5254 1055 5311; x_wconf 87' lang='lat' dir='ltr'><strong>voluit</strong></span> <span class='ocrx_word' id='word_1_722' title='bbox 1080 5254 1249 5313; x_wconf 84' lang='lat' dir='ltr'><strong>lilium</strong></span> <span class='ocrx_word' id='word_1_723' title='bbox 1291 5272 1459 5329; x_wconf 77' lang='lat' dir='ltr'><strong>regno</strong></span> <span class='ocrx_word' id='word_1_724' title='bbox 1489 5261 1735 5332; x_wconf 88' lang='lat' dir='ltr'><strong>privare,</strong></span> <span class='ocrx_word' id='word_1_725' title='bbox 1764 5264 1911 5334; x_wconf 91' lang='lat' dir='ltr'><strong>quod</strong></span> <span class='ocrx_word' id='word_1_726' title='bbox 1934 5262 2016 5320; x_wconf 78' lang='lat' dir='ltr'><strong>fa-</strong></span> 
     </span>
    </p>
   </div>
   <div class='ocr_carea' id='block_1_99' title="bbox 430 5341 2014 5414">
    <p class='ocr_par' dir='ltr' id='par_1_99' title="bbox 430 5341 2014 5414">
     <span class='ocr_line' id='line_1_99' title="bbox 430 5341 2014 5414; baseline 0.012 -20"><span class='ocrx_word' id='word_1_727' title='bbox 430 5352 557 5395; x_wconf 88' lang='lat' dir='ltr'><strong>cere</strong></span> <span class='ocrx_word' id='word_1_728' title='bbox 578 5341 839 5411; x_wconf 83' lang='lat' dir='ltr'><strong>nequivit.</strong></span> <span class='ocrx_word' id='word_1_729' title='bbox 860 5342 992 5402; x_wconf 88' lang='lat' dir='ltr'><strong>Post</strong></span> <span class='ocrx_word' id='word_1_730' title='bbox 1018 5347 1130 5403; x_wconf 66' lang='lat' dir='ltr'><strong>haec</strong></span> <span class='ocrx_word' id='word_1_731' title='bbox 1147 5357 1328 5406; x_wconf 85' lang='lat' dir='ltr'><strong>autem</strong></span> <span class='ocrx_word' id='word_1_732' title='bbox 1359 5349 1526 5411; x_wconf 86' lang='lat' dir='ltr'><strong>Tarso</strong></span> <span class='ocrx_word' id='word_1_733' title='bbox 1546 5352 1744 5410; x_wconf 75' lang='lat' dir='ltr'><strong>Cilicia:</strong></span> <span class='ocrx_word' id='word_1_734' title='bbox 1770 5364 2014 5414; x_wconf 88' lang='lat' dir='ltr'><strong>mortuus</strong></span> 
     </span>
    </p>
   </div>
   <div class='ocr_carea' id='block_1_100' title="bbox 430 5427 2014 5503">
    <p class='ocr_par' dir='ltr' id='par_1_100' title="bbox 430 5427 2014 5503">
     <span class='ocr_line' id='line_1_100' title="bbox 430 5427 2014 5503; baseline 0.013 -20"><span class='ocrx_word' id='word_1_735' title='bbox 430 5436 535 5485; x_wconf 85' lang='lat' dir='ltr'><strong>est.</strong></span> <span class='ocrx_word' id='word_1_736' title='bbox 584 5427 753 5488; x_wconf 78' lang='lat' dir='ltr'><strong>Porro</strong></span> <span class='ocrx_word' id='word_1_737' title='bbox 798 5432 1034 5492; x_wconf 88' lang='lat' dir='ltr'><strong>Severus</strong></span> <span class='ocrx_word' id='word_1_738' title='bbox 1087 5437 1274 5496; x_wconf 68' lang='lat' dir='ltr'><strong>Romae</strong></span> <span class='ocrx_word' id='word_1_739' title='bbox 1317 5450 1509 5498; x_wconf 86' lang='lat' dir='ltr'><strong>contra</strong></span> <span class='ocrx_word' id='word_1_740' title='bbox 1555 5443 1882 5502; x_wconf 82' lang='lat' dir='ltr'><strong>Maxentium</strong></span> <span class='ocrx_word' id='word_1_741' title='bbox 1919 5462 2014 5503; x_wconf 88' lang='lat' dir='ltr'><strong>ve-</strong></span> 
     </span>
    </p>
   </div>
   <div class='ocr_carea' id='block_1_101' title="bbox 2121 4639 3701 4714">
    <p class='ocr_par' dir='ltr' id='par_1_101' title="bbox 2121 4639 3701 4714">
     <span class='ocr_line' id='line_1_101' title="bbox 2121 4639 3701 4714; baseline 0.002 -21"><span class='ocrx_word' id='word_1_742' title='bbox 2121 4647 2301 4693; x_wconf 89' lang='lat' dir='ltr'><strong>autem</strong></span> <span class='ocrx_word' id='word_1_743' title='bbox 2329 4639 2650 4707; x_wconf 88' lang='lat' dir='ltr'><strong>custodiam,</strong></span> <span class='ocrx_word' id='word_1_744' title='bbox 2672 4655 2744 4703; x_wconf 84' lang='lat' dir='ltr'><strong>ne</strong></span> <span class='ocrx_word' id='word_1_745' title='bbox 2769 4640 3101 4711; x_wconf 89' lang='lat' dir='ltr'><strong>delinquant.</strong></span> <span class='ocrx_word' id='word_1_746' title='bbox 3134 4642 3241 4699; x_wconf 88' lang='lat' dir='ltr'><strong>Sed</strong></span> <span class='ocrx_word' id='word_1_747' title='bbox 3268 4645 3407 4714; x_wconf 90' lang='lat' dir='ltr'><strong>quia</strong></span> <span class='ocrx_word' id='word_1_748' title='bbox 3432 4647 3536 4700; x_wconf 88' lang='lat' dir='ltr'><strong>hoe</strong></span> <span class='ocrx_word' id='word_1_749' title='bbox 3556 4657 3701 4712; x_wconf 79' lang='lat' dir='ltr'><strong>agere</strong></span> 
     </span>
    </p>
   </div>
   <div class='ocr_carea' id='block_1_102' title="bbox 2119 4730 3703 4804">
    <p class='ocr_par' dir='ltr' id='par_1_102' title="bbox 2119 4730 3703 4804">
     <span class='ocr_line' id='line_1_102' title="bbox 2119 4730 3703 4804; baseline 0.006 -19"><span class='ocrx_word' id='word_1_750' title='bbox 2119 4730 2342 4789; x_wconf 90' lang='lat' dir='ltr'><strong>omnino</strong></span> <span class='ocrx_word' id='word_1_751' title='bbox 2371 4745 2667 4801; x_wconf 90' lang='lat' dir='ltr'><strong>paucorum</strong></span> <span class='ocrx_word' id='word_1_752' title='bbox 2691 4739 3109 4804; x_wconf 89' lang='lat' dir='ltr'><strong>sanctorumque</strong></span> <span class='ocrx_word' id='word_1_753' title='bbox 3139 4734 3390 4790; x_wconf 88' lang='lat' dir='ltr'><strong>virorum</strong></span> <span class='ocrx_word' id='word_1_754' title='bbox 3419 4745 3527 4803; x_wconf 87' lang='lat' dir='ltr'><strong>est,</strong></span> <span class='ocrx_word' id='word_1_755' title='bbox 3556 4735 3703 4795; x_wconf 75' lang='lat' dir='ltr'><strong>doco-</strong></span> 
     </span>
    </p>
   </div>
   <div class='ocr_carea' id='block_1_103' title="bbox 2120 4820 3701 4900">
    <p class='ocr_par' dir='ltr' id='par_1_103' title="bbox 2120 4820 3701 4900">
     <span class='ocr_line' id='line_1_103' title="bbox 2120 4820 3701 4900; baseline 0.004 -25"><span class='ocrx_word' id='word_1_756' title='bbox 2120 4820 2250 4876; x_wconf 90' lang='lat' dir='ltr'><strong>bant</strong></span> <span class='ocrx_word' id='word_1_757' title='bbox 2268 4836 2484 4891; x_wconf 87' lang='lat' dir='ltr'><strong>quoque</strong></span> <span class='ocrx_word' id='word_1_758' title='bbox 2512 4822 2937 4893; x_wconf 77' lang='lat' dir='ltr'><strong>puriﬁcationem</strong></span> <span class='ocrx_word' id='word_1_759' title='bbox 2966 4827 3257 4882; x_wconf 86' lang='lat' dir='ltr'><strong>secundam</strong></span> <span class='ocrx_word' id='word_1_760' title='bbox 3290 4844 3362 4884; x_wconf 83' lang='lat' dir='ltr'><strong>ex</strong></span> <span class='ocrx_word' id='word_1_761' title='bbox 3398 4827 3701 4900; x_wconf 65' lang='lat' dir='ltr'><strong>poenitentia</strong></span> 
     </span>
    </p>
   </div>
   <div class='ocr_carea' id='block_1_104' title="bbox 2119 4914 3700 4986">
    <p class='ocr_par' dir='ltr' id='par_1_104' title="bbox 2119 4914 3700 4986">
     <span class='ocr_line' id='line_1_104' title="bbox 2119 4914 3700 4986; baseline 0.001 -17"><span class='ocrx_word' id='word_1_762' title='bbox 2119 4915 2497 4981; x_wconf 83' lang='lat' dir='ltr'><strong>constitutam;</strong></span> <span class='ocrx_word' id='word_1_763' title='bbox 2527 4914 2848 4978; x_wconf 86' lang='lat' dir='ltr'><strong>clementem</strong></span> <span class='ocrx_word' id='word_1_764' title='bbox 2877 4919 3018 4972; x_wconf 89' lang='lat' dir='ltr'><strong>enim</strong></span> <span class='ocrx_word' id='word_1_765' title='bbox 3048 4934 3169 4975; x_wconf 86' lang='lat' dir='ltr'><strong>esse</strong></span> <span class='ocrx_word' id='word_1_766' title='bbox 3195 4918 3397 4986; x_wconf 83' lang='lat' dir='ltr'><strong>Deum,</strong></span> <span class='ocrx_word' id='word_1_767' title='bbox 3423 4930 3483 4977; x_wconf 88' lang='lat' dir='ltr'><strong>et</strong></span> <span class='ocrx_word' id='word_1_768' title='bbox 3505 4920 3700 4977; x_wconf 84' lang='lat' dir='ltr'><strong>veniam</strong></span> 
     </span>
    </p>
   </div>
   <div class='ocr_carea' id='block_1_105' title="bbox 2122 5004 3703 5084">
    <p class='ocr_par' dir='ltr' id='par_1_105' title="bbox 2122 5004 3703 5084">
     <span class='ocr_line' id='line_1_105' title="bbox 2122 5004 3703 5084; baseline 0.003 -24"><span class='ocrx_word' id='word_1_769' title='bbox 2122 5004 2361 5067; x_wconf 81' lang='lat' dir='ltr'><strong>tribuere</strong></span> <span class='ocrx_word' id='word_1_770' title='bbox 2385 5005 2838 5077; x_wconf 85' lang='lat' dir='ltr'><strong>delinquentibus,</strong></span> <span class='ocrx_word' id='word_1_771' title='bbox 2864 5008 2908 5064; x_wconf 91' lang='lat' dir='ltr'><strong>si</strong></span> <span class='ocrx_word' id='word_1_772' title='bbox 2931 5010 3310 5081; x_wconf 75' lang='lat' dir='ltr'><strong>pmnitentiam</strong></span> <span class='ocrx_word' id='word_1_773' title='bbox 3361 5021 3590 5084; x_wconf 79' lang='lat' dir='ltr'><strong>agentes</strong></span> <span class='ocrx_word' id='word_1_774' title='bbox 3607 5019 3703 5066; x_wconf 80' lang='lat' dir='ltr'><strong>stu-</strong></span> 
     </span>
    </p>
   </div>
   <div class='ocr_carea' id='block_1_106' title="bbox 2121 5094 3698 5171">
    <p class='ocr_par' dir='ltr' id='par_1_106' title="bbox 2121 5094 3698 5171">
     <span class='ocr_line' id='line_1_106' title="bbox 2121 5094 3698 5171; baseline 0.003 -18"><span class='ocrx_word' id='word_1_775' title='bbox 2121 5099 2283 5153; x_wconf 88' lang='lat' dir='ltr'><strong>deant</strong></span> <span class='ocrx_word' id='word_1_776' title='bbox 2302 5113 2421 5155; x_wconf 87' lang='lat' dir='ltr'><strong>eam</strong></span> <span class='ocrx_word' id='word_1_777' title='bbox 2444 5100 2700 5171; x_wconf 83' lang='lat' dir='ltr'><strong>operibus</strong></span> <span class='ocrx_word' id='word_1_778' title='bbox 2720 5102 3000 5157; x_wconf 91' lang='lat' dir='ltr'><strong>roborare.</strong></span> <span class='ocrx_word' id='word_1_779' title='bbox 3038 5101 3167 5160; x_wconf 77' lang='lat' dir='ltr'><strong>llzcc</strong></span> <span class='ocrx_word' id='word_1_780' title='bbox 3190 5105 3581 5161; x_wconf 84' lang='lat' dir='ltr'><strong>sacerdotibus</strong></span> <span class='ocrx_word' id='word_1_781' title='bbox 3613 5094 3698 5160; x_wconf 80' lang='lat' dir='ltr'><strong>ex-</strong></span> 
     </span>
    </p>
   </div>
   <div class='ocr_carea' id='block_1_107' title="bbox 2121 5190 3700 5265">
    <p class='ocr_par' dir='ltr' id='par_1_107' title="bbox 2121 5190 3700 5265">
     <span class='ocr_line' id='line_1_107' title="bbox 2121 5190 3700 5265; baseline 0.008 -22"><span class='ocrx_word' id='word_1_782' title='bbox 2121 5190 2481 5259; x_wconf 87' lang='lat' dir='ltr'><strong>planantibus,</strong></span> <span class='ocrx_word' id='word_1_783' title='bbox 2496 5193 2787 5249; x_wconf 84' lang='lat' dir='ltr'><strong>admiratus</strong></span> <span class='ocrx_word' id='word_1_784' title='bbox 2804 5194 3101 5265; x_wconf 87' lang='lat' dir='ltr'><strong>imperator</strong></span> <span class='ocrx_word' id='word_1_785' title='bbox 3121 5197 3449 5265; x_wconf 83' lang='lat' dir='ltr'><strong>prophetias</strong></span> <span class='ocrx_word' id='word_1_786' title='bbox 3474 5198 3541 5254; x_wconf 88' lang='lat' dir='ltr'><strong>de</strong></span> <span class='ocrx_word' id='word_1_787' title='bbox 3558 5196 3700 5253; x_wconf 82' lang='lat' dir='ltr'><strong>Chri-</strong></span> 
     </span>
    </p>
   </div>
   <div class='ocr_carea' id='block_1_108' title="bbox 2121 5282 3699 5354">
    <p class='ocr_par' dir='ltr' id='par_1_108' title="bbox 2121 5282 3699 5354">
     <span class='ocr_line' id='line_1_108' title="bbox 2121 5282 3699 5354; baseline 0.003 -18"><span class='ocrx_word' id='word_1_788' title='bbox 2121 5290 2206 5336; x_wconf 90' lang='lat' dir='ltr'><strong>sto</strong></span> <span class='ocrx_word' id='word_1_789' title='bbox 2237 5282 2310 5337; x_wconf 86' lang='lat' dir='ltr'><strong>ita</strong></span> <span class='ocrx_word' id='word_1_790' title='bbox 2339 5285 2651 5353; x_wconf 83' lang='lat' dir='ltr'><strong>promissas,</strong></span> <span class='ocrx_word' id='word_1_791' title='bbox 2670 5284 2831 5354; x_wconf 86' lang='lat' dir='ltr'><strong>jussit</strong></span> <span class='ocrx_word' id='word_1_792' title='bbox 2856 5285 3002 5343; x_wconf 88' lang='lat' dir='ltr'><strong>viros</strong></span> <span class='ocrx_word' id='word_1_793' title='bbox 3027 5287 3268 5344; x_wconf 86' lang='lat' dir='ltr'><strong>eruditos</strong></span> <span class='ocrx_word' id='word_1_794' title='bbox 3288 5305 3363 5345; x_wconf 85' lang='lat' dir='ltr'><strong>ex</strong></span> <span class='ocrx_word' id='word_1_795' title='bbox 3393 5305 3531 5346; x_wconf 88' lang='lat' dir='ltr'><strong>auro</strong></span> <span class='ocrx_word' id='word_1_796' title='bbox 3556 5296 3609 5345; x_wconf 81' lang='lat' dir='ltr'><strong>et</strong></span> <span class='ocrx_word' id='word_1_797' title='bbox 3631 5287 3699 5341; x_wconf 54' lang='lat' dir='ltr'><strong>lac</strong></span> 
     </span>
    </p>
   </div>
   <div class='ocr_carea' id='block_1_109' title="bbox 2121 5372 3701 5444">
    <p class='ocr_par' dir='ltr' id='par_1_109' title="bbox 2121 5372 3701 5444">
     <span class='ocr_line' id='line_1_109' title="bbox 2121 5372 3701 5444; baseline 0.003 -16"><span class='ocrx_word' id='word_1_798' title='bbox 2121 5372 2332 5442; x_wconf 83' lang='lat' dir='ltr'><strong>pidibus</strong></span> <span class='ocrx_word' id='word_1_799' title='bbox 2367 5375 2619 5444; x_wconf 79' lang='lat' dir='ltr'><strong>pretiosis</strong></span> <span class='ocrx_word' id='word_1_800' title='bbox 2657 5375 2710 5429; x_wconf 93' lang='lat' dir='ltr'><strong>in</strong></span> <span class='ocrx_word' id='word_1_801' title='bbox 2740 5376 2993 5431; x_wconf 79' lang='lat' dir='ltr'><strong>vexillum</strong></span> <span class='ocrx_word' id='word_1_802' title='bbox 3022 5379 3194 5435; x_wconf 84' lang='lat' dir='ltr'><strong>crucis</strong></span> <span class='ocrx_word' id='word_1_803' title='bbox 3220 5379 3620 5436; x_wconf 76' lang='lat' dir='ltr'><strong>transfer-mare</strong></span> <span class='ocrx_word' id='word_1_804' title='bbox 3638 5377 3701 5432; x_wconf 84' lang='lat' dir='ltr'><strong>si-</strong></span> 
     </span>
    </p>
   </div>
   <div class='ocr_carea' id='block_1_110' title="bbox 2100 5465 3699 5542">
    <p class='ocr_par' dir='ltr' id='par_1_110' title="bbox 2100 5465 3699 5542">
     <span class='ocr_line' id='line_1_110' title="bbox 2100 5465 3699 5542; baseline 0.003 -23"><span class='ocrx_word' id='word_1_805' title='bbox 2100 5499 2105 5503; x_wconf 62' lang='grc' dir='ltr'><strong><em>ο</em></strong></span> <span class='ocrx_word' id='word_1_806' title='bbox 2119 5479 2281 5534; x_wconf 83' lang='lat' dir='ltr'><strong>gnum</strong></span> <span class='ocrx_word' id='word_1_807' title='bbox 2325 5466 2468 5537; x_wconf 89' lang='lat' dir='ltr'><strong>quod</strong></span> <span class='ocrx_word' id='word_1_808' title='bbox 2498 5465 2760 5522; x_wconf 87' lang='lat' dir='ltr'><strong>Labarum</strong></span> <span class='ocrx_word' id='word_1_809' title='bbox 2785 5468 3098 5526; x_wconf 82' lang='lat' dir='ltr'><strong>vocabatur.</strong></span> <span class='ocrx_word' id='word_1_810' title='bbox 3149 5470 3267 5527; x_wconf 76' lang='lat' dir='ltr'><strong>lloc</strong></span> <span class='ocrx_word' id='word_1_811' title='bbox 3311 5473 3463 5528; x_wconf 87' lang='lat' dir='ltr'><strong>enim</strong></span> <span class='ocrx_word' id='word_1_812' title='bbox 3506 5473 3699 5542; x_wconf 82' lang='lat' dir='ltr'><strong>signum</strong></span> 
     </span>
    </p>
   </div>
   <div class='ocr_carea' id='block_1_111' title="bbox 429 5519 2014 5633">
    <p class='ocr_par' dir='ltr' id='par_1_111' title="bbox 429 5519 2014 5604">
     <span class='ocr_line' id='line_1_111' title="bbox 429 5519 2014 5604; baseline 0.016 -34"><span class='ocrx_word' id='word_1_813' title='bbox 429 5519 607 5590; x_wconf 88' lang='lat' dir='ltr'><strong>niens,</strong></span> <span class='ocrx_word' id='word_1_814' title='bbox 633 5523 863 5581; x_wconf 87' lang='lat' dir='ltr'><strong>militum</strong></span> <span class='ocrx_word' id='word_1_815' title='bbox 884 5527 1194 5596; x_wconf 85' lang='lat' dir='ltr'><strong>proditione</strong></span> <span class='ocrx_word' id='word_1_816' title='bbox 1220 5544 1529 5604; x_wconf 87' lang='lat' dir='ltr'><strong>peremptus</strong></span> <span class='ocrx_word' id='word_1_817' title='bbox 1557 5544 1658 5592; x_wconf 90' lang='lat' dir='ltr'><strong>est.</strong></span> <span class='ocrx_word' id='word_1_818' title='bbox 1693 5537 2014 5596; x_wconf 72' lang='lat' dir='ltr'><strong>Maximinus</strong></span> 
     </span>
    </p>
   </div>
   <div class='ocr_carea' id='block_1_112' title="bbox 2117 5519 3700 5633">
    <p class='ocr_par' dir='ltr' id='par_1_112' title="bbox 2117 5519 3700 5633">
     <span class='ocr_line' id='line_1_112' title="bbox 2117 5519 3700 5633; baseline 0.004 -23"><span class='ocrx_word' id='word_1_819' title='bbox 2117 5519 2538 5612; x_wconf 45' lang='lat' dir='ltr'><strong>bellicum‘inter</strong></span> <span class='ocrx_word' id='word_1_820' title='bbox 2564 5559 2668 5612; x_wconf 90' lang='lat' dir='ltr'><strong>alia</strong></span> <span class='ocrx_word' id='word_1_821' title='bbox 2706 5559 2993 5629; x_wconf 89' lang='lat' dir='ltr'><strong>pretiosius</strong></span> <span class='ocrx_word' id='word_1_822' title='bbox 3018 5569 3155 5626; x_wconf 87' lang='lat' dir='ltr'><strong>erat,</strong></span> <span class='ocrx_word' id='word_1_823' title='bbox 3200 5578 3273 5618; x_wconf 84' lang='lat' dir='ltr'><strong>eo</strong></span> <span class='ocrx_word' id='word_1_824' title='bbox 3304 5565 3458 5633; x_wconf 90' lang='lat' dir='ltr'><strong>quod</strong></span> <span class='ocrx_word' id='word_1_825' title='bbox 3484 5519 3700 5633; x_wconf 57' lang='lat' dir='ltr'><strong>impera-</strong></span> 
     </span>
    </p>
   </div>
   <div class='ocr_carea' id='block_1_113' title="bbox 432 5613 2014 5700">
    <p class='ocr_par' dir='ltr' id='par_1_113' title="bbox 432 5613 2014 5700">
     <span class='ocr_line' id='line_1_113' title="bbox 432 5613 2014 5700; baseline 0.018 -39"><span class='ocrx_word' id='word_1_826' title='bbox 432 5620 614 5667; x_wconf 87' lang='lat' dir='ltr'><strong>autem</strong></span> <span class='ocrx_word' id='word_1_827' title='bbox 639 5613 886 5675; x_wconf 83' lang='lat' dir='ltr'><strong>Galerius</strong></span> <span class='ocrx_word' id='word_1_828' title='bbox 908 5619 1191 5679; x_wconf 88' lang='lat' dir='ltr'><strong>instituens</strong></span> <span class='ocrx_word' id='word_1_829' title='bbox 1214 5624 1475 5684; x_wconf 89' lang='lat' dir='ltr'><strong>Licinium</strong></span> <span class='ocrx_word' id='word_1_830' title='bbox 1499 5628 1815 5700; x_wconf 76' lang='lat' dir='ltr'><strong>Augustum,</strong></span> <span class='ocrx_word' id='word_1_831' title='bbox 1845 5636 2014 5689; x_wconf 88' lang='lat' dir='ltr'><strong>mori-</strong></span> 
     </span>
    </p>
   </div>
   <div class='ocr_carea' id='block_1_114' title="bbox 432 5701 2014 5796">
    <p class='ocr_par' dir='ltr' id='par_1_114' title="bbox 432 5701 2014 5796">
     <span class='ocr_line' id='line_1_114' title="bbox 432 5701 2014 5796; baseline 0.021 -42"><span class='ocrx_word' id='word_1_832' title='bbox 432 5706 540 5796; x_wconf 77' lang='lat' dir='ltr'><strong>tur.</strong></span> <span class='ocrx_word' id='word_1_833' title='bbox 571 5701 804 5764; x_wconf 87' lang='lat' dir='ltr'><strong>Proinde</strong></span> <span class='ocrx_word' id='word_1_834' title='bbox 833 5709 1133 5771; x_wconf 84' lang='lat' dir='ltr'><strong>Maxentius</strong></span> <span class='ocrx_word' id='word_1_835' title='bbox 1164 5715 1349 5773; x_wconf 58' lang='lat' dir='ltr'><strong>Romae</strong></span> <span class='ocrx_word' id='word_1_836' title='bbox 1379 5722 1523 5776; x_wconf 90' lang='lat' dir='ltr'><strong>velut</strong></span> <span class='ocrx_word' id='word_1_837' title='bbox 1552 5732 1810 5796; x_wconf 83' lang='lat' dir='ltr'><strong>tyrannus</strong></span> <span class='ocrx_word' id='word_1_838' title='bbox 1850 5730 2014 5786; x_wconf 89' lang='lat' dir='ltr'><strong>habe-</strong></span> 
     </span>
    </p>
   </div>
   <div class='ocr_carea' id='block_1_115' title="bbox 431 5795 2011 5887">
    <p class='ocr_par' dir='ltr' id='par_1_115' title="bbox 431 5795 2011 5887">
     <span class='ocr_line' id='line_1_115' title="bbox 431 5795 2011 5887; baseline 0.014 -29"><span class='ocrx_word' id='word_1_839' title='bbox 431 5795 612 5873; x_wconf 70' lang='lat' dir='ltr'><strong>batur,</strong></span> <span class='ocrx_word' id='word_1_840' title='bbox 641 5796 904 5864; x_wconf 74' lang='lat' dir='ltr'><strong>adulteria</strong></span> <span class='ocrx_word' id='word_1_841' title='bbox 930 5805 1271 5887; x_wconf 80' lang='lat' dir='ltr'><strong>inipudenter</strong></span> <span class='ocrx_word' id='word_1_842' title='bbox 1297 5826 1555 5874; x_wconf 86' lang='lat' dir='ltr'><strong>exercens</strong></span> <span class='ocrx_word' id='word_1_843' title='bbox 1581 5795 1638 5872; x_wconf 85' lang='lat' dir='ltr'><strong>et</strong></span> <span class='ocrx_word' id='word_1_844' title='bbox 1665 5831 1852 5876; x_wconf 88' lang='lat' dir='ltr'><strong>earum</strong></span> <span class='ocrx_word' id='word_1_845' title='bbox 1867 5821 2011 5881; x_wconf 89' lang='lat' dir='ltr'><strong>viros</strong></span> 
     </span>
    </p>
   </div>
   <div class='ocr_carea' id='block_1_116' title="bbox 2119 5646 3695 5716">
    <p class='ocr_par' dir='ltr' id='par_1_116' title="bbox 2119 5646 3695 5716">
     <span class='ocr_line' id='line_1_116' title="bbox 2119 5646 3695 5716; baseline 0.006 -17"><span class='ocrx_word' id='word_1_846' title='bbox 2119 5655 2289 5699; x_wconf 86' lang='lat' dir='ltr'><strong>torem</strong></span> <span class='ocrx_word' id='word_1_847' title='bbox 2311 5646 2631 5716; x_wconf 71' lang='lat' dir='ltr'><strong>praecedere,</strong></span> <span class='ocrx_word' id='word_1_848' title='bbox 2652 5656 2704 5702; x_wconf 90' lang='lat' dir='ltr'><strong>et</strong></span> <span class='ocrx_word' id='word_1_849' title='bbox 2725 5648 2939 5704; x_wconf 88' lang='lat' dir='ltr'><strong>adorari</strong></span> <span class='ocrx_word' id='word_1_850' title='bbox 2955 5649 3005 5704; x_wconf 90' lang='lat' dir='ltr'><strong>id</strong></span> <span class='ocrx_word' id='word_1_851' title='bbox 3027 5664 3058 5704; x_wconf 88' lang='lat' dir='ltr'><strong>a</strong></span> <span class='ocrx_word' id='word_1_852' title='bbox 3074 5651 3338 5708; x_wconf 83' lang='lat' dir='ltr'><strong>militibus</strong></span> <span class='ocrx_word' id='word_1_853' title='bbox 3362 5654 3532 5709; x_wconf 84' lang='lat' dir='ltr'><strong>moris</strong></span> <span class='ocrx_word' id='word_1_854' title='bbox 3547 5658 3695 5708; x_wconf 69' lang='lat' dir='ltr'><strong>esset.</strong></span> 
     </span>
    </p>
   </div>
   <div class='ocr_carea' id='block_1_117' title="bbox 2123 5734 3696 5806">
    <p class='ocr_par' dir='ltr' id='par_1_117' title="bbox 2123 5734 3696 5806">
     <span class='ocr_line' id='line_1_117' title="bbox 2123 5734 3696 5806; baseline 0.005 -17"><span class='ocrx_word' id='word_1_855' title='bbox 2123 5734 2272 5791; x_wconf 76' lang='lat' dir='ltr'><strong>Unde</strong></span> <span class='ocrx_word' id='word_1_856' title='bbox 2302 5741 2568 5806; x_wconf 83' lang='lat' dir='ltr'><strong>praecipue</strong></span> <span class='ocrx_word' id='word_1_857' title='bbox 2597 5737 3007 5796; x_wconf 86' lang='lat' dir='ltr'><strong>Constantinum</strong></span> <span class='ocrx_word' id='word_1_858' title='bbox 3033 5757 3157 5799; x_wconf 88' lang='lat' dir='ltr'><strong>reor</strong></span> <span class='ocrx_word' id='word_1_859' title='bbox 3180 5744 3585 5802; x_wconf 85' lang='lat' dir='ltr'><strong>nobilissimum</strong></span> <span class='ocrx_word' id='word_1_860' title='bbox 3611 5744 3696 5797; x_wconf 82' lang='lat' dir='ltr'><strong>de-</strong></span> 
     </span>
    </p>
   </div>
   <div class='ocr_carea' id='block_1_118' title="bbox 2119 5826 3693 5901">
    <p class='ocr_par' dir='ltr' id='par_1_118' title="bbox 2119 5826 3693 5901">
     <span class='ocr_line' id='line_1_118' title="bbox 2119 5826 3693 5901; baseline 0.008 -21"><span class='ocrx_word' id='word_1_861' title='bbox 2119 5841 2213 5882; x_wconf 88' lang='lat' dir='ltr'><strong>cus</strong></span> <span class='ocrx_word' id='word_1_862' title='bbox 2240 5827 2451 5897; x_wconf 89' lang='lat' dir='ltr'><strong>imperii</strong></span> <span class='ocrx_word' id='word_1_863' title='bbox 2497 5826 2727 5889; x_wconf 76' lang='lat' dir='ltr'><strong>Romani</strong></span> <span class='ocrx_word' id='word_1_864' title='bbox 2770 5830 2824 5886; x_wconf 89' lang='lat' dir='ltr'><strong>in</strong></span> <span class='ocrx_word' id='word_1_865' title='bbox 2851 5831 3063 5901; x_wconf 73' lang='lat' dir='ltr'><strong>signum</strong></span> <span class='ocrx_word' id='word_1_866' title='bbox 3112 5840 3363 5893; x_wconf 87' lang='lat' dir='ltr'><strong>mutasse</strong></span> <span class='ocrx_word' id='word_1_867' title='bbox 3411 5835 3616 5900; x_wconf 79' lang='lat' dir='ltr'><strong>crucis;</strong></span> <span class='ocrx_word' id='word_1_868' title='bbox 3646 5841 3693 5892; x_wconf 83' lang='lat' dir='ltr'><strong>ut</strong></span> 
     </span>
    </p>
   </div>
   <div class='ocr_carea' id='block_1_119' title="bbox 3892 5140 3906 5451">
    <p class='ocr_par' dir='ltr' id='par_1_119' title="bbox 3892 5140 3906 5451">
     <span class='ocr_line' id='line_1_119' title="bbox 3892 5140 3906 5451; baseline 0 0"><span class='ocrx_word' id='word_1_869' title='bbox 3892 5140 3906 5451; x_wconf 62' lang='lat' dir='ltr'><strong>l</strong></span> 
     </span>
    </p>
   </div>
  </div>
