3990 6170
259 346 364 404 889

1367 355 1683 414 HISTORIA
1720 359 2155 417 TRIPARTITA.
2195 362 2396 421 LIBER
2433 367 2473 422 Ι.

3430 385 3536 443 890

256 460 522 531 frequenti
552 461 760 519 visione
801 472 965 536 atque
1012 482 1142 524 cura
1189 469 1570 530 desuescerent
1613 491 1642 531 a
1676 477 1839 555 priori
1873 488 1914 537 Λ
1948 477 2137 533 damus
2167 479 2323 536 facile
2361 482 2601 553 potuisse
2627 486 2923 558 principem
2954 490 3100 562 loqui
3148 494 3411 568 Sopatro.
3443 511 3539 558 aut

255 570 408 610 more
454 555 721 626 subjecti;
763 565 819 612 et
853 572 976 612 cum
1016 560 1191 615 solum
1236 564 1628 623 arbitrarentur
1673 567 1840 624 Deum

251 658 415 711 quem
445 644 651 700 coleret
672 645 986 715 imperator,
1016 650 1099 703 vel
1126 666 1236 719 quo
1271 653 1407 709 duce
1432 664 1595 725 atque
1617 659 1843 713 auxilia-

1947 582 2042 636 per
2069 569 2356 638 epistolam
2403 588 2556 627 suam
2605 578 2940 636 consuluisse
2985 598 3084 653 pro
3130 586 3325 655 quibus
3350 590 3534 658 vellet,

1945 674 2051 712 non
2075 668 2160 714 est
2187 667 2368 716 tamen
2391 662 2679 720 verisimile
2710 667 2986 737 ignorasse
3009 672 3385 744 philosophum
3406 679 3536 747 quia

252 743 373 789 mre
419 743 664 791 υιωεθιιιι·
707 736 968 793 adversus
1016 740 1215 796 Ιιοειρς,
1279 743 1506 815 semper
1547 748 1692 802 enim
1735 748 1842 806 hoc
1945 743 2204 803 Hercules
2231 749 2498 805 Alcmenae
2524 736 2779 821 purgatus
2800 754 3022 813 Athenis
3046 768 3129 815 est
3152 773 3275 832 post
3305 763 3398 820 ﬁiil
3438 782 3535 823 ne-

248 828 460 894 signum
491 831 891 898 proponebatur
929 841 1054 887 ante
1082 835 1638 906 ordinesuniversos,
1689 840 1837 909 quod

248 920 484 974 maxime
507 920 879 978 laborantibus
907 924 1129 979 aciebus
1170 925 1225 980 in
1252 928 1455 996 prmliis
1486 928 1678 986 adesse
1704 946 1839 1001 prte-

243 1011 503 1079 cipiebat.
539 1009 836 1067 Constituit
867 1013 1047 1082 itaque
1087 1024 1266 1071 certos
1308 1016 1611 1086 signiferos,
1660 1020 1837 1090 quiin

243 1113 312 1154 eo
342 1099 686 1168 laborarent;
717 1116 950 1171 quorum
969 1118 1108 1172 opus
1135 1112 1253 1158 erat
1278 1113 1337 1159 ut
1364 1105 1576 1162 vicibus
1598 1108 1837 1165 humeris

244 1189 510 1246 veherent
545 1190 696 1259 illud,
722 1202 779 1247 et
805 1208 994 1249 omnes
1015 1194 1159 1251 acies
1187 1195 1263 1251 ita
1286 1195 1598 1254 lustrarent.
1642 1199 1838 1255 Fertur

240 1280 389 1336 enim
420 1280 660 1351 quidam,
683 1296 751 1339 eo
779 1283 924 1353 quod
951 1284 1240 1356 aliquando
1259 1286 1440 1344 ferens
1466 1289 1575 1346 hoc
1601 1290 1833 1359 signum,

243 1378 471 1441 repente
506 1370 751 1427 hostibus
776 1371 1151 1430 invadentibus
1203 1376 1530 1446 expavisset,
1568 1377 1833 1435 dedisset-

240 1476 348 1531 que
389 1461 520 1518 illud
550 1463 707 1519 alteri
737 1463 1147 1533 devehendum;
1194 1482 1429 1538 cumque
1452 1483 1514 1526 se
1550 1469 1620 1526 de
1647 1472 1833 1541 praelio

242 1550 605 1608 subtraxisset
635 1562 693 1610 et
715 1552 896 1623 jacula
922 1554 1250 1613 declinasset
1268 1595 1285 1621 ,
1329 1558 1510 1617 subito
1539 1576 1830 1630 percussus

242 1643 481 1710 interiit;
539 1643 631 1700 ille
662 1659 795 1701 vero
833 1646 925 1715 qui
984 1661 1196 1705 sacrum
1241 1652 1480 1722 suscepit
1527 1660 1829 1725 tropaeum,

240 1732 425 1791 multis
449 1747 513 1789 se
545 1733 906 1804 iaculantibus
935 1739 1229 1807 permansit
1254 1740 1472 1798 illaesus.
1516 1741 1833 1802 Mirabiliter

238 1823 386 1878 enim
434 1824 619 1880 divina
667 1836 888 1895 regente
912 1829 1132 1897 virtute,
1163 1832 1370 1901 sagitta:
1414 1834 1647 1891 hostium
1695 1837 1828 1906 lige-

240 1914 438 1970 bantur
466 1915 519 1970 in
559 1916 742 1985 signo;
773 1933 803 1972 a
842 1918 1096 1987 signifero
1153 1931 1334 1993 autem
1386 1925 1528 1982 inter
1584 1928 1821 1996 pericula

239 2006 484 2076 protinus
508 2008 813 2064 evolabant.
844 2010 1049 2067 Dicitur
1070 2021 1250 2068 autem
1296 2032 1471 2086 neque
1515 2018 1675 2074 alium
1725 2036 1826 2075 un-

235 2109 398 2164 quam
428 2095 585 2166 hujus
613 2098 750 2168 sigui
792 2100 1096 2157 ministrum
1119 2143 1135 2168 ,
1167 2113 1224 2158 ut
1268 2106 1426 2171 solet,
1459 2108 1511 2161 in
1542 2108 1685 2163 bello
1712 2110 1827 2164 vul-

238 2201 369 2241 nere
395 2196 696 2255 mortuum,
742 2199 836 2245 aut
876 2191 1082 2247 cladem
1116 2195 1440 2264 captivitatis
1486 2214 1821 2270 perpessum.

234 2275 643 2339 Sozousn.,lib.
678 2295 714 2344 ι,
746 2296 865 2349 cap.
890 2280 944 2345 5,
974 2299 1027 2352 ρ.
1058 2282 1183 2337 404.

305 2367 642 2437 Congressus
683 2386 812 2439 ergo
859 2372 1003 2428 circa
1036 2383 1253 2442 pontem
1303 2376 1539 2433 Milvium
1570 2379 1715 2446 vicit,
1771 2381 1824 2436 in

235 2456 459 2511 flumine
487 2468 679 2513 necato
708 2460 998 2518 Maxentio.
1034 2462 1160 2518 Erat
1184 2467 1326 2520 enim
1366 2483 1539 2523 annus
1563 2471 1824 2538 septimus

233 2550 446 2618 imperii
477 2549 833 2608 Constantini.
883 2553 1028 2610 Inter
1053 2559 1168 2613 hare
1209 2559 1567 2617 Diocletianus
1614 2562 1825 2620 Saluum

230 2640 520 2697 defunctus
562 2652 644 2698 est
692 2645 824 2717 (An.
876 2648 1028 2705 Dom.
1077 2650 1243 2722 5l5).
1285 2651 1596 2721 Socnarss,
1642 2657 1734 2712 lib.
1785 2674 1821 2724 ι,

229 2750 348 2803 cap.
380 2732 436 2797 2,
468 2753 520 2807 ρ.
548 2736 602 2792 7.
1680 2746 1685 2752 ’

852 2886 1080 2941 CAPUT
1122 2888 1206 2943 VI.

618 2996 698 3050 De
723 2997 1062 3070 derogatione
1081 3019 1423 3074 paganorum.

298 3104 421 3160 Non
447 3114 629 3162 autem
660 3106 849 3177 ignoro
875 3112 999 3179 quia
1029 3111 1199 3166 Cra-ci
1232 3114 1474 3170 referunt
1512 3117 1823 3175 Constanti-

225 3208 358 3247 num
384 3234 399 3259 ,
430 3210 501 3250 co
540 3198 683 3266 quod
725 3198 934 3268 aliquos
972 3216 1174 3270 genere
1218 3206 1491 3273 proximos
1537 3210 1821 3266 occidisset

222 3284 242 3351 (
273 3284 382 3338 Au.
417 3283 571 3340 Dom.
594 3286 761 3361 516),
805 3297 860 3343 et
906 3268 1231 3360 cooperator
1269 3296 1562 3352 exstitisset
1591 3299 1643 3353 in
1688 3316 1820 3357 nece
1847 3268 1893 3331 Ο

222 3374 319 3429 lilii
348 3375 436 3429 sui
467 3375 677 3447 Crispi,
714 3379 1028 3447 pwnitentia
1066 3382 1310 3447 ductum,
1342 3386 1410 3441 de
1449 3388 1822 3458 purificatione

218 3462 569 3521 consuluisse
598 3465 979 3537 philosophum
1002 3469 1312 3541 Sopatrum,
1337 3477 1427 3545 qui
1458 3485 1700 3548 tempore
1729 3481 1821 3536 illo

218 3562 463 3625 praeerat
490 3556 543 3610 in
565 3555 693 3612 sede
715 3556 942 3627 Plotini;
974 3562 1229 3633 illumque
1253 3568 1594 3637 respondisse
1618 3574 1817 3627 nullam

215 3664 347 3705 esse
388 3649 442 3704 in
490 3650 795 3722 hujusmodi
832 3654 1043 3711 delictis
1072 3662 1475 3731 purgationem;
1507 3663 1820 3721 Constanti-

217 3758 356 3797 num
386 3757 518 3798 vero
545 3742 647 3799 hac
670 3743 1048 3802 interdictione
1079 3751 1371 3819 turbatum,
1402 3753 1672 3812 invenisse
1697 3759 1812 3827 cpio

211 3847 422 3901 scopas
460 3833 551 3901 qui
595 3835 909 3904 poenitentia
950 3852 1045 3892 seu
1076 3839 1399 3909 baptismate
1444 3846 1820 3913 promitterent

211 3938 346 3976 eum
377 3922 450 3978 ab
474 3924 723 3980 universo
746 3941 905 3996 posse
933 3930 1147 3998 purgari
1166 3930 1396 3989 delicto:
1425 3942 1553 3991 tunc
1573 3938 1816 4005 gavisam

212 4014 269 4068 'm
319 4014 433 4070 illis
476 4015 568 4085 qui
622 4016 871 4074 dixerant
914 4020 1060 4089 quod
1103 4023 1347 4093 volebat,
1387 4026 1817 4100 admuatuntqne

211 4103 439 4174 dogma,
472 4104 671 4162 factum
700 4106 896 4165 deinde
923 4111 1305 4183 Christianum,
1335 4126 1392 4172 et
1418 4117 1489 4175 ad
1516 4121 1598 4175 sui
1628 4122 1818 4179 similia

208 4194 469 4249 tudinem
514 4195 799 4254 deduxisse
848 4200 1139 4271 subjectos.
1189 4204 1316 4262 Mihi
1355 4218 1534 4265 autem
1562 4213 1815 4271 videntur

204 4286 335 4343 lucc
366 4287 490 4343 ticta
513 4289 583 4344 ab
627 4291 706 4347 eis
733 4293 825 4362 qui
852 4296 1071 4353 student
1094 4300 1336 4369 religioni
1376 4302 1694 4364 Christianae
1718 4311 1808 4367 de-

200 4380 463 4437 trahere.
491 4381 711 4452 Crispus
730 4386 949 4455 etenim,
994 4400 1212 4460 propter
1252 4409 1414 4462 quem
1457 4394 1812 4456 dicuntCou-

195 4471 517 4527 stautinum
545 4475 757 4542 eguisse
796 4480 1136 4548 purgatione,
1175 4496 1319 4540 anno
1358 4484 1430 4540 20
1455 4487 1662 4559 imperii
1711 4507 1812 4562 pa-

196 4563 360 4619 terni
390 4562 674 4621 defunctus
694 4577 777 4624 est
808 4570 950 4639 (An.
1001 4570 1157 4632 Dom.
1188 4574 1336 4647 529).
1368 4577 1614 4645 Quicum
1635 4582 1813 4640 adhuc

192 4654 447 4717 viveret,
480 4657 675 4713 multas
699 4673 823 4714 cum
850 4676 917 4717 eo
945 4679 1046 4733 pro
1069 4665 1386 4723 Christianis
1414 4672 1596 4740 posuit
1624 4674 1809 4744 leges;

186 4744 455 4801 secundo
482 4746 681 4818 quippe
709 4748 828 4807 loco
859 4752 1154 4812 honoratus
1174 4746 1403 4828 imperii,
1424 4770 1480 4817 et
1497 4761 1679 4820 Caesar
1696 4767 1812 4822 exi-

182 4846 402 4904 Stena;
432 4838 572 4895 sicut
593 4842 756 4896 etiam
786 4860 929 4902 nunc
956 4848 1259 4920 principum
1305 4856 1524 4911 nomina
1565 4868 1625 4914 et
1666 4869 1808 4917 tem-

186 4942 347 4998 pora
382 4926 594 4998 legibus
621 4932 863 5002 subjecta
910 4945 1193 4997 testantur.
1225 4940 1514 5013 Sopatrum
1539 4963 1670 5005 vero
1699 4968 1807 5007 non

177 5029 285 5076 est
318 5019 588 5077 credibile
627 5025 694 5078 ad
739 5027 1067 5099 colloquium
1113 5031 1449 5092 Constantini
1476 5042 1660 5099 venire
1704 5060 1805 5114 po-

178 5116 407 5180 tuisse,
432 5116 487 5170 in
514 5118 629 5172 sola
652 5117 853 5176 Oceani
872 5124 1013 5180 circa
1040 5125 1287 5184 Rhenum
1319 5141 1472 5201 parte
1491 5139 1765 5206 regnantis
1790 5157 1804 5193 :

176 5214 439 5278 propter
459 5206 814 5266 intentionem
840 5230 969 5271 vero
990 5226 1179 5274 contra
1206 5219 1535 5279 Maxentium
1564 5227 1802 5285 habitam

170 5296 445 5366 degebat
473 5297 527 5357 in
552 5298 723 5355 Italia.
755 5301 907 5360 Tunc
934 5304 1175 5364 Romana
1203 5314 1506 5382 respublica
1551 5319 1805 5375 turbaba-

171 5398 327 5455 tur;
369 5395 426 5442 et
452 5404 562 5445 non
589 5401 704 5449 erat
733 5393 888 5451 facile
912 5406 970 5452 ut
1012 5398 1254 5457 Britanni
1299 5413 1355 5459 et
1382 5404 1518 5461 Galli
1547 5412 1808 5467 conveni-

170 5490 321 5537 rent.
355 5496 485 5538 eum
513 5484 618 5541 illis
648 5495 794 5555 tunc,
821 5494 967 5560 apud
994 5507 1132 5560 quos
1158 5506 1371 5551 constat
1389 5496 1691 5556 Christiana
1713 5517 1803 5559 re-

164 5572 413 5646 itgione
441 5572 854 5639 Constantinum
882 5582 1280 5653 participatum,
1312 5587 1413 5644 nisi
1441 5600 1567 5645 cum
1611 5600 1801 5648 contra

166 5666 542 5723 Maxentium
571 5679 1065 5743 castrametaretur,
1095 5684 1151 5732 et
1179 5680 1433 5738 transiret
1455 5684 1523 5738 ad
1554 5682 1802 5742 Romam.

167 5754 404 5813 Testes
429 5749 611 5814 autem
653 5771 781 5817 sunt
825 5778 1012 5821 rursus
1054 5767 1245 5825 horum
1274 5778 1540 5847 tempora,
1571 5792 1672 5833 nec
1695 5795 1803 5834 non

164 5858 231 5911 et
266 5846 442 5917 leges
470 5862 604 5923 quas
627 5858 730 5923 pro
772 5852 1037 5925 religione
1072 5860 1268 5916 sanxit.
1302 5865 1370 5925 υι
1390 5846 1580 5925 autem
1609 5883 1805 5927 εοεαε-

1942 852 2060 892 cem
2092 839 2143 891 in
2169 839 2619 914 Cererisgsacris;
2666 854 2724 900 et
2768 847 2890 915 quia
2930 858 3054 918 post
3099 850 3314 923 lIyphiti
3345 872 3534 913 necem

1943 933 2281 999 peregrinum
2315 942 2369 988 et
2397 935 2629 991 amicum
2676 938 2871 1007 injuste
2915 945 3161 1013 peremit.
3209 945 3341 1002 Cum
3372 949 3536 1018 igitur

1936 1019 2111 1078 Graeci
2134 1022 2187 1078 in
2219 1026 2523 1095 hujusmodi
2553 1029 2762 1087 delictis
2790 1034 3163 1103 purgationem
3185 1044 3533 1112 annuutient,

1939 1111 2210 1168 sufficiant
2235 1130 2354 1186 quae
2378 1117 2520 1175 dicta
2558 1129 2717 1188 sunt,
2749 1130 2807 1178 et
2849 1136 3107 1183 accusent
3135 1128 3203 1185 de
3243 1111 3532 1191 mendacio

1938 1217 2035 1256 eos
2063 1204 2154 1272 qui
2180 1205 2470 1287 sopatrum
2498 1214 2770 1269 contraria
2799 1214 3154 1277 Constantino
3188 1224 3530 1294 respondisse

1940 1278 2230 1351 finxerunt.
2266 1294 2383 1353 Non
2412 1299 2557 1355 enim
2586 1303 2748 1360 credo
2772 1304 2889 1363 haec
2916 1307 3193 1378 ignorasse
3220 1278 3348 1373 tunc
3373 1318 3528 1372 nobi-

1938 1381 2202 1441 lissimum
2230 1390 2375 1458 apud
2410 1388 2626 1449 Gnaeos
2655 1398 2961 1458 eruditione
2997 1401 3317 1463 litterarum.
3350 1407 3522 1467 Sozo~

1938 1489 2087 1540 nam,
2110 1475 2199 1532 lib.
2232 1493 2271 1545 ι,
2298 1496 2417 1552 cap.
2448 1480 2502 1549 ἒ),
2522 1501 2576 1554 p.
2608 1484 2733 1542 406.

2542 1635 2771 1696 CAPUT
2810 1641 2923 1699 VII.

2235 1746 2316 1801 De
2346 1744 2657 1807 Constantio
2683 1760 2833 1823 patre
2857 1753 3205 1820 Constmitiui.

2003 1848 2170 1920 Igitur
2196 1852 2453 1913 Ecclesia:
2477 1860 2579 1917 sub
2606 1864 2867 1935 regimine
2888 1868 3230 1932 Constantini
3266 1879 3523 1940 alacriter

1934 1946 2182 2011 agebant,
2210 1956 2269 2002 et
2309 1951 2635 2019 quotidianis
2681 1956 2869 2016 diebus
2917 1965 3276 2038 augebantur,
3306 1972 3520 2032 favente

1932 2043 1988 2088 et
2018 2038 2271 2094 unanimo
2313 2042 2592 2113 principe,
2624 2055 2681 2100 et
2724 2049 2907 2113 multis
2951 2069 3044 2110 eas
3083 2056 3359 2120 beneficiis
3405 2067 3520 2123 ele-

1930 2124 2091 2183 vante
2108 2130 2436 2200 [ed.,multis
2463 2135 2580 2205 ejus
2605 2138 2880 2200 beneﬁciis
2903 2144 3175 2222 elevatis];
3205 2166 3339 2221 quas
3352 2155 3516 2211 etiam

1928 2218 2078 2286 prius
2099 2220 2446 2282 inconcussas
2475 2228 2733 2288 Dominus
2761 2249 2793 2289 a
2821 2237 3074 2306 periculis
3102 2218 3379 2315 turbisque
3397 2264 3516 2304 ser-

1927 2313 2091 2366 vavit.
2115 2313 2249 2370 Nam
2288 2333 2411 2374 cum
2452 2326 2855 2391 persecutiones
2901 2329 3137 2389 diversas
3167 2313 3422 2395 Ecclesia:
3459 2341 3516 2396 in

1926 2402 2034 2458 alio
2074 2411 2336 2463 terrarum
2392 2411 2527 2468 orbe
2580 2423 2915 2486 paterentur,
2971 2424 3120 2481 solus
3167 2425 3516 2490 Constantius

1927 2494 2265 2553 Constantini
2310 2512 2466 2571 pater
2504 2504 2732 2564 licenter
2759 2510 3077 2571 Christianis
3122 2518 3175 2573 in
3202 2535 3298 2576 sua
3336 2525 3518 2581 consi-

1925 2596 2070 2644 stere
2106 2592 2365 2660 religiune
2393 2600 2680 2655 concessit.
2712 2601 2951 2674 Denique
2997 2608 3213 2678 aliquod
3261 2615 3368 2670 tale
3390 2630 3515 2673 eum

1926 2678 2244 2736 miraculum
2295 2692 2349 2738 et
2390 2688 2647 2743 memoria
2696 2690 2912 2761 dignum
2962 2698 3137 2765 egisse
3180 2704 3427 2770 cognovi.
3467 2704 3518 2762 Is

1925 2769 2070 2824 enim
2100 2773 2331 2841 probare
2362 2777 2550 2832 volens
2591 2783 2855 2850 quosdam
2871 2786 2939 2841 .in
2986 2804 3085 2844 suo
3114 2792 3314 2862 palatio
3360 2796 3518 2853 Chri-

1924 2858 2152 2928 stianos,
2183 2862 2229 2916 si
2258 2862 2388 2918 boni
2417 2873 2472 2921 et
2500 2869 2660 2925 solidi
2686 2881 2867 2929 essent
2889 2876 3008 2941 viri,
3042 2858 3275 2938 evoczms
3299 2886 3517 2940 univer-

1924 2964 2015 3005 sos
2042 2956 2297 3024 praecepit
2315 2955 2499 3012 dicens
2524 3001 2539 3026 ,
2571 2969 2632 3015 ut
2658 2961 2704 3017 si
2731 2965 2947 3033 quidem
2973 2970 3220 3026 venirent
3243 2973 3310 3028 ad
3349 2978 3520 3033 sacri-

1925 3038 2189 3096 ficandum
2212 3051 2268 3098 et
2290 3046 2406 3114 ejus
2434 3048 2680 3105 colerent
2706 3051 2859 3123 deos,
2888 3056 3030 3113 circa
3062 3074 3193 3116 eum
3228 3074 3434 3135 essent,
3461 3079 3520 3124 et

1925 3131 1979 3185 in
2029 3148 2129 3189 suo
2180 3135 2394 3205 cingulo
2443 3154 2857 3213 permanerent;
2884 3146 2951 3202 "si
2998 3166 3128 3207 vero
3167 3154 3517 3225 refugerent,

1923 3225 2309 3291 egrederentur
2332 3228 2399 3285 de
2424 3232 2626 3301 palatio
2647 3237 2848 3304 gratias
2869 3251 3091 3308 agentes
3117 3246 3262 3316 quod
3294 3249 3516 3307 minime

1927 3315 2264 3383 punirentur.
2311 3316 2556 3392 Cumque
2604 3324 2658 3380 in
2716 3335 2945 3399 utroque
2984 3315 3378 3405 apparuissent,
3424 3343 3517 3400 alii

1926 3406 2140 3475 quidem
2186 3408 2491 3468 desertores
2528 3416 2824 3486 religionis,
2857 3423 2948 3478 alii
2979 3440 3107 3481 vero
3152 3428 3330 3485 divina
3372 3448 3514 3502 pra:-

1922 3498 2166 3554 sentibus
2189 3513 2600 3575 praeponentes,
2627 3508 2945 3568 deliberavit
2981 3516 3059 3572 eis
3087 3518 3274 3575 amicis
3302 3498 3517 3580 et'con—

1922 3589 2141 3650 siliariis
2167 3593 2243 3648 uti
2270 3595 2364 3663 qui
2389 3595 2444 3651 in
2473 3598 2788 3660 melioribus
2816 3604 3002 3663 fideles
3026 3619 3342 3669 constanter
3384 3630 3512 3685 pcr-

1924 3692 2264 3749 manserant;
2296 3685 2431 3741 alios
2458 3697 2635 3744 autem
2668 3691 2816 3748 velut
2844 3694 3184 3756 effeminatos
3210 3714 3516 3774 aversatus,

1921 3774 2132 3844 expulit
2160 3790 2191 3830 a
2221 3793 2321 3832 suo
2346 3778 2616 3849 colloquio
2644 3801 2657 3836 :
2690 3786 2919 3844 credens
2948 3806 3220 3861 nunquam
3250 3809 3344 3851 eos
3371 3796 3515 3853 circa

1918 3864 2218 3936 principem
2239 3865 2467 3926 devotos
2494 3869 2630 3936 fore,
2664 3875 2755 3944 qui
2784 3875 2981 3933 fuerint
3008 3880 3102 3936 Dei
3140 3881 3222 3938 sui
3249 3884 3329 3941 sic
3357 3900 3514 3955 para-

1922 3955 2114 4012 tissimi
2135 3957 2457 4028 proditores.
2487 3960 2553 4017 Et
2580 3963 2704 4022 ideo
2724 3968 2901 4025 adhuc
2929 3973 3218 4043 superstite
3241 3975 3511 4033 Constan-

1922 4048 1997 4104 tio
2025 4065 2134 4106 non
2157 4051 2438 4110 videbatur
2463 4066 2652 4114 contra
2674 4061 3184 4139 legem,qupiam
3212 4086 3334 4127 esse
3352 4072 3513 4128 Chri-

1918 4142 2151 4198 stianum
2194 4146 2336 4218 apud
2363 4163 2461 4205 eos
2504 4152 2596 4221 qui
2638 4154 2776 4211 ultra
2805 4156 3008 4215 Italiam
3033 4202 3049 4228 ,
3096 4161 3426 4235 Galliasque,
3455 4178 3514 4229 et

1918 4229 2272 4298 Britanniam,
2305 4244 2361 4291 et
2386 4239 2477 4307 qui
2501 4240 2647 4296 circa
2674 4242 2986 4315 Pyrenaeum
3017 4229 3335 4309 habitabant
3354 4229 3510 4312 tuon-

1918 4328 2024 4376 tem
2055 4337 2226 4392 usque
2253 4325 2321 4380 ad
2340 4325 2613 4385 Oceanum
2642 4331 2981 4404 Hesperium.
3025 4339 3159 4395 Cum
3206 4358 3338 4398 vero
3362 4344 3508 4400 Con-

1915 4414 2181 4472 stantinus
2220 4417 2275 4471 in
2303 4416 2422 4486 ejus
2466 4424 2816 4481 successisset
2868 4427 3175 4500 imperium,
3205 4435 3388 4504 potius
3414 4452 3506 4493 res

1915 4500 2171 4560 Ecclesiae
2209 4504 2580 4567 efﬂoruerunt.
2623 4510 2898 4574 Maxentio
2941 4517 3085 4574 enim
3126 4500 3361 4580 Herculii
3393 4524 3507 4582 filio

1918 4601 2221 4666 perempto,
2266 4612 2389 4654 cum
2416 4599 2533 4669 ejus
2560 4602 3062 4673 parsConstantino
3101 4611 3374 4681 cessisset,
3392 4614 3506 4684 jam

1919 4686 2145 4744 licenter
2172 4690 2225 4745 in
2249 4691 2511 4762 religione
2537 4695 2791 4765 vigebant
2833 4699 2925 4770 qui
2952 4702 3095 4758 circa
3141 4703 3377 4763 Tiberim
3404 4706 3505 4763 llu-

1917 4779 2061 4835 vium
2102 4790 2159 4837 et
2211 4782 2505 4842 Eridanum
2538 4788 2735 4860 (quem
2782 4789 2984 4849 Padum
3013 4798 3371 4867 provinciales
3400 4816 3503 4869 ap-

1918 4871 2159 4945 pellant)
2186 4882 2610 4946 commorantur,
2626 4888 2682 4935 et
2701 4882 2794 4952 qui
2819 4884 2961 4941 circa
2989 4886 3236 4958 Aquilam
3262 4905 3502 4946 comma-

1917 4962 2151 5033 nebant;
2184 4966 2237 5022 in
2273 4981 2433 5039 quem
2463 4970 2638 5027 locum
2672 4989 2851 5031 sermo
2877 4976 3050 5032 fertur
3077 4979 3358 5036 advectam
3403 4997 3504 5038 ua-

1910 5054 2060 5123 vigio
2090 5057 2252 5129 Argo,
2296 5067 2352 5114 et
2379 5060 2445 5115 ad
2482 5060 2819 5135 Tyrrhenum
2850 5067 3071 5137 pelagus
3096 5068 3259 5126 fuisse
3297 5074 3500 5145 perdu-

1909 5153 2075 5202 ctam.
2107 5148 2432 5217 Argonautte
2457 5154 2599 5208 enim
2628 5166 2845 5211 ventum
2869 5158 3103 5213 validum
3143 5159 3496 5233 declinantes,

1905 5250 2015 5291 non
2069 5238 2261 5294 eodem
2305 5240 2469 5313 209
2496 5245 2708 5314 navigio
2751 5247 2804 5301 in
2847 5252 3188 5318 regressione
3226 5267 3352 5311 sunt
3376 5259 3496 5324 usi;

1909 5327 2006 5382 sed
2034 5333 2378 5388 transeuntes
2414 5349 2564 5389 mare
2602 5336 2747 5405 quod
2795 5352 2962 5408 super
3000 5339 3231 5413 Scythas
3259 5352 3365 5410 est.
3400 5362 3500 5417 per

1909 5414 2025 5472 haec
2051 5413 2269 5474 ﬂumina
2289 5430 2554 5478 venerunt
2593 5423 2663 5479 ad
2696 5427 2959 5486 terminos
2981 5430 3272 5503 Italorum;
3300 5443 3359 5494 et
3400 5413 3501 5494 hic

1911 5505 2213 5565 hiemantes
2262 5511 2621 5570 condiderunt
2664 5516 2937 5574 civitatem
2983 5536 3104 5591 qua:
3157 5534 3501 5597 nuncupatur

1911 5594 2188 5655 Emonia.
2210 5599 2434 5658 Alstate
2463 5620 2592 5662 vero
2629 5611 3066 5684 superveniente,
3079 5594 3499 5689 cooperantibus

1911 5688 1991 5743 eis
2008 5690 2456 5761 provincialibus,
2487 5693 2599 5751 fere
2621 5700 3013 5770 quadringenta
3041 5704 3213 5761 stadia
3240 5716 3361 5763 arte
3389 5723 3500 5764 me-

1910 5781 2130 5836 chanica
2158 5784 2432 5839 trahentes
2461 5785 2605 5855 Argo
2636 5806 2731 5861 per
2760 5801 2956 5848 terram
2986 5795 3051 5849 ad
3082 5794 3300 5854 ﬂuvium
3320 5799 3497 5871 Aqui.

1908 5872 2015 5928 iam
2046 5866 2405 5945 deduxerunt,
2439 5879 2527 5948 qui
2552 5882 2905 5952 permiscetur
2945 5884 3199 5951 Eridano.
3225 5892 3502 5953 Eridanus
