3990 6170
341 358 436 415 εθι

1588 361 1657 416 Μ.
1701 361 1973 418 AURELII
2011 359 2408 417 CASSIODORI

3515 365 3620 421 892

341 488 520 529 autem
550 471 729 528 fauces
752 472 914 527 habet
942 470 995 526 in
1037 471 1276 528 Italicum
1308 487 1472 527 mare.
1510 473 1639 529 Post
1679 474 1919 544 praelium
1952 492 1998 547 Α
2025 490 2144 529 eam
2177 475 2346 544 legem
2373 474 2589 530 dicens:
2615 474 2741 545 quia
2771 475 3073 531 ministrum
3100 483 3466 546 opportunum
3493 491 3619 531 eum

339 565 540 635 itaque,
573 563 790 628 Cibalas,
822 563 1092 629 Dardanii,
1125 571 1181 618 et
1209 563 1549 630 Macedones,
1583 574 1640 622 et
1669 566 1761 635 qui
1782 567 1922 621 circa

338 653 530 708 Istrum
559 661 685 707 tunc
712 655 1094 716 morabantur,
1130 670 1229 709 nec
1259 670 1366 710 non
1399 664 1453 711 et
1493 655 1691 721 Hellas,
1724 666 1778 710 et
1806 657 1922 727 Illy-

338 744 540 797 riorum
569 756 698 809 gens
728 743 902 797 omnis
930 745 1028 798 sub
1058 743 1413 800 Constantino
1443 747 1664 801 redacta
1693 755 1794 802 est.
1827 748 1928 802 So—

339 849 559 901 ωηιξη
581 834 670 889 lib.
704 851 738 901 ι,
773 852 886 901 cap.
913 835 964 903 6,
995 854 1049 906 p.
1078 835 1206 892 407.
1776 828 1825 903 δεῖ

934 964 1164 1021 CAPUT
1204 967 1337 1023 VIII.

340 1051 606 1118 Quomodo
636 1052 869 1143 Licinius
898 1058 1106 1143 fugatus
1133 1058 1591 1143 aefChrigt’ianos
1619 1064 1780 1135 fuerit
1807 1082 1926 1136 pcr-

486 1154 493 1160 -
732 1136 951 1189 secutas,
980 1136 1030 1179 et
1056 1136 1329 1183 novissime
1351 1136 1529 1186 victus.

412 1211 582 1269 Porro
628 1213 865 1269 Licinius
913 1216 1037 1270 hinc
1064 1214 1313 1285 fugatus,
1343 1234 1465 1274 cum
1514 1221 1663 1290 prius
1683 1230 1928 1279 sectator

337 1303 527 1358 fuisset
553 1304 819 1373 dogmatis
841 1305 1152 1372 Christiani,
1185 1316 1390 1363 mutata
1419 1310 1703 1367 voluntate
1721 1352 1737 1379 ,
1760 1312 1929 1382 pluri-

337 1411 457 1450 mos
482 1397 821 1452 sacerdotum
846 1398 900 1452 in
927 1414 1036 1453 sua:
1061 1400 1226 1468 partis
1246 1400 1435 1456 afﬂixit
1456 1403 1704 1474 imperio,
1730 1405 1927 1461 multos

338 1489 556 1558 quidem
584 1498 639 1543 et
667 1489 894 1543 aliorum
922 1532 937 1557 ,
970 1491 1241 1561 praecipue
1268 1500 1450 1548 tamen
1477 1495 1544 1549 de
1565 1496 1795 1566 collegio
1821 1496 1925 1552 mi-

337 1579 499 1633 litari.
546 1580 714 1635 Nimis
744 1572 886 1635 enim
932 1580 1251 1638 Christianis
1279 1592 1397 1639 erat
1439 1584 1677 1643 infensus
1706 1596 1929 1657 propter

339 1668 677 1725 Constantini
706 1671 906 1726 bellum
929 1711 945 1736 ,
984 1674 1256 1729 aestimans
1283 1689 1404 1729 eum
1433 1691 1593 1746 posse
1619 1679 1928 1735 contristari

335 1773 559 1834 propter
587 1765 948 1821 calamitatem
1002 1782 1113 1822 sua:
1168 1768 1490 1837 religionis:
1552 1770 1711 1826 simul
1761 1772 1926 1828 etiam

2032 567 2231 622 habere
2258 567 2507 636 dignatus
2537 566 2691 622 fuerit
2721 566 2861 621 Deus
2888 568 2969 621 sui
2999 567 3234 634 consilii,
3267 577 3323 621 et
3350 583 3379 620 a
3410 566 3616 623 Britan-

2030 657 2153 713 nico
2183 657 2320 712 mari
2350 672 2521 726 usque
2566 656 2800 712 ad-Ioea
2854 654 3087 713 Orientis
3138 656 3427 711 adduxerit
3472 673 3615 721 cunt,

2029 758 2295 817 quatenus
2324 756 2608 817 augeretur
2627 747 2929 802 Christiana
2951 748 3173 818 religio;
3205 756 3260 803 et
3284 749 3374 818 qui
3399 759 3619 819 propter

2029 840 2124 895 Dei
2149 840 2412 895 culturam
2425 838 2741 894 durabiliter
2762 845 3171 909 permanserunt
3188 839 3241 893 in
3262 840 3619 895 confessioni-

2028 934 2128 988 bus
2149 932 2409 1003 martyrii,
2424 932 2685 988 elariores
2704 931 2753 1000 ej
2761 949 2819 985 us
2832 932 3129 987 honoribus
3141 940 3482 1002 apparerent.
3492 930 3619 987 Hcce
3646 932 3654 944 '

2026 1024 2580 1094 igiturconcionatus,
2601 1025 2773 1078 etalia
2798 1025 2966 1079 multa
2989 1024 3192 1092 dicens,
3226 1040 3323 1095 per
3350 1040 3472 1093 qua:
3499 1041 3620 1080 cre-

2029 1113 2193 1170 debat
2219 1114 2487 1182 subjectos
2508 1115 2573 1171 ad
2590 1115 2791 1170 cultum
2813 1117 3093 1184 religionis
3104 1117 3393 1186 adducere,
3410 1117 3617 1187 inﬁrma

2028 1220 2147 1259 esse
2168 1204 2392 1261 sancivit
2411 1220 2530 1276 qua:
2558 1213 2745 1260 contra
2778 1206 3091 1274 religionem
3122 1204 3337 1281 fuerant
3381 1209 3615 1277 cogitata

2028 1296 2112 1351 vel
2151 1303 2302 1364 gesta
2327 1297 2426 1351 sub
2450 1297 2885 1365 persecutoribus
2915 1295 3279 1353 Ecelesiarum
3303 1340 3317 1364 ,
3345 1300 3619 1353 remissio-

2029 1401 2259 1455 nemque
2281 1396 2504 1441 cunctos
2533 1387 2735 1445 habere
2755 1385 3015 1452 decrevit,
3035 1388 3126 1458 qui
3156 1398 3379 1459 propter
3404 1391 3616 1446 confes-

2030 1475 2236 1530 sionem
2252 1473 2450 1530 Christi
2474 1474 2706 1545 migrare
2735 1477 3003 1532 ininsulas
3033 1488 3127 1533 aut
3156 1478 3284 1534 alibi
3306 1489 3503 1549 prieter
3522 1497 3617 1536 vo-

2028 1567 2289 1627 luntatem
2317 1569 2586 1639 propriam
2617 1571 2939 1625 commorari
2959 1569 3092 1640 jussi
3120 1580 3278 1635 sunt,
3312 1575 3477 1626 autin
3503 1589 3618 1628 me-

2030 1660 2173 1715 tallis
2198 1658 2363 1729 affligi
2394 1659 2496 1734 [ed.
2531 1659 2720 1731 affigi],
2758 1670 2851 1716 aut
2903 1662 3128 1731 publicis
3174 1665 3436 1733 eperibus
3459 1703 3474 1727 ,
3525 1676 3616 1718 aut

2030 1750 2366 1816 mulieribus,
2418 1759 2512 1805 aut
2560 1750 2787 1807 lanificis
2833 1752 3159 1819 ministrare,
3191 1761 3284 1807 aut
3312 1754 3428 1808 dari
3456 1755 3617 1809 curiis

336 1854 651 1924 arbitratus,
677 1857 802 1925 quia
840 1864 1060 1911 orarent
1081 1865 1139 1913 et
1159 1858 1440 1915 studerent
1465 1861 1633 1930 redigi
1656 1862 1756 1917 sub
1787 1862 1928 1918 illius
1963 1876 2001 1932 ιι
2031 1857 2154 1932 Ψξη
2182 1842 2411 1932 ρανίᾳ-ιφ
2434 1843 2696 1932 Primims
2727 1858 2833 1897 ¹¹⁰¹¹
2859 1842 3103 1899 fuisse“
3137 1844 3244 1900 EOS
3272 1855 3451 1900 autem
3480 1862 3615 1915 q'ms

336 1946 503 2000 solius
531 1946 780 2016 imperio.
810 1945 987 2016 Super
1029 1948 1143 2005 ι]ωο
1168 1959 1350 2005 autem
1380 1961 1714 2021 pugnaturus
1748 1953 1926 2010 denuo

339 2045 527 2089 contra
549 2035 961 2092 Constantinum
979 2077 993 2102 ,
1026 2053 1176 2109 spem
1201 2041 1437 2096 victoria:
1466 2042 1704 2099 habebat
1725 2060 1822 2114 per
1848 2046 1929 2099 di-

341 2127 645 2182 vinationes
667 2135 721 2182 et
748 2128 1028 2192 sacrificia,
1053 2138 1107 2183 et
1136 2129 1395 2186 seductus
1422 2132 1490 2187 ab
1512 2133 1779 2204 aliquibus
1802 2152 1929 2206 pro-

338 2219 673 2273 mittentibus
722 2220 845 2288 quia
890 2220 1035 2276 hello
1097 2222 1340 2277 vinceret
1392 2223 1825 2295 Constantinum,
1873 2228 1929 2283 in

337 2311 703 2381 paganitatcm
730 2328 1021 2368 conversus
1049 2322 1133 2370 est
1161 2315 1332 2385 (Anno
1387 2314 1543 2370 Dom.
1587 2316 1736 2388 525).
1771 2318 1929 2374 Deni-

338 2418 444 2470 que
463 2403 625 2456 etiam
648 2402 820 2459 Graeci
847 2405 1032 2460 dicunt
1056 2413 1183 2461 tunc
1203 2422 1327 2462 eum
1348 2419 1630 2478 expertum
1650 2411 1931 2467 divinatio-

339 2508 460 2546 nem
489 2492 656 2553 Mileti
682 2492 1307 2566 Geminiquc‘Apollinis',
1338 2499 1497 2569 eique
1530 2502 1832 2557 consulenti
1860 2502 1929 2559 de

339 2584 481 2638 bello
510 2626 524 2651 ,
596 2587 940 2657 respondisse
994 2588 1316 2645 daamouium
1379 2608 1476 2662 per
1540 2594 1640 2649 hos
1707 2594 1930 2653 Homeri

341 2688 528 2729 versus
557 2692 571 2729 Ξ

440 2763 480 2832 ρ
502 2778 681 2825 senex,
696 2766 851 2832 qva'de
874 2776 923 2815 te
945 2769 1149 2823 iuvenes
1173 2772 1470 2832 pugnat'ores
1492 2773 1774 2829 observant.

436 2825 638 2888 Tuaque
663 2830 757 2877 vita
774 2829 926 2877 snlnta
949 2832 1039 2888 est,
1056 2825 1284 2894 atavique
1306 2841 1356 2882 te
1375 2844 1608 2885 senectus
1627 2825 1862 2898 excipiet.

343 2903 421 2958 Ex
452 2907 697 2975 plurimis
723 2923 851 2978 ergo
879 2912 1039 2966 rebus
1078 2914 1247 2967 visum
1278 2916 1409 2969 mihi
1437 2926 1521 2972 est
1548 2917 1742 2988 dogma
1781 2920 1929 2976 Chri-

342 2995 640 3051 stianorum
686 2998 864 3054 divina
897 3003 1233 3072 providentia
1282 3007 1611 3074 constitisse,
1667 3020 1927 3083 tantoque

342 3088 673 3155 processisse
693 3102 988 3158 cremento,
1016 3095 1246 3152 maxime
1264 3104 1441 3154 tamen
1464 3115 1531 3155 ex
1554 3104 1927 3172 persecutione

343 3177 621 3244 gentilium
671 3180 872 3236 futuro.
922 3182 1162 3255 Namque
1205 3186 1410 3245 Licinio
1440 3200 1799 3263 persequente
1826 3193 1927 3251 Ec-

344 3267 533 3323 clesias
552 3271 604 3323 in
633 3286 730 3326 suo
757 3272 983 3342 imperio
1013 3278 1350 3347 constitutas,
1380 3281 1651 3337 bellumin
1681 3283 1929 3356 Bithynia

343 3355 543 3411 factum
573 3367 672 3425 est,
700 3376 807 3429 quo
828 3364 1118 3420 novissime
1147 3378 1516 3439 pugnaverunt
1546 3372 1688 3429 inter
1723 3355 1928 3430 alteru-

344 3455 460 3503 tros
489 3449 602 3519 ipse
635 3461 691 3506 et
719 3454 1120 3511 Constantinus.
1156 3457 1438 3530 Tantoque
1466 3462 1648 3519 divino
1675 3464 1928 3535 suffragio

342 3543 554 3611 adjutus
583 3556 664 3601 est
697 3547 1101 3616 Constantinus,
1154 3562 1213 3608 ut
1236 3570 1334 3625 per
1354 3564 1548 3611 terram
1573 3566 1629 3613 et
1652 3574 1752 3632 per
1778 3574 1929 3615 mare

340 3633 582 3690 vinceret
603 3638 885 3709 inimicos;
923 3651 979 3696 et
1006 3645 1214 3705 amissis
1243 3644 1479 3702 Licinius
1508 3649 1844 3719 pedestribus
1872 3657 1927 3707 et

340 3729 637 3796 navalibus,
669 3734 1015 3804 semetipsum
1038 3738 1089 3790 in
1110 3736 1471 3793 Nicomediam
1499 3742 1785 3808 transtulit,
1817 3743 1926 3812 pri-

337 3827 600 3888 vatusque
622 3819 1014 3901 Thessalonica;
1037 3826 1312 3895 aliquanto
1335 3835 1578 3897 tempore
1606 3832 1923 3901 permansit,

340 3907 517 3977 ibique
548 3922 851 3981 DGI'Billpllla
880 3924 962 3968 est
991 3916 1162 3986 (Anno
1187 3917 1342 3972 Dom.
1376 3918 1521 3991 529).
1555 3921 1648 3976 Vir
1662 3926 1923 3990 ergO'pri-

337 4001 559 4054 mortliis
589 4003 796 4073 imperii
826 4008 929 4073 sui,
959 4007 1153 4077 prteliis
1181 4010 1404 4080 aliisque
1427 4011 1588 4067 rebus
1619 4015 1773 4069 valde
1794 4031 1923 4085 pro-

336 4100 542 4154 vectus,
573 4103 626 4146 et
652 4097 853 4149 sororis
874 4096 1212 4154 Constantini
1244 4103 1441 4172 nuptiis
1470 4103 1786 4171 honoratus,
1820 4107 1922 4162 hu-

329 4179 563 4247 jusmodi
595 4180 697 4238 fine
722 4185 1003 4244 defunctus
1047 4201 1149 4246 est.
1181 4191 1479 4263 Somnum,
1513 4195 1600 4251 lib.
1645 4214 1684 4266 ι,
1716 4215 1831 4271 cap.
1864 4198 1920 4269 7,

334 4290 388 4344 p.
416 4273 539 4330 408.
1576 4276 1585 4279 ⁷
1782 4286 1785 4289 ’

937 4438 1167 4495 CAPUT
1205 4440 1293 4495 IX.

330 4518 409 4573 De
423 4522 777 4609 'Iegibnsqmzs
803 4528 1174 4609 constamintts
1197 4552 1291 4604 pro
1309 4535 1621 4609 Christianis
1651 4541 1840 4609 posuit,
1866 4550 1917 4594 et

399 4594 461 4643 de
488 4594 771 4649 mutatione
807 4601 999 4680 rimam
1030 4594 1353 4680 paganorum
1398 4594 1911 4680 Citﬁsliatt'oruntqae
1946 4625 1990 4679 υ

397 4675 634 4745 provectu
659 4706 674 4730 ,
706 4676 754 4719 et
783 4668 847 4721 de
875 4668 1119 4727 victoriis
1147 4676 1259 4745 ejus
1279 4717 1292 4742 ,
1323 4685 1373 4730 et
1422 4680 1747 4735 veneratione
1786 4668 1912 4734 reli-

396 4750 584 4805 gzoms.
1254 4752 1257 4755 '

394 4834 776 4894 Constantinus
807 4839 967 4909 igitur
989 4859 1109 4897 eum
1138 4844 1205 4899 ad
1245 4862 1366 4901 eum
1397 4850 1573 4905 solum
1600 4868 1761 4909 omne
1803 4854 1916 4910 Ro-

322 4942 539 4981 manum
575 4933 906 4999 pervenisset
937 4935 1219 5004 imperium
1245 4979 1259 5005 ,
1293 4940 1484 4996 edictis
1534 4945 1760 5014 publicis
1788 4963 1914 5003 usus

322 5022 423 5075 est.
454 5028 508 5072 ut
538 5020 836 5079 Orientales
862 5026 1088 5095 subjecti
1126 5028 1396 5099 impavide
1418 5034 1732 5103 religionem
1761 5038 1909 5093 cole-

320 5118 442 5164 rent
470 5108 708 5182 Christi,
755 5123 810 5169 et
857 5116 1140 5188 diligenter
1182 5120 1459 5179 Divinitati
1498 5126 1901 5201 ministrarent;

319 5196 662 5259 Dévmitatem
690 5206 889 5281 quippe
932 5210 1099 5265 solam
1131 5226 1250 5267 eam
1280 5214 1565 5272 crederent
1592 5233 1711 5288 quae
1733 5198 1787 5274 et
1815 5235 1905 5276 re-

316 5305 442 5345 vera
466 5289 624 5363 esset,
642 5306 695 5351 et
716 5302 1279 5362 sufiicienterhaberet
1303 5309 1449 5362 omni
1467 5316 1712 5380 tempore
1725 5321 1908 5382 potes-

318 5386 515 5436 tatem:
548 5393 602 5439 et
622 5391 875 5458 quoniam
896 5394 989 5462 qui
1013 5395 1207 5451 talibus
1233 5397 1528 5466 studerent,
1561 5402 1741 5456 omnia
1762 5401 1903 5459 bona

316 5472 393 5524 eis
425 5473 692 5532 uberrime
723 5483 1062 5554 accederent,
1108 5495 1162 5541 et
1190 5502 1520 5558 quaecunque
1542 5490 1767 5547 adversa
1799 5509 1903 5563 pu-

316 5572 493 5621 larent
514 5608 529 5632 ,
560 5585 681 5625 cum
715 5575 920 5629 meliori
954 5580 1133 5647 potius
1153 5595 1247 5649 spe
1272 5576 1620 5651 fruerentur;
1650 5586 1744 5653 qui
1771 5601 1903 5643 vero

314 5653 456 5710 circa
485 5657 653 5715 Deum
682 5662 1078 5733 delinquerent,
1105 5671 1464 5737 communiter
1492 5680 1547 5727 et
1576 5689 1822 5729 seorsum
1846 5677 1899 5731 in

317 5740 549 5832 licllis’et
591 5753 644 5807 in
700 5770 833 5824 pace
881 5760 1062 5814 omnia
1109 5761 1186 5815 eis
1233 5761 1475 5816 difficilia
1529 5765 1896 5832 provenirent.

315 5829 631 5908 Gratiasque
660 5847 916 5916 referens,
946 5864 1054 5904 non
1081 5851 1295 5909 sibimet
1323 5866 1599 5924 arrogans,
1629 5855 1823 5926 adjecit
1845 5859 1898 5915 iu

2032 1930 2257 1985 infames
2305 1929 2382 1984 illi
2425 1929 2686 1996 fecerant,
2736 1932 2804 1986 ab
2861 1932 3077 1987 infamia
3117 1934 3395 1991 relaxavit.
3432 1936 3612 1991 Militia

2028 2035 2158 2075 vero
2213 2020 2453 2091 privatos
2501 2020 2554 2075 in
2585 2036 2680 2076 sua
2710 2022 2985 2078 voluntate
3009 2023 3254 2094 reliquit,
3287 2035 3465 2081 utrum
3497 2042 3617 2093 esse

2029 2110 2082 2164 in
2109 2111 2384 2166 schemate
2434 2126 2541 2182 quo
2581 2110 2825 2183 fuerant,
2857 2129 2924 2169 an
2973 2123 3122 2171 certe
3158 2132 3282 2172 cum
3312 2117 3613 2172 honorabili

2027 2199 2210 2268 quiete
2255 2199 2480 2255 liberam
2529 2201 2731 2257 vellent
2759 2203 2961 2259 habere
2988 2207 3342 2263 vacationem.
3373 2208 3617 2279 Cumque

2030 2306 2220 2347 omnes
2249 2292 2319 2345 ad
2347 2292 2584 2363 priorem
2628 2293 2933 2350 libertatem
2980 2306 3036 2351 et
3064 2308 3351 2354 consuetos
3381 2300 3617 2355 honores

2029 2390 2357 2448 revocasset,
2407 2384 2569 2438 etiam
2619 2385 2932 2444 substantiis
2970 2389 3284 2445 reformavit
3312 2392 3611 2447 universos.

2028 2471 2088 2528 Si
2115 2474 2208 2544 qui
2231 2489 2359 2529 vero
2381 2483 2557 2529 morte
2581 2474 2840 2544 damnati,
2872 2478 3171 2533 substantia
3194 2495 3408 2550 quoque
3433 2482 3614 2535 n'udati

2030 2573 2175 2632 sunt,
2202 2566 2460 2636 praecepit
2510 2566 2775 2637 proximis
2820 2581 3018 2635 genere
3054 2584 3241 2625 eorum
3299 2571 3618 2627 deferendas

2028 2655 2401 2721 haereditates;
2433 2657 2582 2713 nullo
2625 2666 2805 2713 autem
2836 2660 3028 2714 horum
3074 2662 3374 2727 existente,
3428 2679 3616 2719 unam-

2029 2762 2297 2818 quamque
2327 2750 2710 2820 provincialem
2738 2751 3036 2807 Ecelesiam
3077 2752 3144 2807 ad
3169 2752 3615 2829 jus‘haercditatis

2028 2839 2318 2908 accedere;
2342 2848 2398 2896 et
2415 2842 2529 2900 sive
2557 2844 2699 2913 apud
2728 2844 3014 2913 privatum,
3039 2845 3153 2900 sive
3174 2845 3315 2915 apud
3344 2846 3614 2916 publicum

2028 2928 2097 2984 de
2123 2930 2215 2984 tali
2240 2931 2541 2988 substantia
2568 2944 2711 2988 esset
2739 2932 2939 3002 aliquid
2978 2934 3212 2988 ablatum
3232 2976 3248 3001 ,
3280 2937 3610 2991 restitueret.

2028 3019 2119 3076 Eis
2139 3029 2319 3076 autem
2359 3024 2452 3091 qui
2479 3038 2549 3078 ex
2569 3024 2762 3079 terario
2791 3025 3008 3094 publico
3034 3025 3233 3095 aliquid
3264 3042 3616 3097 comparave-

2028 3123 2168 3181 rant,
2202 3123 2295 3170 aut
2334 3115 2657 3172 donationes
2699 3125 3040 3187 acceperant,
3063 3117 3358 3173 secundum
3387 3120 3614 3189 possibi-

1955 3241 2003 3304 ο
2032 3204 2142 3259 lem
2170 3205 2559 3278 decentemque
2577 3207 2796 3263 modum
2821 3222 2880 3264 se
2899 3209 3181 3279 providere
3202 3211 3464 3279 promisit.
3492 3210 3614 3267 llzec

2034 3296 2197 3366 igitur
2220 3340 2236 3366 ,
2266 3299 2424 3354 sicuti
2451 3299 2654 3355 dictum
2693 3308 2776 3358 est
2799 3340 2814 3366 ,
2846 3302 3155 3376 imperatogi
3187 3304 3529 3373 placuerunt,
3559 3316 3615 3361 et

2032 3390 2151 3460 lege
2179 3391 2388 3448 firmata
2434 3402 2579 3457 sunt,
2628 3394 3015 3464 insigniterque
3062 3396 3242 3450 omnia
3272 3397 3479 3453 decenti
3509 3400 3616 3455 line

2029 3486 2319 3555 completa.
2352 3485 2639 3542 Christiani
2676 3503 2806 3544 vero
2850 3497 2977 3545 tunc
3018 3504 3208 3561 omnes
3246 3490 3613 3548 Romanorum

2027 3575 2314 3643 dignitates
2356 3578 2833 3648 administrabant;
2876 3590 2933 3635 et
2959 3580 3027 3637 de
3065 3592 3262 3639 extero
3290 3587 3498 3643 cunctis
3525 3601 3615 3641 sa-

2027 3668 2271 3724 criﬁcare
2298 3671 2613 3740 negabatur,
2636 3671 3201 3744 immolationibusque
3220 3684 3312 3730 aut
3333 3676 3613 3731 divinatio-

2026 3759 2184 3817 nibus
2212 3776 2318 3816 non
2364 3770 2482 3817 erat
2510 3762 2706 3818 locus:
2756 3762 2850 3819 sed
2880 3780 2980 3820 nec
3024 3766 3164 3820 idola
3195 3768 3473 3833 dedicare,
3518 3782 3612 3823 aut

2025 3850 2367 3907 celebritates
2395 3867 2627 3923 paganas
2655 3870 2813 3925 agere
2829 3856 2940 3925 jam
2969 3857 3184 3913 licebat.
3219 3858 3448 3914 Plurima
3480 3877 3612 3916 vero

2024 3941 2184 3996 etiam
2207 3958 2304 4013 per
2330 3944 2571 4001 civitates
2594 3949 2859 4016 gentium,
2885 3948 2952 4003 de
2980 3951 3198 4020 antiqua
3224 3953 3611 4019 consuetudine

2024 4036 2388 4092 mutabantur.
2418 4037 2501 4094 Ab
2530 4040 2620 4097 illo
2641 4039 2874 4111 denique
2896 4050 3137 4114 tempore
3158 4045 3297 4114 apud
3325 4043 3612 4116 Egyptios

2023 4142 2362 4198 nequaquam
2389 4131 2687 4187 secundum
2714 4132 2924 4203 priores
2961 4134 3333 4191 solemnitates
3356 4137 3409 4190 in
3442 4150 3608 4206 paga-

2023 4231 2215 4273 norum
2243 4220 2441 4290 templa
2481 4221 2694 4279 cubitus
2716 4263 2731 4289 ,
2764 4224 2860 4280 sed
2886 4226 2939 4280 in
2962 4226 3221 4282 ecclesias
3245 4228 3417 4296 magis
3441 4226 3605 4282 offer-

2022 4317 2129 4375 tur,
2160 4325 2269 4380 quo
2296 4312 2627 4382 significatur
2652 4327 2984 4371 crementum
3010 4331 3164 4386 aqua:
3191 4317 3427 4374 Niliacae.
3454 4320 3609 4389 Apud

2022 4399 2296 4457 Romanos
2323 4411 2504 4459 autem
2527 4412 2654 4460 tunc
2682 4405 2911 4477 primum
2939 4409 3421 4464 monomachorum
3452 4424 3609 4478 Spec-

2020 4492 2196 4548 tacula
2225 4502 2351 4549 suut
2371 4505 2600 4552 remota.
2627 4498 2779 4568 Apud
2810 4497 3095 4557 Phoenices
3119 4516 3279 4564 vero,
3311 4502 3401 4572 qui
3430 4501 3481 4556 in
3513 4502 3605 4556 Li-

2019 4583 2159 4639 bano
2187 4585 2273 4641 vel
2302 4586 2566 4658 Heliopoli
2616 4600 3039 4659 commorantur,
3101 4592 3181 4648 fas
3226 4594 3450 4650 ulterius
3496 4610 3605 4650 non

2016 4673 2110 4729 fuit
2136 4675 2367 4745 virgines
2395 4677 2647 4734 fornicari
2668 4692 2955 4751 antequam
2987 4684 3237 4753 legitimis
3254 4685 3606 4756 jungerentur

2016 4765 2167 4832 viris,
2198 4781 2393 4837 nempe
2443 4779 2565 4838 post
2614 4772 2996 4841 turpitudinem
3047 4775 3400 4844 experimeuti
3444 4777 3600 4846 primi

2017 4855 2263 4913 nefandae
2300 4859 2694 4929 permixtionis.
2727 4864 2939 4919 Sancta:
2960 4881 3088 4920 vero
3118 4865 3311 4921 domus
3334 4882 3456 4936 quae
3483 4871 3605 4936 qui-

2013 4944 2136 4999 dem
2166 4949 2589 5017 magnitudinem
2618 4952 2941 5010 videbantur
2974 4956 3176 5013 habere
3222 4958 3601 5026 sufficientem,

2014 5040 2440 5108 corrigebantur.
2471 5044 2605 5098 Alia:
2649 5060 2779 5101 vero
2809 5057 3087 5105 cremento
3117 5049 3414 5106 altitudinis
3444 5062 3499 5106 et
3526 5054 3603 5105 la-

2016 5128 2257 5186 titudinis
2284 5135 2638 5202 augebantur.
2668 5136 2810 5193 Alibi
2838 5147 3020 5196 autem
3048 5156 3170 5198 cum
3195 5150 3303 5198 no‘n
3327 5153 3537 5209 essent,
3562 5162 3594 5198 a

2012 5218 2370 5279 fundamentis
2422 5225 2697 5282 aedificatae
2741 5229 3033 5300 fulgebant.
3082 5232 3344 5292 Pecunias
3372 5251 3501 5291 vero
3528 5252 3594 5290 ex

2010 5311 2171 5377 regiis
2200 5312 2466 5370 thesauris
2495 5315 2789 5387 imperator
2810 5323 2975 5394 210
2995 5321 3302 5381 affluentius
3328 5326 3598 5398 impende-

2009 5401 2103 5456 bat
2129 5421 2141 5456 :
2188 5406 2429 5462 scribens
2456 5424 2553 5477 per
2592 5412 2831 5483 singulas
2859 5417 3104 5472 civitates
3134 5418 3407 5489 episcopis
3435 5428 3599 5488 atque

2012 5494 2324 5561 praisidibus
2352 5500 2699 5571 populorum,
2724 5514 2782 5558 ut
2819 5505 3156 5573 sacerdotes,
3190 5509 3347 5565 sicuti
3374 5509 3597 5575 vellent,

2004 5582 2288 5652 juberent;
2320 5587 2408 5643 isti
2435 5597 2618 5647 autem
2643 5593 2959 5663 jubentibus
2987 5600 3291 5666 obedirent,
3326 5610 3596 5671 quatenus

2009 5675 2119 5731 cito
2147 5675 2497 5746 perficeretur
2533 5698 2689 5754 opus.
2721 5686 2948 5743 Laetanti
2980 5689 3243 5759 siquidem
3279 5691 3396 5760 ejus
3422 5691 3593 5761 impc-

2008 5768 2113 5835 rio,
2137 5770 2300 5824 etiam
2341 5772 2529 5843 religio
2558 5777 2714 5834 valde
2737 5777 2994 5847 florebat,
3031 5792 3080 5839 et
3114 5784 3165 5838 in
3198 5793 3407 5839 tantum
3430 5783 3595 5838 etiam

2008 5867 2131 5931 post
2159 5859 2355 5918 bellum
2382 5876 2571 5924 contra
2604 5867 2864 5926 Licinium
2894 5884 3101 5945 gestum
3128 5858 3464 5933 felicissimus
3494 5874 3595 5931 fuit

2282 5987 2412 6017 ""‘-\
