3990 6170
167 368 260 423 893

1258 366 1577 439 HISTORIA
1614 366 2048 424 TRIPARTITA.
2090 325 2291 424 LIBER
2326 368 2366 423 ι.

3318 346 3422 424 sm

167 483 214 537 iu
242 477 437 552 prmliis
464 476 717 532 adversus
744 477 1070 548 alienigenas
1100 481 1410 549 praeparatis
1429 521 1443 545 ,
1468 489 1526 533 ut
1573 480 1735 534 etiam
1765 484 1813 542 Α
1840 483 2197 538 consisterent
2229 500 2243 537 :
2280 483 2371 553 qui
2399 496 2528 537 vero
2558 481 2694 537 filios
2720 496 2828 539 non
2864 481 3200 555 habuissent,
3222 487 3424 543 medie-

164 574 431 629 Sarmatas
457 574 694 629 vinceret
718 615 732 641 ,
776 582 833 629 et
855 575 946 643 qui
977 584 1235 630 vocantur
1262 574 1445 641 Gothi,
1481 586 1606 630 tunc
1634 592 1736 630 no-

161 665 372 720 vissime
410 660 569 719 causa
600 665 787 731 gratia:
816 665 957 735 apud
985 665 1346 721 eum'fmdera
1378 666 1737 722 celebrarent.

163 755 615 823 Haacautemgens
640 754 918 809 habitabat
948 765 1073 811 tunc
1100 755 1314 825 quidem
1347 763 1492 811 trans
1521 755 1737 811 fluvium

160 846 363 901 Istrum.
408 845 648 914 Cumque
669 846 889 901 essetin
919 847 1073 902 bellis
1093 862 1281 916 prona,
1315 855 1369 899 et
1399 846 1739 901 multitudine

160 948 312 1006 atque
359 935 726 1005 magnitudine
759 952 1048 1006 corporum
1090 937 1253 991 armis
1294 952 1507 1006 semper
1533 937 1739 992 exerci-

161 1037 291 1091 tata‘,
340 1027 463 1083 aliis
487 1026 704 1096 quidem
730 1026 974 1081 barbaris
1002 1025 1357 1096 praevalebat;
1383 1026 1530 1080 solos
1559 1034 1736 1080 autem

159 1119 383 1174 habebat
412 1117 686 1173 Romanos
713 1118 928 1173 sibimet
954 1127 1336 1188 repugnantes.
1368 1116 1563 1171 Fertur
1591 1118 1736 1173 enim

160 1213 310 1266 etiam
339 1218 394 1266 et
437 1211 541 1266 hoc
576 1211 762 1281 prtelio
801 1210 1226 1265 demonstratum
1254 1208 1609 1265 Constantino
1641 1226 1738 1280 per

159 1305 294 1373 signa
317 1311 479 1374 atque
506 1304 713 1358 somnia
735 1311 934 1371 quanta
960 1301 1056 1356 Dei
1081 1301 1413 1372 providentia
1434 1311 1730 1371 regeretur.

157 1395 245 1461 Qui
296 1411 419 1450 cum
459 1403 770 1464 superasset
807 1395 987 1448 omnia
1037 1393 1177 1448 bella
1222 1408 1342 1463 qua:
1387 1394 1489 1447 sub
1515 1408 1581 1446 eo
1610 1401 1736 1447 sunt

155 1495 295 1555 gesta
326 1486 449 1559 (Au.
480 1484 636 1539 Dom.
669 1484 797 1554 555)
825 1527 840 1553 ,
876 1485 1040 1539 veluti
1070 1499 1365 1554 repensans
1410 1482 1645 1549 Christo,
1679 1483 1733 1538 in

155 1580 258 1646 ejus
286 1576 557 1646 religionis
581 1575 761 1631 studio
783 1576 952 1645 magis
978 1576 1254 1645 magisque
1282 1574 1524 1629 fervebat
1548 1583 1573 1625 :‘
1594 1574 1734 1629 hanc

151 1671 311 1723 satam
340 1683 522 1722 veram
564 1664 835 1720 fatendum
870 1680 991 1721 esse
1019 1673 1074 1720 et
1102 1665 1394 1720 salutarem
1422 1663 1733 1718 existimare

152 1760 411 1827 subjectos
427 1759 639 1827 jubens.
672 1756 748 1811 Ex
774 1766 915 1811 terra
945 1772 1077 1812 vero
1106 1756 1318 1813 subdita
1340 1755 1438 1810 sibi
1462 1797 1477 1819 ,
1507 1770 1575 1809 ex
1597 1770 1730 1810 una-

1772 605 1795 617 ι-
1828 583 2009 655 [tatem
2043 576 2355 631 relictorum
2393 574 2607 631 sibimet
2633 576 2968 632 amittebant.
3001 578 3302 636 Posuerunt
3328 596 3425 636 au-

1839 676 1948 721 tem
1978 667 2075 723 has
2103 668 2245 737 leges
2268 667 2508 735 antiqui,
2533 667 2776 722 volentes
2799 666 3024 723 Romam
3056 684 3174 725 esse
3196 666 3427 741 populo-

1839 774 1974 824 sam,
1998 774 2319 829 omnemque
2342 766 2538 814 terram
2562 758 2949 830 subjectam,et
2975 762 3099 830 quia
3119 776 3225 817 non
3252 762 3424 818 multo

1838 858 1963 904 ante
1989 849 2085 904 has
2107 850 2250 918 leges
2293 851 2553 919 plurimos
2579 850 2632 904 in
2660 850 2905 907 civilibus
2926 852 3081 907 bellis
3106 852 3417 910 amiserant.

1837 940 2036 996 Videns
2066 942 2226 1011 igitur
2253 943 2547 1012 imperator
2572 942 2776 998 idcirco
2792 944 2935 999 male
2964 944 3186 1000 tractari
3216 960 3311 1002 eos
3330 946 3423 1014 qui

1838 1040 2060 1102 propter
2105 1032 2272 1087 Deum
2318 1034 2609 1102 virginitati
2652 1040 2709 1089 et
2750 1034 2868 1089 sine
2896 1034 3078 1090 liberis
3098 1050 3217 1091 esse
3243 1021 3425 1092 stude-

1837 1120 1997 1187 bant,
2030 1121 2231 1177 fatuum
2258 1122 2518 1192 judicavit
2553 1123 2829 1193 diligentia
2858 1133 2914 1181 et
2940 1125 3117 1181 studio
3145 1126 3423 1182 hominum

1837 1213 2004 1267 videri
2042 1230 2231 1270 eorum
2265 1216 2447 1284 augeri
2469 1230 2670 1285 genus;
2699 1232 2821 1272 cum
2867 1224 3059 1271 natura
3077 1232 3304 1295 semper
3330 1232 3424 1273 su-

1836 1320 2001 1375 perna
2056 1305 2432 1362 distributione
2476 1307 2884 1363 diminutionem
2912 1307 3176 1378 suscipiat
3203 1317 3261 1364 et
3288 1321 3422 1377 aug-

1836 1405 2095 1450 mentum.
2130 1396 2196 1451 Et
2226 1397 2400 1466 legem
2437 1397 2633 1468 populo
2666 1399 2947 1469 proposuit
2975 1399 3258 1465 universo,
3288 1413 3422 1468 qua-

1837 1494 1993 1540 tenus
2019 1486 2313 1553 mqualibus
2341 1486 2636 1556 privilegiis
2679 1485 2984 1542 fruerentur
3010 1487 3105 1557 qui
3133 1486 3253 1543 sine
3288 1502 3422 1543 con-

1830 1576 2046 1646 jugibus
2076 1585 2131 1631 et
2159 1577 2343 1633 liberis
2369 1586 2542 1644 erant,
2562 1578 2755 1648 quibus
2776 1579 2852 1634 illi
2878 1580 2970 1649 qui
2994 1580 3112 1635 haec
3138 1594 3199 1635 se
3218 1580 3421 1635 habere

1833 1666 2156 1735 gaudebant.
2202 1666 2309 1722 Sed
2358 1668 2520 1722 etiam
2561 1669 2790 1739 amplius
2838 1668 3042 1725 habere
3078 1668 3426 1725 sanciviteos

1835 1757 1925 1826 qui
1955 1758 2007 1811 in
2038 1758 2714 1831 continentimyirginitate
2734 1760 3021 1830 degebant,
3052 1761 3324 1817 licentiam
3344 1762 3425 1819 eis

150 1866 354 1920 quaque
379 1850 595 1905 civitate
623 1849 939 1917 detrahens,
962 1848 1232 1919 publicum
1257 1859 1570 1917 certumque
1597 1846 1724 1919 [ed.,
1761 1850 1806 1909 Β
1833 1847 2077 1917 praebens
2107 1843 2358 1903 masculis
2385 1846 2722 1919 feminisque,
2752 1848 2879 1905 licet
2906 1858 3065 1905 :etate
3095 1851 3423 1918 minoribus,

148 1941 372 2011 publico,
402 1951 607 1995 certum
629 1981 645 2007 ,
677 1937 812 2010 etc.j
841 1938 1070 2007 vectigal
1111 1938 1351 1993 ecclesiis
1380 1935 1728 2007 provinciali-

150 2034 239 2087 bus
282 2033 535 2104 claroque
583 2031 885 2098 distribuit,
931 2040 986 2086 et
1027 2030 1375 2085 donationem
1403 2028 1634 2083 validam
1674 2028 1729 2083 in

151 2133 455 2193 jerpetuum
487 2138 607 2177 esse
637 2122 881 2176 sancivit.
925 2120 1258 2176 Assuescens
1287 2128 1469 2175 autem
1498 2119 1727 2185 milites,

152 2223 222 2282 ut,
265 2215 407 2268 sicut
448 2213 586 2283 ipse,
642 2212 810 2267 Deum
846 2211 1109 2281 colerent,
1154 2210 1308 2281 signo
1339 2209 1511 2266 crucis
1540 2224 1728 2267 eorum

150 2320 286 2359 arma
310 2305 577 2372 signabat.
605 2301 664 2357 lu
695 2302 964 2372 regalibus
994 2316 1211 2371 quoque
1240 2300 1535 2357 oratorium
1567 2298 1729 2353 fabri-

148 2404 310 2464 catus,
337 2395 500 2450 etiam
522 2392 927 2448 tabernaculum
950 2390 1017 2446 ad
1047 2392 1216 2446 instar
1245 2390 1485 2446 ecclesiae
1506 2389 1729 2444 circum-

148 2485 338 2540 ferebat
364 2486 490 2539 dum
521 2485 779 2539 adversus
806 2484 990 2539 hostes
1015 2489 1513 2547 castrametaretur;
1546 2486 1729 2550 quate-

147 2593 236 2631 nus
270 2592 371 2632 nec
400 2576 454 2630 in
485 2575 678 2630 itinere
724 2574 927 2643 degens
954 2574 1067 2643 ipse
1089 2615 1104 2640 ,
1147 2573 1230 2627 vel
1260 2572 1529 2628 exercitus
1573 2584 1727 2626 sacro

145 2668 337 2722 lumine
386 2666 749 2736 privarentur,
796 2680 903 2734 quo
950 2663 1171 2719 deceret
1199 2662 1407 2716 laudari
1437 2662 1639 2723 Deum,
1672 2667 1728 2715 et

146 2761 413 2815 orationes
436 2757 617 2814 offerri
634 2756 812 2830 [Mss.,
835 2758 1154 2813 decerneret
1172 2756 1459 2812 laudare...
1486 2746 1725 2828 offerre].

140 2850 512 2923 Sequebantur
536 2857 715 2905 autem
746 2848 948 2918 pariter
968 2846 1280 2903 sacerdotes
1312 2845 1606 2929 et/diaconi
1642 2854 1727 2901 ta-

140 2939 427 2995 bernaculo
454 2938 772 3002 servientes,
801 2938 893 3006 qui
919 2935 1211 2991 secundum
1242 2934 1412 3003 legem
1443 2934 1730 2990 ecclesias-

144 3029 296 3085 ticam
346 3044 627 3087 sacrorum
656 3029 874 3083 ordines
901 3027 1285 3096 adimplcbant.
1318 3024 1398 3080 Ex
1426 3026 1519 3081 illo
1546 3035 1726 3081 autem

139 3119 499 3176 Romanorum
524 3120 778 3175 cohortes
802 3159 818 3184 ,
849 3132 967 3187 quae
996 3132 1139 3171 nunc
1164 3114 1381 3171 Numeri
1407 3130 1726 3186 nuneupan-

1835 1944 2213 1992 testamentum
2242 1936 2421 1993 facere
2445 1946 2632 1993 contra
2656 1953 2997 1995 communem
3016 1940 3211 2011 legem.
3226 1939 3425 1996 Omnes

1833 2026 1976 2081 enim
2024 2027 2165 2081 bene
2212 2028 2454 2097 cogitare
2491 2027 2772 2096 judicavit,
2808 2042 3037 2096 quorum
3090 2046 3229 2101 opus
3278 2041 3426 2088 esset

1830 2116 1999 2172 Deum
2027 2116 2240 2190 placare
2266 2131 2482 2187 semper
2509 2125 2564 2172 et
2589 2117 2945 2188 philosophia:
2974 2121 3158 2176 veraci
3202 2135 3416 2177 vacare.

1832 2207 2002 2277 Hujus
2029 2209 2172 2264 enim
2198 2209 2278 2264 rei
2308 2224 2467 2265 causa
2495 2217 2552 2265 et
2570 2211 2778 2281 antiqui
2799 2210 3168 2268 Romanorum
3200 2214 3426 2269 licenter

1832 2300 2011 2355 testati
2032 2298 2268 2368 virgines
2294 2298 2543 2355 Vestales
2569 2300 2731 2356 etiam
2762 2310 2917 2358 sexto
2944 2304 3121 2361 aetatis
3149 2306 3423 2360 curriculo

1832 2390 2208 2446 decreverunt.
2246 2388 2515 2446 Iudicium
2545 2391 2728 2461 itaque
2769 2392 3061 2448 maximum
3106 2396 3423 2452 reverentia:

1829 2483 1904 2554 pii
1934 2483 2192 2553 principis
2218 2483 2361 2538 circa
2387 2483 2702 2552 religionem
2733 2483 3006 2556 fuitzquia
3028 2485 3225 2556 ubique
3252 2469 3422 2543 admi-

1832 2573 2173 2630 nistrantium
2203 2574 2499 2628 sententias
2525 2572 2869 2643 imperfectas
2894 2590 3013 2631 esse
3040 2564 3233 2644 voluit,
3261 2585 3318 2632 et
3349 2578 3420 2632 ad

1830 2665 2117 2736 episcopos
2145 2678 2242 2733 per
2283 2663 2702 2734 appellationem
2743 2663 3120 2734 refugiendum
3148 2681 3269 2722 esse
3297 2682 3424 2722 san-

1830 2757 1991 2821 civit,
2023 2757 2069 2811 si
2099 2757 2190 2827 qui
2216 2755 2418 2811 vellent
2445 2755 2633 2812 civiles
2661 2755 2874 2826 iudices
2903 2755 3140 2812 refutare
3168 2774 3182 2810 :
3215 2755 3422 2813 firmam

1831 2865 1961 2905 vero
2010 2849 2222 2904 illorum
2248 2846 2496 2917 judicans
2524 2847 2847 2902 sententiam
2877 2847 3057 2916 potius
3085 2862 3245 2916 quam
3271 2845 3420 2916 judi-

1831 2953 1953 2994 cum
1982 2937 2209 2992 aliorum
2237 2976 2254 3003 ,
2282 2945 2339 2991 et
2360 2975 2376 3001 ,
2401 2943 2656 3005 tanquam
2681 2935 2749 2991 ab
2778 2936 3104 3006 imperatore
3132 2937 3419 3006 prolatam,

1832 3032 1900 3086 ab
1928 3030 2177 3086 omnibus
2229 3028 2618 3084 observandam
2643 3071 2660 3096 ,
2702 3035 2758 3084 et
2805 3029 3252 3085 inconvertibiles
3299 3046 3421 3085 esse

1833 3123 2092 3177 terminos
2118 3119 2423 3193 synodales.
2456 3118 2589 3174 Illud
2616 3134 2833 3189 quoque
2869 3134 2970 3175 nos
3003 3120 3309 3189 relinquere
3339 3119 3422 3173 di-

138 3220 218 3266 tur
238 3252 255 3279 ,
304 3212 531 3281 singula:
577 3210 825 3266 fecerunt
866 3207 1272 3263 tabernaculum
1326 3207 1626 3277 proprium.
1669 3215 1723 3261 et
1748 3216 1795 3279 (ι
1830 3227 1993 3282 gnum
2022 3228 2129 3268 non
2158 3218 2260 3278 est,
2291 3210 2435 3281 quod
2464 3225 2563 3280 pro
2585 3210 2816 3266 utilitate
2839 3211 3101 3266 sancitum
3130 3203 3212 3266 e'st
3233 3227 3420 3268 eorum

134 3304 442 3359 sacerdotes
470 3313 632 3372 atque
665 3302 922 3357 diaconos
949 3299 1266 3354 distributos
1295 3298 1585 3353 habebant.
1628 3297 1726 3353 Die

132 3408 256 3448 vero
284 3394 380 3462 qui
424 3392 724 3447 dominicus
768 3398 1012 3457 vocatur,
1061 3404 1220 3458 quem
1250 3386 1464 3443 Hebraei
1493 3388 1724 3457 primum

133 3494 330 3542 vocant
360 3528 377 3552 ,
407 3483 580 3540 Grzeci
611 3493 789 3539 autem
819 3483 921 3538 soli
972 3481 1301 3537 distribuunt
1326 3522 1340 3546 ,
1371 3491 1426 3535 et
1453 3480 1547 3551 qui
1600 3488 1726 3536 ante

130 3581 418 3651 septimum
444 3587 526 3633 est
542 3578 618 3650 [id
648 3586 723 3630 est
749 3575 883 3629 diem
915 3570 1172 3644 Veneris],
1202 3572 1431 3630 sancivit
1457 3587 1487 3626 a
1509 3570 1725 3642 judiciis

129 3671 358 3741 aliisque
389 3669 564 3725 causis
593 3668 872 3722 universos
919 3666 1118 3720 habere
1146 3665 1484 3720 vacationem
1509 3704 1525 3729 ,
1574 3671 1630 3719 et
1669 3663 1723 3718 in

130 3779 198 3816 eo
243 3771 459 3817 tantum
506 3759 841 3815 orationibus
883 3756 1163 3825 occupari.
1203 3754 1514 3809 Hnnorabat
1542 3763 1722 3808 autem

127 3853 461 3907 dominicum
506 3849 672 3915 diem,
717 3849 837 3919 quia
882 3848 932 3900 ia
965 3864 1032 3901 eo
1078 3846 1322 3901 Christus
1364 3846 1658 3901 resurrexit
1691 3860 1722 3898 a

128 3946 387 4009 mortuis;
418 3944 580 3997 alium
626 3957 774 4005 vero,
817 3939 939 4003 quia
983 3939 1035 3993 in
1088 3954 1155 3993 eo
1198 3937 1374 3993 fuerat
1410 3936 1719 3993 crucifixus.

124 4038 419 4093 Maximam
461 4049 693 4103 namque
733 4032 999 4088 culturam
1024 4030 1400 4087 sacratissima:
1421 4030 1597 4086 crucis
1627 4031 1722 4084 ha-

126 4130 315 4198 bebat,
338 4138 452 4182 tam
484 4143 582 4198 pro
614 4125 676 4180 iis
697 4139 817 4203 qua:
854 4124 903 4178 ei
935 4137 1191 4193 prospere
1220 4131 1581 4192 provenerant
1606 4121 1722 4190 ejus

119 4218 329 4290 auxilio
351 4222 406 4275 in
438 4219 637 4290 prteliis
662 4224 854 4272 contra
872 4214 1211 4269 adversarios
1238 4206 1496 4268 insﬁtntis
1515 4254 1529 4278 ,
1556 4228 1717 4284 quam

121 4328 218 4379 pro
232 4286 460 4366 ‘indicio
486 4308 631 4378 quod
656 4308 708 4363 ei
733 4306 993 4363 divinitus
1021 4320 1119 4375 pro
1146 4319 1210 4359 ea
1240 4303 1517 4358 videbatur
1546 4311 1723 4357 osten-

115 4420 259 4459 sum.
296 4403 543 4473 Denique
565 4400 881 4471 supplicium
912 4398 1108 4461 crucis,
1132 4395 1277 4469 quod
1310 4396 1555 4465 primitus
1578 4394 1721 4465 apud

117 4499 406 4551 "omanos
428 4500 543 4547 erat
572 4492 625 4547 in
656 4507 788 4557 usu,
822 4490 939 4559 lege
966 4488 1257 4559 prohibuit.
1296 4486 1354 4541 In
1386 4484 1721 4554 figurationi-

112 4588 215 4644 bus
243 4593 439 4643 autem
483 4584 777 4640 solidorum
825 4591 883 4639 et
910 4582 963 4637 in
1013 4581 1334 4651 imaginibus
1374 4581 1477 4636 hoc
1504 4580 1715 4648 signum
1746 4597 1793 4655 ι)

106 4676 276 4745 jussit
307 4674 533 4731 inscribi
559 4689 773 4743 semper
798 4681 853 4728 et
882 4669 1120 4742 ﬁgurari,
1152 4680 1213 4725 ut
1241 4678 1508 4725 testantur
1527 4670 1714 4725 hacte-

109 4784 214 4824 nus
243 4769 376 4837 ejus
422 4766 684 4836 imagines
709 4767 812 4821 hoc
838 4766 1112 4821 schemate
1140 4762 1425 4820 decorata.
1458 4762 1516 4818 In
1543 4763 1719 4818 omni-

106 4864 210 4917 bus
239 4858 520 4931 siquidem
546 4857 708 4913 rebus
731 4896 747 4923 ,
778 4858 1048 4927 praecipue
1078 4865 1255 4910 tamen
1279 4855 1333 4909 in
1365 4853 1716 4923 legislationi-

1832 3304 1924 3373 qui
1955 3303 2006 3357 in
2047 3301 2300 3358 Ecclesiis
2327 3302 2799 3356 manumittuntur.
2835 3299 2968 3356 Cum
3002 3311 3224 3371 propter
3250 3303 3422 3356 subti-

1830 3395 2036 3450 litatem
2065 3395 2242 3464 legum
2285 3395 2449 3449 etiam
2478 3394 2631 3463 inviti
2678 3408 3019 3466 possessores
3048 3394 3419 3451 difficultatem

1825 3498 2142 3561 paterentur
2163 3491 2307 3547 circa
2351 3490 2623 3546 dationem
2655 3489 2897 3547 melioris
2922 3488 3208 3555 libertatis,
3258 3505 3418 3558 quam

1826 3584 2133 3639 civilitatem
2162 3583 2459 3639 Romanam
2490 3588 2717 3648 vocant,
2744 3590 2858 3637 tres
2897 3582 3082 3651 posuit
3113 3581 3293 3653 leges:
3325 3579 3421 3636 de-

1824 3691 2053 3733 cernens
2079 3690 2270 3729 omnes
2306 3674 2360 3728 in
2390 3672 2632 3730 ecclesiis
2654 3671 3014 3727 manumissos
3039 3671 3140 3726 sub
3172 3671 3420 3725 testimo-

1825 3768 1917 3823 nio
1942 3767 2314 3832 sacerdotum,
2346 3782 2444 3837 per
2469 3767 2612 3821 hanc
2639 3766 2781 3837 piam
2838 3763 3274 3819 adinventionem
3303 3762 3413 3827 Βοο

1825 3877 1982 3916 mana
2010 3861 2268 3916 civilitate
2314 3859 2416 3914 frui
2447 3877 2461 3926 ;
2504 3858 2659 3928 cujus
2686 3857 2941 3913 indicium
2984 3873 3223 3926 praisens
3250 3857 3415 3910 etiam

1823 3962 2036 4023 tempus
2088 3959 2290 4009 servat.
2332 3948 2467 4004 Nam
2505 3949 2672 4004 moris
2728 3955 2846 4003 erat
2896 3948 2965 4003 de
2996 3948 3240 4002 libertate
3275 3947 3421 4015 leges

1822 4044 2052 4112 scriptas
2080 4043 2135 4097 in
2163 4039 2679 4097 manumissionibus
2724 4039 3003 4109 anteponi.
3032 4037 3420 4097 Constantinus

1823 4135 1985 4204 igitur
2016 4135 2155 4189 hanc
2182 4132 2407 4190 studens
2435 4146 2567 4187 sane
2596 4133 2649 4186 in
2690 4130 2941 4188 omnibus
2969 4131 3269 4185 honorabat
3297 4130 3421 4184 reli-

1822 4227 2067 4296 gionem;
2116 4233 2234 4280 erat
2286 4225 2490 4295 quippe
2537 4232 2594 4280 et
2638 4239 2737 4294 per
2780 4223 3127 4296 semetipsam
3184 4222 3419 4289 gloriosa

1821 4326 2044 4386 propter
2072 4316 2325 4369 virtutem
2350 4314 2706 4385 plurimorum
2738 4320 2866 4368 tunc
2898 4311 2951 4366 in
2982 4327 3045 4366 ea
3073 4310 3414 4381 pollcntium.

1823 4409 2121 4477 SOZOHEN.,
2143 4407 2233 4463 lib.
2261 4424 2301 4477 ι,
2332 4424 2446 4477 cap.
2479 4405 2534 4476 9,
2558 4423 2613 4477 p.
2637 4406 2765 4461 415.

2451 4537 2680 4596 CAPUT
2717 4536 2787 4591 X.

1874 4655 1953 4710 De
1981 4656 2198 4710 diversis
2228 4648 2609 4726 confessoribus
2630 4666 2903 4722 eorumque
2931 4650 3338 4704 conversatione.

1888 4767 2074 4839 Itaque
2125 4764 2590 4837 persecutionibus
2637 4764 2748 4834 jam
2803 4764 3179 4831 cessantibus,
3238 4763 3414 4818 adhuc

1819 4858 1973 4914 multi
1999 4858 2372 4914 confessorum
2399 4856 2719 4927 superstites
2746 4853 2872 4911 Eccl
2910 4856 3016 4910 sias
3046 4856 3409 4918 exornabant;

1822 4957 1883 5003 ut
1903 4947 2004 5002 fuit
2023 4945 2179 5004 Osius
2202 4946 2465 5003 Corduba:
2503 4945 2745 5019 pontifex
2763 4986 2779 5010 ,
2812 4953 2866 4999 et
2891 4944 3157 5015 Amphion
3182 4942 3413 5011 Epipha-

107 4954 233 5028 luis,
290 4952 554 5007 studebat
607 4951 822 5021 placare
872 4950 1233 5004 Divinitatem.
1286 4947 1525 5018 Apparet
1575 4946 1719 5009 enim

104 5046 429 5101 luxuriosas
481 5053 538 5099 et
580 5043 734 5099 valde
784 5040 957 5097 fatuas
1002 5043 1396 5113 permixtiones
1433 5047 1560 5094 ante
1594 5054 1719 5094 eum

104 5151 216 5191 non
248 5134 587 5207 prohibitus,
621 5143 748 5190 tunc
791 5134 952 5188 fuisse
998 5140 1268 5188 correctas
1292 5174 1307 5198 ,
1339 5132 1478 5187 sicut
1502 5147 1567 5186 ex
1591 5130 1721 5201 ipsis

99 5246 245 5300 quas
274 5228 470 5299 posuit
515 5227 721 5295 legibus
749 5226 1036 5280 invenitur.
1066 5225 1170 5279 Sed
1200 5241 1343 5280 nunc
1384 5239 1503 5294 quae
1527 5223 1594 5277 ad
1617 5222 1715 5278 ho-

102 5334 311 5373 norem
347 5326 404 5371 et
443 5325 643 5370 statum
692 5314 965 5383 religionis
995 5315 1061 5369 ab
1091 5331 1157 5369 eo
1200 5315 1406 5368 saneita
1436 5320 1561 5367 sunt
1587 5327 1720 5382 pan-

99 5414 239 5466 dere
287 5409 661 5464 necessarium
690 5416 771 5462 est
790 5448 805 5472 ,
838 5424 958 5462 cum
989 5417 1169 5475 partes
1194 5422 1312 5460 esse
1342 5405 1722 5459 ecclesiasticae

105 5503 419 5559 vidcantur
445 5500 698 5554 historim.
748 5500 1049 5559 Sozousx..
1081 5497 1172 5550 lib.
1208 5513 1244 5567 ι,
1274 5514 1392 5568 cap.
1426 5496 1487 5562 8,
1517 5511 1572 5566 p.
1594 5494 1716 5550 409.

178 5597 359 5669 Apud
389 5593 662 5649 Romanos
691 5593 887 5648 dudum
919 5591 1016 5645 fuit
1039 5591 1125 5645 lex
1148 5632 1164 5655 ,
1197 5606 1228 5645 a
1257 5589 1516 5660 vigesimo
1540 5589 1729 5659 quinto

94 5710 259 5747 ιιιιιυ
297 5705 417 5743 non
442 5686 703 5741 habentes
731 5700 925 5740 uxores
955 5681 1250 5753 prohibens
1270 5698 1302 5737 ει
1329 5681 1620 5754 privilegiis
1640 5681 1729 5737 ha-

92 5782 378 5849 bentium
404 5778 689 5848 coniuges;
720 5775 813 5833 sed
841 5784 895 5830 et
923 5774 1029 5831 alia
1068 5773 1234 5826 multa
1260 5774 1474 5844 lubens,
1505 5782 1561 5828 ut
1593 5773 1726 5828 nihil

87 5882 169 5935 (υ
207 5881 559 5933 testamento
600 5870 968 5933 lucrarentur,
996 5865 1118 5921 licet
1144 5866 1490 5935 proximitate
1513 5865 1724 5937 generis

1822 5040 1959 5094 neize
1985 5038 2205 5101 Ciliciae,
2230 5045 2288 5092 et
2313 5036 2597 5103 Maximus,
2624 5036 2717 5106 qui
2744 5042 2865 5106 post
2892 5034 3180 5088 Macarimn
3213 5032 3410 5091 lliem-

1820 5114 2149 5201 solymorum
2179 5127 2350 5185 tenuit
2376 5126 2741 5198 przesulatum,
2790 5134 2845 5180 et
2890 5123 3220 5194 Paphnutius
3250 5121 3411 5192 .4ng-

1821 5220 1992 5291 ptius,
2037 5234 2135 5290 per
2189 5232 2349 5288 quem
2379 5206 2529 5272 aiunt
2567 5216 2795 5289 plurima
2842 5214 3101 5302 miracula
3126 5223 3437 5284 operatum.

1822 5312 2014 5380 Deum,
2046 5309 2425 5379 dmmonesque
2449 5309 2759 5377 subjecisse,
2803 5302 3177 5377 variarumque
3201 5308 3409 5379 passin-

1823 5388 1951 5460 num
1979 5402 2315 5459 condonasse
2359 5403 2407 5458 ei
2455 5402 2734 5459 sanitates.
2787 5400 2985 5455 Ferunt
3036 5393 3413 5470 autem‘quod

1828 5484 2161 5565 Pabhnutius
2189 5502 2245 5549 et
2271 5491 2535 5547 Maximus
2581 5507 2648 5548 ex
2692 5492 2795 5549 illis
2849 5491 3247 5547 confcssoribns
3296 5488 3411 5544 fuc-

1833 5593 1960 5642 runt
1988 5600 2124 5656 quos
2151 5583 2472 5640 Maximinus
2504 5583 2797 5654 imperator
2823 5582 2874 5637 in
2906 5582 3133 5637 mttallis
3157 5583 3222 5635 ad
3245 5597 3407 5649 opera

1832 5679 2133 5734 exercenda
2161 5676 2453 5740 damnavit,
2478 5676 2666 5731 oculos
2695 5690 2880 5731 eorum
2911 5674 3128 5731 dextros
3151 5672 3410 5736 evellens,
3451 5663 3459 5675 ”

1826 5776 1882 5825 et
1901 5768 2144 5825 sinistras
2168 5786 2323 5827 suras
2354 5768 2614 5824 incidens.
2641 5767 2918 5824 Soznxsa.
2942 5809 2954 5832 ,
2989 5765 3076 5819 lib.
3107 5780 3144 5829 ι,
3168 5779 3286 5831 cap.
3320 5761 3410 5827 tt),

1825 5875 1881 5932 p.
1916 5859 2038 5915 ιιι.
