3990 6170
442 342 548 402 895

1690 333 1761 393 Μι.
1805 330 2083 392 AURELII
2109 274 2509 392 εΑεειοὸοῐιι
2548 382 2555 389 .

3612 330 3720 387 89.6

515 460 677 533 211
706 451 1011 513 Secundum
1032 461 1129 507 eos
1157 456 1338 505 autem
1361 447 1524 503 fuisse
1546 447 1881 519 percepimus
1905 445 2029 518 Spi-
2055 446 2104 506 A
2132 444 2224 501 Sic
2244 444 2407 515 igitur
2433 443 2523 500 ille
2561 449 2749 514 captus
2775 451 2877 503 est.
2907 449 2963 498 et
2984 441 3135 533 quod
3163 439 3215 497 ci
3246 441 3549 512 deliquerat
3578 445 3720 501 indi—

440 546 705 602 ridionem
732 541 1123 600 Tremlthuntis
1142 540 1459 612 Cypriorum
1489 540 1819 611 cpisc0pum,
1847 537 1913 592 ad
1935 554 2030 593 cu—

440 638 526 708 jus
553 637 806 691 virtutem
833 631 1304 688 demonstrandam
1341 630 1590 685 sufﬁcere
1616 638 1747 700 puto
1784 644 1902 698 qua:
1930 629 2031 683 ha-

441 732 632 783 ctenus
669 725 737 781 de
776 740 843 781 eo
889 735 1137 781 servatur
1180 722 1383 794 opinio.
1417 721 1627 788 Quanta
1656 735 1753 793 per
1779 736 1903 777 eum
1947 718 2032 774 di-

445 817 573 871 vino
612 816 864 886 praesidio
892 824 1042 884 gesta
1071 815 1201 883 sint,
1247 815 1398 886 plura
1429 814 1645 884 quidem
1684 829 1885 871 novere
1918 828 2035 883 pro-

444 907 733 975 viucialcs;
766 920 867 975 ego
897 918 1076 962 autem
1101 921 1222 976 qum
1241 906 1307 961 ad
1328 922 1425 961 nos
1446 906 1729 961 valuerunt
1750 906 2036 977 pervenire

445 1011 554 1051 non
580 996 791 1052 tacebo.
828 996 952 1052 Fuit
978 995 1123 1051 enim
1168 996 1266 1050 isto
1311 997 1543 1052 rusticus
1570 996 1777 1052 habens
1807 1010 2034 1051 uxorem

446 1094 503 1142 et
533 1085 691 1151 ﬁlios,
728 1086 824 1142 sed
853 1101 960 1141 non
989 1094 1279 1156 propterea
1329 1084 1382 1138 in
1413 1086 1572 1140 rebus
1603 1084 1799 1141 divinis
1838 1086 2033 1141 minor.

447 1177 615 1232 Alunt
639 1184 820 1232 autem
849 1177 1136 1246 aliquando
1157 1192 1256 1247 per
1284 1188 1503 1232 noctem
1534 1178 1742 1232 venisse
1774 1178 2040 1245 malignos

448 1267 596 1323 viros
626 1265 695 1321 ad
725 1256 909 1322 caulas
946 1265 1126 1321 ovium
1155 1265 1292 1335 ejus,
1324 1274 1379 1321 et
1408 1282 1530 1321 cum
1560 1280 1753 1335 rapere
1798 1267 2039 1320 niteren-

451 1363 564 1422 tur,
594 1354 775 1410 snbito
796 1354 1006 1410 vinctos
1032 1354 1181 1409 nullo
1204 1354 1401 1424 ligante
1417 1354 1577 1409 fures.
1610 1354 1762 1409 Tunc
1781 1355 1929 1409 illum
1955 1354 2042 1411 die

454 1445 600 1501 facta
615 1444 923 1501 venientem
946 1445 1218 1502 invenisse
1242 1446 1436 1515 ligatos
1463 1461 1576 1513 eos,
1600 1457 1656 1501 et
1680 1447 1905 1503 solvisse
1932 1448 2044 1517 qui-

394 1574 399 1579 -
452 1538 579 1593 dem
625 1538 694 1593 ab
742 1537 1099 1594 lnvisibilibus
1144 1538 1411 1603 vinculis,
1462 1539 1708 1608 culpasse
1759 1546 1940 1595 tamen
1990 1550 2046 1593 et

454 1624 694 1683 dixisse:
725 1626 855 1693 Cur,
887 1626 1104 1695 fratres,
1132 1626 1259 1682 dum
1289 1628 1527 1684 licuisset
1548 1642 1668 1698 quae
1700 1627 2044 1684 desideraba-

457 1718 527 1773 tis
554 1717 821 1788 accipere,
849 1716 1087 1789 elegistis
1108 1719 1289 1789 potius
1302 1719 1372 1775 'ea
1392 1734 1601 1790 rapere,
1630 1727 1685 1776 et
1705 1727 1917 1777 noctem
1944 1720 2014 1775 du
2031 1750 2046 1761 -

2132 536 2292 593 cavit.
2320 534 2547 603 Dignum
2577 541 2659 590 cst
2706 533 2865 601 igitur
2902 532 3062 604 hujus
3108 534 3457 589 sacratissimi
3484 537 3584 591 viri
3619 538 3724 592 mi-

2131 628 2239 683 rari
2269 629 2580 698 puritatem,
2625 632 2682 679 et
2716 623 3065 679 ecclesiastici
3096 622 3298 678 ordinis
3340 624 3494 679 valde
3534 641 3722 681 cusro—

2133 718 2296 774 diam.
2356 717 2560 773 Dicitur
2599 716 2781 784 itaque
2829 712 3061 782 quodam
3106 721 3349 782 tempore
3400 731 3496 785 pro
3545 716 3722 785 aliqua

2135 810 2372 867 utilitate
2419 809 2472 864 in
2518 822 2683 863 unum
2714 803 2942 877 Cyprios
2991 803 3274 874 episcOpos
3300 805 3642 874 convenisse,
3669 816 3726 861 et

2137 903 2280 959 inter
2323 917 2419 958 eos
2465 901 2609 956 hunc
2637 898 2802 954 fuisse
2844 896 3233 968 Spiridionem,
3279 906 3334 952 et
3369 896 3726 969 Triphyllium

2139 995 2463 1052 Ledrenscm
2510 992 2843 1062 cpiscOpum,
2875 990 3049 1043 virum
3090 988 3310 1059 eloquio
3359 999 3416 1044 et
3459 990 3725 1059 sapientia

2138 1086 2442 1158 praeditum,
2472 1098 2574 1139 nec
2602 1098 2707 1138 non
2733 1080 2942 1149 legibus
2964 1079 3093 1153 [ed.,
3125 1078 3322 1149 Beryto
3345 1078 3569 1147 legibus.
3602 1079 3730 1151 ctr.|

2140 1177 2431 1234 eruditum.
2473 1173 2608 1229 Cum
2654 1174 2834 1242 itaque
2873 1171 3102 1227 collecta
3131 1169 3515 1235 celebraretur,
3559 1170 3734 1237 injun-

2142 1278 2288 1325 ctum
2319 1275 2404 1325 est
2451 1263 2747 1336 Triphyllio
2789 1270 2849 1318 ut
2884 1261 3091 1317 faceret
3122 1275 3427 1317 sermonem
3456 1261 3522 1316 ad
3559 1277 3734 1333 popu-

2144 1360 2276 1415 lum.
2307 1357 2550 1428 Cumque
2579 1354 2671 1411 ille
2707 1354 2858 1411 locus
2899 1352 3139 1408 venisset
3167 1351 3237 1407 ad
3277 1350 3533 1416 medium,
3586 1350 3738 1407 Tolle

2144 1454 2330 1508 lectum
2366 1460 2531 1518 tuum,
2559 1459 2608 1505 et
2644 1447 2855 1503 ambula
2886 1445 3104 1518 (Matth.
3148 1462 3222 1513 Ix,
3265 1445 3346 1518 6),
3391 1446 3570 1503 cubile
3596 1447 3740 1503 dixit

2148 1539 2439 1612 proiecto,
2467 1549 2684 1595 mutans
2712 1550 2943 1604 nomen;
2971 1534 3245 1609 Spiridion
3274 1544 3453 1592 autem
3484 1536 3738 1605 indigna-

2150 1641 2239 1689 tus
2270 1633 2325 1689 in
2347 1647 2493 1695 eum,
2524 1640 2581 1687 et
2622 1629 2878 1688 exsilieus
2910 1627 2978 1684 de
3002 1627 3256 1684 cathedra
3284 1627 3607 1683 sacerdotali
3627 1627 3740 1684 :Tu

2149 1726 2343 1781 melior
2367 1739 2449 1793 es,
2477 1722 2671 1794 inquit,
2697 1736 2765 1777 eo
2792 1720 2884 1792 qui
2924 1721 3122 1776 lectum
3160 1719 3312 1784 dixit,
3335 1719 3458 1788 quia
3486 1718 3603 1788 ejus
3626 1735 3746 1774 ver-

458 1821 585 1863 οθτθ
620 1806 822 1877 iugiter
861 1806 1164 1864 infelicem?
1195 1808 1331 1866 Tum
1368 1809 1653 1885 ηιίεθτειιιε
1681 1826 1892 1879 eorum.
1933 1826 2049 1883 ":a-
2078 1813 2125 1875 B
2148 1817 2232 1875 bis
2251 1818 2329 1872 uti
2355 1813 2733 1873 confunderis?
2763 1813 2882 1870 Hoc
2910 1821 3093 1869 autem
3133 1811 3261 1869 fecit
3290 1813 3490 1883 populo
3522 1814 3744 1883 conspi-

459 1898 542 1968 gis
568 1906 752 1955 autem
778 1897 849 1954 ad
895 1898 1119 1954 meliora
1159 1915 1257 1956 eos
1293 1899 1566 1963 erudiens,
1590 1902 1701 1956 ait:
1730 1901 1888 1957 Abite
1924 1896 2055 1959 hinc

465 1996 745 2043 sumentes
773 1987 1038 2055 arietem;
1071 1988 1355 2045 laborastis
1398 1990 1596 2060 quippe
1618 1990 1832 2059 vigiliis,
1872 1986 1928 2049 et
1953 1992 2049 2048 de-

463 2087 551 2132 cet
578 2092 676 2133 vos
712 2078 830 2134 sine
858 2078 1209 2147 querimoniis
1238 2078 1496 2134 recedere
1542 2080 1609 2135 ab
1653 2080 1845 2137 ovibus
1893 2082 2046 2138 meis.

464 2165 622 2234 Quod
648 2167 866 2238 quidem
891 2168 1117 2237 quilibet
1149 2168 1294 2239 juste
1322 2171 1522 2239 poterit
1547 2171 1817 2226 admirari.
1844 2172 2050 2231 Nihilo-

464 2260 643 2316 minus
664 2261 825 2316 etiam
857 2261 986 2315 illud
1016 2261 1343 2317 mirandum.
1390 2262 1545 2332 Apud
1573 2262 1735 2321 tiliam
1760 2263 1876 2333 ejus
1901 2264 2056 2334 virgi-

410 2347 417 2359 '
460 2366 589 2415 nem
618 2353 837 2408 nomine
862 2351 1052 2409 lrenen
1079 2352 1297 2423 quidam
1338 2363 1499 2411 notus
1544 2353 1661 2423 ejus
1688 2355 1924 2427 speciem
1954 2356 2055 2413 ali-

459 2457 628 2513 quam
644 2441 1011 2514 deposuerat;
1042 2457 1161 2513 qua:
1179 2458 1400 2499 sumens
1421 2443 1749 2514 depositum,
1783 2447 1883 2501 sub
1913 2455 2055 2503 terra

468 2531 789 2599 recondidit,
817 2533 906 2589 ubi
939 2543 1097 2591 caute
1128 2534 1357 2589 credidit
1395 2535 1674 2590 custodiri.
1705 2536 1944 2606 Contigit
1972 2538 2056 2591 in-

471 2632 619 2679 terea
642 2622 780 2678 mori
802 2623 1034 2694 puellam
1056 2624 1188 2679 nihil
1206 2623 1504 2679 confessam
1529 2625 1688 2693 patri.
1712 2624 1871 2680 Venit
1894 2626 2058 2682 homo

470 2713 773 2782 depositum
794 2722 1064 2784 repetens,
1094 2715 1375 2783 ignorante
1396 2714 1704 2785 Spiridione
1724 2715 1854 2785 quid
1879 2716 2061 2789 loque-

472 2796 643 2857 retur.
689 2801 933 2875 Cumque
970 2805 1167 2860 intota
1197 2804 1358 2861 domo
1398 2807 1731 2875 requisisset,
1778 2824 1879 2865 nec
1906 2809 2059 2865 inve-

473 2896 660 2963 niéset,
704 2895 866 2952 llebat
906 2898 1239 2968 capillosque
1286 2897 1540 2967 vellebat,
1572 2908 1628 2956 et
1664 2902 1826 2957 morti
1855 2901 2061 2960 vicinus

472 3001 593 3043 esse
630 2988 914 3044 videbatur
952 2989 1042 3045 ille
1086 2990 1178 3061 qui
1226 2989 1570 3061 deposuerat.
1625 2991 1751 3051 Haec
1787 2993 2060 3066 Spiridion

477 3076 593 3131 fieri
619 3076 828 3146 videns,
858 3086 915 3133 et
951 3079 1150 3134 cursim
1173 3080 1393 3135 veniens
1433 3081 1501 3136 ad
1539 3083 1863 3155 sepulcrum,
1895 3101 2059 3142 voca-

2152 1908 2347 1972 ciente,
2400 1905 2833 1962 mediocritatem
2857 1904 3062 1961 docens
3108 1920 3232 1959 cum
3279 1905 3372 1975 qui
3409 1905 3610 1976 eloquii
3646 1920 3749 1960 su-

2152 1998 2375 2071 percilio
2404 1995 2779 2068 praetumebat.
2816 1994 2948 2051 Erat
2973 1994 3117 2052 enim
3137 1994 3362 2051 idoneus
3380 1996 3447 2051 ad
3476 1996 3748 2067 pudorem

2153 2088 2542 2154 incutiendum,
2598 2103 2723 2143 cum
2780 2095 2927 2142 esset
2972 2085 3335 2153 venerandus,
3394 2093 3450 2141 et
3487 2088 3755 2158 operibus

2153 2176 2439 2251 gloriosus,
2488 2179 2756 2249 simulque
2784 2193 2953 2234 senex
3004 2193 3120 2234 arvo
3149 2186 3312 2249 atque
3340 2178 3642 2236 sacerdotis
3661 2178 3750 2235 of-

2155 2272 2296 2329 ﬁcio.
2337 2270 2524 2339 Qualis
2570 2283 2751 2325 autem
2805 2270 2950 2325 circa
2996 2269 3405 2342 peregrinorum
3440 2271 3750 2340 susceptio-

2158 2378 2280 2419 nem
2323 2361 2504 2432 fuerit,
2554 2361 2683 2418 hinc
2727 2369 2971 2432 apparet.
3012 2360 3255 2417 Instante
3278 2361 3390 2430 jam
3438 2360 3752 2431 Quadrage-

2159 2454 2318 2522 sima,
2351 2440 2569 2526 quidam
2594 2468 2662 2510 ex
2693 2452 2887 2509 itinere
2911 2453 3061 2508 venit
3086 2452 3153 2509 ad
3190 2468 3312 2508 eum
3338 2453 3533 2523 quibus
3557 2452 3753 2508 diebus

2157 2553 2515 2605 consueverat
2553 2560 2677 2601 cum
2720 2545 2833 2600 suis
2873 2543 3191 2599 continuare
3239 2542 3447 2614 jejunia
3477 2585 3493 2612 ,
3547 2552 3604 2599 et
3655 2544 3752 2600 die

2167 2649 2318 2697 certo
2354 2639 2662 2706 comedere,
2702 2636 2912 2693 medios
2948 2637 3065 2693 dies
3108 2637 3225 2692 sine
3272 2636 3394 2692 cibo
3424 2636 3750 2692 consistens.

2162 2729 2359 2788 Videns
2398 2731 2580 2802 itaque
2625 2729 2971 2801 peregrinum
3019 2724 3172 2783 valde
3209 2726 3477 2791 defectum
3514 2726 3750 2798 :Pcrge,

2160 2823 2333 2893 inquit
2359 2838 2470 2877 sua:
2517 2820 2658 2886 ﬁlim,
2690 2819 2810 2874 lava
2848 2816 3119 2889 peregrini
3156 2817 3343 2888 pedes,
3374 2825 3430 2872 et
3472 2817 3624 2873 cibos
3652 2833 3757 2887 ap-

2160 2930 2323 2985 pone.
2366 2913 2610 2984 Cumque
2652 2912 2804 2982 virgo
2835 2909 3061 2967 dixisset
3105 2925 3206 2967 nec
3247 2926 3442 2981 panem
3488 2925 3607 2967 esse
3649 2927 3759 2968 nec

2163 3004 2341 3078 ἄλφιτα
2383 3004 2502 3080 [hoc
2532 3013 2609 3060 est
2631 3001 2858 3076 fminas]
2891 3002 3140 3076 (quarum
3180 3018 3361 3058 rerum
3393 3001 3639 3059 solebant
3668 3004 3759 3058 ni-

2166 3099 2243 3154 hil
2272 3098 2475 3153 habere
2504 3095 2846 3153 reconditum
2868 3103 3093 3167 propter
3117 3095 3423 3165 jejunium),
3452 3109 3617 3150 orans
3638 3095 3759 3164 pri—

478 3169 557 3259 Υίί
581 3183 648 3224 ει
663 3171 891 3259 ροηιίηο
918 3172 1173 3242 Ρυθυδῐιι·
1205 3172 1323 3241 Qua
1362 3175 1742 3245 respondente.
1788 3176 1856 3232 de
1899 3194 2060 3235 causa
2091 3190 2137 3253 C
2166 3205 2334 3256 mum,
2378 3188 2702 3259 veniamque
2749 3197 2975 3259 petens,
3028 3187 3175 3242 ﬁlim.
3195 3187 3355 3256 jussit
3390 3194 3448 3241 ut
3498 3187 3763 3256 porcinas

475 3255 709 3328 depositi
749 3260 1046 3329 requisivit.
1080 3259 1145 3315 Et
1183 3262 1308 3317 dum
1346 3264 1414 3319 ab
1457 3278 1520 3319 ea
1548 3265 1838 3332 didicisset,
1879 3283 2062 3323 rever-

476 3361 589 3415 sus,
614 3358 669 3404 et
729 3348 1008 3407 inveniens
1037 3352 1127 3407 ubi
1166 3354 1342 3423 puella
1390 3356 1802 3430 signiﬁcaverat,
1835 3359 2066 3415 reddidit

477 3438 682 3494 homini
710 3440 852 3509 quod
874 3442 1111 3513 petebat.
1141 3443 1411 3511 Quoniam
1442 3446 1657 3516 quidem
1684 3447 1752 3502 ad
1772 3449 1915 3504 hunc
1941 3451 2065 3505 veni

475 3544 807 3602 sermonem,
858 3548 965 3588 non
995 3541 1079 3588 est
1125 3534 1480 3603 incongruum
1526 3536 1688 3592 etiam
1720 3537 1859 3593 istud
1899 3538 2067 3595 addu-

478 3635 626 3677 cere.
657 3620 776 3679 Mos
804 3632 925 3679 erat
952 3624 1079 3680 huic
1113 3624 1405 3696 Spiridioni
1456 3642 1522 3681 ex
1548 3626 1811 3683 fructibus
1839 3630 1930 3701 qui
1966 3645 2065 3686 na-

483 3714 778 3770 scebantur
796 3715 866 3781 ei,
898 3715 1035 3772 alios
1061 3716 1279 3786 quidem
1310 3718 1631 3789 pauperibus
1660 3734 1904 3788 erogare,
1931 3722 2068 3778 alios

481 3811 663 3867 autem
694 3805 864 3876 gratis
893 3814 1144 3865 mutuare
1171 3806 1494 3863 volentibus.
1527 3808 1635 3863 Sed
1668 3824 1842 3878 neque
1872 3828 1970 3881 per
2008 3828 2069 3870 se

480 3895 666 3962 dabat,
695 3911 873 3966 neque
908 3913 1005 3967 per
1032 3912 1091 3952 se
1130 3897 1463 3967 recipiebat;
1496 3897 1595 3953 sed
1639 3900 1813 3955 solum
1850 3903 2068 3959 cubicu-

481 3985 592 4041 lum
648 3986 1074 4055 demonstrabat,
1122 3986 1355 4042 invitans
1401 3995 1647 4058 petentes
1702 3999 1762 4045 ut
1811 4002 2069 4069 quantum

480 4091 621 4146 opus
643 4078 915 4137 habebant
942 4078 1214 4146 tollerent,
1251 4087 1308 4134 et
1336 4079 1513 4135 denuo
1548 4092 1873 4138 revocarent
1899 4101 2070 4155 quan-

486 4174 601 4226 tum
639 4181 699 4223 se
724 4177 987 4224 noverant
1027 4169 1331 4226 abstulisse.
1363 4169 1591 4237 Quidam
1620 4187 1754 4228 vero
1783 4174 1909 4228 dum
1951 4191 2069 4231 mu-

481 4264 635 4320 tuum
663 4260 1015 4332 percepisset,
1036 4277 1287 4319 reversus
1315 4272 1399 4320 est
1418 4271 1542 4336 post
1570 4264 1903 4335 aliquantum
1923 4267 2070 4336 quod

482 4351 682 4415 tulerat
708 4352 1034 4412 redditurus.
1058 4353 1230 4423 Quem
1251 4355 1379 4413 dum
1406 4358 1702 4414 secundum
1724 4360 2071 4415 consuetudi-

481 4460 606 4502 nem
661 4445 911 4517 jussisset
973 4463 1239 4521 reponere
1293 4449 1349 4505 in
1400 4450 1651 4508 cubiculo
1698 4451 1846 4522 quod
1895 4451 2070 4511 fuerat

482 4538 682 4600 exinde
725 4547 1020 4607 mutuatus,
1070 4539 1139 4597 ad
1183 4540 1500 4611 injustitiam
1543 4541 1634 4596 ille
1670 4555 1982 4609 conversus,
2014 4552 2071 4599 et

480 4630 706 4692 medens
730 4631 902 4690 latere
928 4631 1315 4704 Spiridiouem;
1345 4650 1451 4690 non
1473 4633 1708 4689 reddidit
1731 4633 1875 4704 quod
1906 4634 2072 4691 debe-

480 4722 602 4788 bat;
634 4720 729 4778 sed
751 4721 1000 4782 auferens
1025 4723 1284 4793 debitum,
1311 4724 1464 4795 quasi
1489 4721 1833 4792 reddidisset,
1857 4724 2072 4781 absces—

479 4811 570 4867 sit.
603 4811 761 4879 Quod
797 4820 977 4869 tamen
1012 4812 1184 4885 longo
1224 4823 1469 4884 tempore
1498 4828 1608 4869 non
1651 4823 1771 4870 erat
1811 4814 2070 4884 ignoran-

478 4905 626 4967 dum.
672 4902 802 4962 Post
854 4915 1063 4989 certum
1114 4920 1344 4975 namque
1384 4914 1599 4976 tempus
1636 4906 1803 4973 venit,
1844 4923 2071 4989 rursum

481 5007 671 5068 petens
690 4998 758 5053 ab
783 5014 851 5054 eo
879 4984 1147 5055 mutuum.
1169 5001 1238 5053 At
1258 4998 1348 5054 ille
1379 4996 1524 5054 misit
1552 5015 1676 5054 eum
1699 5000 1769 5056 ad
1791 4984 2067 5067 horreum,

481 5090 608 5147 data
636 5097 905 5160 potestate
934 5088 993 5145 ut
1029 5093 1149 5162 ipse
1191 5089 1293 5145 sibi
1333 5090 1619 5146 metiretur
1644 5098 1908 5163 quantum
1935 5106 2072 5162 opus

479 5179 726 5235 haberet.
754 5179 996 5236 Vacuum
1020 5194 1152 5238 vero
1178 5181 1427 5237 eumdem
1458 5182 1740 5237 inveniens
1782 5182 1981 5246 locum,
2015 5190 2071 5237 et

480 5268 588 5330 hoc
608 5268 824 5325 oculata
847 5268 950 5324 ﬁde
970 5283 1324 5340 cognoscens,
1347 5269 1640 5341 Spiridioni
1670 5271 1953 5327 nuntiavit.
1978 5271 2071 5328 ille

479 5358 763 5431 respondit
810 5359 899 5416 ei:
930 5359 1123 5416 Mirum
1168 5368 1270 5428 est,
1325 5376 1359 5417 ο
1390 5362 1575 5427 homo,
1623 5361 1770 5434 quod
1807 5363 2063 5432 loqueris.

477 5449 764 5518 Quomodo
792 5451 888 5508 tibi
914 5451 1015 5515 soli
1042 5452 1213 5509 visum
1236 5460 1320 5508 est
1346 5453 1601 5510 horreum
1632 5453 1951 5510 necessariis
1973 5454 2070 5510 de-

476 5541 709 5598 fecisse?
743 5541 851 5598 Sed
877 5542 1159 5599 considera
1187 5544 1368 5614 potius
1412 5543 1552 5614 apud
1601 5546 1964 5616 temetipsum,
2004 5561 2074 5603 ne

478 5633 622 5691 forte
648 5643 922 5692 mutuatus
950 5635 1050 5691 alia
1070 5637 1191 5692 vice
1212 5638 1357 5707 quod
1378 5637 1660 5705 debueras,
1688 5638 1939 5707 primitus
1962 5655 2073 5694 non

479 5728 723 5786 solveris.
755 5727 811 5785 Si
840 5731 982 5785 enim
1016 5730 1121 5786 hoc
1144 5746 1252 5786 non
1292 5742 1392 5795 est,
1430 5730 1795 5787 indubitanter
1818 5747 1928 5788 nou
1959 5732 2071 5802 pri-

479 5819 689 5881 vaberis
716 5821 911 5891 quibus
937 5837 1082 5891 eges,
1133 5823 1227 5881 scd
1274 5839 1459 5885 rursus
1496 5823 1759 5881 accedens
1800 5823 2067 5887 invenies.

2165 3304 2382 3356 carnes,
2409 3301 2545 3357 quas
2569 3286 2716 3342 domi
2743 3286 2931 3341 salitas
2953 3283 3211 3353 habebat,
3241 3292 3519 3355 coqueret.
3548 3282 3763 3349 Quibus

2167 3381 2355 3440 emis.
2386 3379 2579 3435 sedens
2607 3394 2729 3434 cum
2753 3360 3038 3448 peregrino
3069 3376 3257 3446 positis
3290 3374 3541 3429 carnibus
3568 3391 3763 3429 cumc—

2167 3469 2348 3532 debat,
2380 3478 2435 3524 et
2464 3469 2689 3540 rogabat
2720 3482 2777 3523 ut
2822 3482 2926 3522 una
2957 3483 3078 3523 cum
3109 3481 3175 3522 eo
3199 3467 3387 3521 ederet
3412 3465 3758 3535 pert‘gt'iuus.

2166 3560 2285 3627 Quo
2313 3558 2605 3625 refutante,
2644 3557 3117 3627 Christianumque
3155 3572 3214 3611 se
3264 3554 3589 3628 proﬁtente:
3627 3554 3762 3609 l‘rn-

2167 3662 2357 3724 pterea
2406 3652 2596 3720 magis,
2646 3650 2837 3719 inquit,
2889 3648 3128 3704 refutare
3174 3664 3283 3703 non
3329 3646 3530 3702 debes:
3563 3646 3765 3701 Omnia

2168 3745 2311 3799 enim
2344 3744 2539 3798 munda
2568 3744 2773 3797 umndis
2803 3742 2931 3813 (Tit.
2961 3758 2998 3805 ι,
3027 3739 3136 3807 15),
3165 3740 3305 3794 sicut
3335 3756 3513 3797 scrnto
3542 3740 3766 3794 divinus

2169 3836 2404 3891 edocuit.
2431 3833 2557 3888 Hsnc
2585 3833 2801 3902 quidem
2839 3832 2905 3887 de
2934 3832 3240 3902 Spiridione
3269 3832 3412 3885 dicta
3458 3829 3763 3887 sufficiant.

2170 3925 2464 3990 Salonam,
2494 3921 2585 3976 lib.
2614 3938 2652 3988 ι,
2682 3937 2799 3993 cap.
2831 3921 2918 3988 Η,
2946 3940 3000 3994 p.
3023 3920 3147 3977 415.

2784 4052 3012 4110 CAPUT
3058 4052 3147 4109 XI.

2317 4167 2395 4223 De
2437 4169 2654 4223 diversis
2682 4167 2950 4223 monachis
2986 4176 3035 4221 et
3060 4183 3236 4222 eorum
3270 4166 3610 4222 institutione.

2240 4266 2516 4339 Praecipue
2553 4283 2682 4323 vero
2734 4266 3149 4335 insignissimam
3195 4262 3487 4322 Ecclesiam
3535 4263 3765 4319 demon-

2169 4368 2493 4424 straverunt,
2540 4367 2595 4414 et
2630 4359 2829 4428 dogma
2878 4358 3241 4413 dilataveruut
3285 4358 3409 4412 vitae
3448 4357 3765 4425 virtutibus,

2170 4452 2262 4522 qui
2291 4451 2698 4506 conversatione
2737 4449 3056 4504 monachica
3102 4449 3193 4503 illo
3229 4457 3475 4518 tempore
3503 4446 3767 4502 frueban-

2104 4569 2148 4627 ο
2174 4553 2280 4602 tur.
2318 4540 2611 4596 Utilissima
2641 4553 2874 4609 namque
2903 4553 2991 4593 res
3019 4537 3085 4593 ad
3121 4538 3370 4592 homines
3399 4537 3549 4591 venit
3577 4551 3610 4591 a
3649 4537 3771 4593 Deo

2173 4634 2275 4689 ista
2306 4630 2661 4703 philosophia,
2688 4644 2807 4699 qua:
2845 4629 3133 4683 multarum
3163 4626 3531 4683 doctrinarum
3557 4635 3615 4683 et
3651 4627 3769 4681 dia.

2173 4725 2377 4780 lectica:
2399 4725 2530 4779 artis
2556 4722 2729 4777 studia
2772 4722 3018 4792 despicit,
3050 4730 3307 4791 tanquam
3338 4721 3408 4777 sit
3444 4722 3669 4785 minuta,
3712 4732 3771 4778 et

2173 4814 2414 4870 melioris
2452 4813 2631 4884 operis
2665 4821 2873 4884 tempus
2903 4811 3181 4883 impediat,
3211 4821 3373 4884 atque
3407 4811 3475 4867 ad
3512 4820 3660 4868 recte
3683 4813 3769 4868 vi.

2172 4907 2406 4963 vendam
2449 4906 2576 4961 nihil
2617 4905 2883 4961 ostendat.
2915 4904 3041 4963 llzcc
3090 4919 3221 4975 ergo
3262 4905 3606 4977 philosophia
3633 4924 3772 4962 con-

2176 4998 2481 5053 versatione
2521 4997 2782 5061 miranda,
2834 4996 3064 5051 naturali
3096 4996 3435 5066 simplicique
3480 4997 3769 5069 prudentia

2172 5089 2333 5143 docet
2361 5090 2579 5143 (nnnino
2606 5102 2722 5155 qua)
2754 5087 3044 5156 nequitiam
3086 5088 3352 5157 perimant
3374 5096 3429 5143 et
3469 5100 3772 5157 operentur

2176 5179 2340 5234 utilia.
2376 5180 2489 5233 Non
2521 5180 2663 5234 enim
2694 5178 2947 5251 prazdicat
2974 5164 3248 5244 virtutem,
3288 5177 3384 5233 sed
3412 5178 3582 5248 magis
3603 5193 3769 5233 exer-

2172 5282 2259 5328 cet
2294 5290 2305 5325 :
2340 5271 2506 5327 nihilo
2537 5271 2774 5342 pendens
2800 5271 3094 5325 humanam
3142 5269 3388 5339 gloriam,
3430 5269 3770 5343 viriliterque

2172 5364 2432 5418 resistens
2454 5362 2792 5433 passionibus
2815 5362 3037 5428 animm;
3067 5369 3123 5416 et
3143 5376 3318 5430 neque
3345 5368 3549 5415 natura:
3573 5376 3770 5417 neces-

2174 5456 2422 5513 sitatibus
2450 5471 2508 5511 se
2534 5455 2733 5523 subdit,
2775 5469 2876 5509 nec
2902 5454 3147 5525 corporis
3177 5451 3472 5509 inﬁrmitati
3515 5468 3774 5508 sum-um-

2175 5551 2273 5606 bit.
2308 5549 2511 5605 Divina:
2540 5549 2736 5603 mentis
2764 5546 3021 5601 virtutem
3043 5545 3268 5612 habens,
3291 5559 3502 5617 semper
3521 5554 3773 5600 contem-

2177 5641 2357 5710 platur
2386 5639 2626 5696 omnium
2650 5638 2983 5703 Creatorem,
3012 5645 3066 5691 et
3095 5651 3217 5691 eum
3261 5644 3420 5692 nocte
3447 5634 3646 5708 dieque
3673 5652 3772 5691 co-

2176 5732 2314 5799 lens,
2339 5731 2672 5787 orationibus
2701 5739 2756 5786 ct
2782 5728 2985 5784 litaniis
3016 5728 3192 5800 placat
3221 5726 3606 5783 indubitanter.
3637 5725 3769 5783 Ani-

2178 5842 2278 5881 ma:
2305 5841 2432 5882 vero
2462 5826 2695 5897 puritate
2718 5832 2773 5883 et
2797 5824 3062 5881 bonorum
3086 5829 3302 5880 actuum
3332 5822 3765 5889 conversatione,
