3990 6170
235 162 343 217 δίη

1336 154 1655 211 HISTORIA
1694 153 2133 211 TRIPARTITA.
2173 150 2440 210 LIBERI.

3413 154 3523 214 898

230 274 301 332 ad
319 271 617 329 ministeria
635 284 696 330 se
708 268 886 326 divina
901 282 1255 339 componens,
1276 268 1625 339 purgationes
1643 282 1821 339 aspero
1852 273 1901 331 Α
1926 267 2089 323 modo
2127 268 2389 333 referens.
2419 268 2633 327 videtur
2658 244 2873 339 aperire
2917 268 3044 340 quia
3073 269 3127 325 hi
3157 270 3248 343 qui
3291 285 3361 329 ex
3408 272 3517 329 He—

232 367 522 436 sionesque
550 373 924 429 contemnens,
949 361 1095 419 solas
1117 360 1445 433 pollutiones
1472 373 1691 432 peccata
1722 375 1826 432 pu-

232 468 376 528 tans,
408 460 744 516 extrinsecus
772 457 1042 515 irruentes
1066 472 1226 514 casus
1252 465 1564 528 exsuperat,
1608 465 1664 513 et
1706 472 1826 512 om-

232 555 384 611 nium
412 552 660 609 absolute
701 549 1012 621 bujusmodi
1057 549 1386 606 dominatur.
1418 549 1534 604 Non
1574 563 1672 618 per
1715 554 1827 605 sta-

234 646 500 702 bilitatem
553 642 1042 711 necessitatemque
1090 642 1210 695 vitae
1260 640 1500 709 qualibet
1553 639 1831 694 voluntate

235 744 495 801 mutatur,
537 749 647 788 non
677 732 819 787 mala
858 733 1069 803 patiens
1094 732 1391 800 ulciscitur,
1438 747 1546 786 non
1574 731 1831 799 languore

237 838 331 885 aut
371 814 661 897 indigentia
688 824 1118 880 necessariorum
1159 811 1469 893 compressa
1516 823 1828 888 mordetur;

237 922 335 979 sed
388 920 565 992 potius
616 917 880 988 gloriatur
927 917 980 975 in
1029 916 1244 971 talibus.
1284 918 1444 987 212
1488 914 1827 977 Patientiam,

238 1009 733 1076 mansuetudinem,
760 1006 1190 1063 mediocritatem
1221 1005 1276 1060 in
1303 1004 1449 1060 omni
1477 1004 1589 1058 vita
1613 1002 1832 1057 medita-

242 1113 361 1168 tur;
390 1112 447 1156 et
485 1107 749 1171 quantum
780 1106 987 1154 naturte
1015 1097 1266 1151 humanae
1293 1094 1548 1166 possibile
1586 1100 1686 1159 est,
1720 1093 1832 1147 Deo

241 1195 643 1262 essevicinum,
682 1192 836 1249 velut
880 1193 934 1247 in
965 1192 1194 1247 transitu
1244 1199 1401 1245 utens
1433 1188 1829 1260 prmsentibus:

244 1301 421 1357 neque
447 1286 591 1342 circa
618 1283 1017 1355 possessionem
1055 1296 1237 1338 rerum
1265 1289 1529 1351 occupata
1565 1279 1832 1335 constrin-

241 1378 405 1447 gitur,
430 1389 610 1446 neque
637 1375 780 1431 ultra
808 1388 971 1444 quam
1000 1388 1137 1443 opus
1166 1380 1252 1428 est
1289 1372 1345 1427 in
1380 1370 1629 1442 praesenti
1653 1369 1834 1442 provi-

242 1469 375 1525 dere
390 1454 576 1523 iorsan
598 1473 842 1534 urgetur.
872 1463 1099 1534 Semper
1137 1471 1317 1519 autem
1342 1462 1741 1533 simplicitatem
1778 1468 1835 1514 et

241 1557 563 1615 exercitium
591 1556 754 1626 hujus
781 1555 1152 1612 instructionis
1179 1553 1425 1623 laudans,
1447 1552 1833 1609 beatitudinem

1928 359 2088 415 braeis
2115 359 2411 416 secundum
2438 374 2563 415 eum
2590 358 2882 416 Christiani
2910 369 3037 416 sunt
3057 360 3203 426 facti,
3233 362 3410 420 adhuc
3426 362 3518 419 Ju-

1929 452 2081 509 daice
2105 453 2368 519 viverent,
2396 468 2692 522 eorumque
2718 453 3009 510 constituta
3028 463 3329 510 servarent.
3359 454 3518 528 Apud

1930 545 2067 600 alios
2116 544 2262 600 enim
2317 559 2426 600 non
2475 545 2747 600 invenitur
2785 544 2945 613 hujus
2989 545 3111 600 vitm
3148 548 3517 607 conversatio.

1934 636 2085 693 Unde
2106 636 2341 706 conjicio
2369 653 2436 692 ex
2483 638 2575 691 illo
2616 635 2758 708 apud
2795 636 3080 710 Egyptios
3119 638 3261 695 hanc
3286 639 3520 710 philoso-

1930 730 2111 800 phiam
2147 729 2399 786 habuisse
2425 726 2708 799 principia.
2745 727 3042 797 Senonum,
3064 730 3155 783 lib.
3188 747 3225 795 ι,
3268 745 3388 802 cap.
3421 730 3510 797 12,

1930 839 1984 890 p.
2010 819 2134 873 417.

2002 913 2106 966 Alii
2136 927 2266 966 vero
2292 910 2480 966 dicunt
2524 910 2650 966 huic
2677 924 2895 965 causam
2924 910 3089 966 fuisse
3116 911 3517 967 conversationi

1933 1003 2362 1073 persecutiones.
2388 1017 2507 1071 qua:
2528 1002 2806 1070 religionis
2831 1017 2994 1058 causa
3013 1016 3110 1073 per
3132 1011 3371 1072 tempora
3393 1017 3519 1073 pro-

1936 1105 2216 1151 venerunt.
2246 1095 2314 1149 Et
2343 1096 2598 1164 quoniam
2630 1094 2894 1163 fugientes
2921 1096 2974 1149 iu
2997 1095 3291 1162 montibus,
3319 1102 3377 1149 et
3401 1095 3516 1150 val-

1933 1188 2092 1254 libus,
2119 1188 2454 1256 desertisque
2504 1188 2874 1251 morabantur,
2920 1187 2989 1243 ad
3032 1189 3251 1243 modum
3289 1203 3351 1243 se
3394 1188 3521 1242 vita:

1935 1280 2091 1350 hujus
2129 1288 2499 1335 assueverunt.
2532 1278 2637 1335 Sed
2679 1281 2794 1336 sive
2830 1279 3094 1353 Egyptii,
3141 1281 3256 1336 sive
3282 1282 3373 1336 alii
3398 1281 3520 1352 qui-

1934 1374 2057 1430 dam
2098 1374 2223 1430 huic
2269 1374 2339 1429 ab
2383 1374 2536 1429 initio
2581 1374 2938 1445 philosophia;
2981 1374 3312 1445 praefuerunt
3341 1394 3356 1430 :
3387 1374 3520 1430 illud

1938 1475 2115 1521 tamen
2146 1466 2286 1538 apud
2320 1481 2511 1522 omnes
2538 1474 2769 1532 constat,
2824 1466 2949 1536 quia
2978 1466 3042 1523 ad
3082 1482 3348 1523 summam
3369 1482 3524 1523 reve-

1937 1557 2164 1611 rentiam
2200 1563 2364 1625 atque
2390 1555 2798 1626 perfectionem,
2848 1557 3085 1612 moribus
3122 1557 3524 1613 exercitationi-

243 1647 643 1721 contemplatur
693 1654 950 1702 aeternam
977 1686 993 1712 ,
1052 1652 1110 1701 et
1161 1643 1230 1701 ad
1284 1644 1496 1700 felicem
1547 1641 1834 1697 tenninum
1874 1651 1911 1708 Β
1939 1646 2147 1716 busque
2192 1647 2527 1711 accentibus,
2573 1648 2713 1703 hanc
2756 1648 2811 1703 in
2842 1648 3312 1705 conversationem
3353 1662 3526 1719 usque

243 1740 397 1798 omni
423 1739 710 1797 vivacitate
746 1738 984 1795 festinat.
1018 1736 1236 1794 Timore
1277 1732 1463 1792 divino
1507 1734 1625 1789 sine
1672 1733 1839 1787 inter-

248 1831 510 1888 missione
536 1830 837 1902 suspirans,
865 1827 1192 1900 turpiloquia
1235 1842 1515 1899 respuens,
1546 1835 1723 1882 etnec
1751 1840 1838 1879 us-

247 1936 355 1992 que
396 1920 464 1977 ad
514 1935 697 1977 vocem
743 1921 992 1977 emittere
1047 1919 1278 1989 patiens,
1327 1932 1554 1988 quorum
1595 1916 1839 1971 actiones

247 2012 362 2067 suis
388 2011 599 2067 actibus
629 2011 870 2066 noscitur
892 2008 1194 2065 exsolvere.
1221 2007 1280 2064 In
1299 2007 1451 2064 brevi
1480 2007 1835 2077 comprehen-

247 2102 383 2157 dens
410 2103 711 2158 necessaria
741 2112 964 2166 naturas,
996 2110 1051 2157 et
1086 2114 1288 2169 cogens
1316 2114 1513 2172 corpus
1550 2096 1838 2157 mediocri-

250 2190 351 2247 Lus
370 2191 629 2262 indigere,
655 2192 892 2248 castitati
922 2192 1188 2251 luxuriam
1212 2189 1431 2265 subdit;
1457 2189 1663 2258 justitia
1686 2188 1841 2258 punit

250 2280 592 2351 injustitiatn,
611 2290 666 2336 et
693 2282 921 2336 veritate
947 2295 1071 2336 men
1093 2280 1305 2341 lacium.
1338 2277 1632 2349 Disciplina
1657 2289 1839 2332 rerum

249 2374 490 2429 omnium
544 2387 825 2428 mensuras
875 2371 1274 2441 participatur:
1313 2384 1437 2431 cum
1480 2367 1740 2439 proximis
1756 2367 1840 2424 εἰη

250 2466 603 2524 unanimitate
654 2475 712 2520 et
758 2462 1138 2529 communione
1202 2460 1478 2528 consistit;
1546 2460 1841 2517 amicorum

250 2556 477 2630 provida
517 2565 600 2611 est
643 2565 807 2627 atque
837 2555 1277 2625 peregrinorum;
1307 2566 1426 2625 quae
1471 2552 1690 2623 propria
1719 2557 1844 2606 sunt

249 2648 559 2715 communia
598 2646 729 2703 facit
775 2645 1070 2715 egentium,
1102 2653 1161 2700 et
1186 2651 1370 2703 tuetur
1415 2643 1565 2699 utilia
1606 2637 1840 2711 singulo-

249 2754 402 2805 nun;
433 2753 607 2809 neque
628 2735 985 2808 gaudentibus
1010 2736 1338 2805 importuna,
1371 2743 1426 2790 et
1455 2733 1723 2788 tribulatis
1751 2746 1839 2788 re-

250 2828 488 2886 medium
525 2826 917 2885 consolationis
945 2835 1256 2897 apportans.
1300 2826 1379 2880 Ad
1427 2839 1613 2881 verum
1640 2824 1843 2879 bonum

248 2919 580 2992 diligentiam
608 2933 762 2975 suam
803 2933 1018 2988 semper
1038 2915 1353 2979 extendens,
1391 2914 1731 2970 sermonibus
1753 2929 1844 2969 ea-

1940 1737 2192 1806 perduxit
2242 1737 2508 1792 Antonius
2551 1737 2817 1793 maximus
2882 1739 3309 1806 monachorum;
3354 1753 3526 1809 quem

1941 1836 2069 1884 tunc
2095 1828 2148 1883 in
2179 1826 2411 1883 desertis
2456 1826 2677 1900 IEgypti
2724 1836 3025 1884 morantem
3058 1830 3183 1900 (An.
3210 1828 3364 1883 Dom.
3395 1826 3528 1899 554)

1942 1928 2166 1990 propter
2206 1921 2434 1990 gloriam
2462 1919 2675 1975 virtutis
2717 1919 2851 1988 ejus,
2902 1921 3195 1990 imperator
3219 1918 3527 1975 Constanti-

1940 2027 2042 2068 nus
2082 2013 2315 2067 amicum
2359 2012 2580 2075 fecerat,
2631 2011 2825 2066 litteris
2869 2010 3203 2077 honorabat;
3249 2019 3307 2066 et
3342 2019 3527 2083 utpro

1940 2102 2135 2173 quibus
2163 2104 2326 2157 vellet
2364 2103 2414 2157 ei
2443 2101 2789 2167 rescriberet,
2830 2101 3138 2171 expetebat.
3180 2100 3304 2155 Fuit
3345 2110 3528 2155 autem

1948 2196 2050 2251 iste
2076 2194 2160 2247 vir
2204 2192 2491 2263 Egyptius
2519 2204 2738 2259 genere,
2770 2198 2923 2246 ortus
2970 2191 3024 2245 in
3070 2189 3267 2258 in~igni
3300 2191 3440 2256 vico,
3472 2189 3529 2245 in

1944 2284 2064 2339 loco
2094 2281 2354 2337 Heraclize
2381 2281 2521 2351 apud
2544 2279 2831 2351 {Egyptios
2851 2278 3168 2356 constituto.
3198 2276 3249 2332 Is
3276 2291 3412 2347 puer
3428 2292 3522 2332 re-

1942 2377 2102 2432 lictus
2123 2376 2416 2445 orphanus,
2448 2382 2704 2444 paternos
2739 2372 2961 2427 donavit
2985 2385 3143 2441 agros
3186 2371 3530 2427 convicaneis

1939 2471 2085 2536 suis;
2132 2469 2289 2524 aliam
2343 2483 2473 2522 vero
2520 2466 2876 2521 substantiam
2924 2464 3241 2535 disponens,
3295 2463 3529 2533 pretium

1944 2562 2273 2633 pauperibus
2301 2559 2548 2627 erogavit
2572 2575 2583 2609 :
2608 2555 2835 2612 studiosi
2863 2556 3178 2610 existimans
3203 2568 3324 2610 esse
3351 2554 3531 2624 philo—

1943 2654 2120 2724 sophi,
2149 2668 2254 2707 non
2284 2652 2463 2707 solum
2494 2650 2842 2718 semetipsum
2868 2646 3104 2717 spoliare
3134 2645 3398 2717 pecuniis,
3435 2642 3533 2701 sed

1944 2761 2038 2801 eas
2065 2746 2374 2815 dispensare
2405 2742 2661 2805 proiicue.
2689 2740 2915 2797 Iunctus
2944 2748 3123 2794 autem
3152 2738 3413 2795 studiosis
3440 2752 3534 2794 se-

1946 2835 2182 2890 cundum
2228 2848 2289 2888 se
2334 2833 2483 2896 viris,
2530 2832 2759 2886 virtutes
2797 2830 3071 2884 zelabatur
3118 2829 3533 2883 universorum:

1945 2925 2183 2995 probans
2228 2923 2425 2977 bonam
2467 2922 2627 2976 vitam
2672 2934 2892 2974 suavem
2938 2918 3052 2972 ﬁeri
3084 2918 3197 2987 ipsa
3240 2927 3538 2973 consuetu-

249 3013 350 3071 ειὶε
376 3010 817 3082 sapientibutque
860 3009 1101 3066 consiliis
1122 3018 1319 3064 ornato
1356 3023 1422 3063 ac
1449 3022 1590 3062 vano
1628 3005 1843 3074 eloquio
1875 3028 1919 3088 ρ
1949 3016 2096 3083 dine,
2128 3014 2252 3069 licet
2282 3012 2442 3066 fuerit
2466 3012 2642 3081 primo
2667 3009 2917 3064 diilicilis.
2943 3007 3131 3062 Medos
3155 3007 3537 3062 adiuveniebat

252 3102 477 3160 remotis
504 3101 758 3159 erudiens
784 3110 948 3171 atque
971 3115 1166 3156 curans
1192 3099 1359 3156 veluti
1379 3099 1698 3168 quibusdam
1727 3114 1842 3152 ine-

256 3191 618 3249 dicaminibus
672 3190 980 3258 audientes,
1029 3205 1153 3245 cum
1199 3190 1408 3245 honore
1450 3198 1507 3244 et
1543 3189 1846 3244 reverentia

254 3282 640 3353 dispositiones
660 3295 788 3336 suas
810 3279 1113 3346 celebrans,
1136 3280 1510 3346 contentione,
1537 3283 1849 3338 certamini-

254 3377 356 3431 bus
381 3374 570 3443 iraque
594 3371 828 3444 privata.
857 3370 992 3426 Nam
1017 3385 1141 3426 cum
1170 3371 1242 3426 sit
1283 3371 1585 3438 rationalis,
1631 3386 1848 3427 omnem

255 3471 463 3519 motum
492 3461 860 3521 irrationalem
888 3461 1043 3531 fugit,
1068 3461 1394 3530 generaliter
1420 3462 1699 3532 passiones
1724 3477 1849 3518 cor-

257 3555 410 3625 poris
436 3553 677 3613 deVincit
704 3560 759 3608 et
788 3552 999 3622 animae.
1033 3550 1205 3622 Hujus
1230 3552 1412 3622 itaque
1440 3551 1851 3622 elegantissima:

262 3645 622 3717 philosophia:
678 3645 930 3717 princeps
971 3645 1191 3714 quidem
1241 3642 1370 3708 fuit,
1424 3644 1583 3700 sicuti
1633 3644 1851 3714 quidam

260 3737 484 3805 dicunt,
536 3734 683 3791 Elias
725 3736 990 3806 propheta
1037 3743 1092 3792 et
1133 3734 1377 3806 Baptista
1420 3734 1677 3792 Joannes.
1698 3733 1854 3792 Philo

258 3840 443 3887 autem
487 3826 877 3900 Pythagoricus
921 3828 1033 3884 suis
1078 3826 1413 3898 temporibus
1459 3826 1625 3882 refert
1672 3826 1852 3899 (Philo

265 3920 541 3987 Hebrus,
584 3920 678 3975 lib.
726 3920 791 3975 de
837 3919 956 3975 Vita
998 3920 1280 3990 contemp.)
1323 3917 1562 3989 undique
1608 3920 1853 3990 egregios

263 4011 614 4067 Hebraeorum
654 4009 711 4064 in
755 4008 991 4080 quodam
1035 4008 1240 4079 praedio
1284 4008 1429 4064 circa
1467 4015 1715 4077 stagnum
1741 4007 1857 4062 Ma-

262 4101 400 4156 riam
458 4100 513 4157 in
574 4099 716 4157 colle
776 4099 1012 4171 positum
1074 4097 1503 4170 philosOphatos.
1557 4097 1852 4155 Habitacu-

263 4191 377 4249 lum
419 4206 552 4249 vero
590 4206 801 4257 eorum,
846 4200 903 4247 et
944 4190 1115 4257 cibos,
1155 4198 1212 4246 et
1256 4190 1722 4247 conversationem
1774 4198 1855 4245 ta-

265 4283 375 4341 lem
402 4282 717 4351 introducit,
763 4281 981 4353 qualem
1010 4288 1065 4336 et
1093 4295 1194 4337 nos
1230 4295 1373 4337 nunc
1400 4280 1542 4350 apud
1570 4278 1853 4352 Egyptia-

1950 3105 2290 3161 abstinentia:
2328 3103 2576 3173 potioris,
2625 3112 2681 3156 et
2704 3100 2946 3171 quotidie
2989 3098 3376 3153 exercitatione
3418 3112 3539 3152 cre-

1948 3198 2157 3253 scebat.
2195 3194 2475 3263 Tanquam
2519 3207 2736 3263 semper
2784 3192 3044 3260 incipiens
3072 3189 3273 3260 aliquid
3316 3189 3540 3243 innova-

1955 3289 2066 3353 bat,
2090 3284 2471 3340 albictionibus
2494 3284 2740 3352 corporis
2760 3280 3031 3351 puniendo
3052 3280 3347 3345 libidinem,
3372 3292 3539 3334 sacra:

1950 3391 2082 3431 vero
2127 3373 2405 3445 sapientia:
2442 3372 2720 3426 voluntate
2758 3371 3097 3443 passionibus
3143 3370 3335 3423 anima:
3380 3382 3541 3437 repu-

1950 3466 2185 3536 gnando.
2212 3464 2341 3519 Erat
2367 3463 2510 3519 enim
2540 3463 2657 3532 ejus
2692 3476 2817 3517 esca
2849 3460 2997 3516 solus
3025 3460 3199 3530 panis,
3224 3468 3280 3514 et
3306 3457 3406 3524 sal,
3437 3472 3540 3529 po-

1954 3566 2041 3613 tus
2068 3569 2228 3627 aqua,
2260 3550 2577 3624 prandiique
2606 3561 2819 3622 tempus
2846 3551 2977 3607 solis
2995 3564 3243 3606 occasus.
3265 3548 3541 3619 Frequen-

1953 3658 2039 3705 ter
2056 3648 2200 3704 enim
2224 3646 2363 3702 duos
2383 3655 2441 3701 et
2462 3644 2692 3716 amplius
2710 3644 2827 3701 dies
2850 3644 2968 3700 sine
2996 3642 3119 3699 cibo
3146 3642 3418 3697 manebat.
3442 3641 3540 3695 Vi-

1955 3740 2175 3809 gilabat,
2203 3746 2264 3793 ut
2287 3738 2360 3792 ita
2383 3736 2610 3801 dicatur,
2652 3749 2869 3806 semper
2894 3734 3110 3805 quidem
3135 3732 3249 3802 jugi
3277 3740 3456 3798 nocte,
3484 3741 3541 3787 et

1954 3830 2298 3886 orationibus
2321 3826 2669 3898 contingebat
2692 3826 2908 3897 quidem
2930 3824 3100 3891 diem;
3148 3824 3192 3879 si
3236 3838 3366 3878 vero
3392 3837 3540 3877 som-

1958 3938 2058 3978 nus
2077 3922 2431 3986 incumberet,
2459 3918 2653 3975 stando
2673 3918 2947 3999 paululum
2968 3916 3293 3982 dormiebat,
3316 3914 3526 3987 plerum

1956 4030 2064 4085 que
2087 4015 2397 4085 pavimento
2418 4012 2630 4083 jacens,
2649 4011 2929 4081 solamque
2961 4016 3161 4066 terram
3189 4016 3418 4064 stratum
3458 4022 3538 4064 re-

1955 4108 2202 4163 fectionis
2235 4104 2381 4177 [m.,
2413 4100 2815 4174 refectionibus]
2860 4100 3064 4156 habens
3088 4118 3101 4153 :
3126 4098 3233 4155 olei
3282 4098 3547 4170 siquidem

1958 4197 2288 4259 unctionem,
2323 4194 2660 4249 lavacro'rum
2690 4199 2853 4262 atque
2889 4190 3144 4246 similium
3186 4203 3342 4244 usum
3371 4189 3541 4243 modis

1956 4285 2208 4341 omnbus
2241 4282 2516 4339 devitabat
2543 4299 2557 4335 :
2583 4295 2651 4336 ne
2695 4279 3102 4335 humectatione
3145 4291 3245 4331 sua
3272 4277 3326 4331 in
3365 4275 3548 4330 molli-

264 4390 389 4430 rum
433 4375 732 4430 monachos
770 4388 892 4430 esse
935 4372 1322 4441 conspicimus.
1367 4370 1568 4428 Scribit
1592 4370 1737 4427 enim
1767 4372 1852 4425 in—
1886 4405 1935 4464 D
1959 4380 2091 4434 nem
2138 4391 2337 4447 corpus
2375 4375 2703 4429 immutaret.
2737 4372 2900 4427 Aiunt
2939 4370 3083 4426 enim
3127 4382 3306 4438 neque
3346 4366 3547 4423 nudum

263 4467 529 4522 choantes
547 4480 644 4520 eos
670 4463 1072 4534 philosophiam
1095 4462 1289 4519 cedere
1316 4462 1567 4518 omnibus
1592 4461 1694 4518 sibi
1713 4476 1858 4519 com-

265 4555 577 4628 petentibus
614 4556 798 4620 rebus,
844 4554 1161 4623 cunctisque
1207 4553 1589 4609 abrenuntiare
1623 4552 1858 4623 permir-

265 4647 531 4715 tionibus,
568 4654 625 4701 et
654 4655 809 4701 extra
847 4660 1032 4700 muros
1073 4644 1127 4698 in
1157 4643 1411 4698 solitariis
1435 4643 1578 4712 agris
1604 4649 1661 4697 et
1688 4642 1860 4699 hortis

268 4737 590 4795 inhabitare.
624 4735 826 4792 Demos
853 4742 1034 4790 autem
1064 4735 1145 4788 eis
1172 4748 1291 4788 esse
1317 4733 1549 4791 sacraria
1569 4746 1689 4801 qua:
1716 4733 1858 4801 apud

266 4845 369 4886 nos
394 4829 723 4887 monasteria
746 4834 1143 4896 nuncupantur,
1175 4836 1231 4881 et
1259 4826 1313 4881 in
1341 4825 1422 4880 eis
1448 4826 1858 4881 conversatione

265 4921 512 4979 solitaria
552 4920 780 4976 honesta
828 4919 1103 4974 celebrare
1150 4918 1426 4987 mysteria,
1470 4917 1858 4985 diligenterque

266 5012 492 5081 psalmis
515 5019 573 5067 et
592 5010 805 5082 hymnis
827 5009 1045 5081 placare
1080 5008 1446 5074 Diviuitatem,
1478 5020 1534 5064 et
1574 5018 1699 5069 ante
1728 5010 1858 5066 solis

267 5116 527 5156 occasum
571 5116 683 5156 non
709 5109 929 5169 gustare
974 5099 1184 5164 cibuzn;
1228 5098 1362 5155 alios
1399 5106 1578 5154 autem
1625 5114 1722 5169 per
1748 5109 1860 5158 tres

267 5192 386 5247 dies
414 5200 472 5247 et
499 5191 750 5269 amplius,
796 5191 1066 5261 certisque
1095 5191 1285 5247 diebus
1332 5192 1384 5247 iu
1430 5192 1736 5262 pavimento
1764 5194 1859 5250 ha-

268 5284 401 5338 bere
429 5282 645 5347 cubilia,
677 5283 803 5338 vino
832 5296 1048 5352 semper
1093 5290 1149 5337 et
1191 5281 1507 5349 sanguinem
1536 5283 1860 5340 habentibus

270 5373 564 5436 abstinere,
588 5373 764 5429 cibum
795 5373 872 5429 cis
911 5388 1031 5427 esse
1072 5373 1224 5444 panis
1246 5380 1308 5443 et
1334 5372 1485 5442 salis,
1513 5383 1571 5431 et
1612 5374 1855 5447 hyssOpi,

267 5471 334 5519 et
357 5475 544 5534 potum
590 5478 765 5534 aqum.
809 5463 1060 5520 Mulieres
1107 5465 1186 5520 eis
1231 5464 1569 5528 cohabitare,
1612 5467 1856 5522 seniores

266 5556 511 5624 virgines
538 5559 762 5627 propter
793 5571 1031 5613 amorem
1054 5557 1405 5627 pliil0$0phitc
1431 5566 1730 5627 spontanea
1753 5574 1823 5613 vo

266 5646 484 5705 luntate
523 5647 725 5718 nuptiis
777 5646 1125 5729 abstinentes.
1179 5646 1243 5701 Et
1287 5645 1438 5703 Philo
1481 5647 1695 5716 quidem
1753 5649 1855 5704 hoc

1962 4485 2087 4527 eum
2125 4467 2414 4538 aliquando
2441 4467 2632 4521 visum.
2666 4462 2898 4519 Litteras
2937 4476 3067 4517 vero
3096 4473 3274 4532 neque
3317 4459 3547 4528 sciebat,

1965 4576 2141 4631 neque
2172 4559 2468 4614 mirabatur
2491 4557 2608 4630 imo.
2635 4554 2787 4627 Lyra,
2817 4548 3223 4623 meditabatur],
3250 4551 3349 4607 sed
3368 4551 3547 4623 potius

1920 4692 1924 4696 -
1964 4659 2202 4708 mentem
2227 4649 2425 4705 bonam
2456 4652 2723 4717 tanquam‘
2753 4644 3024 4700 seniorem
3049 4642 3348 4699 litterarum
3374 4658 3388 4696 :
3411 4656 3545 4711 qua-

1966 4757 2085 4797 rum
2125 4749 2305 4796 tamen
2346 4740 2681 4795 inventorem
2720 4737 2841 4806 jure
2880 4734 3150 4790 laudabat.
3198 4731 3323 4789 Fuit
3366 4741 3547 4787 autem

1963 4837 2233 4908 prmeipue
2255 4835 2725 4901 clementissimus,
2747 4840 2942 4896 castus,
2970 4831 3145 4900 fortis,
3170 4838 3355 4900 gratus
3375 4825 3546 4882 colico

1965 4929 2276 4999 quentibus,
2298 4929 2414 4982 sine
2439 4926 2544 4981 ulla
2563 4925 2794 4980 tristitia.
2820 4922 2888 4978 Et
2911 4924 3039 4979 licet
3060 4922 3151 4991 qui
3173 4935 3297 4977 cum
3324 4919 3416 4975 illo
3434 4917 3546 4972 dis-

1965 5028 2214 5091 putarent
2281 5021 2540 5074 certative
2599 5019 2923 5088 qumstiones
2996 5015 3295 5079 inferrent,
3362 5018 3544 5067 tamen

1963 5127 2115 5167 more
2142 5112 2304 5166 solito
2332 5112 2607 5180 sapienter
2634 5120 2689 5164 et
2720 5108 3182 5178 disciplinabiliter
3211 5115 3544 5162 crescentem

1961 5201 2185 5257 sedabat
2222 5216 2366 5270 smpe
2393 5201 2816 5263 contentionem,
2849 5207 2902 5253 et
2931 5197 3000 5252 ad
3048 5211 3351 5251 mensuram
3396 5196 3547 5250 debi-

1964 5301 2071 5346 tam
2101 5292 2345 5360 protinus
2387 5290 2763 5356 transferebat,
2795 5287 3235 5357 loquentiumquc
3276 5285 3379 5341 sibi
3409 5294 3545 5340 stre-

1962 5385 2131 5457 pitum
2163 5383 2517 5454 temperabat,
2561 5396 2856 5451 eorumque
2900 5394 3081 5434 mores
3120 5380 3286 5435 veluti
3314 5379 3547 5449 quadam

1963 5474 2143 5542 regula
2186 5464 2567 5544 componebat.
2600 5470 2787 5527 Tantis
2828 5472 3008 5541 itaque
3034 5472 3324 5527 virtutibus
3364 5471 3545 5527 divina

1963 5562 2301 5635 providentia
2331 5559 2656 5627 redundans,
2687 5576 2747 5617 se
2785 5561 2961 5617 futura
2998 5561 3249 5633 praescire
3277 5576 3387 5616 non
3412 5558 3551 5616 testi-

1964 5656 2147 5709 mabat
2191 5667 2312 5710 esse
2338 5651 2621 5721 virtutem;
2654 5663 2707 5709 et
2745 5662 3031 5726 propterea
3061 5669 3160 5712 nec
3195 5653 3549 5712 laborandum
