3990 6170
437 255 542 313 89')

1700 245 1769 300 Μ.
1803 242 2071 301 AllRELll
2101 238 2495 300 CASSIODORI

3596 239 3701 297 900

439 369 668 426 inaniter
698 366 841 422 circa
869 364 996 419 talia
1041 329 1338 417 suadebat:
1371 358 1585 430 quando
1632 372 1735 413 nec
1764 357 2014 424 ignoran—
2043 363 2088 419 Α
2120 354 2323 408 invenit
2370 368 2492 408 eum
2537 352 2865 420 inferiorem,
2896 352 3257 426 perfectasque
3305 364 3427 406 eum
3464 350 3696 420 philoso-

437 470 545 516 tem
591 456 767 513 futura
814 470 989 525 preme
1037 450 1406 516 succumbere,
1456 465 1557 505 nec
1599 451 1861 505 scientem
1894 464 2021 517 pro—

436 560 621 624 pterea
649 556 896 605 sanctum
919 559 1039 602 esse
1058 543 1388 599 declarabat.
1418 541 1611 596 Veram
1642 554 1873 609 namque
1895 539 2019 591 bea-

440 638 721 698 titudinem
751 637 807 691 in
836 636 1046 691 cultura
1075 635 1169 689 Dei
1198 641 1251 688 et
1292 633 1470 701 legum
1500 630 1618 700 ejus
1644 628 2021 686 observatione

436 731 668 788 dicebat.
720 726 779 782 Si
816 726 906 781 cui
947 734 1126 780 autem
1157 724 1274 778 hanc
1317 731 1458 778 esset
1504 737 1652 786 cura,
1686 719 1916 776 docebat
1964 724 2023 772 ut

436 827 691 894 purgaret
735 820 991 882 animam,
1020 831 1128 885 quo
1170 806 1353 885 posset
1398 814 1688 883 respicere,
1731 820 1788 865 et
1814 810 2022 865 futuro-

436 927 555 966 rum
595 909 843 975 notitiam
895 906 1191 977 possidere,
1248 904 1340 959 Dei
1389 904 1640 958 videlicet
1686 901 2022 970 praescientia

436 1001 770 1057 declaraute.
812 998 1021 1053 Vacare
1067 1003 1248 1049 autem
1296 1008 1398 1048 nec
1444 992 1559 1062 ipse
1597 992 1922 1061 patiebatur,
1968 997 2024 1044 et

437 1092 576 1146 bene
601 1091 864 1145 victurum
886 1101 1101 1156 semper
1122 1083 1335 1154 operari
1361 1082 1725 1152 prtecipiebat,
1750 1096 1814 1136 ac
1834 1088 2026 1136 semet-

441 1184 615 1253 ipsum
659 1180 947 1245 discutere,
979 1186 1033 1231 et
1056 1191 1240 1232 secum
1279 1189 1480 1245 ponere
1521 1174 1788 1228 rationem
1833 1188 2022 1228 eorum

439 1288 558 1343 qua:
593 1271 762 1341 gessit
810 1270 899 1325 die
945 1276 1251 1338 noctuque;
1281 1266 1325 1321 si
1371 1265 1499 1335 quid
1547 1272 1728 1319 autem
1769 1264 2026 1319 indecens

438 1368 645 1431 ageret,
694 1360 1082 1425 conscriberet,
1108 1366 1168 1412 ut
1204 1358 1272 1412 de
1300 1364 1496 1412 caetero
1525 1362 1768 1426 parceret
1807 1355 1858 1408 in
1888 1355 2026 1408 deli-

445 1461 560 1519 cto,
605 1450 955 1520 semetipsum
988 1448 1196 1504 scilicet
1222 1448 1566 1512 erubescens,
1616 1446 1659 1501 si
1688 1444 1916 1515 plurima
1944 1445 2027 1499 sui

439 1545 635 1601 delicta
682 1543 1078 1613 comperisset:
1104 1540 1264 1599 simul
1309 1541 1471 1596 etiam
1519 1549 1880 1595 metuensne
1930 1554 2029 1608 per

436 1633 853 1704 conscriptionis
882 1632 1136 1687 indicium
1184 1631 1339 1686 fieret
1368 1631 1487 1685 aliis
1514 1628 1845 1685 manifestus.
1896 1627 2028 1682 Erat

440 1727 586 1782 enim
615 1723 935 1788 laboriosus,
981 1730 1038 1778 et
1080 1722 1317 1777 maxime
1363 1737 1463 1791 pro
1512 1719 1715 1775 solatiis
1743 1733 2029 1788 oppresso-

438 1831 579 1871 rum.
610 1813 742 1881 Quis
772 1814 972 1869 etenim
1003 1812 1141 1867 alter
1168 1812 1248 1867 sic
1276 1810 1667 1867 ferventissime
1691 1809 1786 1864 fuit
1822 1807 2030 1863 studio-

435 1924 552 1974 sus,
582 1922 812 1981 quorum
842 1905 1014 1975 gratia
1039 1919 1182 1974 saepe
1214 1903 1464 1958 veniebat
1503 1902 1572 1958 ad
1600 1903 1877 1957 civitates?
1906 1901 2031 1956 Plu-

441 2001 565 2057 rimi
593 2015 828 2069 namque
851 1998 901 2053 vi
932 1997 1291 2067 compellente
1320 1996 1585 2064 cogebant
1614 1997 1774 2067 213
1800 2009 1922 2049 eum
1952 1995 2029 2049 le-

439 2093 658 2164 gatione
686 2091 835 2161 fungi
864 2090 1006 2161 apud
1025 2089 1235 2159 judices
1284 2098 1339 2143 et
1376 2088 1751 2158 magistratus;
1796 2101 2027 2157 quorum

440 2182 634 2252 singuli
675 2178 761 2237 vel
805 2181 989 2237 videre
1024 2195 1148 2234 eum
1173 2179 1488 2249 judicabant
1534 2178 1694 2233 nimis
1732 2178 2029 2247 egregium,

440 2272 747 2342 loquentem
777 2270 987 2339 audire,
1030 2277 1088 2325 et
1125 2269 1458 2340 pnccipienti
1484 2284 1677 2339 parere
1716 2268 2030 2337 gloriosum.

437 2362 541 2429 Qui
568 2378 691 2418 cum
713 2361 836 2417 talis
857 2372 1020 2423 esset,
1045 2360 1296 2415 studebat
1320 2369 1500 2415 tamen
1522 2360 1758 2429 ignorari
1780 2360 1834 2414 et
1861 2359 2029 2414 latere

446 2468 544 2522 per
571 2467 831 2507 eremum.
864 2450 920 2505 Si
951 2465 1080 2505 vero
1110 2451 1435 2506 necessitate
1454 2450 1684 2506 faciente
1709 2450 1943 2505 venisset
1982 2448 2037 2502 in

449 2547 744 2611 civitatem,
775 2543 1035 2613 disposito
1065 2543 1279 2613 negotio
1332 2558 1429 2613 pro
1449 2556 1557 2610 quo
1581 2547 1821 2607 venerat,
1853 2539 1919 2595 ad
1944 2540 2040 2596 deo

450 2645 656 2692 sertum
687 2633 945 2688 continuo
987 2636 1376 2688 revertebatur.
1410 2631 1591 2687 Pisces
1619 2646 1852 2707 namque
1888 2631 2037 2687 dice-

453 2725 549 2779 bat
594 2738 692 2804 per
726 2724 1033 2778 humectam
1078 2723 1270 2777 nutriri
1318 2722 1706 2787 substantiam;
1757 2722 2038 2779 monachis

450 2822 630 2868 autem
667 2821 916 2868 ornatum
948 2811 1090 2868 ferre
1117 2812 1221 2885 [σά.
1254 2812 1344 2875 γη
1370 2809 1506 2882 fore]
1527 2811 1820 2867 solitariam
1849 2812 2036 2866 vitam.

455 2903 523 2958 Et
549 2904 687 2959 sicut
716 2903 788 2957 illi
831 2911 990 2957 terra:
1029 2911 1176 2958 tactu
1220 2902 1502 2970 tabeﬁunt,
1541 2903 1620 2958 sic
1658 2903 1826 2971 gloria
1856 2918 2038 2958 mona-

445 2994 674 3051 chorum
711 2993 780 3048 ad
821 2994 981 3049 urbes
1027 2993 1338 3049 accedendo
1387 2992 1635 3049 foedatur.
1685 2991 2037 3049 Obedientem

2125 445 2263 514 phiae
2292 458 2414 498 esse
2445 451 2693 512 testatus,
2738 459 2978 500 seorsum
3008 444 3261 514 praecepit
3294 443 3555 507 habitare,
3586 453 3699 497 ιοειιι

2128 551 2284 604 quam
2335 550 2444 588 non
2496 544 2744 604 egentem
2793 536 3038 591 doctore.
3099 533 3471 589 Conlirmabat
3530 544 3705 588 autem

2126 623 2263 677 Deus
2294 623 2513 677 Antonii
2560 624 2943 689 testimonium,
2993 631 3049 679 et
3097 624 3354 693 operibus
3392 625 3711 679 ostendebat

2124 714 2295 768 virum
2325 728 2447 768 esse
2474 713 2788 782 gloriosum,
2832 715 3054 784 ipsoque
3081 714 3308 769 doctore
3353 714 3714 783 superiorem,

2125 813 2287 875 atque
2313 806 2379 859 ad
2405 804 2719 873 affligendos
2747 815 2799 860 et
2827 807 3175 876 expellendos
3203 807 3473 861 diemoues
3501 821 3713 876 pracpa-

2125 906 2324 965 ratum.
2350 896 2638 959 Soranum,
2666 895 2756 950 lib.
2782 912 2820 963 ι,
2851 912 2970 966 cap.
2996 895 3081 961 15,
3113 914 3166 966 ρ.
3196 895 3321 950 420.

2199 988 2356 1041 Circa
2387 988 2492 1043 hoc
2535 989 2717 1057 itaque
2745 998 2956 1057 tempus
2986 987 3466 1058 philosophabatur
3492 995 3550 1042 et
3577 987 3713 1041 Am~

2127 1080 2337 1135 monius
2365 1078 2674 1152 Egyptius,
2701 1080 2769 1135 de
2793 1094 2903 1149 quo
2928 1093 3108 1134 sermo
3161 1077 3335 1134 fertur
3371 1080 3495 1148 quia
3524 1092 3721 1147 cogen-

2129 1173 2269 1228 tibus
2298 1175 2611 1243 parentibus
2657 1173 2899 1229 duxisset
2944 1187 3191 1235 uxorem,
3225 1186 3325 1226 nec
3374 1181 3554 1227 tamen
3594 1186 3720 1226 eam

2128 1263 2317 1319 fuisset
2371 1275 2650 1335 expertus.
2696 1264 2754 1318 In
2802 1263 3068 1334 principio
3127 1253 3360 1332 namque
3409 1263 3720 1332 nuptiarum

2128 1372 2381 1427 sponsam
2413 1366 2686 1427 tamquam
2714 1373 2943 1428 sponsus
2972 1359 3025 1412 in
3049 1358 3286 1414 thalamo
3315 1359 3641 1430 percipiens,
3664 1368 3727 1413 et

2128 1447 2277 1509 solus
2303 1462 2427 1501 cum
2454 1463 2518 1501 ea
2544 1463 2848 1514 remanens,
2881 1449 2959 1503 ait
2987 1466 2999 1500 :
3033 1448 3241 1519 Nuptiae
3265 1450 3500 1518 quidem,
3533 1465 3567 1504 ο
3596 1466 3724 1503 mu-

2129 1537 2250 1602 lier,
2284 1547 2483 1592 nostrae
2511 1554 2678 1607 usque
2708 1539 2774 1593 ad
2797 1539 2903 1594 hoc
2932 1540 3215 1595 celebratae
3235 1550 3361 1595 sunt
3391 1551 3618 1611 tempus.
3654 1540 3726 1595 Et

2129 1629 2290 1698 quale
2319 1630 2518 1703 bonum
2544 1630 2614 1684 sit
2642 1647 2800 1700 posse
2824 1632 3085 1701 virginem
3111 1647 3432 1702 permanere
3452 1649 3520 1689 ex
3546 1638 3726 1691 sacris

2133 1720 2399 1775 edocebat
2428 1721 2639 1788 litteris,
2674 1738 2738 1778 ac
2766 1738 3012 1779 seorsum
3037 1725 3184 1779 solus
3213 1740 3431 1779 manere
3453 1726 3722 1780 tentabat.

2132 1810 2237 1866 Sed
2267 1812 2522 1879 quoniam
2572 1813 2639 1867 de
2672 1815 2978 1882 virginitate
3014 1815 3231 1884 quidem
3270 1830 3545 1871 sermones
3571 1819 3728 1885 virgo

2132 1901 2467 1965 laudaverat,
2498 1902 2661 1958 dividi
2701 1913 2881 1959 autem
2908 1905 2976 1959 ab
3022 1921 3088 1960 eo
3137 1921 3301 1975 grave
3326 1906 3624 1974 judicabat,
3669 1909 3728 1961 in

2133 1997 2240 2052 alio
2269 1998 2433 2052 cubili
2470 1999 2767 2064 dormiens,
2804 2000 2960 2055 anuis
3000 1999 3187 2055 decem
3237 2010 3293 2055 et
3321 2012 3446 2056 octo
3484 2016 3607 2055 cum
3654 2016 3726 2056 ea

2136 2090 2355 2157 mansit,
2384 2106 2559 2159 neque
2590 2098 2718 2146 tunc
2748 2107 2778 2145 a
2811 2092 3125 2147 monachica
3164 2093 3484 2147 abstinentia
3515 2109 3575 2147 se
3605 2108 3710 2146 sus-

2136 2183 2395 2253 pendens.
2453 2182 2665 2238 lnterea
2712 2184 2905 2238 mulier
2941 2183 3041 2238 viri
3081 2184 3253 2237 zelata
3277 2185 3547 2247 virtutem,
3581 2186 3732 2239 aesti-

2135 2275 2304 2328 mavit
2350 2290 2458 2330 non
2508 2290 2628 2330 esse
2652 2274 2854 2344 justum
2904 2282 3112 2328 tantum
3156 2274 3329 2329 virum
3359 2274 3507 2329 domi
3553 2276 3727 2330 celari

2140 2373 2363 2434 propter
2403 2380 2483 2431 se,
2516 2365 2609 2420 sed
2654 2375 2907 2435 oportere
2944 2366 3123 2436 potius
3160 2379 3402 2420 seorsum
3439 2374 3735 2437 utrumque

2139 2456 2529 2527 philos0phari,
2561 2464 2617 2511 et
2653 2458 2724 2512 ob
2752 2456 2859 2512 hoc
2887 2457 3203 2528 supplicavit
3228 2458 3362 2512 viro.
3390 2456 3459 2511 At
3487 2458 3577 2512 ille
3597 2472 3733 2527 grao

2142 2547 2245 2603 tias
2283 2562 2449 2617 agens
2472 2548 2583 2604 Deo
2609 2565 2709 2620 pro
2736 2550 3044 2619 huiusmodi
3074 2551 3402 2620 cogitatione
3443 2552 3685 2608 mulieris
3712 2570 3731 2607 :

2142 2638 2221 2695 Tn
2270 2639 2508 2711 quidem,
2558 2642 2751 2710 inquit,
2800 2641 2942 2697 hanc
2986 2642 3125 2698 habe
3169 2643 3407 2708 domum,
3449 2660 3549 2714 ego
3597 2647 3733 2700 mihi

2140 2731 2297 2785 aliam
2328 2730 2623 2787 fabricabo.
2676 2730 2745 2785 Et
2788 2732 2843 2787 in
2891 2733 3243 2789 meridianam
3271 2744 3479 2805 partem
3521 2736 3729 2793 deserti

2139 2822 2315 2890 stagni
2344 2822 2525 2877 Mariae
2555 2824 2775 2879 veniens
2819 2826 2960 2881 circa
2989 2826 3165 2881 locum
3194 2826 3345 2899 Scyti
3384 2829 3450 2882 ad
3482 2837 3731 2884 montem

2138 2915 2231 2984 qui
2260 2913 2456 2968 dicitur
2483 2913 2685 2978 Nitrim,
2717 2915 2929 2971 duobus
2966 2924 3021 2971 et
3046 2917 3232 2985 viginti
3260 2919 3416 2972 annis
3445 2919 3516 2974 ibi
3546 2920 3734 2989 philo-

2141 3006 2402 3075 50phatus
2431 3014 2516 3060 est
2542 3023 2555 3058 :
2579 3006 2733 3061 annis
2761 3006 2985 3076 singulis
3009 3006 3231 3064 viSitans
3253 3009 3492 3065 secundo
3530 3012 3735 3066 mulieo

444 3100 574 3141 vero
616 3100 676 3140 se
704 3094 1023 3153 gratumque
1072 3083 1527 3152 conspicientibus
1556 3083 1862 3137 exhibebat.
1908 3081 2030 3137 Stu-

2141 3112 2276 3151 rem.
2311 3094 2476 3166 llujus
2516 3097 2695 3167 itaque
2721 3098 3063 3153 sacratissimi
3092 3098 3348 3169 principis
3385 3101 3575 3155 horum
3605 3118 3736 3156 mo-

442 3178 713 3246 debetque
756 3184 817 3231 ut
841 3190 1017 3244 neque
1059 3175 1283 3230 haberet
1314 3182 1611 3229 tumentem
1633 3172 2031 3242 superbamque

447 3274 719 3332 naturam,
768 3281 871 3321 nec
916 3273 1200 3335 putaretur
1248 3264 1572 3334 hujusmodi.
1614 3263 1722 3318 Sed
1768 3263 1885 3318 llch
1912 3263 2032 3332 qui-

439 3360 560 3413 dem
583 3372 751 3428 pauca
780 3357 1038 3411 virtutum
1068 3355 1288 3410 Antonii
1317 3355 1499 3409 dicere
1533 3369 1651 3408 sum
1682 3353 1992 3421 compulsus
2012 3391 2027 3417 ,

441 3458 501 3503 ut
526 3448 659 3504 tanti
680 3449 781 3504 viri
811 3464 907 3519 per
929 3449 1045 3504 haec
1086 3448 1333 3517 exempla
1362 3447 1761 3502 consideremus
1785 3444 2028 3515 philoso-

441 3538 644 3607 phiam.
677 3536 944 3593 Plurimos
983 3536 1144 3606 igitur
1186 3545 1347 3607 atque
1390 3535 1799 3605 probatissimos
1844 3533 2033 3588 habuit

442 3625 739 3692 auditores,
772 3640 1000 3694 quorum
1037 3625 1128 3679 alii
1148 3625 1365 3693 quidem
1392 3624 1446 3678 in
1486 3622 1725 3694 Egypto
1754 3631 1808 3677 et
1840 3621 2033 3693 Libya,

441 3715 530 3770 alii
573 3730 704 3771 vero
733 3717 784 3771 in
830 3715 1133 3780 Palaestina,
1183 3724 1238 3769 et
1265 3713 1443 3784 Syria,
1491 3721 1548 3768 et
1588 3711 1786 3766 Arabia
1823 3712 2047 3768 clarue-’

449 3816 606 3874 runt;
633 3817 688 3862 et
715 3809 1081 3876 unusquisque
1104 3823 1290 3862 eorum
1318 3821 1427 3859 non
1457 3805 1634 3859 minus
1654 3819 1714 3859 se
1737 3819 1902 3874 quam
1932 3804 2001 3860 do
2014 3837 2033 3847 η

453 3908 592 3964 etor,
634 3897 778 3967 apud
802 3880 939 3967 quos
967 3905 1050 3951 est
1088 3903 1473 3957 commoratus,
1507 3895 1782 3958 exercuit;
1812 3895 2037 3950 multos-

441 4005 545 4059 que
573 3989 780 4053 docuit,
809 3997 864 4042 et
891 3988 958 4041 ad
988 3987 1217 4041 similem
1251 3987 1499 4041 virtutem
1530 3986 2035 4056 philosophiamque

448 4079 723 4148 perduxit;
754 4080 828 4132 ita
873 4088 932 4133 ut
953 4079 1308 4147 quorumdam
1331 4079 1417 4134 hic
1446 4079 1598 4135 labor
1625 4088 1768 4135 esset
1806 4081 2034 4135 circuire

445 4185 541 4239 per
569 4170 815 4224 civitates
844 4177 900 4223 et
930 4169 1259 4239 provincias.
1291 4169 1373 4223 vel
1402 4185 1499 4238 per
1518 4184 1699 4238 agros,
1729 4180 1784 4225 et
1806 4169 2061 4239 diligeur

444 4271 528 4316 ter
567 4261 787 4317 Antonii
818 4263 1133 4333 discipulos,
1166 4279 1466 4333 eorumque
1507 4265 1785 4333 requirere
1826 4280 2036 4318 succes-

444 4370 616 4410 sores.
646 4354 754 4409 Sed
782 4355 1057 4424 quomodo
1088 4364 1346 4425 poterant
1365 4355 1592 4411 inveniri
1624 4356 1801 4421 facile,
1835 4356 2031 4424 quibus

444 4458 560 4505 erat
601 4449 836 4504 studium
867 4448 1331 4517 diligentissimum
1359 4465 1512 4505 suam
1556 4449 1723 4505 vitam
1757 4449 1944 4515 latere,
1976 4461 2032 4505 et

446 4554 553 4593 non
584 4540 723 4594 sicut
748 4554 894 4595 nunc
935 4541 1147 4609 plurimi
1176 4540 1455 4597 hominum
1502 4541 1627 4595 elati
1657 4555 1755 4610 per
1782 4541 2027 4611 gloriam,

444 4633 764 4702 semetipsos
805 4640 1156 4704 expompant,
1206 4643 1259 4689 et
1305 4634 1513 4689 cunctis
1541 4633 1848 4688 insinuant?
1892 4633 2032 4687 Fue-

444 4733 572 4780 runt
602 4724 779 4794 itaque
806 4726 1169 4796 probatissimi
1208 4726 1477 4797 discipuli,
1509 4741 1645 4795 quos
1669 4725 2026 4795 percepimus,

446 4814 690 4885 Antonii,
721 4815 810 4871 alii
841 4817 1060 4886 quidem
1088 4817 1263 4883 multi,
1294 4833 1396 4872 nec
1416 4833 1522 4870 non
1551 4828 1608 4872 et
1632 4814 1829 4872 Paulus
1853 4818 2033 4887 appel-

445 4905 646 4962 latione
683 4906 947 4977 Simplex.
1008 4907 1162 4964 llunc
1215 4908 1384 4971 aiunt,
1440 4923 1563 4962 cum
1596 4909 1828 4963 rusticus
1867 4917 2028 4974 esset,

442 4998 586 5053 bona
616 4999 797 5068 specie
820 4999 1102 5069 conjugem
1132 5000 1405 5067 habuisse,
1447 5008 1503 5053 et
1532 5014 1651 5055 eam
1672 4999 1725 5053 in
1760 4999 1878 5069 ipso
1911 5000 2036 5054 faci-

447 5102 577 5143 nore
605 5090 851 5147 adulterii
895 5091 1284 5161 deprehensam
1316 5093 1477 5146 tacite
1520 5091 1822 5156 subrisisse,
1870 5101 1925 5147 et
1947 5092 2032 5160 ju-

448 5179 737 5245 rejurando
767 5180 1008 5236 ﬁrmasse
1038 5196 1307 5250 nunquam
1338 5192 1539 5238 secum
1564 5198 1626 5238 ea
1657 5199 1776 5239 esse
1802 5185 2030 5238 misces-

448 5268 594 5323 dum.
621 5269 754 5324 Tum
782 5271 847 5325 ad
877 5272 1174 5327 adulterum
1204 5291 1216 5327 :
1241 5271 1409 5339 liabe,
1453 5274 1641 5343 inquit,
1671 5290 1825 5341 eam;
1855 5285 1911 5330 et
1938 5293 2029 5329 rc—

448 5371 608 5427 pente
636 5362 885 5417 discessit
913 5364 979 5418 ad
1009 5379 1247 5419 eremum
1287 5366 1426 5435 apud
1477 5367 1789 5422 Antonium.
1836 5366 2030 5420 Dicunt

448 5450 590 5503 enim
616 5465 739 5505 eum
758 5453 1241 5509 mansuetissimam
1269 5464 1324 5510 et
1343 5456 1636 5525 patientem
1668 5457 1821 5512 valde
1844 5456 2024 5511 flliS:0.

452 5539 690 5609 Denique
728 5556 850 5596 cum
873 5542 986 5611 jam
1037 5560 1203 5600 senex
1233 5554 1397 5609 esset,
1449 5554 1505 5600 et
1551 5546 1616 5600 ad
1646 5548 1808 5601 vitam
1840 5563 2029 5601 mona—

451 5633 657 5690 chicam
682 5634 815 5709 [ed.,
838 5637 1189 5710 monachicai]
1217 5638 1610 5709 perdurationis
1638 5638 1896 5701 insuetus,
1925 5656 2034 5693 om-

449 5723 608 5780 nibus
631 5741 753 5783 eum
784 5729 1047 5787 Antonius
1072 5732 1454 5805 experimentis
1482 5745 1759 5796 exercens,
1802 5731 1858 5784 in
1885 5732 2032 5787 nullo

2064 4482 2110 4537 Ι)

2138 3187 2499 3242 nasteriorum
2538 3187 2690 3242 multi
2718 3187 2936 3243 fuerunt
2987 3189 3242 3259 dignique
3284 3191 3549 3260 discipuli,
3581 3193 3736 3247 sicut

2137 3276 2511 3332 successiones
2561 3278 2887 3346 ostendunt;
2935 3279 3276 3350 plurimaque
3320 3288 3376 3336 et
3416 3281 3734 3337 veneranda

2135 3382 2234 3437 per
2257 3382 2379 3422 eum
2411 3377 2798 3438 provenerunt,
2824 3384 2944 3438 quae
2984 3370 3249 3440 praecipue
3268 3372 3408 3442 apud
3437 3370 3735 3443 Egyptios

2135 3451 2433 3513 monachos
2463 3458 2807 3528 perfecteque
2837 3468 3139 3514 servantur.
3168 3460 3301 3515 Nam
3331 3477 3450 3517 cum
3491 3464 3733 3518 maxima

2136 3548 2412 3614 diligentia
2436 3564 2532 3618 per
2558 3549 2958 3604 successionem
2988 3551 3293 3606 traditionis
3325 3552 3600 3607 alterutra:
3631 3570 3733 3609 cu-

2137 3644 2259 3689 rant
2301 3637 2527 3691 virtutes
2576 3638 2921 3706 antiquorum
2969 3640 3243 3695 memoriae
3287 3642 3498 3697 tradere
3542 3658 3734 3698 mona-

2135 3728 2358 3782 chorum
2386 3746 2400 3794 ;
2434 3729 2527 3783 sed
2558 3745 2588 3782 a
2638 3744 2725 3783 me
2773 3730 2848 3784 illi
2878 3732 3210 3786 memorandi
3242 3741 3370 3786 sunt
3409 3734 3501 3802 qui
3529 3734 3595 3787 ad
3627 3748 3736 3786 nos

2139 3835 2307 3887 usque
2362 3830 2752 3889 pervenerunt.
2801 3821 3038 3892 Contigit
3094 3825 3254 3891 igitur
3297 3825 3423 3880 huic
3476 3827 3613 3891 νὶιο,
3672 3835 3734 3879 et

2140 3909 2424 3964 Theodoro
2469 3910 2585 3979 ejus
2617 3910 2880 3981 discipulo
2928 3916 3178 3968 euntibus
3226 3916 3457 3984 aliquem
3492 3917 3734 3971 transire

2138 3998 2354 4052 fluvium
2386 4017 2545 4069 quem
2574 4001 2762 4056 dicunt
2790 4003 3010 4074 Lycum.
3044 4005 3121 4060 Ne
3158 4021 3283 4061 vero
3312 4024 3370 4061 se
3406 4008 3730 4063 alterutrum

2133 4089 2306 4144 nudos
2334 4090 2601 4160 viderent,
2620 4095 2778 4161 jussit
2802 4096 3115 4151 Ammonius
3138 4096 3291 4169 [alias
3316 4098 3519 4170 Amos],
3547 4109 3607 4153 ut
3634 4114 3726 4155 rev

2135 4183 2355 4238 cederet
2383 4183 2702 4242 Theodorus
2746 4188 2814 4242 ab
2844 4204 3014 4258 aqua;
3056 4204 3289 4260 cumque
3327 4193 3490 4246 etiam
3519 4200 3699 4246 semet

2134 4273 2309 4343 ipsum
2366 4275 2712 4331 erubesceret
2758 4278 2956 4332 nudum
3003 4280 3220 4346 intueri,
3270 4290 3491 4349 repente
3544 4283 3733 4337 divina

2137 4363 2339 4418 virtute
2365 4366 2655 4422 translatus
2680 4376 2764 4422 est
2789 4369 2856 4422 ad
2881 4370 3193 4425 ulteriorem
3220 4372 3389 4442 ripam
3438 4371 3732 4428 Transiens

2136 4467 2262 4506 vero
2292 4451 2610 4511 Theodorus
2653 4471 2868 4525 aquam,
2902 4467 2957 4513 ct
2986 4459 3173 4514 videns
3222 4475 3321 4514 nec
3350 4469 3555 4515 vestem
3608 4461 3734 4529 ejus

2136 4557 2237 4597 nec
2261 4543 2428 4612 pedes
2457 4544 2684 4611 infusos,
2716 4548 3056 4617 supplicabat
3085 4550 3202 4605 seni
3232 4558 3289 4603 ut
3325 4550 3375 4603 ei
3398 4565 3616 4605 causam
3647 4553 3731 4606 rei

2134 4634 2498 4704 depromeret.
2531 4636 2774 4707 Cumque
2805 4641 2895 4695 ille
2921 4641 3104 4696 dicere
3149 4640 3430 4709 refutaret,
3476 4642 3566 4696 ille
3596 4659 3731 4698 vero

2135 4741 2243 4780 non
2266 4726 2423 4781 aliter
2449 4743 2509 4783 se
2533 4739 2948 4799 preperaturum
2977 4733 3077 4787 nisi
3099 4742 3476 4800 cognosceret,
3501 4745 3706 4802 promit

2134 4824 2281 4871 tente
2310 4816 2598 4874 Theodoro
2644 4821 2776 4875 nulli
2825 4837 2885 4878 se
2914 4838 2982 4879 eo
3007 4824 3222 4879 vivente
3241 4839 3378 4878 .rem
3407 4822 3524 4879 fore
3561 4824 3712 4879 dictu

2133 4922 2274 4971 rum,
2307 4908 2587 4965 confessus
2607 4919 2692 4964 est
2719 4912 2867 4980 quod
2893 4915 3094 4969 evenit.
3130 4913 3439 4970 Proximum
3463 4931 3593 4970 vero
3622 4918 3732 4969 mi-

2136 4998 2376 5051 raculum
2404 4999 2531 5055 huic
2558 5016 2774 5070 quoque
2805 5005 2886 5059 rei
2916 5005 3144 5073 contigit
3176 5005 3321 5074 quod
3349 5006 3600 5061 narrabo.
3633 5006 3727 5059 ln-

2131 5086 2261 5153 justi
2288 5097 2543 5155 parentes
2586 5094 2811 5164 alicujus
2855 5113 2886 5151 a
2924 5114 3060 5154 cane
3090 5101 3279 5155 rabido
3317 5115 3630 5171 percussum
3662 5102 3726 5153 li-

2133 5179 2262 5233 lium
2305 5189 2359 5235 et
2412 5198 2553 5253 pene
2602 5199 2875 5245 mortuum
2925 5194 3236 5248 obtulerunt
3266 5195 3337 5263 ei,
3370 5203 3426 5250 et
3456 5194 3730 5263 cjulantes

2132 5272 2562 5343 deprecabantur
2587 5290 2645 5334 ut
2688 5293 2991 5341 sanaretur.
3026 5287 3161 5341 Tum
3192 5288 3280 5343 ille
3328 5289 3394 5342 ad
3433 5302 3527 5343 eos
3555 5306 3569 5340 :
3600 5286 3727 5343 Non

2131 5371 2272 5430 eget,
2308 5366 2501 5437 inquit,
2539 5387 2659 5426 mea
2706 5377 3023 5442 curatiozie;
3055 5378 3150 5432 sed
3180 5394 3277 5434 vos
3326 5379 3369 5433 si
3398 5379 3557 5432 vultis
3594 5379 3727 5432 red-

2134 5454 2263 5509 dcre
2293 5456 2486 5514 bovem
2532 5479 2692 5531 quem
2734 5469 2998 5538 rapuistis
3037 5469 3269 5524 dominis
3309 5471 3441 5535 suis,
3485 5479 3727 5538 aegrotus
3758 5524 3771 5539 ,

2136 5558 2359 5615 repente
2387 5553 2696 5623 sanabitur;
2723 5560 2865 5628 quod
2895 5560 3059 5614 etiam
3089 5562 3333 5632 contigit.
3380 5561 3514 5617 Nam
3544 5571 3603 5615 ut
3634 5578 3718 5617 reo

2133 5639 2353 5695 stitutus
2375 5653 2457 5698 est
2477 5645 2593 5711 bos,
2620 5651 2797 5718 passio
2827 5667 2953 5706 mox
2986 5653 3210 5708 recessit
3230 5671 3257 5706 a
3278 5669 3468 5723 puero.
3493 5653 3727 5719 Quando

2136 5730 2297 5799 igitur
2322 5733 2638 5796 Ammonius
2684 5741 2786 5797 iste
2824 5743 3173 5813 moriebatur,
3203 5744 3399 5799 dicitur
3428 5744 3722 5798 Antonium
