3990 6170
362 137 459 193 ὒῧι

1463 137 1780 196 HISTORIA
1820 139 2236 196 ΤΒΙΡΑΒΤΙΤΑ
2300 142 2501 200 LlBER
2542 145 2582 200 Ι.

3531 154 3635 211 902

360 253 554 308 vidisse
583 253 814 308 animam
842 253 959 322 ejus
1000 253 1053 308 in
1081 251 1277 307 coelum
1306 250 1453 315 ferri,
1484 252 1679 308 divinis
1706 261 1949 323 potesta»
1979 255 2027 315 Α
2055 253 2181 310 dine
2201 258 2439 326 copiosa,
2464 258 2961 330 nomﬁgyptiorum
2986 259 3341 326 solummodo,
3365 263 3641 322 seietiam

360 345 499 398 tibus
527 358 652 398 cum
679 344 973 413 psalmodia
1003 341 1429 413 praecedentibus
1458 357 1576 398 eam
1600 363 1616 409 ;
1656 342 1942 398 consulen-

359 435 607 502 libusque
634 433 713 488 eis
733 434 826 503 qui
856 434 1001 488 circa
1030 448 1153 488 eum
1195 440 1373 496 erant,
1402 446 1621 487 causam
1651 432 1813 501 hujus
1841 432 1942 486 mi-

358 525 525 579 raculi
554 540 662 581 non
687 524 986 581 abscondit.
1020 522 1278 579 Sciebant
1301 523 1444 578 enim
1476 523 1731 592 quoniam
1761 537 1938 577 aerem

354 620 564 673 intento
591 617 782 672 obtutu
822 615 1138 686 respiciens,
1166 630 1289 669 cum
1319 622 1540 684 stupore
1582 613 1827 668 miraculi
1854 628 1943 667 cu-

350 712 582 782 juspiam
604 709 898 779 respiceret
918 707 1199 763 visionem.
1222 705 1467 776 Cumque
1490 707 1771 761 venientes
1792 713 1941 775 post-

355 819 418 854 ea
447 799 666 869 quidam
695 800 763 854 de
791 798 940 871 Scyti
986 798 1325 853 nuntiassent
1351 798 1543 852 horam
1570 798 1792 852 visionis
1830 798 1941 850 An-

357 892 508 956 tonii,
540 898 596 946 et
621 889 966 945 convenisset
990 904 1111 944 cum
1132 888 1362 943 transitu
1390 887 1533 943 illius
1560 888 1681 951 viri,
1723 885 1938 942 beatiﬁ-

352 990 613 1038 caverunt
650 981 877 1036 ambos:
904 981 1053 1035 illum
1081 980 1322 1050 quidem,
1373 979 1501 1048 quia
1546 978 1614 1032 ad
1653 977 1938 1032 manifesta

350 1075 492 1128 bona
540 1071 868 1137 transiisset;
917 1071 1065 1125 illum
1108 1085 1260 1135 vero,
1309 1072 1432 1138 quia
1464 1078 1670 1123 tantam
1707 1084 1738 1123 a
1779 1068 1939 1137 longe

350 1164 637 1226 meruisset
658 1178 883 1218 cernere
913 1162 1192 1218 visionem.
1235 1160 1526 1216 Multorum
1555 1160 1698 1216 enim
1726 1161 1935 1215 dierum

352 1255 453 1310 iter
476 1263 561 1310 est
581 1253 1027 1337 locorum\medio
1048 1254 1348 1323 positorum
1372 1268 1481 1322 quo
1509 1253 1740 1321 degebat
1769 1253 1935 1307 alter-

351 1356 491 1402 uter.
524 1346 592 1401 Et
619 1347 736 1401 hzec
778 1346 996 1415 quidem
1022 1347 1095 1400 ita
1142 1346 1312 1401 relata
1346 1356 1491 1401 sunt.
1524 1345 1582 1399 ln
1621 1347 1725 1401 hoc
1754 1346 1936 1415 itaque

348 1439 639 1511 przesulatu
665 1438 844 1494 audivi
875 1437 1253 1508 probatissime
1281 1438 1719 1509 philosophatum
1765 1438 1934 1510 Euty-

346 1533 621 1597 chianum,
650 1531 746 1602 qui
769 1531 823 1586 in
853 1529 1104 1603 Bithynia
1126 1530 1271 1587 circa
1291 1528 1576 1602 Olympum
1600 1532 1932 1586 morabatur.

2046 343 2421 415 Thebaeorum,
2453 359 2509 404 et
2536 349 2861 422 Libycorum
2891 352 3035 406 circa
3068 351 3357 424 [Egyptum
3382 357 3633 413 obtinens

2044 437 2420 507 principatum.
2444 438 2502 494 ln
2524 440 2682 512 hujus
2708 441 2886 511 itaque
2913 443 3143 497 civitatis
3171 446 3483 514 pnesulatu,
3513 455 3636 517 post

2045 524 2263 582 Petrum
2294 530 2443 584 illum
2468 531 2726 601 inclytum
2756 542 3231 603 propugnatorem,
3275 535 3366 604 qui
3406 538 3506 591 sub
3533 540 3634 592 im-

2043 619 2147 688 piis
2202 620 2442 691 tyrannis
2488 621 2825 677 Diocletiano
2874 632 2928 677 et
2974 624 3300 681 Maximiano
3344 630 3639 686 novissime

2044 709 2328 780 imperium
2354 722 2548 781 sponte
2561 713 2972 781 depellentibus,
2987 716 3225 787 martyrii
3249 730 3505 772 coronam
3526 733 3641 774 sus-

2044 810 2264 871 ceperat
2296 803 2415 873 (An.
2464 802 2617 858 Dom.
2657 805 2802 875 510),
2834 806 3093 861 successit
3121 807 3375 864 Achillas.
3412 808 3462 863 ls
3491 811 3635 865 enim

2041 891 2140 945 sub
2181 893 2272 947 illo
2302 894 2521 962 egregio
2564 894 2725 951 Petro
2768 895 2952 950 Arium
2982 898 3288 952 ordinatum
3325 900 3635 970 diaconum,

2040 990 2364 1052 captumque
2390 984 2444 1039 in
2472 984 2673 1040 Melctii
2702 988 3049 1053 novitatibus,
3082 997 3138 1044 et
3166 992 3233 1046 ab
3256 989 3495 1049 Ecclesia
3517 995 3638 1065 pul-

2039 1087 2179 1139 sum,
2211 1084 2430 1143 rogatus
2454 1091 2495 1130 a
2517 1075 2781 1144 fidelibus,
2814 1088 2869 1133 et
2895 1080 3071 1135 denuo
3118 1083 3435 1152 suscipiens,
3476 1086 3637 1141 mini-

2039 1173 2213 1220 strare
2241 1168 2521 1238 prmcepit.
2552 1170 2684 1225 Post
2712 1170 2976 1226 Achillam
3025 1188 3153 1227 vero
3194 1174 3500 1231 Alexander
3522 1175 3638 1231 for-
3674 1202 3687 1215 ι

2048 1255 2287 1311 tissimus
2334 1259 2631 1326 evangelici
2678 1260 2943 1329 dogmatis
2986 1261 3305 1331 prmdicator
3353 1265 3636 1320 ordinatur

2039 1347 2345 1419 episcopus.
2379 1348 2495 1405 Hoc
2525 1356 2769 1421 tempore
2794 1353 2915 1422 (An.
2945 1352 3100 1409 Dom.
3123 1354 3251 1426 5°22)
3278 1357 3434 1412 Arius
3463 1356 3518 1411 in
3541 1374 3633 1412 or-

2040 1438 2165 1493 dine
2206 1440 2424 1510 quidem
2455 1443 2895 1515 presbyterorum
2938 1455 3074 1510 erat,
3122 1448 3627 1520 expositionemque

2040 1530 2339 1586 divinarum
2382 1533 2783 1604 Scripturarum
2822 1537 3105 1594 videbatur
3132 1540 3333 1595 habere
3378 1542 3634 1599 commis-

347 1620 478 1677 Erat
522 1622 723 1691 quippe
771 1620 952 1676 divina
998 1621 1173 1690 gratia
1215 1621 1475 1690 repletus,
1519 1620 1587 1674 ad
1633 1620 1938 1675 curationes
1970 1626 2017 1689 Β
2043 1636 2177 1675 sam.
2211 1621 2411 1678 Videns
2440 1633 2618 1679 autem
2668 1626 3027 1681 Alexandrum
3068 1628 3409 1699 pontiﬁcatus
3439 1630 3633 1697 guber-

350 1713 681 1783 passionum,
713 1711 1057 1768 et.miracula
1087 1726 1271 1767 rerum
1300 1718 1358 1765 et
1379 1724 1624 1780 operum,
1650 1710 1723 1763 ila
1754 1717 1811 1763 ut
1834 1708 1936 1779 ipsi

345 1804 701 1860 Constantino
723 1812 944 1874 propter
967 1802 1221 1857 virtutem
1252 1802 1373 1856 vitae
1401 1810 1544 1856 esset
1583 1801 1806 1856 amicus.
1840 1799 1934 1854 lllo

344 1898 607 1966 siquidem
637 1903 881 1967 tempore
909 1895 1126 1950 vinctus
1171 1894 1390 1964 quidam
1415 1892 1704 1964 Spatarius,
1755 1892 1848 1962 qui
1879 1887 1937 1947 in'

343 1990 708 2060 suspicionem
735 1996 961 2045 venerat
997 1988 1151 2057 quasi
1195 1994 1468 2057 assumpta
1513 1985 1820 2059 tyrannide,
1849 1984 1933 2039 fn-

343 2082 441 2151 git,
473 2090 530 2137 et
551 2080 845 2152 requisitas
874 2080 1019 2136 circa
1046 2077 1331 2152 Olympum
1367 2078 1792 2148 comprehensus
1823 2083 1925 2132 est.

346 2172 678 2240 Rogantibus
707 2180 887 2227 autem
923 2171 1244 2227 necessariis
1280 2170 1399 2245 ejus
1441 2170 1852 2241 Eutycbianum,
1877 2177 1935 2223 ut

346 2279 444 2333 pro
476 2277 542 2317 eo
567 2262 707 2332 apud
732 2262 1029 2332 principem
1068 2261 1337 2329 legatione
1376 2259 1688 2328 fungeretur
1719 2277 1731 2313 :
1756 2257 1931 2325 Prius,

344 2352 539 2422 inquit,
570 2351 956 2421 providendum
983 2360 1066 2407 est
1096 2359 1153 2406 ut
1190 2351 1236 2406 is
1265 2350 1430 2405 homo
1459 2351 1716 2406 liberetur
1758 2366 1788 2403 a
1818 2350 1936 2403 vin-

344 2441 499 2511 culis,
529 2456 595 2496 ne
624 2440 912 2497 crudeliter
938 2440 1263 2496 constrictus
1284 2440 1535 2495 intereat.
1566 2438 1718 2495 Tunc
1741 2440 1937 2496 dicitur

343 2531 411 2585 ad
436 2529 772 2585 vinculorum
810 2529 1063 2585 custodes
1090 2530 1354 2586 direxisse
1385 2547 1397 2582 :
1421 2544 1617 2602 rogans
1639 2539 1696 2585 ut
1725 2546 1847 2585 eum
1867 2533 1935 2586 ab

343 2619 647 2690 hujusmodi
676 2621 1001 2676 necessitate
1045 2620 1369 2676 relevarent.
1404 2620 1508 2688 Qui
1556 2627 1680 2676 cum
1720 2620 1825 2677 hoc
1863 2621 1937 2676 fa-

342 2727 467 2769 cere
505 2712 826 2779 noluissent,
878 2720 1071 2784 sponte
1100 2712 1280 2782 januze
1323 2713 1521 2769 clausa:
1566 2723 1839 2782 reseratae,
1880 2724 1937 2771 et

342 2802 508 2858 vineti
536 2811 743 2859 catena:
776 2814 1000 2873 repente
1027 2811 1152 2858 sunt
1180 2804 1454 2876 disruptae.
1489 2803 1685 2861 Postea
1711 2822 1838 2862 vero
1868 2807 1936 2862 ad

342 2893 506 2967 214
532 2895 826 2966 principem
849 2896 1068 2951 veniens
1089 2894 1329 2968 Byzantii
1356 2904 1488 2952 tunc
1511 2897 1817 2966 degentem,
1840 2914 1937 2968 pa-

2038 1714 2226 1768 nacula
2269 1715 2593 1784 suscepisse,
2625 1725 2877 1771 eventum
2917 1718 3176 1788 temporis
3214 1734 3323 1775 non
3354 1720 3628 1789 portavit;

2039 1804 2133 1859 sed
2159 1812 2215 1858 et
2242 1803 2595 1860 mordacitate
2611 1806 2936 1875 compulsus,
2963 1808 3072 1862 litis
3096 1809 3371 1877 quzcrebat
3393 1808 3625 1863 initium.

2038 1894 2208 1952 Perro
2255 1896 2582 1952 laudabilem
2613 1898 2801 1954 videns
2841 1901 2942 1957 viri
2990 1903 3476 1967 conversationem,
3529 1918 3627 1956 ne-

2036 2005 2303 2059 quaquam
2346 1990 2642 2045 calumnias
2685 1999 2977 2045 contexere
3018 1993 3380 2061 prrcvalebat;
3413 2007 3629 2047 verum-

2040 2087 2218 2135 tamen
2246 2080 2527 2149 quiescere
2554 2080 2703 2134 illum
2730 2082 3053 2151 prohibebat
3093 2083 3309 2139 invidia.
3343 2083 3499 2140 Hunc
3529 2084 3625 2154 igi-

2038 2178 2126 2225 tur
2153 2171 2432 2225 inveniens
2460 2170 2707 2226 inimicus
2727 2173 2989 2239 veritatis,
3013 2189 3113 2244 per
3140 2190 3263 2230 eum
3289 2177 3437 2232 nisus
3466 2185 3551 2233 cst
3571 2177 3626 2231 in

2039 2258 2331 2315 Ecclesiam
2380 2259 2621 2315 excitare
2671 2269 3066 2332 tempestatem.
3118 2264 3440 2335 Apostolicis
3482 2268 3627 2321 enim

2040 2349 2330 2404 Alexandri
2355 2349 2616 2406 doctrinis
2644 2352 2882 2407 instabat
2904 2364 3089 2424 aperte
3129 2356 3401 2413 resistere.
3429 2356 3496 2412 Et
3535 2358 3626 2412 ille

2038 2440 2255 2509 quidem
2296 2440 2475 2496 divina
2503 2457 2736 2511 sequens
2774 2443 3009 2515 eloquia,
3051 2447 3189 2516 aequi
3239 2448 3462 2504 honoris
3495 2465 3623 2505 cum

2037 2527 2218 2601 Patre,
2255 2542 2311 2589 et
2337 2534 2581 2590 eamdem
2610 2536 2965 2592 substantiam
3005 2538 3208 2595 habere
3234 2555 3356 2595 cum
3381 2540 3491 2596 Deo
3518 2539 3628 2596 Ge-

2038 2625 2213 2680 nitore
2239 2624 2430 2680 Filium
2456 2626 2803 2697 praedicabat.
2836 2627 2880 2680 A
2913 2628 2995 2683 ius
3027 2638 3204 2685 autem
3233 2645 3265 2685 e
3289 2630 3503 2687 diverso
3528 2644 3626 2687 ve-

2037 2717 2182 2772 ritati
2220 2732 2551 2788 repugnans,
2579 2726 2880 2773 creaturam
2912 2719 3124 2785 Filium,
3159 2720 3525 2793 facturamque
3547 2723 3631 2775 di-

2038 2808 2216 2875 cebat,
2253 2808 2515 2878 adjiciens
2544 2827 2558 2862 :
2594 2807 2724 2863 Erat
2769 2809 3058 2878 aliquando
3089 2812 3306 2881 quando
3334 2828 3441 2867 non
3488 2820 3625 2875 erat,

2038 2907 2095 2954 et
2122 2900 2225 2954 alia
2253 2914 2372 2969 qua:
2412 2916 2481 2956 ex
2522 2900 2664 2956 illius
2710 2900 2903 2956 litteris
2934 2901 3237 2957 indicantur
3265 2904 3473 2958 insana.
3499 2902 3621 2959 Περι)

340 2986 609 3041 ratissime
634 2984 956 3041 beneficium
986 2986 1286 3055 promeruit
1322 2986 1469 3056 quod
1514 2989 1782 3057 poposcit.
1814 2987 1932 3042 Non
1959 3009 2005 3071 ο
2038 3003 2167 3057 ergo
2197 3005 2305 3045 non
2337 2991 2512 3046 solum
2541 2990 2594 3046 in
2625 2990 2866 3046 Ecclesia
2904 2992 3228 3061 persistebat
3266 2992 3486 3059 docens,
3529 2995 3624 3049 sed

339 3078 482 3133 enim
525 3084 741 3147 poterat
785 3074 1171 3133 Constantinus
1209 3077 1328 3147 ejus
1372 3080 1726 3149 petitionibus
1763 3079 1929 3136 dene-

337 3186 491 3244 gare,
526 3187 650 3227 cum
697 3171 748 3226 ei
786 3172 983 3226 summi
1034 3171 1260 3228 honoris
1310 3174 1583 3229 cumulum
1630 3174 1927 3230 exhiberet.

339 3266 464 3322 Hzec
499 3266 682 3336 itaque
709 3263 945 3320 breviter
970 3279 1000 3318 a
1047 3264 1202 3319 nobis
1227 3265 1370 3321 dicta
1398 3265 1465 3320 de
1510 3267 1810 3331 monachis,
1839 3267 1931 3335 qui

341 3370 466 3416 tunc
492 3358 637 3413 clare
666 3355 1032 3429 philosophati
1062 3363 1206 3431 sunt,
1256 3355 1539 3413 sufficiant.
1572 3356 1671 3412 Cui
1702 3372 1831 3412 vero
1865 3358 1933 3413 de

341 3451 423 3505 his
455 3448 701 3504 subtilior
746 3462 875 3502 cura
903 3445 1084 3513 fuerit,
1124 3462 1371 3516 quzcrens
1398 3448 1635 3503 inveniet
1672 3448 1931 3520 plurimo-

339 3554 457 3594 rum
477 3539 617 3593 vitas
637 3536 722 3593 hic
747 3553 857 3593 non
886 3551 1006 3594 esse
1032 3537 1280 3607 scriptas.
1307 3536 1600 3606 Somnum,
1625 3539 1716 3593 lib.
1748 3555 1785 3605 ι,
1809 3557 1924 3611 cap.

342 3630 429 3696 it,
457 3649 509 3701 p.
537 3628 660 3684 tas.

938 3785 1166 3841 CAPUT
1206 3785 1318 3841 Xll.

456 3880 723 3946 Quomodo
746 3888 928 3936 contra
956 3878 1248 3933 Ecclesiam
1277 3881 1429 3935 Arius
1450 3882 1519 3935 sit
1558 3890 1789 3937 exortus.

411 3989 477 4045 Et
496 3991 622 4046 licet
650 3991 723 4045 ita
739 4004 837 4061 per
865 3990 1044 4045 omnia
1073 3989 1296 4045 ﬂoreret
1322 3990 1582 4059 Ecclesia,
1608 4009 1714 4049 non
1746 4003 1926 4051 tamen

340 4083 559 4154 pertulit
582 4084 845 4144 inimicus,
878 4084 1142 4138 elevatam
1171 4083 1329 4138 simul
1362 4092 1526 4154 atque
1554 4087 1925 4155 splendentem

342 4179 496 4235 valde
522 4179 845 4250 respiciens;
877 4177 973 4234 sed
997 4177 1265 4233 malevola
1296 4178 1462 4248 erepit
1487 4187 1721 4235 tractare
1745 4181 1926 4237 consi-

338 4272 432 4337 lia,
464 4269 796 4326 contendens
823 4269 1178 4339 gubernatam
1224 4283 1255 4322 a
1297 4268 1526 4325 Domino
1562 4278 1618 4325 et
1645 4272 1925 4328 universo-

2038 3083 2284 3136 etiamin
2325 3082 2600 3138 extraneis
2646 3083 3001 3139 conventibus
3042 3091 3206 3152 atque
3251 3084 3526 3150 conciliis;
3568 3093 3624 3139 et

2035 3171 2225 3227 domos
2246 3172 2587 3238 circumiens,
2630 3174 3039 3246 quibuscunque
3079 3184 3311 3246 poterat,
3341 3179 3622 3233 suadebat.

2036 3268 2451 3336 Tneonoaerus,
2482 3267 2575 3322 lib.
2602 3284 2638 3331 ι,
2665 3286 2781 3338 cap.
2812 3268 2867 3336 2,
2897 3287 2949 3340 p.
2983 3269 3035 3323 6.

2107 3357 2534 3429 chrehendens
2584 3367 2763 3413 autem
2819 3360 3037 3427 quidam
3093 3359 3398 3429 hujusmodi
3458 3361 3623 3425 viros,

2033 3449 2394 3504 Alexandrum
2420 3464 2636 3520 quoque
2680 3449 2952 3519 culpabat,
2985 3457 3239 3520 tanquam
3286 3467 3394 3505 non
3418 3452 3625 3507 utiliter

2033 3542 2237 3606 sileret,
2272 3541 2396 3595 dum
2443 3550 2629 3597 contra
2658 3541 2851 3609 dogma
2898 3540 3089 3597 fierent
3117 3542 3403 3597 novitates.
3436 3542 3503 3596 At
3533 3542 3625 3598 ille

2035 3633 2227 3687 melius
2259 3633 2551 3687 arbitratus
2578 3647 2696 3687 esse
2724 3632 2792 3686 de
2830 3632 3007 3687 dubiis
3036 3646 3338 3687 sermonem
3369 3648 3438 3687 ex
3465 3642 3620 3687 utra-

2032 3740 2139 3795 que
2167 3733 2319 3793 parte
2344 3723 2750 3793 proponendum
2776 3741 2791 3789 ;
2821 3732 2881 3778 ut
2909 3740 3017 3779 non
3042 3723 3310 3779 videretur
3333 3739 3401 3780 ex
3429 3739 3624 3803 neces-

2033 3820 2214 3885 sitate,
2245 3817 2340 3873 sed
2367 3818 2545 3887 potius
2584 3831 2649 3871 ex
2675 3815 3043 3873 satisfactione
3071 3827 3344 3873 certamen
3389 3817 3625 3871 ablatum

2034 3910 2137 3984 led.
2172 3907 2333 3962 Frob.
2379 3919 2429 3961 et
2460 3906 2508 3960 Ν
2517 3914 2607 3971 iv.,
2637 3906 2879 3978 allatum]
2908 3926 2921 3961 :
2949 3907 3114 3977 judcx
3144 3924 3265 3963 cum
3297 3909 3445 3963 clero
3476 3909 3623 3981 resi-

2030 4002 2185 4068 dens,
2217 3999 2283 4053 ad
2313 3999 2717 4054 altercationem
2740 3998 2962 4052 deduxit
2983 4006 3264 4067 utramque
3289 4006 3519 4068 partem.
3556 3996 3625 4052 lit

2030 4100 2208 4146 autem
2239 4091 2458 4145 evenire
2487 4091 2628 4145 solet
2654 4090 2797 4145 circa
2825 4089 3119 4144 certamina
3146 4090 3463 4155 verborum,
3497 4090 3624 4143 utri-

2029 4199 2136 4253 que
2182 4198 2440 4252 superare
2486 4183 2817 4238 nitebantur.
2866 4182 3024 4237 Arius
3072 4191 3251 4236 tamen
3318 4183 3626 4238 nullatenus

2030 4278 2372 4346 acquiescam
2400 4275 2634 4341 volebat,
2679 4276 2803 4345 quia
2853 4273 3328 4329 consubstantialis
3358 4273 3524 4328 Filius
3566 4282 3626 4329 et

338 4376 457 4416 rum
486 4360 744 4418 Creatore
778 4360 1147 4430 submergere.
1199 4359 1426 4416 Videbat
1467 4360 1648 4431 itaque
1689 4376 1927 4433 pagano-
1955 4384 2007 4443 D
2030 4378 2331 4426 coaeternus
2357 4375 2439 4422 est
2464 4366 2627 4420 Patri.
2653 4365 2945 4426 Somnum,
2974 4366 3062 4419 tib.
3092 4380 3130 4431 ι,
3153 4379 3269 4434 cap.
3297 4362 3382 4430 l5,
3412 4381 3466 4434 ρ.
3489 4360 3619 4418 426.

338 4470 458 4510 rum
487 4470 672 4512 errore
698 4471 759 4512 se
782 4455 947 4512 fuisse
970 4455 1251 4525 nudatum,
1280 4463 1544 4526 captaque
1558 4457 1705 4512 varia
1730 4457 1932 4515 daemo-

341 4563 467 4602 num
514 4547 964 4612 machinamenta,
1014 4555 1071 4602 et
1113 4554 1416 4603 creaturam
1461 4562 1491 4602 a
1534 4547 1777 4619 plurimis
1819 4549 1931 4619 jam

336 4652 446 4693 non
490 4636 726 4705 adorari,
754 4636 849 4693 sed
873 4636 1118 4693 Creatori
1162 4638 1395 4710 hymnos
1432 4638 1691 4697 decenter
1726 4640 1929 4697 offerri.

338 4729 415 4784 Ea
435 4730 606 4798 gratia
624 4729 735 4800 jam
761 4741 869 4785 non
897 4737 1086 4800 aperte
1126 4740 1315 4786 contra
1346 4732 1631 4789 Dominum
1662 4742 1718 4790 et
1738 4733 1929 4790 Salva-

339 4836 513 4879 torem
545 4832 788 4879 nostrum
817 4823 1092 4879 excitabat
1112 4824 1340 4891 bellum;
1365 4826 1459 4880 sed
1482 4826 1627 4883 viros
1651 4825 1929 4883 inveniens

337 4914 673 4970 Christianos
727 4915 944 4985 quidem
998 4930 1059 4970 se
1098 4916 1363 4971 vocabulo
1414 4918 1768 4987 protitentes,
1833 4920 1927 4975 sed

339 5020 525 5061 amore
544 5006 765 5061 honoris
791 4994 846 5060 Et
865 5021 1014 5061 vana:
1036 5006 1215 5074 gloria:
1236 5009 1489 5064 reductos
1505 5010 1570 5063 ad
1592 5014 1927 5079 servitutem,

340 5110 600 5165 organum
651 5112 747 5153 eos
786 5112 897 5151 sua:
942 5097 1355 5153 machinationis
1396 5100 1601 5165 habuit,
1652 5116 1750 5172 per
1793 5117 1929 5171 quos

338 5188 597 5254 plurimos
624 5187 689 5242 ad
716 5187 998 5258 pristinum
1028 5187 1241 5243 reduxit
1268 5204 1506 5245 errorem
1536 5210 1547 5244 :
1581 5208 1685 5247 non
1711 5192 1928 5263 quidem

337 5290 639 5335 creaturam
695 5297 879 5336 rursus
931 5281 1147 5336 adorari
1191 5284 1547 5354 prmcipiens,
1601 5285 1695 5340 sed
1748 5290 1921 5356 ipsum

339 5372 651 5427 Creatorem
677 5382 733 5427 et
775 5372 955 5427 mundi
999 5371 1268 5444 opificem,
1299 5386 1635 5446 coaequatum
1679 5388 1927 5434 astruens

341 5471 621 5518 creaturae.
650 5461 749 5518 Ubi
780 5473 959 5519 autem
988 5464 1092 5520 hoc
1120 5466 1465 5537 principium,
1497 5478 1551 5523 et
1578 5472 1927 5539 quemadmo-

340 5554 463 5609 dum
515 5556 627 5610 htec
676 5555 921 5610 inimicus
967 5557 1169 5612 zizania
1217 5560 1582 5629 seminaverit,
1640 5563 1925 5617 enarratio.

340 5646 660 5704 Atexandria
690 5645 879 5703 civitas
905 5655 987 5704 est
1016 5649 1248 5707 maxima
1286 5660 1340 5706 et
1380 5651 1657 5706 hominum
1690 5653 1932 5707 multitu-

2109 4459 2414 4515 Alexander
2441 4467 2623 4512 autem
2652 4455 3071 4527 apostolicorum
3092 4456 3402 4526 dogmatum
3431 4454 3626 4524 pnedi-

2038 4559 2210 4616 cator,
2242 4551 2392 4621 prius
2420 4549 2636 4619 quidem
2663 4563 2784 4603 eum
2807 4562 3065 4604 revocare
3086 4547 3546 4603 admonitionibus
3568 4553 3625 4600 et

2036 4643 2277 4700 consiliis
2299 4642 2589 4697 nitebatur.
2621 4640 2755 4696 Cum
2783 4655 2916 4696 vero
2937 4656 3059 4696 cum
3082 4641 3360 4710 superbire
3380 4639 3623 4706 vidisset,

2036 4746 2092 4793 et
2120 4745 2309 4807 aperte
2359 4733 2651 4807 impietatis
2698 4733 2936 4789 facinora
2981 4732 3296 4803 prazdicarc,
3326 4746 3394 4785 ex
3434 4729 3627 4784 ordine

2037 4829 2361 4888 sacerdotali
2388 4828 2637 4885 removit.
2673 4825 2930 4882 Audierat
2953 4826 3097 4883 enim
3136 4825 3455 4881 clamantem
3486 4820 3625 4876 divi-

2039 4942 2163 4979 nam
2215 4924 2431 4993 legem:
2470 4922 2530 4977 Si
2575 4922 2750 4977 oculus
2802 4929 2918 4975 tuus
2965 4919 3144 4975 dexter
3188 4916 3513 4973 scandalizat
3554 4925 3620 4978 te,

2037 5033 2158 5069 erue
2184 5031 2318 5079 eum,
2351 5023 2402 5067 et
2420 5012 2615 5083 projice
2642 5012 2734 5066 ab:
2764 5021 2814 5066 te
2828 5011 3053 5084 ,(Mattli.
3076 5026 3132 5077 v,
3153 5007 3265 5078 Ἃ).
3300 5007 3415 5065 Hoc
3443 5007 3624 5073 itaque

2040 5115 2281 5174 tempore
2324 5101 2583 5156 Romamn
2612 5102 2824 5172 quidem
2851 5100 3103 5157 Ecclesia:
3148 5098 3473 5172 Sylvestrius
3500 5099 3623 5150 reti-

2040 5196 2228 5250 naczala
2274 5194 2627 5262 gubernabat,
2677 5193 2958 5248 Melcbiadi
3013 5194 3323 5257 succedens,
3367 5192 3459 5261 qui
3501 5197 3624 5261 post

2032 5287 2395 5342 Marcellinum
2439 5285 2789 5339 clariiicatum
2834 5286 2887 5339 in
2934 5286 3311 5356 persecutione
3341 5285 3620 5356 gentilium

2028 5386 2341 5448 susceperat
2377 5376 2495 5445 jura
2552 5376 2921 5447 pontificatus.
2975 5377 3273 5431 Antiochia:
3320 5392 3448 5430 vero
3497 5385 3618 5445 post

2032 5482 2318 5542 tyrannum
2363 5468 2619 5525 Ecclesire
2670 5470 2959 5525 inchoante
2999 5484 3157 5541 pace,
3203 5469 3392 5523 Vitalis
3425 5464 3621 5539 prmsul

2034 5565 2282 5619 exstabat
2330 5562 2453 5635 (An.
2510 5562 2659 5618 Dom.
2702 5561 2851 5632 514).
2892 5562 2993 5629 Qui
3038 5552 3199 5616 etiam
3242 5562 3517 5633 antiquam
3558 5575 3626 5614 ex

2034 5654 2216 5712 multis
2262 5654 2593 5723 temporibus
2621 5655 2947 5713 destructam
2994 5669 3024 5709 a
3064 5653 3305 5726 tyrannis
3345 5653 3633 5711 :udilicavit
