3990 6170
372 206 478 261 9125

1477 207 1790 263 HISTORIA
1831 206 2263 263 Titll‘ARTlTA.
2297 206 2497 263 LIBER
2535 208 2573 263 1.

3539 211 3642 271 9ου

371 342 517 398 uitem
541 327 740 392 omnia,
761 336 810 378 et
836 341 926 394 per
954 341 1101 397 quem
1131 328 1304 380 οιηηὶη
1338 327 1515 398 (ttom.
1541 343 1614 391 xt,
1644 324 1771 397 56)?
1807 324 1956 380 Unde.
1990 338 2029 387 Α
2062 339 2217 382 tenus
2258 328 2324 381 de
2368 328 2646 399 scriptura:
2687 337 2909 383 veritate
2941 336 3204 384 testentur
3231 336 3284 385 et
3312 338 3499 399 aperte
3523 346 3649 402 qua:

372 432 502 472 vero
532 415 905 484 blasphcntent
926 415 1049 486 quia
1076 417 1247 472 nescit
1269 416 1505 487 perfecte
1527 417 1692 472 Fiiius
1720 415 1952 483 Patrem,

370 510 676 569 mirandum
707 527 813 566 non
838 520 940 566 est.
973 510 1106 565 Nam
1138 511 1596 576 semel,habentes
1624 513 1955 584 propositum

371 600 664 659 rebellandi
706 600 942 666 Christo,
974 603 1342 671 repercutiunt
1388 601 1549 657 etiam
1592 616 1777 656 vocem
1817 600 1952 668 ejus,

370 694 598 749 dicentis
620 712 632 745 :
659 694 804 747 Sicut
834 696 967 747 norit
993 711 1071 747 me
1102 694 1278 757 Pater,
1303 704 1349 746 et
1375 710 1469 761 ego
1493 711 1717 764 agnosco
1746 692 1956 745 Patrem

372 785 551 856 (Joan.
598 801 650 849 x,
682 782 794 850 15).
831 783 886 839 Si
915 799 1043 853 ergo
1069 801 1132 838 ex
1164 794 1318 854 parte
1349 784 1506 838 Pater
1551 786 1698 839 novit
1740 784 1952 848 Filium,

369 877 547 947 palam
576 885 661 929 est
681 875 808 944 quia
847 884 902 930 et
947 874 1111 949 Filius
1139 890 1245 929 non
1278 873 1510 944 perfecte
1541 874 1690 928 novit
1715 873 1952 928 Patrem.

370 966 426 1021 Si
454 975 631 1020 autem
660 966 764 1020 hoc
784 965 963 1020 dicere
987 965 1208 1035 impium
1238 976 1321 1020 est
1352 967 1524 1037 (novit
1551 966 1692 1019 enim
1719 966 1957 1034 perlecte

371 1055 562 1111 Filium
593 1052 800 1127 Pater),
830 1054 1006 1124 palam
1029 1064 1113 1110 est
1139 1056 1262 1125 quia
1291 1057 1429 1111 sicut
1452 1057 1601 1111 novit
1624 1055 1782 1110 Pater
1800 1072 1956 1112 suum

369 1146 625 1215 Verbum,
657 1147 735 1202 sic
762 1156 815 1201 et
846 1145 1077 1201 Verbum
1123 1147 1273 1201 novit
1307 1149 1579 1216 propriqu
1624 1145 1869 1209 Patrem;
1901 1157 1958 1202 et

371 1237 526 1293 aliter
552 1254 659 1292 non
688 1246 788 1292 est.
822 1236 946 1291 [huc
973 1237 1235 1302 dicentes,
1264 1245 1320 1292 et
1346 1237 1684 1292 revolventcs
1710 1236 1953 1308 Scriptu-

370 1344 459 1384 ras
486 1338 719 1395 sanctas,
770 1327 1079 1397 frequenter
1120 1328 1453 1382 convicimus
1497 1344 1622 1394 eos;
1655 1339 1710 1382 et
1745 1344 1955 1382 rursum

371 1431 623 1489 tanquam
672 1417 1087 1475 chatntcleontes
1133 1419 1508 1482 mutabantur,
1562 1420 1839 1475 studentes
1887 1420 1956 1474 ad

370 1511 687 1580 semctipsos
718 1508 931 1564 trahere
971 1509 1117 1579 quod
1163 1509 1420 1578 scriptum
1449 1518 1532 1563 est
1565 1528 1578 1561 :
1611 1508 1739 1563 Cum
1770 1511 1957 1563 renerit

369 1602 556 1671 impius
584 1601 638 1654 in
668 1599 982 1670 profundum
1030 1599 1306 1662 malorum,
1355 1609 1562 1669 spernet
1591 1599 1772 1672 (Prov.
1807 1615 1951 1662 xvnt,

372 1692 448 1759 5).
479 1690 655 1745 Multa:
697 1691 958 1758 siquidem
1004 1701 1130 1746 ante
1168 1706 1262 1746 eos
1307 1691 1538 1745 hmreses
1568 1690 1800 1756 fuerunt,
1833 1707 1953 1760 qua:
1989 1707 2032 1764 Β

372 1783 489 1853 plus
518 1797 676 1851 quam
706 1782 861 1836 decet
895 1790 1302 1851 praesumentes,
1327 1789 1647 1837 corruerunt
1670 1784 1724 1836 in
1752 1782 1955 1852 impru-

368 1873 605 1926 dentiam
630 1885 797 1925 suam.
833 1870 921 1924 lsti
961 1886 1089 1925 vero
1117 1886 1212 1940 per
1240 1870 1419 1925 omnia
1450 1871 1614 1925 verba
1657 1886 1754 1924 sua
1781 1872 1957 1925 niten-

372 1973 453 2018 tcs
480 1963 612 2031 erigi
641 1961 708 2017 ad
736 1962 1153 2017 internecionem
1184 1961 1477 2016 divinitatis
1502 1959 1684 2024 Verbi,
1718 1976 1813 2030 per
1841 1960 1955 2015 haec

372 2054 490 2109 iilas
519 2053 750 2108 hatreses
790 2051 1001 2107 firmare
1030 2053 1208 2122 potius
1235 2051 1412 2107 conati
1452 2060 1595 2115 sunt,
1628 2051 1955 2107 Antichristo

374 2145 497 2200 facti
543 2144 987 2214 prapinquiorcs;
1018 2152 1350 2213 quapropter
1378 2152 1433 2198 et
1460 2144 1693 2199 abdicati
1735 2153 1791 2197 et
1826 2160 1956 2197 ana-

374 2239 701 2294 thematizati
737 2247 866 2294 sunt
910 2238 978 2293 ab
1025 2237 1288 2293 Ecclesia.
1339 2238 1733 2293 Contristamur
1776 2236 1957 2305 itaque

372 2346 470 2400 pro
500 2346 686 2385 eorum
725 2329 1046 2399 perditione,
1083 2338 1137 2383 et
1174 2330 1406 2384 maxime
1443 2332 1576 2398 quia,
1612 2339 1670 2385 et
1711 2329 1811 2399 ipsi
1854 2329 1963 2383 ali«'

372 2420 586 2490 quando
611 2434 728 2487 qua:
768 2418 1020 2475 Ecclesia:
1057 2428 1182 2477 sunt
1208 2419 1513 2484 audierunt,
1548 2428 1605 2475 et
1626 2435 1768 2475 nunc
1797 2421 1863 2473 ab
1892 2435 1955 2474 ca

374 2524 598 2589 prorsus
630 2510 885 2563 exsiliunt
914 2527 928 2563 ;
953 2524 1059 2564 non
1090 2518 1267 2565 tamen
1294 2509 1638 2564 admiramur.
1674 2510 1786 2565 Hoc
1814 2512 1955 2565 enim

374 2609 430 2656 et
456 2600 795 2673 llymenzeus,
825 2612 879 2656 et
902 2600 1145 2658 Philetus
1170 2603 1311 2672 passi
1341 2611 1488 2668 sunt,
1512 2611 1569 2657 et
1594 2611 1719 2658 ante
1743 2618 1838 2657 eos
1864 2601 1957 2658 Ju-

373 2695 488 2761 das,
516 2696 752 2765 quicum
782 2704 926 2751 esset
962 2704 1179 2751 secutus
1219 2694 1575 2763 Salvatorem,
1609 2705 1796 2766 postea
1828 2713 1958 2767 pro-

373 2785 515 2840 ditor
542 2785 713 2841 factus
737 2794 820 2841 est
849 2794 903 2841 et
931 2793 1200 2856 apostata.
1232 2785 1339 2841 Sed
1364 2785 1431 2841 de
1460 2785 1543 2841 his
1569 2785 1786 2856 quidem
1830 2785 1959 2855 ipsis

375 2891 484 2931 non
511 2891 696 2932 sumus
731 2876 917 2946 ignari.
959 2876 1219 2932 Dominus
1263 2877 1407 2933 enim
1453 2876 1742 2947 prtcdixit:
1787 2876 1961 2931 Videte

376 2985 442 3023 ne
467 2971 581 3040 quis
609 2986 696 3023 vos
722 2969 952 3023 sedarat.
984 2967 1136 3023 Multi
1162 2969 1301 3023 enim
1325 2969 1526 3023 venient
1545 2969 1600 3022 in
1621 2968 1827 3022 nomine
1846 2984 1960 3023 meo

375 3057 620 3123 dicentes,
651 3059 769 3130 quia
796 3074 891 3128 ego
916 3074 1050 3122 sum,
1078 3067 1129 3113 et
1160 3066 1355 3128 tempus
1380 3072 1542 3128 prope
1568 3066 1664 3120 est,
1696 3064 1744 3110 et
1773 3056 1960 3112 multos
1988 3068 2036 3134 ο

374 3166 550 3205 errare
577 3151 772 3221 facient
798 3166 815 3203 :
844 3167 906 3204 ne
939 3167 1061 3221 ergo
1107 3152 1235 3203 eatis
1281 3159 1397 3219 post
1439 3166 1524 3204 eos
1555 3148 1705 3219 (Luc.
1736 3165 1851 3217 XXI,
1879 3147 1957 3220 8).

376 3242 598 3297 Disccns
626 3241 767 3296 enim
798 3241 914 3296 haec
942 3255 971 3293 a
1001 3241 1287 3295 Salvatore
1325 3248 1509 3295 nostro
1536 3238 1752 3303 Paulus,
1784 3240 1958 3294 dixit:

377 3338 511 3402 Quia
560 3337 851 3391 novissimis
902 3335 1212 3406 temporibus
1262 3332 1626 3405 apostatabtmt
1671 3334 1881 3404 quidam
1928 3349 1960 3386 a

375 3427 479 3497 ﬁde
505 3444 657 3488 sana,
685 3426 1004 3480 attendentes
1027 3423 1098 3478 ad
1125 3425 1338 3495 spiritus
1378 3424 1570 3477 erroris
1598 3422 1962 3492 doctrinasque

375 3520 683 3577 daemonum.
715 3533 828 3589 qtae
869 3518 1132 3571 veritatem
1166 3525 1481 3570 aversantur
1511 3512 1565 3584 (1
1606 3512 1738 3567 Tim.
1779 3529 1851 3577 tv,
1882 3513 1958 3584 1).

380 3610 606 3665 Domino
640 3610 904 3678 siquidem
945 3616 1000 3663 et
1047 3609 1329 3664 Salvatore
1375 3615 1563 3661 nostro
1591 3605 1716 3661 Jesu
1746 3604 1961 3662 Christo

376 3716 473 3770 per
511 3701 858 3770 semetipsum
901 3701 1284 3768 pronuntiante
1311 3707 1368 3753 et
1395 3714 1491 3768 per
1522 3697 1839 3768 Apostolum
1868 3696 1962 3753 de-

375 3791 619 3859 signante
646 3789 714 3845 de
750 3789 964 3853 talibus,
992 3798 1386 3858 censequenter
1427 3803 1526 3842 nos
1571 3802 1668 3858 per
1714 3787 1961 3857 nosipsos

376 3882 653 3936 audientes
681 3880 1010 3949 impietatem
1040 3895 1226 3935 eorum
1248 3878 1823 3934 anathematizavimus
1843 3893 1958 3941 eos,

374 3974 515 4028 sicut
562 3972 907 4043 prtediximus
935 3989 948 4024 :
982 3969 1326 4026 ostendentes
1357 3984 1452 4024 eos
1480 3977 1766 4024 extraneos
1794 3983 1825 4022 a
1857 3967 1960 4023 fide

375 4063 719 4132 Ecclesiaque
746 4063 1031 4118 catholica.
1057 4060 1414 4115 Indicavimus
1443 4068 1621 4115 autem
1650 4060 1767 4115 hate
1785 4059 1956 4124 vobis,

373 4156 706 4212 dilectissimi
749 4165 910 4224 atque
953 4154 1253 4210 charissimi
1296 4151 1672 4216 comministri,
1711 4167 1777 4205 ne
1823 4166 1963 4219 quos

375 4262 584 4312 eorum,
612 4247 657 4301 si
683 4244 821 4300 forte
851 4245 1174 4298 tentavcrint
1197 4243 1358 4297 etiam
1386 4240 1453 4295 ad
1483 4257 1579 4296 vos
1609 4241 1812 4305 venire,
1842 4255 1962 4295 sus-

373 4337 604 4405 cipiatis,
658 4350 833 4404 neque
859 4332 1112 4399 Eusebio,
1144 4334 1228 4388 vel
1257 4332 1475 4387 cuilibet
1520 4332 1749 4386 aliorum
1799 4332 1963 4402 216

2056 427 2203 485 gesta
2245 428 2369 473 sunt
2410 420 2754 489 perdoceant.
2800 418 3025 489 Scripsit
3067 421 3209 475 enim
3254 422 3644 495 Alexandrinus

2058 508 2171 563 lucc
2195 507 2743 579 Constantinopoleos
2763 509 3088 565 Alexandro.
3113 508 3526 573 Tueooonsrus,
3548 509 3640 567 lib.

2056 613 2096 664 ι,
2128 616 2172 652 c.
2203 598 2257 664 5,
2288 618 2339 670 p.
2375 599 2427 654 8.

2644 733 2873 788 CAPUT
2916 734 3046 788 XIV.

2644 734 2685 788 C
2739 734 2778 787 P
2832 735 2873 788 Τ
2987 735 3046 788 V.
3536 770 3545 784 .

2057 820 2307 891 Ejusdem
2328 824 2395 876 ad
2415 734 3084 897 Alexandriimlejpiseoximm
3105 824 3643 896 Constantinopoleos.

2126 933 2452 991 Charissimo
2479 936 2626 992 fratri
2648 948 2701 993 et
2722 939 2959 993 unanimi
2988 939 3311 1006 Alexandro,
3343 940 3643 997 Alexander

2058 1026 2110 1079 in
2139 1026 2362 1081 Domino
2391 1029 2640 1083 salutem.

2129 1115 2413 1187 Appetlus
2452 1123 2705 1188 potentia:
2740 1123 3015 1177 hominum
3059 1124 3443 1195 pessimorum,
3475 1126 3645 1181 avari-

2058 1214 2253 1282 tichue
2281 1213 2603 1282 prOpositus,
2638 1214 2868 1279 veritati,
2902 1230 3021 1286 qua:
3044 1216 3302 1270 creditur
3340 1230 3459 1271 esse
3508 1231 3643 1286 prat-

2057 1307 2236 1376 cipua,
2278 1306 2413 1360 solet
2462 1306 2719 1371 insidiari,
2753 1322 2850 1376 per
2889 1307 3065 1362 varias
3100 1308 3300 1363 scilicet
3331 1308 3644 1363 occasiones

2058 1399 2370 1452 resistentes
2397 1397 2772 1453 ecclesiastica:
2799 1399 3000 1467 pietati.
3027 1398 3241 1468 lmpulsi
3273 1413 3502 1468 namque
3524 1414 3643 1452 ma-

2061 1487 2239 1547 levoli.
2269 1486 2483 1540 diabolo
2526 1487 2578 1539 in
2624 1486 2703 1540 eis
2744 1495 3025 1557 cperante,
3068 1489 3133 1542 ad
3172 1488 3501 1557 propositam
3542 1487 3643 1543 sibi

2058 1575 2151 1629 libi
2172 1577 2351 1642 iinem,
2382 1582 2436 1630 et
2465 1575 2532 1630 ab
2561 1576 2709 1630 omni
2736 1578 3037 1631 reverentia
3069 1577 3391 1645 resilientes,
3422 1577 3646 1632 concul-

2059 1677 2185 1723 cant
2228 1666 2413 1736 iudicii
2460 1667 2863 1723 Dei_timorem.
2911 1669 2986 1724 De
3016 1671 3208 1738 quibus
3239 1670 3364 1724 mihi
3396 1684 3642 1724 necessa-

2057 1759 2196 1814 rium
2230 1756 2326 1811 fuit
2365 1758 2637 1827 patientia:
2682 1774 2747 1815 ac
2794 1758 3109 1839 reverentiae
3136 1759 3269 1833 [ed.,
3304 1759 3528 1829 patienti
3553 1774 3642 1813 re-

2058 1847 2332 1919 verentiae]
2358 1857 2549 1902 vestrm
2569 1834 2963 1917 sigttiticare,’ut
2979 1849 3046 1903 ab
3064 1848 3365 1918 hujusmodi
3388 1848 3643 1917 caveatis,

2057 1954 2126 1992 nc
2164 1939 2285 2005 quis
2328 1937 2467 1991 forte
2504 1947 2791 2007 pncsumat
2817 1953 3007 1992 eorum
3049 1938 3100 1992 in
3131 1939 3414 2008 parochias
3438 1947 3645 1993 vestras

2057 2029 2338 2095 accedere,
2365 2030 2448 2083 vel
2482 2045 2575 2098 per
2600 2044 2678 2096 se,
2711 2029 2790 2084 vel
2821 2046 2915 2101 per
2940 2030 3093 2085 alios.
3120 2026 3315 2085 Valent
3336 2030 3478 2085 enim
3503 2034 3642 2098 magi

2058 2120 2125 2174 ad
2170 2119 2534 2175 seduccndnm
2592 2117 2857 2188 figmentis
2906 2121 3001 2184 uti,
3054 2121 3142 2177 vel
3182 2121 3373 2177 litteris
3414 2119 3646 2177 falsitate
3695 2192 3705 2200 .

2059 2211 2391 2281 compositis,
2417 2226 2535 2282 qua:
2562 2218 2783 2281 possunt
2805 2211 2983 2267 facere
3002 2211 3326 2281 pnustigium
3346 2211 3643 2281 simplicem

2060 2302 2217 2358 fidem
2246 2318 2542 2373 puramque
2571 2302 2997 2373 reSpicientibus.
3026 2304 3181 2357 Arius
3206 2303 3366 2371 igitur
3384 2310 3441 2357 et
3460 2300 3643 2357 Achil-

2061 2395 2138 2450 las
2179 2393 2551 2463 conjuratione
2592 2410 2762 2464 nuper
2793 2393 2954 2462 facta,
2982 2391 3217 2449 Coliuthi
3256 2393 3561 2465 superbiam
3589 2380 3645 2446 et

2060 2487 2228 2542 multo
2256 2486 2496 2542 deterius
2526 2486 2617 2541 illo
2644 2486 2814 2541 secuti
2834 2494 2978 2541 sunt.
3002 2484 3096 2539 [lle
3116 2500 3347 2555 namque
3373 2485 3475 2539 ltus
3501 2484 3646 2554 ipsos

2061 2576 2304 2648 culpatis,
2334 2579 2582 2647 pessima:
2613 2578 2875 2632 voluntati
2913 2592 3024 2632 sua:
3052 2577 3255 2631 invenit
3282 2575 3645 2631 occasionem.

2060 2669 2152 2724 Isti
2197 2684 2328 2724 vero
2371 2669 2584 2738 dignam
2636 2669 2777 2724 illius
2829 2669 3249 2739 negotiationem
3298 2666 3646 2737 respicientes

2062 2762 2180 2837 [τηε.
2233 2760 2382 2832 Lyr.,
2434 2759 2800 2831 respuentes],
2853 2773 3188 2828 nequaquam
3239 2756 3347 2827 juri
3395 2754 3649 2811 Ecclesia)

2063 2854 2346 2924 subiacere
2389 2855 2756 2923 pertulerunt;
2787 2851 2880 2906 sed
2907 2851 3191 2922 speluncas
3227 2850 3441 2905 sibimet
3477 2849 3649 2903 latro-

2063 2960 2190 3001 num
2218 2942 2563 3009 :edificantcs,
2593 2942 2927 2999 incessabilia
2950 2942 3002 2996 in
3031 2942 3109 2995 eis
3130 2939 3483 2996 conciliabula
3507 2938 3649 2993 cele-

2063 3037 2241 3102 brant,
2274 3037 2527 3094 noctibus
2549 3044 2602 3092 et
2624 3036 2812 3091 diebus
2833 3044 3022 3092 contra
3046 3033 3315 3089 Christum
3346 3039 3567 3104 agentes
3595 3040 3650 3088 et

2066 3136 2257 3184 contra
2304 3143 2424 3193 nos,
2474 3127 2758 3197 pravisque
2806 3124 3117 3180 libidinibus
3167 3132 3503 3179 exercentur.
3547 3121 3650 3189 Qui

2065 3238 2280 3279 omnem
2328 3222 2470 3293 piam
2517 3229 2573 3275 et
2620 3219 2968 3290 apostolicam
3024 3224 3339 3273 accusantes
3386 3215 3644 3284 gloriam,

2064 3314 2289 3369 Judaico
2339 3314 2614 3368 schemate
2668 3310 2884 3365 Christo
2933 3307 3260 3364 rebellantes
3306 3307 3651 3361 instituerunt

2063 3406 2280 3461 sibimet
2320 3404 2587 3459 oﬂicinam
2622 3401 2993 3456 :divinitatem
3034 3410 3088 3453 et
3132 3399 3493 3469 aequalitatem
3522 3412 3644 3452 cum

2066 3496 2224 3551 Patre
2244 3495 2540 3550 Salvatoris
2565 3491 2732 3548 nostri
2756 3491 2879 3546 Jesu
2906 3491 3101 3545 Christi
3124 3496 3401 3559 negantes,
3432 3501 3648 3542 utmtes-
3720 3484 3738 3502 '

2064 3603 2171 3657 que
2211 3588 2327 3655 ejus
2373 3585 2623 3640 salutaris
2650 3583 3066 3653 dispensationis
3095 3591 3151 3636 et
3178 3580 3493 3635 humilitatis
3518 3594 3648 3649 pro-

2063 3691 2184 3750 pter
2206 3695 2305 3734 nos
2325 3677 2521 3733 habita:
2548 3692 2710 3732 voces
2731 3677 3102 3745 decerprntes,
3133 3672 3435 3743 prolatione
3460 3672 3650 3726 harum

2067 3770 2360 3841 impietatis
2415 3785 2525 3823 sua:
2580 3769 3015 3839 prmdicationem
3076 3780 3330 3822 exercere
3385 3765 3649 3818 nitttntur.

2064 3860 2272 3930 Quippe
2298 3859 2592 3914 divinitatis
2618 3858 2737 3928 ejus
2759 3860 3020 3913 rationem
3049 3866 3105 3912 et
3129 3855 3410 3911 ineffabilis
3436 3854 3644 3926 gloriae,

2064 3968 2225 4024 quam
2256 3968 2286 4005 a
2318 3950 2579 4022 principio
2623 3951 2810 4004 habuit
2852 3949 2992 4019 apud
3024 3947 3258 4012 Patrem,
3296 3948 3507 4017 penitus
3537 3945 3652 4002 evi-

2067 4055 2260 4109 tantes,
2291 4059 2619 4116 paganorum
2660 4051 2715 4098 et
2752 4042 3056 4098 Judzeorum
3087 4042 3301 4111 impiam
3340 4040 3408 4094 de
3437 4038 3655 4095 Christo

2064 4137 2386 4194 sententiam
2432 4134 2780 4199 conﬁrmant;
2811 4142 2867 4187 et
2904 4132 3114 4187 laudem
3155 4135 3447 4202 propriam,
3478 4138 3537 4185 ut
3565 4145 3656 4185 as-

2063 4228 2222 4291 solet,
2265 4236 2613 4296 aucupantes,
2666 4241 2855 4279 omnes
2898 4224 3112 4294 quidem
3151 4238 3286 4292 quas
3326 4231 3514 4278 contra
3547 4236 3649 4275 nos

2063 4314 2289 4389 possunt
2310 4317 2608 4372 dcrisiones
2632 4315 2823 4370 afferre
2850 4315 3229 4383 negotiantur:
3253 4311 3654 4381 seditionesque

372 4402 629 4480 scribenti
658 4402 760 4495 pro
786 4426 864 4495 eis
896 4424 1179 4489 obediatis.
1209 4423 1372 4478 Decet
1400 4423 1541 4477 enim
1571 4437 1671 4476 nos
1705 4430 1957 4492 tanquam

2066 4410 2219 4465 nobis
2242 4408 2481 4477 quotidie
2509 4423 2573 4463 ac
2596 4408 2999 4478 persecutiones
3023 4403 3323 4469 instituunt,
3347 4410 3455 4456 tam
3474 4402 3652 4470 iurgia

370 4516 725 4579 Christianos,
758 4525 817 4571 ut
856 4531 1046 4571 omnes
1076 4522 1263 4570 contra
1288 4512 1558 4568 Christum
1597 4513 1878 4583 loquentes
1906 4521 1962 4568 et

371 4607 665 4675 sapientes,
695 4605 846 4675 quasi
878 4604 989 4659 Deo
1022 4604 1252 4660 rebelles
1279 4610 1333 4657 et
1360 4603 1656 4656 animarum
1681 4612 1963 4673 corrupto-

370 4712 478 4759 res,
510 4697 640 4753 totis
669 4695 870 4750 viribus
896 4710 1229 4759 aversemur;
1254 4702 1310 4748 et
1329 4708 1505 4763 neque
1529 4708 1627 4748 ave
1654 4692 1961 4762 huiusmodi

369 4787 610 4842 dicamus
655 4785 977 4849 hominibus,
1022 4801 1088 4840 ne
1127 4784 1265 4840 forte
1304 4784 1466 4839 etiam
1509 4786 1743 4853 peccatis
1770 4799 1958 4839 eorum

368 4877 770 4931 communicare
797 4876 1095 4943 videamur,
1125 4877 1265 4931 sicut
1292 4876 1481 4931 beatus
1507 4874 1741 4932 Joannes
1767 4878 1841 4931 ait
1870 4876 1955 4947 (Il

365 4964 547 5029 loan.,
579 4963 691 5033 11).
723 4964 966 5018 Salutate
992 4962 1188 5019 fratres
1216 4964 1306 5033 qui
1335 4965 1476 5033 apud
1507 4980 1603 5019 vos
1630 4975 1772 5019 sunt.
1806 4965 1960 5020 Salu-

366 5063 481 5108 lant.
506 5070 603 5108 vos
641 5056 731 5124 qui
764 5054 1040 5110 nobiscum
1069 5063 1212 5109 sunt.
1243 5056 1538 5117 Socanes,
1574 5054 1663 5109 tib.
1694 5071 1732 5119 t,
1764 5072 1878 5124 cap.
1901 5055 1956 5110 5.

364 5143 509 5200 Edit.
542 5141 838 5216 Christoplt.
870 5156 918 5199 et
959 5143 1132 5198 Vates.
1164 5161 1281 5216 cap.
1314 5145 1370 5211 6,
1401 5162 1454 5217 p.
1490 5144 1577 5201 10.

436 5236 553 5293 Νοη
586 5237 759 5292 solum
782 5243 961 5291 autem
990 5235 1152 5299 hanc,
1184 5235 1277 5290 sed
1307 5235 1469 5291 etiam
1499 5234 1567 5290 ad
1595 5234 1958 5290 Alexandrum

362 5330 909 5399 Constantinopoleos
936 5328 1265 5398 episcopum,
1294 5329 1510 5383 missam
1538 5327 1654 5397 ejus
1673 5327 1955 5397 epistolam

366 5421 490 5474 huic
510 5418 663 5488 operi
686 5417 919 5471 inserere
939 5432 1045 5470 non
1064 5416 1327 5481 omittam,
1343 5431 1460 5486 qua:
1478 5416 1622 5471 clare
1643 5417 1820 5470 omnia
1842 5418 1958 5484 ejus

363 5510 636 5578 ostendat,
677 5523 745 5563 ne
787 5506 907 5578 quis
951 5506 1251 5574 suspicetur
1290 5506 1404 5562 haec
1443 5522 1527 5561 me
1572 5506 1693 5560 ficte
1720 5508 1956 5561 conscri-

364 5603 525 5667 bere;
574 5611 629 5658 et
678 5608 802 5672 post
847 5614 966 5654 eam
1017 5599 1183 5667 ipsius
1229 5597 1358 5664 Arii,
1392 5608 1447 5654 et
1485 5608 1712 5653 czcteras
1741 5613 1957 5668 quoque

365 5696 638 5766 epistolas,
666 5693 858 5763 quibus
885 5692 1068 5761 utique
1098 5693 1332 5749 narratio
1371 5700 1492 5763 eget
1534 5690 1792 5753 historiae,
1823 5705 1956 5758 qua-

732 5788 1001 5844 i‘ATttoL.
1035 5782 1173 5844 LXI
1191 5786 1232 5840 Χ

2069 4508 2430 4574 proponentes
2472 4517 2570 4571 per
2616 4499 2881 4555 aditiones
2923 4497 3205 4553 mulierum
3239 4495 3653 4567 impudentium,

2067 4611 2202 4667 quas
2245 4595 2527 4659 seducunt,
2575 4609 2736 4663 quam
2787 4593 2886 4662 ipsi
2935 4591 3206 4645 communi
3260 4587 3654 4645 Christianitati

2066 4687 2409 4756 derogantes,
2451 4684 2577 4745 dum
2629 4700 2816 4739 eorum
2853 4683 3155 4753 juvencula:
3197 4698 3385 4737 omnes
3422 4683 3654 4737 circum-

2066 4787 2197 4834 eunt
2225 4779 2372 4833 vicos
2402 4795 2414 4830 :
2442 4777 2661 4846 insuper
2690 4775 3119 4844 incrutnpibilem
3160 4771 3356 4828 Christi
3388 4771 3653 4837 tunicam,

2067 4883 2226 4938 quam
2267 4867 2463 4922 milites
2500 4865 2739 4921 dividere
2780 4865 3064 4920 noluerunt
3091 4862 3273 4933 (Joan.
3306 4878 3411 4926 tux,
3447 4858 3527 4932 5),
3562 4859 3652 4915 isti

2066 4958 2312 5013 scindere
2333 4974 2475 5013 nunc
2500 4965 2846 5029 praesumunt.
2872 4956 2938 5010 Et
2966 4972 3062 5010 nos
3084 4956 3300 5024 quidem
3324 4955 3486 5007 vitam
3511 4953 3655 5023 ipso-

2067 5065 2184 5103 rum
2213 5058 2268 5102 et
2296 5048 2523 5103 nefanda
2554 5048 2861 5110 conamina,
2890 5062 2955 5101 eo
2984 5047 3127 5116 quod
3168 5046 3417 5109 laterent,
3452 5043 3655 5098 tardius

2066 5148 2443 5209 agnoscentes,
2474 5156 2614 5193 nunc
2640 5139 2878 5208 generali
2905 5138 3126 5192 decreto
3157 5138 3224 5190 ab
3256 5134 3496 5191 Ecclesia
3524 5133 3650 5189 ado-

2066 5243 2220 5287 rante
2265 5230 2461 5286 Christi
2503 5231 2831 5285 divinitatem
2862 5244 2958 5284 eos
2998 5229 3318 5299 expulimus.
3350 5226 3546 5282 Couali
3575 5235 3655 5281 ta-

2069 5339 2190 5379 men
2238 5331 2362 5377 sunt
2400 5321 2475 5376 illi
2522 5320 2943 5376 discursionibus
2985 5320 3081 5385 uti,
3131 5328 3187 5375 et
3233 5319 3518 5373 adversum
3556 5331 3657 5371 nos

2065 5413 2379 5477 machinari,
2407 5413 2498 5481 qui
2528 5412 2667 5483 apud
2695 5412 2975 5467 unanimes
3003 5412 3403 5466 comtuinistros
3439 5419 3657 5464 nostros

2067 5503 2286 5574 figuram
2317 5503 2464 5574 pacis
2492 5511 2550 5558 et
2576 5504 2795 5557 unitatis
2823 5502 3137 5572 dignitatem
3178 5517 3238 5557 se
3266 5515 3521 5556 exercere
3550 5498 3657 5552 [inn

2064 5604 2213 5663 gunt.
2241 5593 2396 5660 Quod
2424 5602 2603 5647 autem
2637 5610 2819 5648 verum
2847 5602 2949 5656 est,
2982 5592 3228 5663 abripere
3269 5589 3530 5660 quosdam
3559 5605 3657 5644 en-

2065 5703 2182 5742 t‘utn
2216 5687 2280 5738 ad
2311 5693 2515 5753 pestem
2563 5687 2830 5755 propriam
2874 5700 2967 5753 per
3014 5681 3323 5748 ltuniloquia
3356 5679 3474 5735 licia
3505 5677 3662 5734 festi:

3212 5774 3291 5832 20
