3990 6170
382 343 517 397 Ἕω

1668 342 1714 397 Μ
1726 385 1738 397 .
1780 343 2052 399 Αυῐιειη
2092 341 2486 399 αΑδδιουοιιι

3577 336 3677 386 aes

414 463 578 514 nant,
618 463 672 506 et
720 454 923 507 litteras
970 453 1035 507 ab
1087 453 1165 505 eis
1211 452 1520 507 manifestas
1566 461 1619 505 et
1668 452 1993 507 indubitatas
2023 461 2068 520 Α
2098 455 2213 507 tris.
2263 452 2369 508 Sed
2418 455 2539 522 quia
2586 454 2723 506 inter
2759 453 2871 507 hate
2910 468 3027 521 qua:
3073 467 3138 504 ex
3190 467 3294 504 non
3336 448 3683 504 existentibus

412 543 666 611 exigunt;
692 551 749 594 ut
770 542 1069 610 relegentes
1089 557 1181 596 eas
1203 542 1437 597 seductis
1465 557 1492 595 a
1516 558 1574 595 se
1598 542 1861 610 personis,
1884 543 1999 596 sine

414 631 729 700 poenitentia
762 645 854 685 eos
884 630 937 684 in
963 631 1175 688 delictis
1203 630 1312 686 suis
1338 631 1535 686 faciant
1558 647 1858 698 remanere,
1880 640 1999 686 tan-

412 738 570 790 quam
599 723 878 776 unanimes
907 722 1170 777 habentes
1219 723 1406 777 eadem
1437 737 1619 777 secqu
1648 722 2000 778 decernentes

411 812 714 881 episcopos.
746 810 862 865 Non
889 811 1030 865 enim
1060 822 1179 880 qua)
1209 812 1350 881 apud
1378 824 1479 867 nos
1522 811 1661 865 male
1700 811 2001 865 docuerunt

391 909 467 959 et
505 911 760 969 egerunt,
786 917 854 958 ea
879 901 1129 969 fatentur,
1164 910 1383 971 propter
1413 916 1532 970 qua:
1558 900 1719 955 etiam
1746 908 1873 955 sunt
1899 916 1996 956 ex-

411 993 580 1067 pulsi;
609 993 704 1047 sed
728 992 844 1047 haec
868 1003 959 1046 aut
986 992 1338 1048 taciturnitati
1366 992 1711 1060 eontradunt,
1741 1002 1835 1046 aut
1862 989 1998 1047 ﬁctis

414 1098 481 1136 ea
513 1083 1009 1136 ιἰιιὶυοίιιειιίοιιίὶιιιε
1044 1092 1098 1136 et
1142 1082 1457 1150 quibusdam
1503 1079 1998 1135 obumbrationibus

411 1173 626 1242 sapiunt
662 1191 674 1225 :
709 1173 1083 1227 verisimilibus
1136 1188 1261 1227 vero
1310 1181 1365 1226 et
1412 1173 1682 1241 pomposis
1729 1175 1996 1240 corrupti-

411 1256 573 1316 bilem
604 1259 901 1315 doctrinam
931 1277 1082 1315 suam
1116 1262 1353 1315 velantes
1381 1262 1623 1329 eloquiis,
1648 1262 1922 1314 attrahunt
1945 1261 1996 1313 iu

409 1354 786 1424 deceptionem
826 1369 975 1409 suam
1008 1354 1301 1423 quisndibet
1343 1354 1638 1419 incautum,
1679 1369 1784 1406 non
1827 1352 1994 1406 absti-

412 1454 604 1500 nentes
632 1444 793 1499 etiam
830 1444 970 1513 apud
1002 1460 1193 1499 omnes
1224 1452 1418 1498 nostra:
1449 1445 1631 1513 pietati
1662 1443 1993 1499 calumniari.

404 1534 568 1592 'Unde
600 1534 825 1604 contigit
854 1534 1115 1605 quosdam
1156 1550 1340 1589 eorum
1374 1534 1563 1588 litteris
1600 1533 1999 1589 subscribentes

412 1629 467 1684 in
491 1628 785 1683 Ecclesium
803 1627 1023 1697 suscipi,
1048 1627 1303 1692 maxime,
1326 1626 1482 1681 sicuti
1514 1640 1658 1691 reor,
1688 1625 2001 1681 imminente

413 1718 675 1789 periculo,
709 1716 1157 1786 prtesumentibus
1186 1716 1310 1769 talia
1340 1716 1738 1783 eonnninistris,
1766 1732 1831 1771 eo
1854 1717 1996 1787 quod

2104 545 2244 599 facta
2291 556 2416 600 sunt
2450 544 2680 600 Verbum
2737 544 2831 599 Dei
2861 558 3192 613 nequaquam
3222 552 3637 596 connumeratur
3664 560 3678 594 :

2106 636 2314 699 Omnia,
2349 639 2538 706 inquit,
2570 654 2660 708 per
2686 638 2852 707 ipsum
2874 638 3012 708 facta
3036 645 3157 690 sunt
3179 634 3351 705 (Joan.
3391 650 3425 699 t,
3451 635 3531 703 3).
3555 631 3681 691 Pro-

2102 731 2271 798 priam
2300 744 2530 798 namque
2571 730 2685 794 ejus
2730 729 3081 784 substantiam
3110 726 3425 795 designavit,
3453 726 3640 782 dicens
3666 743 3682 780 :

2103 820 2165 873 lu
2199 820 2450 890 principio
2474 830 2582 874 erat
2617 820 2854 888 Verbum,
2881 829 2930 873 et
2963 819 3182 873 Verbum
3203 827 3312 872 erat
3336 819 3478 888 apud
3497 816 3681 880 Deum,

2102 918 2148 963 et
2194 909 2334 964 Deus
2378 919 2488 964 erat
2545 911 2782 964 Verbum.
2832 909 2949 964 Hoc
3000 919 3112 963 erat
3156 911 3211 962 in
3251 911 3506 980 principio
3547 909 3684 978 apud

2109 1000 2290 1055 Deam.
2327 998 2512 1055 Omnia
2544 1020 2634 1071 per
2662 1004 2828 1072 ipsum
2856 1006 2993 1073 facta
3021 1010 3160 1067 sunt,
3201 1014 3249 1056 et
3293 1005 3407 1057 sine
3453 1003 3566 1070 ipso
3605 1006 3684 1075 [a-

2100 1102 2235 1146 ctum
2267 1101 2340 1144 est
2367 1092 2496 1145 nihil
2521 1091 2657 1159 quod
2687 1094 2877 1162 factum
2915 1102 2992 1144 est
3030 1089 3213 1161 (Ibid.,
3242 1091 3330 1147 i-S
3370 1090 3409 1159 ξ.
3452 1088 3509 1145 Si
3540 1094 3683 1146 enim

2101 1198 2197 1252 per
2225 1184 2393 1251 ipsum
2424 1185 2603 1236 omnia
2636 1184 2768 1236 facta
2801 1192 2945 1245 sunt,
2979 1182 3255 1257 ipnnnoihr
3282 1182 3370 1243 qui
3402 1184 3681 1244 creaturis,

2100 1277 2156 1324 ut
2177 1280 2378 1336 essent,
2403 1272 2640 1333 donavit,
2669 1270 2779 1340 ipse
2807 1271 3090 1338 aliquando
3120 1287 3221 1324 non
3247 1270 3377 1325 fuit?
3400 1271 3512 1325 Non
3540 1273 3685 1325 enim

2101 1358 2205 1415 ulla
2242 1362 2379 1415 ratio
2421 1369 2502 1414 est
2549 1369 2606 1413 ut
2647 1361 2736 1429 qui
2780 1359 2905 1414 facit
2946 1358 3060 1429 ejus
3088 1369 3289 1413 natura:
3317 1360 3386 1413 sit
3406 1362 3567 1430 cujus
3598 1361 3681 1414 ilia

2099 1467 2216 1521 qua:
2260 1453 2410 1506 iiunt.
2456 1451 2510 1506 Si
2555 1454 2668 1521 ipse
2708 1452 2921 1521 quidem
2954 1461 3070 1506 erat
3110 1452 3161 1506 in
3192 1452 3470 1522 principio,
3501 1453 3685 1507 omnia

2098 1550 2227 1596 vero
2257 1557 2353 1611 per
2382 1541 2550 1612 ipsum
2580 1540 2719 1596 facta
2749 1551 2894 1605 sunt,
2920 1557 2988 1597 ex
3015 1557 3121 1597 non
3151 1542 3485 1597 exstantibus
3513 1541 3680 1598 fecit:

2100 1638 2156 1685 et
2184 1631 2513 1686 contrarium
2557 1630 2767 1686 videtur
2807 1630 2891 1685 his
2932 1645 3051 1700 qua:
3083 1647 3151 1685 ex
3182 1642 3286 1685 non
3315 1632 3685 1687 substantibus

2101 1726 2243 1780 facta
2274 1733 2415 1793 sunt,
2445 1725 2549 1780 hoc
2574 1725 2717 1796 quod
2753 1732 2944 1788 exstat,
2986 1733 3042 1778 et
3068 1724 3223 1778 valde
3250 1724 3564 1779 discretum.
3596 1723 3683 1779 ln-

400 1823 588 1877 ‘ueque
623 1806 917 1877 apostolica
968 1807 1069 1861 boe
1109 1806 1291 1875 regula
1343 1807 1599 1875 patiatur,
1633 1814 1687 1861 et
1725 1806 2001 1861 effundunt

2107 1825 2186 1870 ter
2214 1814 2428 1870 Patrem
2456 1815 2712 1884 siquidem
2744 1823 2799 1869 et
2822 1813 3014 1869 Filium
3053 1813 3253 1868 nullum
3282 1812 3689 1868 demonstratur

414 1916 577 1970 super
619 1914 714 1954 eos
763 1899 1081 1953 iliabolicam
1128 1897 1422 1953 efﬁcaciam
1470 1909 1654 1952 contra
1703 1897 1992 1954 Christum.

417 1994 759 2062 Quapropter
801 1991 851 2044 in
894 1990 1040 2044 nullo
1085 1991 1286 2059 segnis,
1327 2007 1360 2044 ο
1401 1991 1715 2052 cbarissimi,
1759 1992 1824 2045 ad
1865 1992 1997 2048 insi-

415 2084 683 2138 nuandam
707 2082 859 2138 vobis
889 2081 1161 2151 perfidiam
1188 2098 1398 2149 eorum,
1431 2083 1800 2154 memetipsum
1828 2085 1997 2141 erexi.

410 2174 606 2230 Dicunt
646 2173 809 2237 enim,
855 2173 978 2241 quia
1026 2170 1125 2226 fuit
1169 2173 1456 2241 aliquando
1494 2173 1708 2241 quando
1754 2190 1859 2228 non
1902 2173 1999 2230 fuit

385 2263 582 2319 ‘Fiiius
608 2263 736 2329 Dei;
763 2272 818 2318 et
847 2272 1032 2332 postea
1067 2261 1237 2316 factus
1264 2272 1363 2328 est,
1388 2262 1479 2331 qui
1510 2264 1656 2333 prius
1692 2281 1797 2320 non
1827 2263 2002 2320 fuerat

419 2355 541 2413 talis
569 2355 740 2410 factus
769 2371 783 2408 :
814 2355 939 2423 quia
970 2362 1024 2410 et
1052 2354 1345 2424 aliquando
1375 2353 1546 2410 factus
1573 2364 1672 2420 est,
1703 2357 1917 2426 qualem
1948 2367 2003 2413 ct

416 2461 632 2501 onmem
682 2444 954 2499 hominem
1002 2459 1122 2499 esse
1167 2445 1449 2513 contingit.
1490 2444 1694 2500 Cuncta
1724 2447 1889 2511 enim,
1923 2447 2001 2500 in-

416 2538 628 2608 quiunt,
667 2536 808 2592 Deus
842 2553 908 2592 ex
947 2551 1054 2591 non
1085 2537 1438 2591 existentibus
1475 2536 1619 2603 fecit,
1652 2539 1887 2592 omnium
1916 2555 2005 2593 ra-

418 2628 698 2685 tionaliuin
729 2637 785 2682 et
809 2626 1196 2681 irrationalium
1221 2628 1485 2682 creaturis
1510 2629 1736 2683 miscere
1765 2629 2005 2684 volentes

419 2728 476 2773 et
505 2716 544 2771 F
549 2717 696 2771 ilium
728 2716 842 2772 Dei.
872 2715 1077 2782 Quibus
1098 2717 1273 2771 verbis
1300 2728 1689 2785 consequenter
1713 2718 1860 2772 aiunt
1881 2734 2007 2772 eum

419 2804 690 2869 mutabilis
711 2815 831 2861 esse
860 2814 1084 2873 natum,
1109 2807 1319 2861 virtutis
1343 2808 1664 2878 malitimque
1685 2810 2005 2878 capabilem,

419 2914 543 2955 cum
569 2913 635 2953 ex
666 2913 773 2953 non
796 2898 1152 2953 existentibus
1171 2915 1291 2953 esse
1313 2900 1555 2966 dicatur;
1582 2900 1789 2954 divinas
1807 2902 2009 2971 quippe

422 2989 753 3061 Scripturas,
781 2990 972 3060 quibus
1001 2991 1301 3044 ostenditur
1320 3007 1441 3043 eum
1467 3006 1680 3061 semper
1699 3008 1843 3060 esse,
1864 2995 2006 3062 peri-

422 3090 652 3147 meutes,
684 3083 984 3153 quibusque
1014 3082 1188 3152 palam
1229 3084 1537 3151 designatur
1585 3086 2007 3142 inconvertibili-

2098 1922 2217 1963 esse
2260 1907 2509 1979 Spatium,
2553 1922 2655 1963 nec
2703 1916 2874 1976 usque
2920 1906 2985 1960 ad
3026 1907 3256 1977 aliquam
3284 1907 3670 1975 cogitationem

2098 2005 2202 2059 hoc
2237 2005 2426 2058 animat
2469 2003 2748 2072 phantasia
2795 2002 3141 2072 percipiente.
3174 1999 3249 2054 Ex
3280 2016 3388 2055 non
3418 1999 3684 2054 exstanti-

2100 2096 2199 2150 bus
2229 2103 2404 2149 autem
2437 2105 2648 2148 creatus
2677 2094 2927 2161 mundus,
2957 2093 3223 2148 novellam
3252 2092 3410 2147 habet
3438 2092 3688 2146 substan-

2102 2186 2187 2240 tite
2232 2194 2610 2253 recentomque
2656 2185 2990 2239 nativitatem
3036 2199 3068 2238 a
3117 2181 3273 2237 Patre
3320 2197 3418 2252 per
3464 2179 3686 2245 Filium,

2101 2274 2401 2343 hujnsmodi
2433 2275 2613 2342 utique
2640 2273 3143 2328 substantialitatem
3174 2272 3383 2327 cunctis
3413 2269 3690 2341 accipien-

2103 2366 2261 2419 tibus.
2308 2364 2480 2419 Altius
2528 2364 2688 2433 igitur
2730 2365 2902 2419 adhuc
2942 2364 3333 2432 contemplatus
3363 2360 3522 2416 Verbi
3550 2360 3689 2415 divi-

2101 2457 2352 2522 nitatem,
2405 2464 2458 2510 et
2505 2465 2870 2510 creaturarum
2921 2456 3220 2510 universam
3275 2453 3688 2523 intelligentiam

2105 2544 2567 2601 transcendentem
2599 2546 2935 2600 beatissimus
2978 2543 3211 2600 Joannes
3242 2544 3543 2613 genituram
3575 2543 3693 2612 ejus

2105 2653 2206 2692 nec
2228 2636 2488 2692 facturam
2534 2635 2711 2692 dicere
2755 2636 2943 2701 voluit,
2974 2652 3073 2691 nec
3108 2653 3204 2707 per
3231 2636 3496 2691 elementa
3526 2636 3692 2707 sylla-

2105 2730 2290 2784 barum
2333 2730 2586 2784 l'actorem
2618 2724 2929 2796 ingenitum.
2963 2726 3110 2782 Unus
3139 2727 3280 2782 enim
3308 2735 3389 2782 est
3419 2728 3695 2796 ingenitus

2106 2817 2284 2874 Pater.
2329 2817 2433 2873 Sed
2482 2820 2605 2889 quia
2652 2817 2860 2874 excedit
2898 2819 3369 2886 evangelistaruin,
3399 2826 3538 2887 puto
3568 2818 3699 2886 quia

2106 2919 2161 2964 et
2196 2909 2503 2977 angelorum
2549 2909 2976 2978 perceptionem,
3004 2916 3059 2963 et
3088 2907 3416 2962 transcendit
3440 2907 3693 2961 universa

2108 2998 2362 3063 unigeniti
2402 2996 2521 3051 Filii
2559 2992 2840 3052 ineffabiiis
2882 2997 3196 3053 substantia.
3235 2995 3351 3051 Non
3402 3010 3537 3065 ergo
3573 3010 3697 3052 reor

2107 3087 2227 3154 quia
2251 3086 2317 3140 de
2346 3087 2545 3156 pietate
2574 3086 2869 3154 cogitantes
2897 3085 2961 3140 de
2998 3085 3097 3140 hac
3126 3083 3329 3153 aliquid
3357 3085 3696 3154 interrogare

425 3180 508 3225 tas
538 3170 720 3236 Verbi,
764 3181 820 3227 et
864 3166 1163 3241 Sapientia,
1207 3183 1367 3242 atque
1411 3172 1684 3239 Divinitas,
1717 3191 1838 3245 quae
1884 3187 2006 3232 sunt
2035 3164 2079 3227 C
2112 3183 2453 3245 prmumant,
2499 3185 2720 3245 propter
2764 3176 2908 3246 quod
2941 3175 3139 3231 dictum
3168 3185 3249 3230 est
3278 3192 3293 3229 :
3320 3177 3528 3230 Altiora
3560 3186 3614 3229 te
3635 3192 3698 3231 ne

424 3263 690 3320 Christus.
720 3262 1011 3319 Possumus
1035 3278 1184 3332 ergo,
1209 3265 1455 3334 inquiunt
1478 3267 1561 3321 isti
1593 3260 1799 3336 polluti,
1826 3278 1879 3322 et
1908 3285 2006 3323 nos

426 3354 541 3411 fieri
571 3354 664 3416 Dei
695 3354 806 3419 lilii,
838 3354 976 3412 sicut
998 3364 1052 3410 et
1082 3354 1190 3409 ille.
1218 3354 1489 3426 Scriptum
1519 3369 1595 3412 est
1629 3360 1769 3414 enim
1801 3378 1815 3413 :
1844 3358 2010 3415 Filios

424 3446 578 3518 genui
604 3455 652 3499 et
682 3444 905 3500 exaltari
949 3443 1101 3515 (Isai.
1143 3462 1182 3515 l,
1211 3446 1285 3516 Ξ).
1319 3447 1562 3518 Cumque
1604 3448 1818 3505 allatuzn
1853 3456 2010 3507 fuerit

354 3576 361 3581 .
424 3538 505 3591 eis
532 3537 673 3606 quod
704 3536 966 3607 sequitur,
1001 3534 1052 3591 id
1091 3546 1173 3593 est
1206 3556 1218 3590 :
1246 3535 1358 3610 Ipsi
1387 3549 1553 3593 autem
1584 3554 1876 3612 sprerenmt
1910 3560 2005 3606 me,

423 3618 570 3696 quod
612 3627 857 3682 naturale
910 3644 1017 3681 non
1064 3638 1146 3682 est
1192 3627 1651 3694 Salvatoris,cnm
1702 3644 1903 3685 natoue
1942 3635 2010 3686 sit

428 3717 800 3786 immutabilis,
830 3718 976 3776 omni
1017 3718 1316 3774 reverentia
1352 3721 1645 3789 spoliantes
1671 3724 2011 3793 semctipsos,

425 3810 624 3865 aiunt:
658 3809 766 3866 Nec
794 3810 1026 3879 aliquam
1073 3810 1235 3866 habet
1278 3812 1660 3880 proiirictatem
1704 3812 1768 3867 ad
1810 3813 2013 3882 Deum;

429 3904 544 3974 sed,
575 3920 696 3960 cum
726 3904 797 3960 sit
825 3903 938 3974 ipse
968 3912 1157 3958 natura
1188 3904 1476 3970 mutabilis,
1496 3905 1646 3958 scivit
1668 3904 1734 3960 de
1756 3905 1846 3959 illo
1875 3906 2012 3962 Deus

430 3997 765 4068 przescientia
792 4005 847 4049 et
873 3996 1461 4066 prmcontemplatioue,
1491 3997 1613 4064 quia
1642 4012 1762 4051 eum
1793 4014 1898 4053 non
1921 4014 2011 4054 es-

428 4096 515 4141 set
541 4095 835 4161 spreturns,
860 4085 1136 4155 eligendus
1162 4084 1297 4141 foret
1325 4101 1391 4141 ex
1416 4086 1681 4143 omnibus.
1710 4087 1824 4143 Non
1846 4088 2006 4152 enim,

430 4175 695 4243 inquiunt,
729 4183 919 4229 natura
951 4174 1103 4245 quasi
1151 4176 1474 4246 praecipuum
1519 4178 1659 4233 inter
1704 4179 1836 4236 alios
1877 4180 2017 4237 filios

426 4262 625 4335 aliquid
658 4262 837 4320 habet.
871 4262 1002 4319 Nam
1036 4280 1133 4321 nec
1163 4265 1478 4321 naturaliter
1502 4265 1637 4323 filius
1668 4268 1759 4323 Dei
1784 4280 1885 4335 est,
1913 4286 2012 4326 nec

428 4355 661 4423 aliquam
694 4352 853 4410 habet
881 4353 947 4410 ad
975 4348 1141 4410 Deum
1172 4356 1579 4427 proprietatem,
1607 4360 1822 4428 quando
1851 4364 2012 4416 etiam

428 4443 602 4513 ipsum
630 4453 833 4499 natura:
861 4444 1133 4500 mutabilis
1156 4445 1501 4515 existentem,
1522 4456 1740 4518 propter
1768 4448 2014 4504 modera-

2106 3266 2388 3336 quttsieris,
2417 3274 2467 3318 et
2495 3264 2785 3336 diﬁciliora
2824 3275 2870 3319 te
2904 3267 3010 3320 noli
3052 3267 3353 3319 exaruinare
3391 3264 3592 3335 (Eccli.
3622 3282 3693 3330 In,

2106 3351 2218 3424 2‘2).
2251 3355 2379 3408 Nam
2409 3355 2545 3409 sicut
2573 3355 2795 3409 aliarum
2826 3355 3193 3425 plurimarum,
3227 3363 3282 3409 et
3316 3357 3475 3425 hujus
3502 3357 3703 3411 notitia

2109 3449 2351 3501 humana:
2381 3449 2710 3517 perceptioni
2742 3449 2911 3503 celata
2942 3459 3042 3513 est,
3067 3451 3227 3519 quale
3255 3460 3336 3505 est
3364 3449 3513 3519 apud
3562 3449 3701 3504 Pau-

2110 3539 2216 3590 lum
2247 3555 2258 3588 :
2294 3535 2422 3600 Qua:
2445 3538 2621 3591 oculus
2649 3554 2750 3592 non
2780 3539 2925 3605 vidit,
2967 3555 3059 3594 nec
3102 3541 3241 3593 auris
3273 3542 3486 3604 audivit,
3519 3556 3621 3593 nec
3648 3541 3702 3593 in

2110 3644 2199 3682 eor
2226 3630 2445 3682 bonvuis
2467 3630 2713 3690 ascendit,
2740 3646 2855 3701 quae
2874 3630 3182 3702 praeparavit
3209 3632 3340 3686 lteris
3361 3635 3703 3702 diligentibus

2111 3732 2165 3772 se
2197 3718 2247 3790 (l
2313 3719 2430 3773 Cor.
2478 3736 2533 3785 ιι,
2564 3717 2643 3789 9).
2674 3720 2779 3775 Sed
2808 3723 2969 3775 etiam
3010 3720 3208 3786 stellas,
3251 3721 3421 3791 inquit
3463 3724 3613 3780 Deus
3638 3723 3706 3778 ad

2113 3811 2403 3875 Abraham,
2439 3827 2542 3865 non
2578 3822 2730 3881 potes
2759 3826 3094 3880 enumerare,
3124 3829 3296 3882 neque
3327 3830 3554 3869 arenam
3588 3831 3703 3869 ma-

2112 3900 2185 3954 ris
2215 3918 2226 3953 :
2261 3909 2312 3955 et
2341 3911 2516 3969 guttas
2544 3902 2731 3971 pluvia:
2759 3903 2878 3972 quis
2908 3904 3239 3958 enumerabit
3262 3902 3416 3974 (Gen.
3445 3921 3542 3971 xv,
3573 3905 3627 3969 5,
3654 3915 3706 3958 et

2114 3991 2279 4048 Eccli.
2310 4010 2343 4052 ι.
2372 3992 2465 4056 2,?
2491 3992 2621 4059 Quis
2647 4009 2772 4064 ergo
2799 3995 2992 4050 audeat
3018 3996 3240 4051 interius
3267 3997 3398 4069 [ed.,
3431 3998 3709 4068 exterius!

2112 4088 2433 4154 perscrutari
2460 4087 2855 4142 subsistentiam
2875 4087 3035 4143 Verbi
3056 4088 3168 4155 Dei,
3188 4089 3288 4145 nisi
3306 4090 3448 4145 forte
3468 4107 3708 4146 vesanus

2113 4178 2218 4233 sit?
2248 4177 2322 4232 De
2350 4194 2451 4248 qua
2489 4179 2833 4248 propheticus
2862 4180 3077 4249 spiritus
3098 4181 3223 4236 dicit
3256 4199 3269 4233 :
3303 4180 3706 4235 Certe-rationem

2112 4268 2225 4337 ejus
2253 4268 2337 4335 qui
2350 4290 2363 4319 ς
2396 4267 2659 4322 enarrabit
2683 4268 2836 4339 (Isai.
2868 4285 2976 4330 Llli,
3010 4269 3104 4340 8)?
3131 4269 3258 4324 Nam
3286 4280 3341 4324 et
3368 4270 3483 4339 ipse
3514 4269 3711 4324 Salva-

2113 4369 2200 4414 tor
2227 4369 2412 4414 noster
2439 4367 2690 4428 praestare
2728 4360 2911 4414 volens
2949 4361 3196 4416 oumibus
3240 4361 3292 4415 in
3343 4361 3446 4415 hoc
3496 4363 3707 4414 mundo

2115 4448 2394 4510 columnis,
2427 4447 2583 4515 hujus
2609 4448 2852 4503 notitiam
2883 4451 2949 4503 ab
2972 4450 3051 4504 eis
3074 4464 3371 4504 exonerare
3400 4445 3702 4512 festinavit,

428 4533 651 4598 tionem,
685 4533 1015 4603 diligentiam
1058 4545 1115 4591 et
1164 4537 1437 4601 virtutem,
1483 4555 1593 4595 non
1644 4549 1903 4595 mutatura
1946 4541 2017 4595 ad
2046 4538 2089 4599 υ
2117 4537 2422 4607 significans
2464 4539 2598 4594 ultra
2641 4550 2884 4594 naturain
2926 4556 3051 4596 esse
3073 4542 3311 4596 omnium
3346 4556 3532 4597 rerum
3564 4542 3707 4595 hanc

427 4624 685 4693 deterius,
710 4626 869 4696 elegit
898 4626 1070 4695 Deus;
1100 4645 1220 4684 cum
1247 4637 1302 4685 et
1325 4630 1371 4684 si
1398 4629 1593 4687 Paulus
1622 4632 1706 4687 vel
1736 4631 1924 4688 Petrus
1946 4633 2015 4688 ad

429 4712 535 4772 hoc
586 4716 973 4787 pervenissent,
1021 4719 1151 4772 nihil
1207 4719 1363 4776 Jesus
1412 4731 1662 4792 potuerat
1707 4724 1775 4778 ab
1822 4723 2013 4780 borum

434 4807 694 4864 filiationc
722 4808 956 4864 diiierre.
1003 4806 1230 4880 Propter
1264 4815 1693 4883 reprobationem
1724 4815 1883 4885 igitur
1910 4816 2006 4871 hu-

426 4898 517 4971 jus
546 4915 758 4958 vesanae
785 4896 1064 4965 doctrinm,
1096 4902 1254 4973 217
1284 4904 1445 4958 etiam
1476 4905 1682 4960 divinas
1708 4905 1914 4961 litteras
1938 4922 2018 4961 re-

431 4993 741 5059 volventes,
795 4994 1173 5064 propOSuimus
1225 4995 1352 5050 illud
1398 4997 1541 5065 quod
1588 4997 1640 5051 in
1687 4996 1909 5052 Psalmis
1945 4997 2012 5054 de

430 5082 646 5138 Christo
676 5082 874 5139 dictum
906 5092 986 5138 est
1018 5102 1031 5137 :
1066 5081 1305 5138 Dilca'isti
1336 5085 1617 5155 justitiam,
1649 5097 1698 5141 et
1725 5088 1878 5142 odisti
1904 5089 2010 5142 ini-

427 5172 672 5245 quitatem
707 5190 726 5230 :
765 5185 1034 5244 propterea
1070 5175 1220 5229 unxit
1266 5184 1312 5229 te
1355 5173 1509 5244 Deus,
1542 5177 1678 5232 Deus
1720 5188 1852 5244 tuus,
1898 5179 2010 5234 oleo

427 5265 624 5319 tristitia:
649 5281 760 5333 prie
783 5266 1104 5320 consortibus
1134 5269 1236 5321 tuis
1262 5266 1431 5339 (Psal.
1456 5284 1600 5334 κων,
1623 5267 1702 5340 8).
1725 5269 1858 5336 Quia
1883 5287 2011 5325 vero

2112 4628 2648 4694 animadversionem,
2695 4631 2796 4684 soli
2836 4646 2966 4685 vero
3006 4628 3151 4685 Patri
3198 4640 3402 4685 tantum
3451 4632 3713 4700 adjacere

2112 4716 2270 4782 hujus
2316 4719 2551 4772 scienti-.e
2597 4729 2990 4774 sacramentum
3027 4740 3040 4774 :
3072 4720 3283 4788 Nullas,
3324 4722 3522 4791 inquit,
3568 4724 3715 4775 norit

2112 4811 2225 4879 quis
2251 4815 2327 4862 Est
2353 4808 2396 4860 F
2398 4809 2539 4872 ilius,
2570 4810 2671 4863 nisi
2703 4809 2891 4874 Pater;
2917 4820 2965 4863 et
2994 4809 3203 4864 Patrem
3232 4826 3381 4864 nemo
3398 4813 3573 4875 norit,
3607 4811 3715 4865 nisi

2119 4896 2285 4952 Filius
2316 4898 2531 4969 (Matth.
2574 4916 2644 4964 xi,
2677 4898 2791 4970 2³1).
2838 4899 2954 4956 Νοη
3002 4914 3131 4975 ergo
3170 4914 3295 4955 reor
3330 4900 3593 4969 ignorate
3619 4916 3714 4957 sa-

2117 4991 2322 5058 pientes
2348 4991 2469 5058 quia
2497 5002 2749 5045 vesanum
2796 5000 2878 5046 est
2902 5006 3094 5061 sapere
3122 5006 3187 5045 ex
3216 5005 3322 5046 non
3342 4992 3711 5048 existentibus

2114 5082 2312 5137 factum
2361 5082 2572 5149 Filium,
2618 5096 2739 5139 cum
2783 5084 2967 5153 utique
3016 5096 3120 5138 non
3164 5083 3357 5137 habeat
3396 5089 3717 5153 temporale

2114 5177 2458 5246 principium,
2487 5177 2630 5247 quod
2659 5177 2959 5231 ostenditur
2998 5191 3064 5230 ex
3102 5191 3208 5229 non
3238 5175 3603 5230 existentibus
3632 5175 3710 5229 fa-

2114 5277 2283 5323 ctum.
2328 5268 2460 5322 Nam
2507 5269 2551 5322 si
2595 5268 2823 5338 tempori
2865 5267 3039 5322 inesse
3081 5274 3357 5337 oporteret
3403 5264 3512 5319 hoc
3557 5264 3715 5335 quod

427 5352 596 5410 Filius
626 5355 718 5410 Dei
750 5346 924 5426 neque
948 5372 1015 5412 ex
1048 5374 1156 5413 non
1193 5358 1547 5415 existentibus
1575 5361 1747 5417 factus
1774 5371 1874 5427 est,
1908 5379 2006 5417 ne-
2034 5393 2085 5417 ρ.
2116 5359 2266 5413 aiunt
2297 5376 2310 5413 :
2342 5356 2466 5412 Erat
2493 5358 2709 5429 quando
2736 5373 2843 5414 non
2872 5364 3008 5421 erat,
3042 5364 3135 5411 aut
3172 5357 3350 5426 spatio
3386 5353 3572 5410 surculi
3611 5371 3715 5410 cu-

427 5459 533 5515 que
563 5444 664 5502 fuit
693 5446 980 5519 aliquando
1005 5450 1220 5519 quando
1257 5467 1361 5507 non
1391 5450 1501 5514 fuit,
1534 5450 1732 5507 sufﬁcit
1759 5470 1856 5510 nos
1886 5472 2009 5509 eru-

426 5536 541 5595 dire
568 5536 803 5596 Joannes
830 5542 1179 5610 evangelista,
1204 5544 1443 5599 scribens
1466 5543 1531 5598 de
1558 5558 1624 5599 eo
1656 5562 1669 5596 :
1706 5543 2010 5617 Unigenitus

431 5622 615 5689 Filius,
643 5629 727 5701 qui
757 5640 833 5684 est
857 5626 911 5683 in
938 5630 1053 5682 sinu
1081 5626 1260 5685 Patris
1283 5630 1463 5704 (Joan.
1491 5631 1660 5702 1,18).
1686 5630 2010 5690 Providean

430 5716 626 5785 quippe
672 5717 805 5784 Deo,
846 5728 905 5774 ut
947 5720 1256 5775 ostenderet
1302 5721 1574 5776 alterutris
1621 5722 1872 5778 indivisas
1902 5740 2006 5791 res,

434 5808 722 5863 mininavit
752 5811 970 5865 Patrem
1009 5820 1067 5867 et
1110 5809 1301 5868 Filium
1330 5811 1648 5868 existentem
1681 5813 1734 5868 in
1762 5813 1882 5871 sinu
1910 5813 2010 5870 Pa-

2113 5451 2442 5521 juscunque;
2471 5456 2525 5503 et
2570 5449 2616 5503 si
2660 5460 2844 5503 vermu
2889 5457 2973 5503 est
3012 5446 3136 5516 quia
3177 5447 3359 5501 omnia
3390 5455 3488 5515 per
3523 5446 3717 5516 ipsum

2113 5539 2254 5595 facta
2283 5546 2425 5603 sunt,
2447 5539 2628 5608 palam
2652 5549 2731 5593 εει
2753 5539 2874 5606 quia
2901 5548 3063 5592 omne
3086 5536 3360 5599 sarculum,
3384 5544 3440 5589 et
3458 5545 3716 5605 tempus,

2112 5638 2169 5685 et
2199 5630 2389 5700 spatia,
2430 5638 2485 5682 et
2528 5628 2833 5698 aliquando,
2876 5629 3015 5683 inter
3060 5638 3179 5696 qua:
3224 5626 3508 5696 reperitur,
3550 5629 3712 5696 quod

2115 5722 2283 5786 aiunt,
2313 5722 2428 5787 fuit,
2453 5723 2665 5790 quando
2694 5737 2800 5776 non
2830 5717 2946 5779 fuit.
2973 5736 3067 5790 per
3086 5720 3260 5790 ipsum
3290 5717 3431 5773 facta
3459 5726 3609 5772 sunt.
3640 5715 3715 5771 Et

2115 5814 2386 5886 quomodo
2432 5829 2541 5870 non
2584 5821 2667 5871 est
2710 5810 3019 5870 incredibile
3059 5826 3183 5869 cum
3220 5811 3313 5882 qui
3353 5821 3409 5869 ct
3445 5820 3711 5881 tempora
