  <div class='ocr_page' id='page_1' title='image "/cluster/home/n/w/nwhite01/storage/ocr_20150623/69/hvd.32044054758727/482.png"; bbox 0 0 3990 6170; ppageno 0'>
   <div class='ocr_carea' id='block_1_1' title="bbox 346 237 454 295">
    <p class='ocr_par' dir='ltr' id='par_1_1' title="bbox 346 237 454 295">
     <span class='ocr_line' id='line_1_1' title="bbox 346 237 454 295; baseline -0.037 0"><span class='ocrx_word' id='word_1_1' title='bbox 346 237 454 295; x_wconf 77' lang='lat'><strong>909</strong></span> 
     </span>
    </p>
   </div>
   <div class='ocr_carea' id='block_1_2' title="bbox 1433 225 2552 305">
    <p class='ocr_par' dir='ltr' id='par_1_2' title="bbox 1433 225 2552 305">
     <span class='ocr_line' id='line_1_2' title="bbox 1433 225 2552 305; baseline -0.004 -21"><span class='ocrx_word' id='word_1_2' title='bbox 1433 228 1753 286; x_wconf 63' lang='lat' dir='ltr'><strong>HISTORIA</strong></span> <span class='ocrx_word' id='word_1_3' title='bbox 1791 227 2230 305; x_wconf 70' lang='lat' dir='ltr'><strong>TiilI’ARTITA.</strong></span> <span class='ocrx_word' id='word_1_4' title='bbox 2275 225 2475 281; x_wconf 79' lang='lat' dir='ltr'><strong>LIBER</strong></span> <span class='ocrx_word' id='word_1_5' title='bbox 2513 226 2552 281; x_wconf 80' lang='grc' dir='ltr'><strong>Ι.</strong></span> 
     </span>
    </p>
   </div>
   <div class='ocr_carea' id='block_1_3' title="bbox 3535 234 3636 288">
    <p class='ocr_par' dir='ltr' id='par_1_3' title="bbox 3535 234 3636 288">
     <span class='ocr_line' id='line_1_3' title="bbox 3535 234 3636 288; baseline 0 -1"><span class='ocrx_word' id='word_1_6' title='bbox 3535 234 3636 288; x_wconf 73' lang='grc'><strong>910</strong></span> 
     </span>
    </p>
   </div>
   <div class='ocr_carea' id='block_1_4' title="bbox 351 340 3642 419">
    <p class='ocr_par' dir='ltr' id='par_1_4' title="bbox 351 340 3642 419">
     <span class='ocr_line' id='line_1_4' title="bbox 351 340 3642 419; baseline -0.003 -11"><span class='ocrx_word' id='word_1_7' title='bbox 351 352 475 408; x_wconf 82' lang='lat' dir='ltr'><strong>fecit</strong></span> <span class='ocrx_word' id='word_1_8' title='bbox 518 357 574 405; x_wconf 89' lang='lat' dir='ltr'><strong>et</strong></span> <span class='ocrx_word' id='word_1_9' title='bbox 621 354 910 411; x_wconf 87' lang='lat' dir='ltr'><strong>momenta,</strong></span> <span class='ocrx_word' id='word_1_10' title='bbox 960 348 1098 402; x_wconf 88' lang='lat' dir='ltr'><strong>inter</strong></span> <span class='ocrx_word' id='word_1_11' title='bbox 1141 359 1262 417; x_wconf 70' lang='lat' dir='ltr'><strong>qua:</strong></span> <span class='ocrx_word' id='word_1_12' title='bbox 1318 352 1402 401; x_wconf 82' lang='lat' dir='ltr'><strong>est</strong></span> <span class='ocrx_word' id='word_1_13' title='bbox 1438 342 1565 398; x_wconf 87' lang='lat' dir='ltr'><strong>illud</strong></span> <span class='ocrx_word' id='word_1_14' title='bbox 1602 343 1699 397; x_wconf 81' lang='lat' dir='ltr'><strong>fuit</strong></span> <span class='ocrx_word' id='word_1_15' title='bbox 1726 340 1940 413; x_wconf 77' lang='lat' dir='ltr'><strong>quando</strong></span> <span class='ocrx_word' id='word_1_16' title='bbox 1971 344 2019 403; x_wconf 73' lang='grc' dir='ltr'><strong>Α</strong></span> <span class='ocrx_word' id='word_1_17' title='bbox 2045 340 2289 412; x_wconf 90' lang='lat' dir='ltr'><strong>datisque</strong></span> <span class='ocrx_word' id='word_1_18' title='bbox 2331 340 2602 410; x_wconf 89' lang='lat' dir='ltr'><strong>legitimis,</strong></span> <span class='ocrx_word' id='word_1_19' title='bbox 2646 348 2909 410; x_wconf 88' lang='lat' dir='ltr'><strong>quatenus</strong></span> <span class='ocrx_word' id='word_1_20' title='bbox 2962 357 3066 397; x_wconf 89' lang='lat' dir='ltr'><strong>non</strong></span> <span class='ocrx_word' id='word_1_21' title='bbox 3119 355 3425 413; x_wconf 77' lang='lat' dir='ltr'><strong>pecearcnt.</strong></span> <span class='ocrx_word' id='word_1_22' title='bbox 3478 351 3642 419; x_wconf 73' lang='lat'><strong>218</strong></span> 
     </span>
    </p>
   </div>
   <div class='ocr_carea' id='block_1_5' title="bbox 352 432 1945 508">
    <p class='ocr_par' dir='ltr' id='par_1_5' title="bbox 352 432 1945 508">
     <span class='ocr_line' id='line_1_5' title="bbox 352 432 1945 508; baseline -0.008 -9"><span class='ocrx_word' id='word_1_23' title='bbox 352 459 459 499; x_wconf 88' lang='lat' dir='ltr'><strong>non</strong></span> <span class='ocrx_word' id='word_1_24' title='bbox 492 441 612 508; x_wconf 86' lang='lat' dir='ltr'><strong>l&#39;nit,</strong></span> <span class='ocrx_word' id='word_1_25' title='bbox 641 439 820 495; x_wconf 84' lang='lat' dir='ltr'><strong>dicere</strong></span> <span class='ocrx_word' id='word_1_26' title='bbox 849 438 1137 508; x_wconf 81' lang='lat' dir='ltr'><strong>aliquando</strong></span> <span class='ocrx_word' id='word_1_27' title='bbox 1171 451 1278 492; x_wconf 92' lang='lat' dir='ltr'><strong>non</strong></span> <span class='ocrx_word' id='word_1_28' title='bbox 1319 435 1515 491; x_wconf 80' lang='lat' dir='ltr'><strong>fuisse?</strong></span> <span class='ocrx_word' id='word_1_29' title='bbox 1541 432 1774 491; x_wconf 75' lang='lat' dir='ltr'><strong>Stultum</strong></span> <span class='ocrx_word' id='word_1_30' title='bbox 1802 434 1945 488; x_wconf 90' lang='lat' dir='ltr'><strong>enim</strong></span> 
     </span>
    </p>
   </div>
   <div class='ocr_carea' id='block_1_6' title="bbox 350 526 1950 603">
    <p class='ocr_par' dir='ltr' id='par_1_6' title="bbox 350 526 1950 603">
     <span class='ocr_line' id='line_1_6' title="bbox 350 526 1950 603; baseline -0.008 -10"><span class='ocrx_word' id='word_1_31' title='bbox 350 545 455 599; x_wconf 81' lang='lat' dir='ltr'><strong>est,</strong></span> <span class='ocrx_word' id='word_1_32' title='bbox 479 542 535 589; x_wconf 85' lang='lat' dir='ltr'><strong>et</strong></span> <span class='ocrx_word' id='word_1_33' title='bbox 562 533 709 589; x_wconf 90' lang='lat' dir='ltr'><strong>omni</strong></span> <span class='ocrx_word' id='word_1_34' title='bbox 742 542 964 603; x_wconf 82' lang='lat' dir='ltr'><strong>peccato</strong></span> <span class='ocrx_word' id='word_1_35' title='bbox 993 531 1236 603; x_wconf 87' lang='lat' dir='ltr'><strong>plenum,</strong></span> <span class='ocrx_word' id='word_1_36' title='bbox 1264 545 1384 584; x_wconf 90' lang='lat' dir='ltr'><strong>eum</strong></span> <span class='ocrx_word' id='word_1_37' title='bbox 1421 529 1510 598; x_wconf 85' lang='lat' dir='ltr'><strong>qui</strong></span> <span class='ocrx_word' id='word_1_38' title='bbox 1547 542 1709 583; x_wconf 87' lang='lat' dir='ltr'><strong>causa</strong></span> <span class='ocrx_word' id='word_1_39' title='bbox 1739 536 1822 582; x_wconf 90' lang='lat' dir='ltr'><strong>est</strong></span> <span class='ocrx_word' id='word_1_40' title='bbox 1850 526 1950 580; x_wconf 89' lang='lat' dir='ltr'><strong>aii-</strong></span> 
     </span>
    </p>
   </div>
   <div class='ocr_carea' id='block_1_7' title="bbox 353 618 1961 698">
    <p class='ocr_par' dir='ltr' id='par_1_7' title="bbox 353 618 1961 698">
     <span class='ocr_line' id='line_1_7' title="bbox 353 618 1961 698; baseline -0.009 -14"><span class='ocrx_word' id='word_1_41' title='bbox 353 628 543 698; x_wconf 85' lang='lat' dir='ltr'><strong>cujus,</strong></span> <span class='ocrx_word' id='word_1_42' title='bbox 591 626 840 683; x_wconf 90' lang='lat' dir='ltr'><strong>eumdem</strong></span> <span class='ocrx_word' id='word_1_43' title='bbox 890 624 1071 698; x_wconf 83' lang='lat' dir='ltr'><strong>dicere</strong></span> <span class='ocrx_word' id='word_1_44' title='bbox 1119 622 1474 693; x_wconf 76' lang='lat' dir='ltr'><strong>posteriorem</strong></span> <span class='ocrx_word' id='word_1_45' title='bbox 1520 620 1657 674; x_wconf 90' lang='lat' dir='ltr'><strong>illius</strong></span> <span class='ocrx_word' id='word_1_46' title='bbox 1704 618 1961 687; x_wconf 68' lang='lat' dir='ltr'><strong>geniturae</strong></span> 
     </span>
    </p>
   </div>
   <div class='ocr_carea' id='block_1_8' title="bbox 354 696 1951 789">
    <p class='ocr_par' dir='ltr' id='par_1_8' title="bbox 354 696 1951 789">
     <span class='ocr_line' id='line_1_8' title="bbox 354 696 1951 789; baseline -0.01 -12"><span class='ocrx_word' id='word_1_47' title='bbox 354 696 505 789; x_wconf 85' lang='lat' dir='ltr'><strong>cujus</strong></span> <span class='ocrx_word' id='word_1_48' title='bbox 522 733 688 775; x_wconf 83' lang='lat' dir='ltr'><strong>causa</strong></span> <span class='ocrx_word' id='word_1_49' title='bbox 712 723 814 775; x_wconf 87' lang='lat' dir='ltr'><strong>est.</strong></span> <span class='ocrx_word' id='word_1_50' title='bbox 841 696 1101 770; x_wconf 65' lang='lat' dir='ltr'><strong>Prtecedit</strong></span> <span class='ocrx_word' id='word_1_51' title='bbox 1124 713 1266 766; x_wconf 88' lang='lat' dir='ltr'><strong>enim</strong></span> <span class='ocrx_word' id='word_1_52' title='bbox 1296 709 1587 765; x_wconf 87' lang='lat' dir='ltr'><strong>secundum</strong></span> <span class='ocrx_word' id='word_1_53' title='bbox 1612 723 1707 764; x_wconf 91' lang='lat' dir='ltr'><strong>eos</strong></span> <span class='ocrx_word' id='word_1_54' title='bbox 1727 707 1951 777; x_wconf 91' lang='lat' dir='ltr'><strong>Sapien-</strong></span> 
     </span>
    </p>
   </div>
   <div class='ocr_carea' id='block_1_9' title="bbox 356 798 1951 879">
    <p class='ocr_par' dir='ltr' id='par_1_9' title="bbox 356 798 1951 879">
     <span class='ocr_line' id='line_1_9' title="bbox 356 798 1951 879; baseline -0.007 -13"><span class='ocrx_word' id='word_1_55' title='bbox 356 813 431 867; x_wconf 85' lang='lat' dir='ltr'><strong>tia</strong></span> <span class='ocrx_word' id='word_1_56' title='bbox 464 809 582 878; x_wconf 87' lang='lat' dir='ltr'><strong>Dei,</strong></span> <span class='ocrx_word' id='word_1_57' title='bbox 610 824 730 879; x_wconf 78' lang='lat' dir='ltr'><strong>qua:</strong></span> <span class='ocrx_word' id='word_1_58' title='bbox 761 798 964 863; x_wconf 77' lang='lat' dir='ltr'><strong>creavit</strong></span> <span class='ocrx_word' id='word_1_59' title='bbox 993 806 1263 871; x_wconf 84' lang='lat' dir='ltr'><strong>universa,</strong></span> <span class='ocrx_word' id='word_1_60' title='bbox 1308 802 1438 857; x_wconf 89' lang='lat' dir='ltr'><strong>illud</strong></span> <span class='ocrx_word' id='word_1_61' title='bbox 1473 801 1731 871; x_wconf 89' lang='lat' dir='ltr'><strong>spatium,</strong></span> <span class='ocrx_word' id='word_1_62' title='bbox 1762 802 1815 855; x_wconf 90' lang='lat' dir='ltr'><strong>in</strong></span> <span class='ocrx_word' id='word_1_63' title='bbox 1842 815 1951 869; x_wconf 89' lang='lat' dir='ltr'><strong>quo</strong></span> 
     </span>
    </p>
   </div>
   <div class='ocr_carea' id='block_1_10' title="bbox 358 890 1953 958">
    <p class='ocr_par' dir='ltr' id='par_1_10' title="bbox 358 890 1953 958">
     <span class='ocr_line' id='line_1_10' title="bbox 358 890 1953 958; baseline -0.008 -1"><span class='ocrx_word' id='word_1_64' title='bbox 358 901 544 957; x_wconf 85' lang='lat' dir='ltr'><strong>dicunt</strong></span> <span class='ocrx_word' id='word_1_65' title='bbox 581 898 819 955; x_wconf 86' lang='lat' dir='ltr'><strong>nondum</strong></span> <span class='ocrx_word' id='word_1_66' title='bbox 865 895 1062 951; x_wconf 83' lang='lat' dir='ltr'><strong>factum</strong></span> <span class='ocrx_word' id='word_1_67' title='bbox 1113 893 1302 949; x_wconf 80' lang='lat' dir='ltr'><strong>Filium</strong></span> <span class='ocrx_word' id='word_1_68' title='bbox 1352 908 1378 946; x_wconf 88' lang='lat' dir='ltr'><strong>a</strong></span> <span class='ocrx_word' id='word_1_69' title='bbox 1431 890 1612 958; x_wconf 83' lang='lat' dir='ltr'><strong>Patre,</strong></span> <span class='ocrx_word' id='word_1_70' title='bbox 1658 891 1953 945; x_wconf 89' lang='lat' dir='ltr'><strong>mentiente</strong></span> 
     </span>
    </p>
   </div>
   <div class='ocr_carea' id='block_1_11' title="bbox 358 980 1953 1056">
    <p class='ocr_par' dir='ltr' id='par_1_11' title="bbox 358 980 1953 1056">
     <span class='ocr_line' id='line_1_11' title="bbox 358 980 1953 1056; baseline -0.01 -9"><span class='ocrx_word' id='word_1_71' title='bbox 358 991 655 1047; x_wconf 88' lang='lat' dir='ltr'><strong>secundum</strong></span> <span class='ocrx_word' id='word_1_72' title='bbox 695 1005 791 1044; x_wconf 88' lang='lat' dir='ltr'><strong>eos</strong></span> <span class='ocrx_word' id='word_1_73' title='bbox 842 986 1138 1056; x_wconf 85' lang='lat' dir='ltr'><strong>Scriptura,</strong></span> <span class='ocrx_word' id='word_1_74' title='bbox 1185 998 1302 1054; x_wconf 74' lang='lat' dir='ltr'><strong>qu&#39;e</strong></span> <span class='ocrx_word' id='word_1_75' title='bbox 1342 982 1488 1046; x_wconf 83' lang='lat' dir='ltr'><strong>dicit,</strong></span> <span class='ocrx_word' id='word_1_76' title='bbox 1546 980 1953 1050; x_wconf 80' lang='lat' dir='ltr'><strong>Primogenitum</strong></span> 
     </span>
    </p>
   </div>
   <div class='ocr_carea' id='block_1_12' title="bbox 360 1070 1955 1146">
    <p class='ocr_par' dir='ltr' id='par_1_12' title="bbox 360 1070 1955 1146">
     <span class='ocr_line' id='line_1_12' title="bbox 360 1070 1955 1146; baseline -0.009 -7"><span class='ocrx_word' id='word_1_77' title='bbox 360 1099 480 1139; x_wconf 87' lang='lat' dir='ltr'><strong>eum</strong></span> <span class='ocrx_word' id='word_1_78' title='bbox 511 1097 630 1138; x_wconf 88' lang='lat' dir='ltr'><strong>esse</strong></span> <span class='ocrx_word' id='word_1_79' title='bbox 662 1081 917 1135; x_wconf 79' lang='lat' dir='ltr'><strong>universa:</strong></span> <span class='ocrx_word' id='word_1_80' title='bbox 951 1087 1205 1132; x_wconf 78' lang='lat' dir='ltr'><strong>creatura:</strong></span> <span class='ocrx_word' id='word_1_81' title='bbox 1230 1074 1451 1146; x_wconf 79' lang='lat' dir='ltr'><strong>(Coloss.</strong></span> <span class='ocrx_word' id='word_1_82' title='bbox 1485 1091 1522 1136; x_wconf 84' lang='grc' dir='ltr'><strong>ι,</strong></span> <span class='ocrx_word' id='word_1_83' title='bbox 1560 1072 1671 1142; x_wconf 82' lang='lat' dir='ltr'><strong>l5).</strong></span> <span class='ocrx_word' id='word_1_84' title='bbox 1702 1070 1955 1125; x_wconf 81' lang='lat' dir='ltr'><strong>(.onsoua</strong></span> 
     </span>
    </p>
   </div>
   <div class='ocr_carea' id='block_1_13' title="bbox 360 1162 1955 1244">
    <p class='ocr_par' dir='ltr' id='par_1_13' title="bbox 360 1162 1955 1244">
     <span class='ocr_line' id='line_1_13' title="bbox 360 1162 1955 1244; baseline -0.01 -15"><span class='ocrx_word' id='word_1_85' title='bbox 360 1172 625 1244; x_wconf 82' lang='lat' dir='ltr'><strong>siquidem</strong></span> <span class='ocrx_word' id='word_1_86' title='bbox 652 1172 766 1226; x_wconf 81' lang='lat' dir='ltr'><strong>istis</strong></span> <span class='ocrx_word' id='word_1_87' title='bbox 791 1171 987 1225; x_wconf 89' lang='lat' dir='ltr'><strong>clamat</strong></span> <span class='ocrx_word' id='word_1_88' title='bbox 1015 1179 1067 1223; x_wconf 89' lang='lat' dir='ltr'><strong>et</strong></span> <span class='ocrx_word' id='word_1_89' title='bbox 1111 1167 1483 1236; x_wconf 81' lang='lat' dir='ltr'><strong>magniloquos</strong></span> <span class='ocrx_word' id='word_1_90' title='bbox 1525 1163 1741 1224; x_wconf 83' lang='lat' dir='ltr'><strong>Paulus,</strong></span> <span class='ocrx_word' id='word_1_91' title='bbox 1773 1162 1955 1216; x_wconf 82' lang='lat' dir='ltr'><strong>dicens</strong></span> 
     </span>
    </p>
   </div>
   <div class='ocr_carea' id='block_1_14' title="bbox 362 1254 1958 1334">
    <p class='ocr_par' dir='ltr' id='par_1_14' title="bbox 362 1254 1958 1334">
     <span class='ocr_line' id='line_1_14' title="bbox 362 1254 1958 1334; baseline -0.011 -13"><span class='ocrx_word' id='word_1_92' title='bbox 362 1265 428 1321; x_wconf 75' lang='lat' dir='ltr'><strong>de</strong></span> <span class='ocrx_word' id='word_1_93' title='bbox 454 1281 522 1320; x_wconf 89' lang='lat' dir='ltr'><strong>eo</strong></span> <span class='ocrx_word' id='word_1_94' title='bbox 551 1283 564 1317; x_wconf 90' lang='lat'><strong>:</strong></span> <span class='ocrx_word' id='word_1_95' title='bbox 596 1260 759 1328; x_wconf 79' lang='lat' dir='ltr'><strong>Quem</strong></span> <span class='ocrx_word' id='word_1_96' title='bbox 789 1264 958 1334; x_wconf 78' lang='lat' dir='ltr'><strong>posuit</strong></span> <span class='ocrx_word' id='word_1_97' title='bbox 981 1260 1239 1315; x_wconf 78' lang='lat' dir='ltr'><strong>lueredem</strong></span> <span class='ocrx_word' id='word_1_98' title='bbox 1268 1258 1513 1317; x_wconf 81' lang='lat' dir='ltr'><strong>onmium,</strong></span> <span class='ocrx_word' id='word_1_99' title='bbox 1546 1271 1637 1325; x_wconf 81' lang='lat' dir='ltr'><strong>per</strong></span> <span class='ocrx_word' id='word_1_100' title='bbox 1659 1268 1804 1325; x_wconf 81' lang='lat' dir='ltr'><strong>quem</strong></span> <span class='ocrx_word' id='word_1_101' title='bbox 1836 1254 1958 1323; x_wconf 78' lang='lat' dir='ltr'><strong>fecit</strong></span> 
     </span>
    </p>
   </div>
   <div class='ocr_carea' id='block_1_15' title="bbox 363 1350 1959 1427">
    <p class='ocr_par' dir='ltr' id='par_1_15' title="bbox 363 1350 1959 1427">
     <span class='ocr_line' id='line_1_15' title="bbox 363 1350 1959 1427; baseline -0.009 -15"><span class='ocrx_word' id='word_1_102' title='bbox 363 1367 412 1412; x_wconf 85' lang='lat' dir='ltr'><strong>et</strong></span> <span class='ocrx_word' id='word_1_103' title='bbox 439 1356 629 1412; x_wconf 69' lang='lat' dir='ltr'><strong>serrula</strong></span> <span class='ocrx_word' id='word_1_104' title='bbox 660 1354 845 1427; x_wconf 85' lang='lat' dir='ltr'><strong>(Hebr.</strong></span> <span class='ocrx_word' id='word_1_105' title='bbox 879 1371 916 1417; x_wconf 84' lang='grc' dir='ltr'><strong>ι,</strong></span> <span class='ocrx_word' id='word_1_106' title='bbox 946 1352 1021 1425; x_wconf 69' lang='grc'><strong>2).</strong></span> <span class='ocrx_word' id='word_1_107' title='bbox 1058 1352 1163 1407; x_wconf 86' lang='lat' dir='ltr'><strong>Sed</strong></span> <span class='ocrx_word' id='word_1_108' title='bbox 1194 1352 1353 1405; x_wconf 90' lang='lat' dir='ltr'><strong>etiam</strong></span> <span class='ocrx_word' id='word_1_109' title='bbox 1395 1351 1445 1404; x_wconf 88' lang='lat' dir='ltr'><strong>in</strong></span> <span class='ocrx_word' id='word_1_110' title='bbox 1479 1350 1596 1418; x_wconf 82' lang='lat' dir='ltr'><strong>ipso</strong></span> <span class='ocrx_word' id='word_1_111' title='bbox 1624 1357 1803 1401; x_wconf 85' lang='lat' dir='ltr'><strong>creata</strong></span> <span class='ocrx_word' id='word_1_112' title='bbox 1835 1354 1959 1401; x_wconf 89' lang='lat' dir='ltr'><strong>sunt</strong></span> 
     </span>
    </p>
   </div>
   <div class='ocr_carea' id='block_1_16' title="bbox 365 1434 1967 1514">
    <p class='ocr_par' dir='ltr' id='par_1_16' title="bbox 365 1434 1967 1514">
     <span class='ocr_line' id='line_1_16' title="bbox 365 1434 1967 1514; baseline -0.009 -13"><span class='ocrx_word' id='word_1_113' title='bbox 365 1448 543 1502; x_wconf 90' lang='lat' dir='ltr'><strong>omnia</strong></span> <span class='ocrx_word' id='word_1_114' title='bbox 574 1460 693 1514; x_wconf 74' lang='lat' dir='ltr'><strong>qum</strong></span> <span class='ocrx_word' id='word_1_115' title='bbox 723 1445 773 1497; x_wconf 90' lang='lat' dir='ltr'><strong>in</strong></span> <span class='ocrx_word' id='word_1_116' title='bbox 802 1443 972 1506; x_wconf 57' lang='lat' dir='ltr'><strong>caelis,</strong></span> <span class='ocrx_word' id='word_1_117' title='bbox 1003 1451 1058 1495; x_wconf 85' lang='lat' dir='ltr'><strong>et</strong></span> <span class='ocrx_word' id='word_1_118' title='bbox 1085 1456 1204 1510; x_wconf 70' lang='lat' dir='ltr'><strong>quae</strong></span> <span class='ocrx_word' id='word_1_119' title='bbox 1234 1441 1286 1493; x_wconf 90' lang='lat' dir='ltr'><strong>in</strong></span> <span class='ocrx_word' id='word_1_120' title='bbox 1318 1450 1482 1499; x_wconf 86' lang='lat' dir='ltr'><strong>terra,</strong></span> <span class='ocrx_word' id='word_1_121' title='bbox 1516 1436 1741 1492; x_wconf 89' lang='lat' dir='ltr'><strong>visibilia</strong></span> <span class='ocrx_word' id='word_1_122' title='bbox 1783 1443 1838 1488; x_wconf 91' lang='lat' dir='ltr'><strong>et</strong></span> <span class='ocrx_word' id='word_1_123' title='bbox 1873 1434 1967 1487; x_wconf 87' lang='lat' dir='ltr'><strong>in--</strong></span> 
     </span>
    </p>
   </div>
   <div class='ocr_carea' id='block_1_17' title="bbox 366 1523 1962 1604">
    <p class='ocr_par' dir='ltr' id='par_1_17' title="bbox 366 1523 1962 1604">
     <span class='ocr_line' id='line_1_17' title="bbox 366 1523 1962 1604; baseline -0.009 -14"><span class='ocrx_word' id='word_1_124' title='bbox 366 1538 613 1602; x_wconf 78' lang='lat' dir='ltr'><strong>visibilia,</strong></span> <span class='ocrx_word' id='word_1_125' title='bbox 643 1537 757 1589; x_wconf 79' lang='lat' dir='ltr'><strong>sive</strong></span> <span class='ocrx_word' id='word_1_126' title='bbox 786 1533 1136 1604; x_wconf 81' lang='lat' dir='ltr'><strong>principatus,</strong></span> <span class='ocrx_word' id='word_1_127' title='bbox 1168 1531 1279 1587; x_wconf 90' lang='lat' dir='ltr'><strong>sive</strong></span> <span class='ocrx_word' id='word_1_128' title='bbox 1310 1536 1623 1600; x_wconf 77' lang='lat' dir='ltr'><strong>potestates,</strong></span> <span class='ocrx_word' id='word_1_129' title='bbox 1648 1526 1761 1580; x_wconf 87' lang='lat' dir='ltr'><strong>sive</strong></span> <span class='ocrx_word' id='word_1_130' title='bbox 1789 1523 1962 1578; x_wconf 90' lang='lat' dir='ltr'><strong>domi-</strong></span> 
     </span>
    </p>
   </div>
   <div class='ocr_carea' id='block_1_18' title="bbox 364 1613 1960 1692">
    <p class='ocr_par' dir='ltr' id='par_1_18' title="bbox 364 1613 1960 1692">
     <span class='ocr_line' id='line_1_18' title="bbox 364 1613 1960 1692; baseline -0.011 -9"><span class='ocrx_word' id='word_1_131' title='bbox 364 1629 634 1692; x_wconf 84' lang='lat' dir='ltr'><strong>nationes,</strong></span> <span class='ocrx_word' id='word_1_132' title='bbox 674 1625 789 1679; x_wconf 85' lang='lat' dir='ltr'><strong>sive</strong></span> <span class='ocrx_word' id='word_1_133' title='bbox 834 1622 1010 1687; x_wconf 86' lang='lat' dir='ltr'><strong>sedes,</strong></span> <span class='ocrx_word' id='word_1_134' title='bbox 1062 1621 1245 1675; x_wconf 87' lang='lat' dir='ltr'><strong>omnia</strong></span> <span class='ocrx_word' id='word_1_135' title='bbox 1295 1635 1392 1689; x_wconf 87' lang='lat' dir='ltr'><strong>per</strong></span> <span class='ocrx_word' id='word_1_136' title='bbox 1434 1618 1606 1685; x_wconf 90' lang='lat' dir='ltr'><strong>ipsum</strong></span> <span class='ocrx_word' id='word_1_137' title='bbox 1647 1622 1703 1668; x_wconf 88' lang='lat' dir='ltr'><strong>et</strong></span> <span class='ocrx_word' id='word_1_138' title='bbox 1748 1613 1800 1668; x_wconf 91' lang='lat' dir='ltr'><strong>in</strong></span> <span class='ocrx_word' id='word_1_139' title='bbox 1844 1613 1960 1682; x_wconf 87' lang='lat' dir='ltr'><strong>ipso</strong></span> 
     </span>
    </p>
   </div>
   <div class='ocr_carea' id='block_1_19' title="bbox 2051 432 3642 494">
    <p class='ocr_par' dir='ltr' id='par_1_19' title="bbox 2051 432 3642 494">
     <span class='ocr_line' id='line_1_19' title="bbox 2051 432 3642 494; baseline 0.004 -6"><span class='ocrx_word' id='word_1_140' title='bbox 2051 434 2310 489; x_wconf 86' lang='lat' dir='ltr'><strong>Dominus</strong></span> <span class='ocrx_word' id='word_1_141' title='bbox 2337 447 2469 488; x_wconf 84' lang='lat' dir='ltr'><strong>vero</strong></span> <span class='ocrx_word' id='word_1_142' title='bbox 2510 440 2696 486; x_wconf 88' lang='lat' dir='ltr'><strong>noster</strong></span> <span class='ocrx_word' id='word_1_143' title='bbox 2733 432 3051 489; x_wconf 76' lang='lat' dir='ltr'><strong>naturaliter</strong></span> <span class='ocrx_word' id='word_1_144' title='bbox 3097 432 3261 490; x_wconf 87' lang='lat' dir='ltr'><strong>Filius</strong></span> <span class='ocrx_word' id='word_1_145' title='bbox 3310 434 3485 493; x_wconf 86' lang='lat' dir='ltr'><strong>Patris</strong></span> <span class='ocrx_word' id='word_1_146' title='bbox 3525 440 3642 494; x_wconf 82' lang='lat' dir='ltr'><strong>exi-</strong></span> 
     </span>
    </p>
   </div>
   <div class='ocr_carea' id='block_1_20' title="bbox 2051 526 3643 601">
    <p class='ocr_par' dir='ltr' id='par_1_20' title="bbox 2051 526 3643 601">
     <span class='ocr_line' id='line_1_20' title="bbox 2051 526 3643 601; baseline 0.004 -20"><span class='ocrx_word' id='word_1_147' title='bbox 2051 533 2216 591; x_wconf 85' lang='lat' dir='ltr'><strong>stens,</strong></span> <span class='ocrx_word' id='word_1_148' title='bbox 2242 527 2310 581; x_wconf 88' lang='lat' dir='ltr'><strong>ab</strong></span> <span class='ocrx_word' id='word_1_149' title='bbox 2340 526 2588 581; x_wconf 90' lang='lat' dir='ltr'><strong>omnibus</strong></span> <span class='ocrx_word' id='word_1_150' title='bbox 2623 526 2900 582; x_wconf 83' lang='lat' dir='ltr'><strong>adorator.</strong></span> <span class='ocrx_word' id='word_1_151' title='bbox 2931 528 3011 582; x_wconf 91' lang='lat' dir='ltr'><strong>illi</strong></span> <span class='ocrx_word' id='word_1_152' title='bbox 3034 528 3367 599; x_wconf 82' lang='lat' dir='ltr'><strong>deponentes</strong></span> <span class='ocrx_word' id='word_1_153' title='bbox 3393 532 3643 601; x_wconf 85' lang='lat' dir='ltr'><strong>spiritum</strong></span> 
     </span>
    </p>
   </div>
   <div class='ocr_carea' id='block_1_21' title="bbox 2050 616 3643 694">
    <p class='ocr_par' dir='ltr' id='par_1_21' title="bbox 2050 616 3643 694">
     <span class='ocr_line' id='line_1_21' title="bbox 2050 616 3643 694; baseline 0.006 -23"><span class='ocrx_word' id='word_1_154' title='bbox 2050 616 2346 681; x_wconf 84' lang='lat' dir='ltr'><strong>servitutis,</strong></span> <span class='ocrx_word' id='word_1_155' title='bbox 2382 631 2449 671; x_wconf 83' lang='lat' dir='ltr'><strong>ex</strong></span> <span class='ocrx_word' id='word_1_156' title='bbox 2496 617 2651 671; x_wconf 89' lang='lat' dir='ltr'><strong>bonis</strong></span> <span class='ocrx_word' id='word_1_157' title='bbox 2691 617 2947 688; x_wconf 89' lang='lat' dir='ltr'><strong>operibus</strong></span> <span class='ocrx_word' id='word_1_158' title='bbox 2994 627 3049 673; x_wconf 89' lang='lat' dir='ltr'><strong>et</strong></span> <span class='ocrx_word' id='word_1_159' title='bbox 3092 629 3352 690; x_wconf 86' lang='lat' dir='ltr'><strong>provectu</strong></span> <span class='ocrx_word' id='word_1_160' title='bbox 3397 624 3643 694; x_wconf 86' lang='lat' dir='ltr'><strong>spiritum</strong></span> 
     </span>
    </p>
   </div>
   <div class='ocr_carea' id='block_1_22' title="bbox 2053 707 3644 784">
    <p class='ocr_par' dir='ltr' id='par_1_22' title="bbox 2053 707 3644 784">
     <span class='ocr_line' id='line_1_22' title="bbox 2053 707 3644 784; baseline 0.007 -26"><span class='ocrx_word' id='word_1_161' title='bbox 2053 707 2327 763; x_wconf 83' lang='lat' dir='ltr'><strong>iiiiatiouis</strong></span> <span class='ocrx_word' id='word_1_162' title='bbox 2375 708 2725 777; x_wconf 85' lang='lat' dir='ltr'><strong>accipientes,</strong></span> <span class='ocrx_word' id='word_1_163' title='bbox 2756 724 2854 777; x_wconf 90' lang='lat' dir='ltr'><strong>per</strong></span> <span class='ocrx_word' id='word_1_164' title='bbox 2896 710 3194 767; x_wconf 84' lang='lat' dir='ltr'><strong>naturalem</strong></span> <span class='ocrx_word' id='word_1_165' title='bbox 3223 710 3417 769; x_wconf 88' lang='lat' dir='ltr'><strong>Filium</strong></span> <span class='ocrx_word' id='word_1_166' title='bbox 3452 713 3644 784; x_wconf 88' lang='lat' dir='ltr'><strong>adjuti,</strong></span> 
     </span>
    </p>
   </div>
   <div class='ocr_carea' id='block_1_23' title="bbox 2052 796 3647 874">
    <p class='ocr_par' dir='ltr' id='par_1_23' title="bbox 2052 796 3647 874">
     <span class='ocr_line' id='line_1_23' title="bbox 2052 796 3647 874; baseline 0.006 -23"><span class='ocrx_word' id='word_1_167' title='bbox 2052 796 2190 853; x_wconf 83' lang='lat' dir='ltr'><strong>ﬁunt</strong></span> <span class='ocrx_word' id='word_1_168' title='bbox 2216 807 2273 853; x_wconf 90' lang='lat' dir='ltr'><strong>et</strong></span> <span class='ocrx_word' id='word_1_169' title='bbox 2300 798 2399 868; x_wconf 86' lang='lat' dir='ltr'><strong>ipsi</strong></span> <span class='ocrx_word' id='word_1_170' title='bbox 2429 798 2738 868; x_wconf 87' lang='lat' dir='ltr'><strong>adoptionis</strong></span> <span class='ocrx_word' id='word_1_171' title='bbox 2760 797 2874 854; x_wconf 88' lang='lat' dir='ltr'><strong>lilii.</strong></span> <span class='ocrx_word' id='word_1_172' title='bbox 2903 798 3061 855; x_wconf 89' lang='lat' dir='ltr'><strong>Istius</strong></span> <span class='ocrx_word' id='word_1_173' title='bbox 3086 809 3266 857; x_wconf 88' lang='lat' dir='ltr'><strong>autem</strong></span> <span class='ocrx_word' id='word_1_174' title='bbox 3294 804 3568 874; x_wconf 87' lang='lat' dir='ltr'><strong>propriam</strong></span> <span class='ocrx_word' id='word_1_175' title='bbox 3590 814 3647 862; x_wconf 88' lang='lat' dir='ltr'><strong>et</strong></span> 
     </span>
    </p>
   </div>
   <div class='ocr_carea' id='block_1_24' title="bbox 2055 888 3647 961">
    <p class='ocr_par' dir='ltr' id='par_1_24' title="bbox 2055 888 3647 961">
     <span class='ocr_line' id='line_1_24' title="bbox 2055 888 3647 961; baseline 0.004 -17"><span class='ocrx_word' id='word_1_176' title='bbox 2055 891 2353 944; x_wconf 84' lang='lat' dir='ltr'><strong>naturalem</strong></span> <span class='ocrx_word' id='word_1_177' title='bbox 2380 891 2809 961; x_wconf 73' lang='lat' dir='ltr'><strong>prteci&#39;puamque</strong></span> <span class='ocrx_word' id='word_1_178' title='bbox 2836 888 3148 947; x_wconf 86' lang='lat' dir='ltr'><strong>liliationem</strong></span> <span class='ocrx_word' id='word_1_179' title='bbox 3175 891 3371 950; x_wconf 85' lang='lat' dir='ltr'><strong>Paulus</strong></span> <span class='ocrx_word' id='word_1_180' title='bbox 3390 895 3555 950; x_wconf 87' lang='lat' dir='ltr'><strong>etiam</strong></span> <span class='ocrx_word' id='word_1_181' title='bbox 3577 895 3647 951; x_wconf 82' lang='lat' dir='ltr'><strong>de</strong></span> 
     </span>
    </p>
   </div>
   <div class='ocr_carea' id='block_1_25' title="bbox 2057 976 3649 1061">
    <p class='ocr_par' dir='ltr' id='par_1_25' title="bbox 2057 976 3649 1061">
     <span class='ocr_line' id='line_1_25' title="bbox 2057 976 3649 1061; baseline 0.005 -25"><span class='ocrx_word' id='word_1_182' title='bbox 2057 976 2169 1036; x_wconf 86' lang='lat' dir='ltr'><strong>Deo</strong></span> <span class='ocrx_word' id='word_1_183' title='bbox 2198 982 2576 1047; x_wconf 80' lang='lat' dir='ltr'><strong>manifestavit,</strong></span> <span class='ocrx_word' id='word_1_184' title='bbox 2607 982 2791 1038; x_wconf 87' lang='lat' dir='ltr'><strong>dicens</strong></span> <span class='ocrx_word' id='word_1_185' title='bbox 2823 1001 2836 1036; x_wconf 88' lang='lat'><strong>:</strong></span> <span class='ocrx_word' id='word_1_186' title='bbox 2866 981 2966 1048; x_wconf 85' lang='lat' dir='ltr'><strong>Qui</strong></span> <span class='ocrx_word' id='word_1_187' title='bbox 2992 986 3201 1055; x_wconf 85' lang='lat' dir='ltr'><strong>proprio</strong></span> <span class='ocrx_word' id='word_1_188' title='bbox 3246 985 3382 1042; x_wconf 80' lang='lat' dir='ltr'><strong>Filio</strong></span> <span class='ocrx_word' id='word_1_189' title='bbox 3422 1003 3526 1044; x_wconf 85' lang='lat' dir='ltr'><strong>non</strong></span> <span class='ocrx_word' id='word_1_190' title='bbox 3553 1004 3649 1061; x_wconf 76' lang='lat' dir='ltr'><strong>pc-</strong></span> 
     </span>
    </p>
   </div>
   <div class='ocr_carea' id='block_1_26' title="bbox 2056 1073 3645 1147">
    <p class='ocr_par' dir='ltr' id='par_1_26' title="bbox 2056 1073 3645 1147">
     <span class='ocr_line' id='line_1_26' title="bbox 2056 1073 3645 1147; baseline 0.008 -21"><span class='ocrx_word' id='word_1_191' title='bbox 2056 1075 2236 1144; x_wconf 81' lang='lat' dir='ltr'><strong>percit,</strong></span> <span class='ocrx_word' id='word_1_192' title='bbox 2276 1073 2366 1127; x_wconf 83' lang='lat' dir='ltr'><strong>sed</strong></span> <span class='ocrx_word' id='word_1_193' title='bbox 2404 1091 2498 1145; x_wconf 86' lang='lat' dir='ltr'><strong>pro</strong></span> <span class='ocrx_word' id='word_1_194' title='bbox 2530 1073 2702 1137; x_wconf 81' lang='lat' dir='ltr'><strong>nobis,</strong></span> <span class='ocrx_word' id='word_1_195' title='bbox 2740 1075 2791 1129; x_wconf 87' lang='lat' dir='ltr'><strong>id</strong></span> <span class='ocrx_word' id='word_1_196' title='bbox 2830 1084 2931 1142; x_wconf 91' lang='lat' dir='ltr'><strong>est,</strong></span> <span class='ocrx_word' id='word_1_197' title='bbox 2963 1077 3055 1147; x_wconf 91' lang='lat' dir='ltr'><strong>qui</strong></span> <span class='ocrx_word' id='word_1_198' title='bbox 3087 1086 3273 1132; x_wconf 88' lang='lat' dir='ltr'><strong>natura</strong></span> <span class='ocrx_word' id='word_1_199' title='bbox 3304 1095 3412 1134; x_wconf 89' lang='lat' dir='ltr'><strong>non</strong></span> <span class='ocrx_word' id='word_1_200' title='bbox 3456 1096 3645 1139; x_wconf 83' lang='lat' dir='ltr'><strong>sumus</strong></span> 
     </span>
    </p>
   </div>
   <div class='ocr_carea' id='block_1_27' title="bbox 2076 1163 3647 1236">
    <p class='ocr_par' dir='ltr' id='par_1_27' title="bbox 2076 1163 3647 1236">
     <span class='ocr_line' id='line_1_27' title="bbox 2076 1163 3647 1236; baseline 0.007 -20"><span class='ocrx_word' id='word_1_201' title='bbox 2076 1163 2189 1231; x_wconf 85' lang='lat' dir='ltr'><strong>lilii,</strong></span> <span class='ocrx_word' id='word_1_202' title='bbox 2222 1164 2435 1218; x_wconf 86' lang='lat' dir='ltr'><strong>tradidit</strong></span> <span class='ocrx_word' id='word_1_203' title='bbox 2461 1165 2608 1218; x_wconf 82' lang='lat' dir='ltr'><strong>illum</strong></span> <span class='ocrx_word' id='word_1_204' title='bbox 2647 1165 2821 1235; x_wconf 79' lang='lat' dir='ltr'><strong>(Rom.</strong></span> <span class='ocrx_word' id='word_1_205' title='bbox 2854 1184 2966 1234; x_wconf 84' lang='lat' dir='ltr'><strong>vm,</strong></span> <span class='ocrx_word' id='word_1_206' title='bbox 2997 1165 3108 1236; x_wconf 73' lang='lat'><strong>52).</strong></span> <span class='ocrx_word' id='word_1_207' title='bbox 3140 1169 3220 1223; x_wconf 86' lang='lat' dir='ltr'><strong>Ad</strong></span> <span class='ocrx_word' id='word_1_208' title='bbox 3247 1169 3647 1227; x_wconf 84' lang='lat' dir='ltr'><strong>distinctionem</strong></span> 
     </span>
    </p>
   </div>
   <div class='ocr_carea' id='block_1_28' title="bbox 2059 1258 3647 1329">
    <p class='ocr_par' dir='ltr' id='par_1_28' title="bbox 2059 1258 3647 1329">
     <span class='ocr_line' id='line_1_28' title="bbox 2059 1258 3647 1329; baseline 0.006 -19"><span class='ocrx_word' id='word_1_209' title='bbox 2059 1271 2292 1325; x_wconf 88' lang='lat' dir='ltr'><strong>namque</strong></span> <span class='ocrx_word' id='word_1_210' title='bbox 2314 1273 2422 1310; x_wconf 91' lang='lat' dir='ltr'><strong>non</strong></span> <span class='ocrx_word' id='word_1_211' title='bbox 2448 1259 2807 1326; x_wconf 86' lang='lat' dir='ltr'><strong>propriorum,</strong></span> <span class='ocrx_word' id='word_1_212' title='bbox 2839 1258 2986 1312; x_wconf 90' lang='lat' dir='ltr'><strong>illum</strong></span> <span class='ocrx_word' id='word_1_213' title='bbox 3014 1259 3287 1329; x_wconf 89' lang='lat' dir='ltr'><strong>proprium</strong></span> <span class='ocrx_word' id='word_1_214' title='bbox 3311 1276 3428 1319; x_wconf 85' lang='lat' dir='ltr'><strong>esse</strong></span> <span class='ocrx_word' id='word_1_215' title='bbox 3454 1260 3647 1319; x_wconf 88' lang='lat' dir='ltr'><strong>Filium</strong></span> 
     </span>
    </p>
   </div>
   <div class='ocr_carea' id='block_1_29' title="bbox 2058 1344 3646 1423">
    <p class='ocr_par' dir='ltr' id='par_1_29' title="bbox 2058 1344 3646 1423">
     <span class='ocr_line' id='line_1_29' title="bbox 2058 1344 3646 1423; baseline 0.004 -22"><span class='ocrx_word' id='word_1_216' title='bbox 2058 1346 2211 1403; x_wconf 83' lang='lat' dir='ltr'><strong>dixit.</strong></span> <span class='ocrx_word' id='word_1_217' title='bbox 2254 1346 2313 1399; x_wconf 91' lang='lat' dir='ltr'><strong>In</strong></span> <span class='ocrx_word' id='word_1_218' title='bbox 2356 1344 2647 1414; x_wconf 84' lang='lat' dir='ltr'><strong>Evangelio</strong></span> <span class='ocrx_word' id='word_1_219' title='bbox 2689 1356 2869 1401; x_wconf 83' lang='lat' dir='ltr'><strong>autem</strong></span> <span class='ocrx_word' id='word_1_220' title='bbox 2904 1367 2917 1401; x_wconf 92' lang='lat'><strong>:</strong></span> <span class='ocrx_word' id='word_1_221' title='bbox 2952 1348 3056 1403; x_wconf 81' lang='lat' dir='ltr'><strong>Hic</strong></span> <span class='ocrx_word' id='word_1_222' title='bbox 3102 1359 3180 1403; x_wconf 82' lang='lat' dir='ltr'><strong>est</strong></span> <span class='ocrx_word' id='word_1_223' title='bbox 3220 1349 3413 1418; x_wconf 76' lang='lat' dir='ltr'><strong>Filius,</strong></span> <span class='ocrx_word' id='word_1_224' title='bbox 3454 1352 3646 1423; x_wconf 90' lang='lat' dir='ltr'><strong>inquit,</strong></span> 
     </span>
    </p>
   </div>
   <div class='ocr_carea' id='block_1_30' title="bbox 2061 1437 3649 1521">
    <p class='ocr_par' dir='ltr' id='par_1_30' title="bbox 2061 1437 3649 1521">
     <span class='ocr_line' id='line_1_30' title="bbox 2061 1437 3649 1521; baseline 0.006 -31"><span class='ocrx_word' id='word_1_225' title='bbox 2061 1454 2202 1521; x_wconf 75' lang='lat' dir='ltr'><strong>meus</strong></span> <span class='ocrx_word' id='word_1_226' title='bbox 2228 1437 2460 1500; x_wconf 77' lang='lat' dir='ltr'><strong>dilectus,</strong></span> <span class='ocrx_word' id='word_1_227' title='bbox 2493 1438 2549 1491; x_wconf 83' lang='lat' dir='ltr'><strong>in</strong></span> <span class='ocrx_word' id='word_1_228' title='bbox 2576 1455 2674 1509; x_wconf 86' lang='lat' dir='ltr'><strong>quo</strong></span> <span class='ocrx_word' id='word_1_229' title='bbox 2705 1439 2832 1491; x_wconf 71' lang='lat' dir='ltr'><strong>milii</strong></span> <span class='ocrx_word' id='word_1_230' title='bbox 2861 1439 2986 1493; x_wconf 83' lang='lat' dir='ltr'><strong>bene</strong></span> <span class='ocrx_word' id='word_1_231' title='bbox 3012 1442 3299 1505; x_wconf 80' lang='lat' dir='ltr'><strong>complacui</strong></span> <span class='ocrx_word' id='word_1_232' title='bbox 3325 1441 3538 1513; x_wconf 78' lang='lat' dir='ltr'><strong>(Matth.</strong></span> <span class='ocrx_word' id='word_1_233' title='bbox 3582 1463 3649 1509; x_wconf 91' lang='grc' dir='ltr'><strong>ιι,</strong></span> 
     </span>
    </p>
   </div>
   <div class='ocr_carea' id='block_1_31' title="bbox 2064 1526 3654 1597">
    <p class='ocr_par' dir='ltr' id='par_1_31' title="bbox 2064 1526 3654 1597">
     <span class='ocr_line' id='line_1_31' title="bbox 2064 1526 3654 1597; baseline 0.006 -18"><span class='ocrx_word' id='word_1_234' title='bbox 2064 1526 2176 1597; x_wconf 82' lang='grc'><strong>17).</strong></span> <span class='ocrx_word' id='word_1_235' title='bbox 2205 1526 2262 1581; x_wconf 91' lang='lat' dir='ltr'><strong>in</strong></span> <span class='ocrx_word' id='word_1_236' title='bbox 2295 1526 2520 1583; x_wconf 79' lang='lat' dir='ltr'><strong>Psalmis</strong></span> <span class='ocrx_word' id='word_1_237' title='bbox 2557 1543 2685 1583; x_wconf 89' lang='lat' dir='ltr'><strong>vero</strong></span> <span class='ocrx_word' id='word_1_238' title='bbox 2725 1529 2975 1585; x_wconf 84' lang='lat' dir='ltr'><strong>Salvator</strong></span> <span class='ocrx_word' id='word_1_239' title='bbox 2996 1531 3073 1586; x_wconf 87' lang='lat' dir='ltr'><strong>ait</strong></span> <span class='ocrx_word' id='word_1_240' title='bbox 3101 1549 3115 1584; x_wconf 90' lang='lat'><strong>:</strong></span> <span class='ocrx_word' id='word_1_241' title='bbox 3142 1530 3396 1587; x_wconf 75' lang='lat' dir='ltr'><strong>Dominus</strong></span> <span class='ocrx_word' id='word_1_242' title='bbox 3422 1533 3555 1589; x_wconf 69' lang='lat' dir='ltr'><strong>dixit</strong></span> <span class='ocrx_word' id='word_1_243' title='bbox 3582 1532 3654 1589; x_wconf 84' lang='lat' dir='ltr'><strong>ad</strong></span> 
     </span>
    </p>
   </div>
   <div class='ocr_carea' id='block_1_32' title="bbox 2062 1618 3654 1694">
    <p class='ocr_par' dir='ltr' id='par_1_32' title="bbox 2062 1618 3654 1694">
     <span class='ocr_line' id='line_1_32' title="bbox 2062 1618 3654 1694; baseline 0.006 -22"><span class='ocrx_word' id='word_1_244' title='bbox 2062 1636 2142 1694; x_wconf 76' lang='lat' dir='ltr'><strong>me</strong></span> <span class='ocrx_word' id='word_1_245' title='bbox 2168 1634 2185 1672; x_wconf 89' lang='lat'><strong><em>:</em></strong></span> <span class='ocrx_word' id='word_1_246' title='bbox 2216 1618 2389 1673; x_wconf 84' lang='lat' dir='ltr'><strong>Filius</strong></span> <span class='ocrx_word' id='word_1_247' title='bbox 2433 1636 2573 1674; x_wconf 78' lang='lat' dir='ltr'><strong>meus</strong></span> <span class='ocrx_word' id='word_1_248' title='bbox 2620 1638 2673 1674; x_wconf 80' lang='lat' dir='ltr'><strong>es</strong></span> <span class='ocrx_word' id='word_1_249' title='bbox 2714 1629 2764 1675; x_wconf 85' lang='lat' dir='ltr'><strong>tu</strong></span> <span class='ocrx_word' id='word_1_250' title='bbox 2796 1620 2968 1689; x_wconf 81' lang='lat' dir='ltr'><strong>(Psal.</strong></span> <span class='ocrx_word' id='word_1_251' title='bbox 3015 1638 3075 1688; x_wconf 81' lang='grc' dir='ltr'><strong>ιι,</strong></span> <span class='ocrx_word' id='word_1_252' title='bbox 3119 1623 3168 1692; x_wconf 92' lang='lat'><strong>7)</strong></span> <span class='ocrx_word' id='word_1_253' title='bbox 3202 1627 3654 1694; x_wconf 88' lang='lat' dir='ltr'><strong>:germanitatem</strong></span> 
     </span>
    </p>
   </div>
   <div class='ocr_carea' id='block_1_33' title="bbox 366 1698 3656 1784">
    <p class='ocr_par' dir='ltr' id='par_1_33' title="bbox 366 1698 3656 1784">
     <span class='ocr_line' id='line_1_33' title="bbox 366 1698 3656 1784; baseline 0.001 -15"><span class='ocrx_word' id='word_1_254' title='bbox 366 1728 548 1775; x_wconf 82' lang='lat' dir='ltr'><strong>creata</strong></span> <span class='ocrx_word' id='word_1_255' title='bbox 577 1726 723 1784; x_wconf 85' lang='lat' dir='ltr'><strong>sunt,</strong></span> <span class='ocrx_word' id='word_1_256' title='bbox 754 1724 809 1770; x_wconf 89' lang='lat' dir='ltr'><strong>et</strong></span> <span class='ocrx_word' id='word_1_257' title='bbox 838 1716 951 1782; x_wconf 80' lang='lat' dir='ltr'><strong>ipse.</strong></span> <span class='ocrx_word' id='word_1_258' title='bbox 978 1720 1061 1766; x_wconf 89' lang='lat' dir='ltr'><strong>est</strong></span> <span class='ocrx_word' id='word_1_259' title='bbox 1086 1720 1211 1765; x_wconf 88' lang='lat' dir='ltr'><strong>ante</strong></span> <span class='ocrx_word' id='word_1_260' title='bbox 1244 1707 1442 1762; x_wconf 85' lang='lat' dir='ltr'><strong>omnia.</strong></span> <span class='ocrx_word' id='word_1_261' title='bbox 1474 1704 1608 1760; x_wconf 88' lang='lat' dir='ltr'><strong>Cum</strong></span> <span class='ocrx_word' id='word_1_262' title='bbox 1639 1718 1767 1773; x_wconf 71' lang='lat' dir='ltr'><strong>ergo</strong></span> <span class='ocrx_word' id='word_1_263' title='bbox 1796 1698 1956 1772; x_wconf 63' lang='lat' dir='ltr'><strong>impia</strong></span> <span class='ocrx_word' id='word_1_264' title='bbox 1993 1713 2035 1771; x_wconf 74' lang='grc' dir='ltr'><strong><em>Β</em></strong></span> <span class='ocrx_word' id='word_1_265' title='bbox 2066 1721 2269 1765; x_wconf 80' lang='lat' dir='ltr'><strong>naturae</strong></span> <span class='ocrx_word' id='word_1_266' title='bbox 2298 1710 2601 1780; x_wconf 88' lang='lat' dir='ltr'><strong>declarans,</strong></span> <span class='ocrx_word' id='word_1_267' title='bbox 2630 1712 2896 1781; x_wconf 88' lang='lat' dir='ltr'><strong>signiiieat</strong></span> <span class='ocrx_word' id='word_1_268' title='bbox 2926 1730 3030 1768; x_wconf 90' lang='lat' dir='ltr'><strong>non</strong></span> <span class='ocrx_word' id='word_1_269' title='bbox 3058 1729 3179 1770; x_wconf 87' lang='lat' dir='ltr'><strong>esse</strong></span> <span class='ocrx_word' id='word_1_270' title='bbox 3222 1715 3339 1784; x_wconf 87' lang='lat' dir='ltr'><strong>ejus</strong></span> <span class='ocrx_word' id='word_1_271' title='bbox 3382 1718 3656 1772; x_wconf 71' lang='lat' dir='ltr'><strong>naturales</strong></span> 
     </span>
    </p>
   </div>
   <div class='ocr_carea' id='block_1_34' title="bbox 368 1795 1958 1871">
    <p class='ocr_par' dir='ltr' id='par_1_34' title="bbox 368 1795 1958 1871">
     <span class='ocr_line' id='line_1_34' title="bbox 368 1795 1958 1871; baseline -0.013 -6"><span class='ocrx_word' id='word_1_272' title='bbox 368 1825 489 1865; x_wconf 87' lang='lat' dir='ltr'><strong>esse</strong></span> <span class='ocrx_word' id='word_1_273' title='bbox 530 1813 863 1863; x_wconf 89' lang='lat' dir='ltr'><strong>monstretur</strong></span> <span class='ocrx_word' id='word_1_274' title='bbox 909 1800 1303 1871; x_wconf 77' lang='lat' dir='ltr'><strong>argumentatio</strong></span> <span class='ocrx_word' id='word_1_275' title='bbox 1348 1811 1453 1867; x_wconf 88' lang='lat' dir='ltr'><strong>qua</strong></span> <span class='ocrx_word' id='word_1_276' title='bbox 1500 1795 1684 1850; x_wconf 92' lang='lat' dir='ltr'><strong>dicunt</strong></span> <span class='ocrx_word' id='word_1_277' title='bbox 1733 1808 1800 1848; x_wconf 83' lang='lat' dir='ltr'><strong>ex</strong></span> <span class='ocrx_word' id='word_1_278' title='bbox 1851 1805 1958 1845; x_wconf 91' lang='lat' dir='ltr'><strong>non</strong></span> 
     </span>
    </p>
   </div>
   <div class='ocr_carea' id='block_1_35' title="bbox 370 1883 1962 1957">
    <p class='ocr_par' dir='ltr' id='par_1_35' title="bbox 370 1883 1962 1957">
     <span class='ocr_line' id='line_1_35' title="bbox 370 1883 1962 1957; baseline -0.012 -4"><span class='ocrx_word' id='word_1_279' title='bbox 370 1897 725 1953; x_wconf 82' lang='lat' dir='ltr'><strong>existentibus</strong></span> <span class='ocrx_word' id='word_1_280' title='bbox 756 1894 953 1950; x_wconf 82' lang='lat' dir='ltr'><strong>factum</strong></span> <span class='ocrx_word' id='word_1_281' title='bbox 982 1891 1197 1957; x_wconf 84' lang='lat' dir='ltr'><strong>Filium,</strong></span> <span class='ocrx_word' id='word_1_282' title='bbox 1227 1904 1447 1944; x_wconf 83' lang='lat' dir='ltr'><strong>necesse</strong></span> <span class='ocrx_word' id='word_1_283' title='bbox 1473 1894 1555 1940; x_wconf 89' lang='lat' dir='ltr'><strong>est</strong></span> <span class='ocrx_word' id='word_1_284' title='bbox 1581 1883 1793 1939; x_wconf 88' lang='lat' dir='ltr'><strong>Patrem</strong></span> <span class='ocrx_word' id='word_1_285' title='bbox 1818 1897 1962 1937; x_wconf 87' lang='lat' dir='ltr'><strong>sem-</strong></span> 
     </span>
    </p>
   </div>
   <div class='ocr_carea' id='block_1_36' title="bbox 370 1973 1960 2059">
    <p class='ocr_par' dir='ltr' id='par_1_36' title="bbox 370 1973 1960 2059">
     <span class='ocr_line' id='line_1_36' title="bbox 370 1973 1960 2059; baseline -0.011 -16"><span class='ocrx_word' id='word_1_286' title='bbox 370 2004 471 2059; x_wconf 87' lang='lat' dir='ltr'><strong>per</strong></span> <span class='ocrx_word' id='word_1_287' title='bbox 507 2002 627 2042; x_wconf 87' lang='lat' dir='ltr'><strong>esse</strong></span> <span class='ocrx_word' id='word_1_288' title='bbox 666 1983 904 2039; x_wconf 87' lang='lat' dir='ltr'><strong>Patrem.</strong></span> <span class='ocrx_word' id='word_1_289' title='bbox 935 1981 1029 2038; x_wconf 84' lang='lat' dir='ltr'><strong>Est</strong></span> <span class='ocrx_word' id='word_1_290' title='bbox 1057 1980 1199 2035; x_wconf 76' lang='lat' dir='ltr'><strong>enim</strong></span> <span class='ocrx_word' id='word_1_291' title='bbox 1231 1978 1391 2032; x_wconf 88' lang='lat' dir='ltr'><strong>Pater</strong></span> <span class='ocrx_word' id='word_1_292' title='bbox 1415 1992 1629 2046; x_wconf 83' lang='lat' dir='ltr'><strong>semper</strong></span> <span class='ocrx_word' id='word_1_293' title='bbox 1656 1973 1796 2029; x_wconf 85' lang='lat' dir='ltr'><strong>Filio</strong></span> <span class='ocrx_word' id='word_1_294' title='bbox 1822 1988 1960 2043; x_wconf 82' lang='lat' dir='ltr'><strong>pne—</strong></span> 
     </span>
    </p>
   </div>
   <div class='ocr_carea' id='block_1_37' title="bbox 371 2062 1963 2145">
    <p class='ocr_par' dir='ltr' id='par_1_37' title="bbox 371 2062 1963 2145">
     <span class='ocr_line' id='line_1_37' title="bbox 371 2062 1963 2145; baseline -0.01 -12"><span class='ocrx_word' id='word_1_295' title='bbox 371 2088 548 2141; x_wconf 87' lang='lat' dir='ltr'><strong>ser.te,</strong></span> <span class='ocrx_word' id='word_1_296' title='bbox 578 2082 800 2145; x_wconf 89' lang='lat' dir='ltr'><strong>propter</strong></span> <span class='ocrx_word' id='word_1_297' title='bbox 826 2087 987 2143; x_wconf 89' lang='lat' dir='ltr'><strong>quem</strong></span> <span class='ocrx_word' id='word_1_298' title='bbox 1034 2069 1333 2140; x_wconf 87' lang='lat' dir='ltr'><strong>appellatur</strong></span> <span class='ocrx_word' id='word_1_299' title='bbox 1367 2066 1554 2127; x_wconf 84' lang='lat' dir='ltr'><strong>Pater;</strong></span> <span class='ocrx_word' id='word_1_300' title='bbox 1586 2080 1788 2134; x_wconf 71' lang='lat' dir='ltr'><strong>semper</strong></span> <span class='ocrx_word' id='word_1_301' title='bbox 1826 2062 1963 2118; x_wconf 85' lang='lat' dir='ltr'><strong>Filio</strong></span> 
     </span>
    </p>
   </div>
   <div class='ocr_carea' id='block_1_38' title="bbox 370 2153 1965 2236">
    <p class='ocr_par' dir='ltr' id='par_1_38' title="bbox 370 2153 1965 2236">
     <span class='ocr_line' id='line_1_38' title="bbox 370 2153 1965 2236; baseline -0.009 -13"><span class='ocrx_word' id='word_1_302' title='bbox 370 2167 474 2223; x_wconf 93' lang='lat' dir='ltr'><strong>sibi</strong></span> <span class='ocrx_word' id='word_1_303' title='bbox 517 2171 782 2236; x_wconf 69' lang='lat' dir='ltr'><strong>praesente</strong></span> <span class='ocrx_word' id='word_1_304' title='bbox 830 2175 1043 2230; x_wconf 86' lang='lat' dir='ltr'><strong>semper</strong></span> <span class='ocrx_word' id='word_1_305' title='bbox 1088 2167 1171 2213; x_wconf 89' lang='lat' dir='ltr'><strong>est</strong></span> <span class='ocrx_word' id='word_1_306' title='bbox 1220 2156 1378 2212; x_wconf 83' lang='lat' dir='ltr'><strong>Pater</strong></span> <span class='ocrx_word' id='word_1_307' title='bbox 1428 2157 1714 2225; x_wconf 79' lang='lat' dir='ltr'><strong>perfectus,</strong></span> <span class='ocrx_word' id='word_1_308' title='bbox 1756 2162 1813 2209; x_wconf 89' lang='lat' dir='ltr'><strong>et</strong></span> <span class='ocrx_word' id='word_1_309' title='bbox 1847 2153 1965 2209; x_wconf 90' lang='lat' dir='ltr'><strong>sine</strong></span> 
     </span>
    </p>
   </div>
   <div class='ocr_carea' id='block_1_39' title="bbox 373 2244 1964 2315">
    <p class='ocr_par' dir='ltr' id='par_1_39' title="bbox 373 2244 1964 2315">
     <span class='ocr_line' id='line_1_39' title="bbox 373 2244 1964 2315; baseline -0.008 -6"><span class='ocrx_word' id='word_1_310' title='bbox 373 2254 680 2311; x_wconf 82' lang='lat' dir='ltr'><strong>delectione</strong></span> <span class='ocrx_word' id='word_1_311' title='bbox 726 2250 1049 2315; x_wconf 88' lang='lat' dir='ltr'><strong>consistens,</strong></span> <span class='ocrx_word' id='word_1_312' title='bbox 1099 2262 1209 2305; x_wconf 86' lang='lat' dir='ltr'><strong>non</strong></span> <span class='ocrx_word' id='word_1_313' title='bbox 1257 2244 1645 2315; x_wconf 89' lang='lat' dir='ltr'><strong>temporaiiter,</strong></span> <span class='ocrx_word' id='word_1_314' title='bbox 1684 2258 1859 2312; x_wconf 86' lang='lat' dir='ltr'><strong>neque</strong></span> <span class='ocrx_word' id='word_1_315' title='bbox 1898 2258 1964 2297; x_wconf 84' lang='lat' dir='ltr'><strong>ex</strong></span> 
     </span>
    </p>
   </div>
   <div class='ocr_carea' id='block_1_40' title="bbox 374 2333 1966 2417">
    <p class='ocr_par' dir='ltr' id='par_1_40' title="bbox 374 2333 1966 2417">
     <span class='ocr_line' id='line_1_40' title="bbox 374 2333 1966 2417; baseline -0.01 -16"><span class='ocrx_word' id='word_1_316' title='bbox 374 2345 570 2417; x_wconf 88' lang='lat' dir='ltr'><strong>spatio,</strong></span> <span class='ocrx_word' id='word_1_317' title='bbox 605 2357 778 2411; x_wconf 88' lang='lat' dir='ltr'><strong>neque</strong></span> <span class='ocrx_word' id='word_1_318' title='bbox 805 2356 873 2396; x_wconf 81' lang='lat' dir='ltr'><strong>ex</strong></span> <span class='ocrx_word' id='word_1_319' title='bbox 903 2355 1010 2395; x_wconf 90' lang='lat' dir='ltr'><strong>non</strong></span> <span class='ocrx_word' id='word_1_320' title='bbox 1040 2337 1395 2394; x_wconf 80' lang='lat' dir='ltr'><strong>existentibus</strong></span> <span class='ocrx_word' id='word_1_321' title='bbox 1432 2349 1693 2404; x_wconf 88' lang='lat' dir='ltr'><strong>generans</strong></span> <span class='ocrx_word' id='word_1_322' title='bbox 1721 2333 1966 2401; x_wconf 84' lang='lat' dir='ltr'><strong>unigeni-</strong></span> 
     </span>
    </p>
   </div>
   <div class='ocr_carea' id='block_1_41' title="bbox 377 2424 1965 2500">
    <p class='ocr_par' dir='ltr' id='par_1_41' title="bbox 377 2424 1965 2500">
     <span class='ocr_line' id='line_1_41' title="bbox 377 2424 1965 2500; baseline -0.008 -11"><span class='ocrx_word' id='word_1_323' title='bbox 377 2442 491 2491; x_wconf 87' lang='lat' dir='ltr'><strong>tum</strong></span> <span class='ocrx_word' id='word_1_324' title='bbox 517 2432 731 2490; x_wconf 87' lang='lat' dir='ltr'><strong>Filium.</strong></span> <span class='ocrx_word' id='word_1_325' title='bbox 763 2431 902 2500; x_wconf 85' lang='lat' dir='ltr'><strong>Quid</strong></span> <span class='ocrx_word' id='word_1_326' title='bbox 929 2440 1105 2484; x_wconf 88' lang='lat' dir='ltr'><strong>autem</strong></span> <span class='ocrx_word' id='word_1_327' title='bbox 1136 2426 1363 2498; x_wconf 86' lang='lat' dir='ltr'><strong>amplius</strong></span> <span class='ocrx_word' id='word_1_328' title='bbox 1388 2424 1774 2480; x_wconf 77' lang='lat' dir='ltr'><strong>sit‘scelestnm</strong></span> <span class='ocrx_word' id='word_1_329' title='bbox 1805 2438 1965 2493; x_wconf 88' lang='lat' dir='ltr'><strong>quam</strong></span> 
     </span>
    </p>
   </div>
   <div class='ocr_carea' id='block_1_42' title="bbox 376 2512 1968 2587">
    <p class='ocr_par' dir='ltr' id='par_1_42' title="bbox 376 2512 1968 2587">
     <span class='ocr_line' id='line_1_42' title="bbox 376 2512 1968 2587; baseline -0.008 -9"><span class='ocrx_word' id='word_1_330' title='bbox 376 2523 558 2579; x_wconf 89' lang='lat' dir='ltr'><strong>dicere</strong></span> <span class='ocrx_word' id='word_1_331' title='bbox 587 2537 694 2577; x_wconf 93' lang='lat' dir='ltr'><strong>non</strong></span> <span class='ocrx_word' id='word_1_332' title='bbox 724 2519 888 2576; x_wconf 80' lang='lat' dir='ltr'><strong>fuisse</strong></span> <span class='ocrx_word' id='word_1_333' title='bbox 916 2517 1202 2587; x_wconf 87' lang='lat' dir='ltr'><strong>aliquando</strong></span> <span class='ocrx_word' id='word_1_334' title='bbox 1239 2515 1568 2585; x_wconf 88' lang='lat' dir='ltr'><strong>Sapientiam</strong></span> <span class='ocrx_word' id='word_1_335' title='bbox 1600 2512 1718 2580; x_wconf 86' lang='lat' dir='ltr'><strong>Dei,</strong></span> <span class='ocrx_word' id='word_1_336' title='bbox 1740 2526 1860 2582; x_wconf 69' lang='lat' dir='ltr'><strong>qua:</strong></span> <span class='ocrx_word' id='word_1_337' title='bbox 1887 2512 1968 2565; x_wconf 87' lang='lat' dir='ltr'><strong>di-</strong></span> 
     </span>
    </p>
   </div>
   <div class='ocr_carea' id='block_1_43' title="bbox 378 2601 1969 2681">
    <p class='ocr_par' dir='ltr' id='par_1_43' title="bbox 378 2601 1969 2681">
     <span class='ocr_line' id='line_1_43' title="bbox 378 2601 1969 2681; baseline -0.008 -12"><span class='ocrx_word' id='word_1_338' title='bbox 378 2614 452 2668; x_wconf 89' lang='lat' dir='ltr'><strong>cit</strong></span> <span class='ocrx_word' id='word_1_339' title='bbox 490 2631 504 2667; x_wconf 89' lang='lat'><strong>:</strong></span> <span class='ocrx_word' id='word_1_340' title='bbox 550 2610 659 2681; x_wconf 79' lang='lat' dir='ltr'><strong>Ego</strong></span> <span class='ocrx_word' id='word_1_341' title='bbox 705 2628 849 2667; x_wconf 86' lang='lat' dir='ltr'><strong>eram</strong></span> <span class='ocrx_word' id='word_1_342' title='bbox 890 2608 1030 2681; x_wconf 84' lang='lat' dir='ltr'><strong>apud</strong></span> <span class='ocrx_word' id='word_1_343' title='bbox 1070 2623 1187 2663; x_wconf 82' lang='lat' dir='ltr'><strong>eum</strong></span> <span class='ocrx_word' id='word_1_344' title='bbox 1230 2605 1532 2660; x_wconf 76' lang='lat' dir='ltr'><strong>cohabitans</strong></span> <span class='ocrx_word' id='word_1_345' title='bbox 1575 2603 1708 2678; x_wconf 71' lang='lat' dir='ltr'><strong>(ed,</strong></span> <span class='ocrx_word' id='word_1_346' title='bbox 1748 2601 1867 2656; x_wconf 87' lang='lat' dir='ltr'><strong>Niv.</strong></span> <span class='ocrx_word' id='word_1_347' title='bbox 1914 2608 1969 2657; x_wconf 86' lang='lat' dir='ltr'><strong>et.</strong></span> 
     </span>
    </p>
   </div>
   <div class='ocr_carea' id='block_1_44' title="bbox 381 2698 1965 2781">
    <p class='ocr_par' dir='ltr' id='par_1_44' title="bbox 381 2698 1965 2781">
     <span class='ocr_line' id='line_1_44' title="bbox 381 2698 1965 2781; baseline -0.008 -15"><span class='ocrx_word' id='word_1_348' title='bbox 381 2709 566 2776; x_wconf 81' lang='lat' dir='ltr'><strong>Frob.,</strong></span> <span class='ocrx_word' id='word_1_349' title='bbox 601 2705 894 2781; x_wconf 76' lang='lat' dir='ltr'><strong>coaptans],</strong></span> <span class='ocrx_word' id='word_1_350' title='bbox 918 2721 1010 2778; x_wconf 87' lang='lat' dir='ltr'><strong>ego</strong></span> <span class='ocrx_word' id='word_1_351' title='bbox 1037 2721 1179 2759; x_wconf 87' lang='lat' dir='ltr'><strong>eram</strong></span> <span class='ocrx_word' id='word_1_352' title='bbox 1201 2703 1284 2757; x_wconf 89' lang='lat' dir='ltr'><strong>cui</strong></span> <span class='ocrx_word' id='word_1_353' title='bbox 1304 2700 1630 2774; x_wconf 85' lang='lat' dir='ltr'><strong>adgaudebat</strong></span> <span class='ocrx_word' id='word_1_354' title='bbox 1651 2698 1831 2770; x_wconf 81' lang='lat' dir='ltr'><strong>(Prov.</strong></span> <span class='ocrx_word' id='word_1_355' title='bbox 1855 2714 1965 2763; x_wconf 81' lang='lat' dir='ltr'><strong>Vili,</strong></span> 
     </span>
    </p>
   </div>
   <div class='ocr_carea' id='block_1_45' title="bbox 382 2790 1970 2870">
    <p class='ocr_par' dir='ltr' id='par_1_45' title="bbox 382 2790 1970 2870">
     <span class='ocr_line' id='line_1_45' title="bbox 382 2790 1970 2870; baseline -0.007 -14"><span class='ocrx_word' id='word_1_356' title='bbox 382 2801 507 2870; x_wconf 75' lang='lat'><strong>50);</strong></span> <span class='ocrx_word' id='word_1_357' title='bbox 537 2810 630 2855; x_wconf 91' lang='lat' dir='ltr'><strong>aut</strong></span> <span class='ocrx_word' id='word_1_358' title='bbox 656 2801 836 2855; x_wconf 85' lang='lat' dir='ltr'><strong>dicere</strong></span> <span class='ocrx_word' id='word_1_359' title='bbox 862 2799 1114 2854; x_wconf 86' lang='lat' dir='ltr'><strong>virtutem</strong></span> <span class='ocrx_word' id='word_1_360' title='bbox 1143 2794 1239 2851; x_wconf 88' lang='lat' dir='ltr'><strong>Dei</strong></span> <span class='ocrx_word' id='word_1_361' title='bbox 1268 2793 1554 2865; x_wconf 89' lang='lat' dir='ltr'><strong>aliquando</strong></span> <span class='ocrx_word' id='word_1_362' title='bbox 1587 2808 1695 2847; x_wconf 90' lang='lat' dir='ltr'><strong>non</strong></span> <span class='ocrx_word' id='word_1_363' title='bbox 1734 2790 1970 2847; x_wconf 60' lang='lat' dir='ltr'><strong>astitis-</strong></span> 
     </span>
    </p>
   </div>
   <div class='ocr_carea' id='block_1_46' title="bbox 384 2882 1971 2959">
    <p class='ocr_par' dir='ltr' id='par_1_46' title="bbox 384 2882 1971 2959">
     <span class='ocr_line' id='line_1_46' title="bbox 384 2882 1971 2959; baseline -0.007 -12"><span class='ocrx_word' id='word_1_364' title='bbox 384 2893 476 2947; x_wconf 73' lang='lat' dir='ltr'><strong>se?</strong></span> <span class='ocrx_word' id='word_1_365' title='bbox 507 2902 601 2946; x_wconf 88' lang='lat' dir='ltr'><strong>aut</strong></span> <span class='ocrx_word' id='word_1_366' title='bbox 630 2891 861 2947; x_wconf 76' lang='lat' dir='ltr'><strong>Verbum</strong></span> <span class='ocrx_word' id='word_1_367' title='bbox 899 2889 1014 2959; x_wconf 80' lang='lat' dir='ltr'><strong>ejus</strong></span> <span class='ocrx_word' id='word_1_368' title='bbox 1060 2887 1333 2958; x_wconf 83' lang='lat' dir='ltr'><strong>accepisse</strong></span> <span class='ocrx_word' id='word_1_369' title='bbox 1374 2884 1714 2955; x_wconf 87' lang='lat' dir='ltr'><strong>principium,</strong></span> <span class='ocrx_word' id='word_1_370' title='bbox 1745 2890 1837 2937; x_wconf 90' lang='lat' dir='ltr'><strong>aut</strong></span> <span class='ocrx_word' id='word_1_371' title='bbox 1865 2882 1971 2937; x_wconf 90' lang='lat' dir='ltr'><strong>alia</strong></span> 
     </span>
    </p>
   </div>
   <div class='ocr_carea' id='block_1_47' title="bbox 382 2971 1971 3052">
    <p class='ocr_par' dir='ltr' id='par_1_47' title="bbox 382 2971 1971 3052">
     <span class='ocr_line' id='line_1_47' title="bbox 382 2971 1971 3052; baseline -0.008 -14"><span class='ocrx_word' id='word_1_372' title='bbox 382 3000 449 3039; x_wconf 80' lang='lat' dir='ltr'><strong>ex</strong></span> <span class='ocrx_word' id='word_1_373' title='bbox 476 2983 670 3052; x_wconf 88' lang='lat' dir='ltr'><strong>quibus</strong></span> <span class='ocrx_word' id='word_1_374' title='bbox 704 2981 868 3035; x_wconf 75' lang='lat' dir='ltr'><strong>Filius</strong></span> <span class='ocrx_word' id='word_1_375' title='bbox 910 2979 1218 3048; x_wconf 76' lang='lat' dir='ltr'><strong>agnoscitur</strong></span> <span class='ocrx_word' id='word_1_376' title='bbox 1244 2988 1299 3032; x_wconf 90' lang='lat' dir='ltr'><strong>et</strong></span> <span class='ocrx_word' id='word_1_377' title='bbox 1329 2976 1584 3045; x_wconf 87' lang='lat' dir='ltr'><strong>iiguratur</strong></span> <span class='ocrx_word' id='word_1_378' title='bbox 1617 2972 1807 3028; x_wconf 83' lang='lat' dir='ltr'><strong>Pater?</strong></span> <span class='ocrx_word' id='word_1_379' title='bbox 1836 2971 1971 3026; x_wconf 88' lang='lat' dir='ltr'><strong>Nam</strong></span> 
     </span>
    </p>
   </div>
   <div class='ocr_carea' id='block_1_48' title="bbox 2064 1801 3657 1878">
    <p class='ocr_par' dir='ltr' id='par_1_48' title="bbox 2064 1801 3657 1878">
     <span class='ocr_line' id='line_1_48' title="bbox 2064 1801 3657 1878; baseline 0.005 -22"><span class='ocrx_word' id='word_1_380' title='bbox 2064 1801 2335 1870; x_wconf 90' lang='lat' dir='ltr'><strong>quoslibet</strong></span> <span class='ocrx_word' id='word_1_381' title='bbox 2360 1803 2494 1858; x_wconf 89' lang='lat' dir='ltr'><strong>alios</strong></span> <span class='ocrx_word' id='word_1_382' title='bbox 2536 1802 2672 1859; x_wconf 88' lang='lat' dir='ltr'><strong>iiiios</strong></span> <span class='ocrx_word' id='word_1_383' title='bbox 2699 1816 2895 1873; x_wconf 74' lang='lat' dir='ltr'><strong>praeter</strong></span> <span class='ocrx_word' id='word_1_384' title='bbox 2919 1805 3100 1873; x_wconf 71' lang='lat' dir='ltr'><strong>istum,</strong></span> <span class='ocrx_word' id='word_1_385' title='bbox 3134 1805 3271 1873; x_wconf 90' lang='lat' dir='ltr'><strong>Quid</strong></span> <span class='ocrx_word' id='word_1_386' title='bbox 3300 1807 3463 1863; x_wconf 90' lang='lat' dir='ltr'><strong>etiam</strong></span> <span class='ocrx_word' id='word_1_387' title='bbox 3510 1810 3657 1878; x_wconf 87' lang='lat' dir='ltr'><strong>quod</strong></span> 
     </span>
    </p>
   </div>
   <div class='ocr_carea' id='block_1_49' title="bbox 2066 1890 3658 1969">
    <p class='ocr_par' dir='ltr' id='par_1_49' title="bbox 2066 1890 3658 1969">
     <span class='ocr_line' id='line_1_49' title="bbox 2066 1890 3658 1969; baseline 0.004 -23"><span class='ocrx_word' id='word_1_388' title='bbox 2066 1892 2142 1946; x_wconf 86' lang='lat' dir='ltr'><strong>ait</strong></span> <span class='ocrx_word' id='word_1_389' title='bbox 2170 1909 2182 1944; x_wconf 89' lang='lat'><strong>:</strong></span> <span class='ocrx_word' id='word_1_390' title='bbox 2212 1890 2297 1947; x_wconf 74' lang='lat' dir='ltr'><strong>Ea:</strong></span> <span class='ocrx_word' id='word_1_391' title='bbox 2319 1903 2464 1947; x_wconf 82' lang='lat' dir='ltr'><strong>utero</strong></span> <span class='ocrx_word' id='word_1_392' title='bbox 2506 1905 2625 1948; x_wconf 87' lang='lat' dir='ltr'><strong>ante</strong></span> <span class='ocrx_word' id='word_1_393' title='bbox 2662 1894 2930 1965; x_wconf 73' lang='lat' dir='ltr'><strong>luciferum</strong></span> <span class='ocrx_word' id='word_1_394' title='bbox 2957 1897 3109 1967; x_wconf 79' lang='lat' dir='ltr'><strong>genui</strong></span> <span class='ocrx_word' id='word_1_395' title='bbox 3141 1906 3188 1949; x_wconf 82' lang='lat' dir='ltr'><strong>te</strong></span> <span class='ocrx_word' id='word_1_396' title='bbox 3218 1896 3391 1967; x_wconf 69' lang='lat' dir='ltr'><strong>(Paul.</strong></span> <span class='ocrx_word' id='word_1_397' title='bbox 3424 1914 3533 1963; x_wconf 61' lang='grc' dir='ltr'>δικ,</span> <span class='ocrx_word' id='word_1_398' title='bbox 3559 1898 3658 1969; x_wconf 79' lang='lat'><strong>3)?</strong></span> 
     </span>
    </p>
   </div>
   <div class='ocr_carea' id='block_1_50' title="bbox 2066 1982 3660 2055">
    <p class='ocr_par' dir='ltr' id='par_1_50' title="bbox 2066 1982 3660 2055">
     <span class='ocr_line' id='line_1_50' title="bbox 2066 1982 3660 2055; baseline 0.004 -19"><span class='ocrx_word' id='word_1_399' title='bbox 2066 1982 2256 2038; x_wconf 89' lang='lat' dir='ltr'><strong>Nonne</strong></span> <span class='ocrx_word' id='word_1_400' title='bbox 2285 1984 2431 2039; x_wconf 89' lang='lat' dir='ltr'><strong>clare</strong></span> <span class='ocrx_word' id='word_1_401' title='bbox 2460 1983 2799 2039; x_wconf 88' lang='lat' dir='ltr'><strong>demonstrat</strong></span> <span class='ocrx_word' id='word_1_402' title='bbox 2826 1985 3124 2040; x_wconf 85' lang='lat' dir='ltr'><strong>naturalem</strong></span> <span class='ocrx_word' id='word_1_403' title='bbox 3168 1995 3405 2055; x_wconf 71' lang='lat' dir='ltr'><strong>paterna:</strong></span> <span class='ocrx_word' id='word_1_404' title='bbox 3433 2003 3660 2055; x_wconf 87' lang='lat' dir='ltr'><strong>genera-</strong></span> 
     </span>
    </p>
   </div>
   <div class='ocr_carea' id='block_1_51' title="bbox 2069 2072 3659 2147">
    <p class='ocr_par' dir='ltr' id='par_1_51' title="bbox 2069 2072 3659 2147">
     <span class='ocr_line' id='line_1_51' title="bbox 2069 2072 3659 2147; baseline 0.005 -20"><span class='ocrx_word' id='word_1_405' title='bbox 2069 2074 2228 2130; x_wconf 88' lang='lat' dir='ltr'><strong>tionis</strong></span> <span class='ocrx_word' id='word_1_406' title='bbox 2274 2072 2608 2138; x_wconf 86' lang='lat' dir='ltr'><strong>iiliationem,</strong></span> <span class='ocrx_word' id='word_1_407' title='bbox 2655 2090 2817 2143; x_wconf 91' lang='lat' dir='ltr'><strong>quam</strong></span> <span class='ocrx_word' id='word_1_408' title='bbox 2870 2092 2977 2130; x_wconf 67' lang='lat' dir='ltr'><strong>nc-n</strong></span> <span class='ocrx_word' id='word_1_409' title='bbox 3024 2091 3233 2132; x_wconf 90' lang='lat' dir='ltr'><strong>morum</strong></span> <span class='ocrx_word' id='word_1_410' title='bbox 3280 2077 3552 2147; x_wconf 84' lang='lat' dir='ltr'><strong>diligentia</strong></span> <span class='ocrx_word' id='word_1_411' title='bbox 3604 2087 3659 2136; x_wconf 85' lang='lat' dir='ltr'><strong>et</strong></span> 
     </span>
    </p>
   </div>
   <div class='ocr_carea' id='block_1_52' title="bbox 2068 2166 3659 2239">
    <p class='ocr_par' dir='ltr' id='par_1_52' title="bbox 2068 2166 3659 2239">
     <span class='ocr_line' id='line_1_52' title="bbox 2068 2166 3659 2239; baseline 0.004 -18"><span class='ocrx_word' id='word_1_412' title='bbox 2068 2166 2455 2221; x_wconf 82' lang='lat' dir='ltr'><strong>exercitatione</strong></span> <span class='ocrx_word' id='word_1_413' title='bbox 2483 2176 2789 2238; x_wconf 89' lang='lat' dir='ltr'><strong>provectus,</strong></span> <span class='ocrx_word' id='word_1_414' title='bbox 2821 2166 2918 2223; x_wconf 85' lang='lat' dir='ltr'><strong>sed</strong></span> <span class='ocrx_word' id='word_1_415' title='bbox 2945 2170 3277 2239; x_wconf 85' lang='lat' dir='ltr'><strong>proprietate</strong></span> <span class='ocrx_word' id='word_1_416' title='bbox 3308 2179 3512 2225; x_wconf 77' lang='lat' dir='ltr'><strong>natura:</strong></span> <span class='ocrx_word' id='word_1_417' title='bbox 3540 2188 3659 2227; x_wconf 85' lang='lat' dir='ltr'><strong>sor-</strong></span> 
     </span>
    </p>
   </div>
   <div class='ocr_carea' id='block_1_53' title="bbox 2070 2254 3660 2329">
    <p class='ocr_par' dir='ltr' id='par_1_53' title="bbox 2070 2254 3660 2329">
     <span class='ocr_line' id='line_1_53' title="bbox 2070 2254 3660 2329; baseline 0.004 -20"><span class='ocrx_word' id='word_1_418' title='bbox 2070 2256 2198 2311; x_wconf 90' lang='lat' dir='ltr'><strong>titus</strong></span> <span class='ocrx_word' id='word_1_419' title='bbox 2216 2256 2333 2311; x_wconf 86' lang='lat' dir='ltr'><strong>est?</strong></span> <span class='ocrx_word' id='word_1_420' title='bbox 2362 2254 2511 2312; x_wconf 89' lang='lat' dir='ltr'><strong>Unde</strong></span> <span class='ocrx_word' id='word_1_421' title='bbox 2528 2265 2581 2312; x_wconf 89' lang='lat' dir='ltr'><strong>et</strong></span> <span class='ocrx_word' id='word_1_422' title='bbox 2601 2257 3141 2329; x_wconf 88' lang='lat' dir='ltr'><strong>intransgressibilem</strong></span> <span class='ocrx_word' id='word_1_423' title='bbox 3164 2259 3327 2314; x_wconf 89' lang='lat' dir='ltr'><strong>habet</strong></span> <span class='ocrx_word' id='word_1_424' title='bbox 3347 2259 3660 2316; x_wconf 88' lang='lat' dir='ltr'><strong>iiiiationem</strong></span> 
     </span>
    </p>
   </div>
   <div class='ocr_carea' id='block_1_54' title="bbox 2072 2344 3660 2417">
    <p class='ocr_par' dir='ltr' id='par_1_54' title="bbox 2072 2344 3660 2417">
     <span class='ocr_line' id='line_1_54' title="bbox 2072 2344 3660 2417; baseline 0.004 -14"><span class='ocrx_word' id='word_1_425' title='bbox 2072 2344 2390 2417; x_wconf 82' lang='lat' dir='ltr'><strong>Unigenitus</strong></span> <span class='ocrx_word' id='word_1_426' title='bbox 2438 2347 2632 2404; x_wconf 86' lang='lat' dir='ltr'><strong>Patris.</strong></span> <span class='ocrx_word' id='word_1_427' title='bbox 2686 2349 3104 2406; x_wconf 85' lang='lat' dir='ltr'><strong>Rationabiiium</strong></span> <span class='ocrx_word' id='word_1_428' title='bbox 3159 2367 3289 2407; x_wconf 75' lang='lat' dir='ltr'><strong>vero</strong></span> <span class='ocrx_word' id='word_1_429' title='bbox 3343 2351 3660 2409; x_wconf 82' lang='lat' dir='ltr'><strong>liliationem</strong></span> 
     </span>
    </p>
   </div>
   <div class='ocr_carea' id='block_1_55' title="bbox 2072 2439 3661 2514">
    <p class='ocr_par' dir='ltr' id='par_1_55' title="bbox 2072 2439 3661 2514">
     <span class='ocr_line' id='line_1_55' title="bbox 2072 2439 3661 2514; baseline 0.004 -21"><span class='ocrx_word' id='word_1_430' title='bbox 2072 2454 2178 2493; x_wconf 89' lang='lat' dir='ltr'><strong>non</strong></span> <span class='ocrx_word' id='word_1_431' title='bbox 2226 2439 2306 2494; x_wconf 89' lang='lat' dir='ltr'><strong>eis</strong></span> <span class='ocrx_word' id='word_1_432' title='bbox 2351 2440 2668 2494; x_wconf 87' lang='lat' dir='ltr'><strong>naturaliter</strong></span> <span class='ocrx_word' id='word_1_433' title='bbox 2713 2440 3054 2506; x_wconf 80' lang='lat' dir='ltr'><strong>existentem,</strong></span> <span class='ocrx_word' id='word_1_434' title='bbox 3106 2441 3204 2496; x_wconf 87' lang='lat' dir='ltr'><strong>sed</strong></span> <span class='ocrx_word' id='word_1_435' title='bbox 3255 2444 3661 2514; x_wconf 78' lang='lat' dir='ltr'><strong>opportunitate</strong></span> 
     </span>
    </p>
   </div>
   <div class='ocr_carea' id='block_1_56' title="bbox 2071 2532 3657 2592">
    <p class='ocr_par' dir='ltr' id='par_1_56' title="bbox 2071 2532 3657 2592">
     <span class='ocr_line' id='line_1_56' title="bbox 2071 2532 3657 2592; baseline 0.004 -8"><span class='ocrx_word' id='word_1_436' title='bbox 2071 2546 2280 2586; x_wconf 91' lang='lat' dir='ltr'><strong>morum</strong></span> <span class='ocrx_word' id='word_1_437' title='bbox 2329 2540 2384 2586; x_wconf 90' lang='lat' dir='ltr'><strong>et</strong></span> <span class='ocrx_word' id='word_1_438' title='bbox 2430 2532 2574 2587; x_wconf 93' lang='lat' dir='ltr'><strong>dono</strong></span> <span class='ocrx_word' id='word_1_439' title='bbox 2622 2532 2716 2588; x_wconf 86' lang='lat' dir='ltr'><strong>Dei</strong></span> <span class='ocrx_word' id='word_1_440' title='bbox 2762 2533 2923 2587; x_wconf 85' lang='lat' dir='ltr'><strong>etiam</strong></span> <span class='ocrx_word' id='word_1_441' title='bbox 2964 2534 3277 2590; x_wconf 87' lang='lat' dir='ltr'><strong>mutabilem</strong></span> <span class='ocrx_word' id='word_1_442' title='bbox 3316 2535 3456 2589; x_wconf 91' lang='lat' dir='ltr'><strong>ratio</strong></span> <span class='ocrx_word' id='word_1_443' title='bbox 3488 2537 3657 2592; x_wconf 89' lang='lat' dir='ltr'><strong>novit.</strong></span> 
     </span>
    </p>
   </div>
   <div class='ocr_carea' id='block_1_57' title="bbox 2079 2618 3661 2694">
    <p class='ocr_par' dir='ltr' id='par_1_57' title="bbox 2079 2618 3661 2694">
     <span class='ocr_line' id='line_1_57' title="bbox 2079 2618 3661 2694; baseline 0.005 -21"><span class='ocrx_word' id='word_1_444' title='bbox 2079 2618 2323 2674; x_wconf 79' lang='lat' dir='ltr'><strong>Videntes</strong></span> <span class='ocrx_word' id='word_1_445' title='bbox 2354 2621 2512 2686; x_wconf 84' lang='lat' dir='ltr'><strong>enim,</strong></span> <span class='ocrx_word' id='word_1_446' title='bbox 2543 2621 2732 2690; x_wconf 89' lang='lat' dir='ltr'><strong>inquit,</strong></span> <span class='ocrx_word' id='word_1_447' title='bbox 2759 2622 2857 2693; x_wconf 79' lang='lat' dir='ltr'><strong>ﬁlii</strong></span> <span class='ocrx_word' id='word_1_448' title='bbox 2889 2620 2985 2677; x_wconf 83' lang='lat' dir='ltr'><strong>Dei</strong></span> <span class='ocrx_word' id='word_1_449' title='bbox 3012 2623 3153 2694; x_wconf 78' lang='lat' dir='ltr'><strong>ﬁlias</strong></span> <span class='ocrx_word' id='word_1_450' title='bbox 3192 2623 3478 2689; x_wconf 83' lang='lat' dir='ltr'><strong>hominum,</strong></span> <span class='ocrx_word' id='word_1_451' title='bbox 3509 2643 3661 2681; x_wconf 83' lang='lat' dir='ltr'><strong>acce-</strong></span> 
     </span>
    </p>
   </div>
   <div class='ocr_carea' id='block_1_58' title="bbox 2070 2709 3659 2783">
    <p class='ocr_par' dir='ltr' id='par_1_58' title="bbox 2070 2709 3659 2783">
     <span class='ocr_line' id='line_1_58' title="bbox 2070 2709 3659 2783; baseline 0.006 -23"><span class='ocrx_word' id='word_1_452' title='bbox 2070 2718 2256 2776; x_wconf 82' lang='lat' dir='ltr'><strong>perunt</strong></span> <span class='ocrx_word' id='word_1_453' title='bbox 2287 2709 2384 2763; x_wconf 80' lang='lat' dir='ltr'><strong>sibi</strong></span> <span class='ocrx_word' id='word_1_454' title='bbox 2422 2727 2610 2765; x_wconf 77' lang='lat' dir='ltr'><strong>uxores</strong></span> <span class='ocrx_word' id='word_1_455' title='bbox 2638 2728 2703 2765; x_wconf 77' lang='lat' dir='ltr'><strong>ea:</strong></span> <span class='ocrx_word' id='word_1_456' title='bbox 2729 2711 2858 2782; x_wconf 76' lang='lat' dir='ltr'><strong>ipsis</strong></span> <span class='ocrx_word' id='word_1_457' title='bbox 2881 2709 3088 2783; x_wconf 80' lang='lat' dir='ltr'><strong>(Cenes.</strong></span> <span class='ocrx_word' id='word_1_458' title='bbox 3118 2729 3186 2778; x_wconf 78' lang='lat' dir='ltr'><strong>vr,</strong></span> <span class='ocrx_word' id='word_1_459' title='bbox 3218 2712 3294 2783; x_wconf 76' lang='lat'><strong>9.).</strong></span> <span class='ocrx_word' id='word_1_460' title='bbox 3329 2713 3395 2768; x_wconf 88' lang='lat' dir='ltr'><strong>Et</strong></span> <span class='ocrx_word' id='word_1_461' title='bbox 3423 2715 3617 2770; x_wconf 88' lang='lat' dir='ltr'><strong>iterum</strong></span> <span class='ocrx_word' id='word_1_462' title='bbox 3643 2734 3659 2770; x_wconf 90' lang='lat'><strong>:</strong></span> 
     </span>
    </p>
   </div>
   <div class='ocr_carea' id='block_1_59' title="bbox 2071 2795 3660 2876">
    <p class='ocr_par' dir='ltr' id='par_1_59' title="bbox 2071 2795 3660 2876">
     <span class='ocr_line' id='line_1_59' title="bbox 2071 2795 3660 2876; baseline 0.005 -26"><span class='ocrx_word' id='word_1_463' title='bbox 2071 2795 2239 2851; x_wconf 74' lang='lat' dir='ltr'><strong>Filios</strong></span> <span class='ocrx_word' id='word_1_464' title='bbox 2266 2800 2421 2869; x_wconf 84' lang='lat' dir='ltr'><strong>genui</strong></span> <span class='ocrx_word' id='word_1_465' title='bbox 2445 2811 2493 2854; x_wconf 86' lang='lat' dir='ltr'><strong>et</strong></span> <span class='ocrx_word' id='word_1_466' title='bbox 2520 2801 2779 2866; x_wconf 74' lang='lat' dir='ltr'><strong>exaltani;</strong></span> <span class='ocrx_word' id='word_1_467' title='bbox 2806 2802 2903 2871; x_wconf 79' lang='lat' dir='ltr'><strong>ipsi</strong></span> <span class='ocrx_word' id='word_1_468' title='bbox 2926 2818 3043 2856; x_wconf 81' lang='lat' dir='ltr'><strong>vero</strong></span> <span class='ocrx_word' id='word_1_469' title='bbox 3072 2813 3374 2872; x_wconf 80' lang='lat' dir='ltr'><strong>spreverunt</strong></span> <span class='ocrx_word' id='word_1_470' title='bbox 3400 2822 3481 2857; x_wconf 84' lang='lat' dir='ltr'><strong>me</strong></span> <span class='ocrx_word' id='word_1_471' title='bbox 3505 2800 3660 2876; x_wconf 69' lang='lat' dir='ltr'><strong>(Iani.</strong></span> 
     </span>
    </p>
   </div>
   <div class='ocr_carea' id='block_1_60' title="bbox 2071 2887 3663 2961">
    <p class='ocr_par' dir='ltr' id='par_1_60' title="bbox 2071 2887 3663 2961">
     <span class='ocr_line' id='line_1_60' title="bbox 2071 2887 3663 2961; baseline 0.005 -19"><span class='ocrx_word' id='word_1_472' title='bbox 2071 2904 2112 2956; x_wconf 88' lang='grc' dir='ltr'><strong>ι,</strong></span> <span class='ocrx_word' id='word_1_473' title='bbox 2142 2887 2220 2958; x_wconf 75' lang='grc'><strong>2),</strong></span> <span class='ocrx_word' id='word_1_474' title='bbox 2249 2905 2347 2961; x_wconf 91' lang='lat' dir='ltr'><strong>per</strong></span> <span class='ocrx_word' id='word_1_475' title='bbox 2373 2889 2562 2945; x_wconf 90' lang='lat' dir='ltr'><strong>Isaiam</strong></span> <span class='ocrx_word' id='word_1_476' title='bbox 2603 2890 2772 2946; x_wconf 91' lang='lat' dir='ltr'><strong>Deum</strong></span> <span class='ocrx_word' id='word_1_477' title='bbox 2818 2891 3018 2948; x_wconf 78' lang='lat' dir='ltr'><strong>dixisse</strong></span> <span class='ocrx_word' id='word_1_478' title='bbox 3055 2893 3358 2949; x_wconf 83' lang='lat' dir='ltr'><strong>didicimus.</strong></span> <span class='ocrx_word' id='word_1_479' title='bbox 3385 2892 3548 2949; x_wconf 85' lang='lat' dir='ltr'><strong>Multa</strong></span> <span class='ocrx_word' id='word_1_480' title='bbox 3577 2895 3663 2950; x_wconf 87' lang='lat' dir='ltr'><strong>di-</strong></span> 
     </span>
    </p>
   </div>
   <div class='ocr_carea' id='block_1_61' title="bbox 2074 2980 3665 3057">
    <p class='ocr_par' dir='ltr' id='par_1_61' title="bbox 2074 2980 3665 3057">
     <span class='ocr_line' id='line_1_61' title="bbox 2074 2980 3665 3057; baseline 0.004 -21"><span class='ocrx_word' id='word_1_481' title='bbox 2074 2988 2280 3048; x_wconf 91' lang='lat' dir='ltr'><strong>cturus,</strong></span> <span class='ocrx_word' id='word_1_482' title='bbox 2310 2980 2658 3048; x_wconf 83' lang='lat' dir='ltr'><strong>dilectissimi,</strong></span> <span class='ocrx_word' id='word_1_483' title='bbox 2692 2991 2929 3046; x_wconf 88' lang='lat' dir='ltr'><strong>transeo,</strong></span> <span class='ocrx_word' id='word_1_484' title='bbox 2975 2999 3265 3039; x_wconf 56' lang='lat' dir='ltr'><strong>onerosum</strong></span> <span class='ocrx_word' id='word_1_485' title='bbox 3312 3001 3432 3041; x_wconf 90' lang='lat' dir='ltr'><strong>esse</strong></span> <span class='ocrx_word' id='word_1_486' title='bbox 3470 2996 3665 3057; x_wconf 89' lang='lat' dir='ltr'><strong>putans</strong></span> 
     </span>
    </p>
   </div>
   <div class='ocr_carea' id='block_1_62' title="bbox 382 3063 1970 3149">
    <p class='ocr_par' dir='ltr' id='par_1_62' title="bbox 382 3063 1968 3144">
     <span class='ocr_line' id='line_1_62' title="bbox 382 3063 1968 3144; baseline -0.007 -16"><span class='ocrx_word' id='word_1_487' title='bbox 382 3074 473 3144; x_wconf 88' lang='lat' dir='ltr'><strong>qui</strong></span> <span class='ocrx_word' id='word_1_488' title='bbox 502 3073 830 3143; x_wconf 70' lang='lat' dir='ltr'><strong>splendorem</strong></span> <span class='ocrx_word' id='word_1_489' title='bbox 861 3072 1042 3142; x_wconf 76' lang='lat' dir='ltr'><strong>gloria:</strong></span> <span class='ocrx_word' id='word_1_490' title='bbox 1068 3066 1255 3139; x_wconf 83' lang='lat' dir='ltr'><strong>(Hebr.</strong></span> <span class='ocrx_word' id='word_1_491' title='bbox 1287 3083 1326 3134; x_wconf 89' lang='grc' dir='ltr'><strong>ι,</strong></span> <span class='ocrx_word' id='word_1_492' title='bbox 1351 3066 1405 3131; x_wconf 76' lang='grc'><strong>5)</strong></span> <span class='ocrx_word' id='word_1_493' title='bbox 1437 3072 1543 3119; x_wconf 84' lang='lat' dir='ltr'><strong>non</strong></span> <span class='ocrx_word' id='word_1_494' title='bbox 1572 3063 1703 3119; x_wconf 88' lang='lat' dir='ltr'><strong>dicit</strong></span> <span class='ocrx_word' id='word_1_495' title='bbox 1733 3070 1968 3129; x_wconf 81' lang='lat' dir='ltr'><strong>exstare,</strong></span> 
     </span>
    </p>
   </div>
   <div class='ocr_carea' id='block_1_63' title="bbox 2074 3063 3665 3149">
    <p class='ocr_par' dir='ltr' id='par_1_63' title="bbox 2075 3074 3665 3149">
     <span class='ocr_line' id='line_1_63' title="bbox 2075 3074 3665 3149; baseline 0.003 -19"><span class='ocrx_word' id='word_1_496' title='bbox 2075 3076 2316 3149; x_wconf 90' lang='lat' dir='ltr'><strong>pluribus</strong></span> <span class='ocrx_word' id='word_1_497' title='bbox 2357 3075 2535 3130; x_wconf 83' lang='lat' dir='ltr'><strong>verbis</strong></span> <span class='ocrx_word' id='word_1_498' title='bbox 2582 3075 2864 3130; x_wconf 84' lang='lat' dir='ltr'><strong>unanimes</strong></span> <span class='ocrx_word' id='word_1_499' title='bbox 2908 3074 3204 3131; x_wconf 84' lang='lat' dir='ltr'><strong>admonere</strong></span> <span class='ocrx_word' id='word_1_500' title='bbox 3238 3076 3509 3134; x_wconf 89' lang='lat' dir='ltr'><strong>doctores.</strong></span> <span class='ocrx_word' id='word_1_501' title='bbox 3555 3076 3665 3134; x_wconf 82' lang='lat' dir='ltr'><strong>Vos</strong></span> 
     </span>
    </p>
   </div>
   <div class='ocr_carea' id='block_1_64' title="bbox 385 3151 1968 3233">
    <p class='ocr_par' dir='ltr' id='par_1_64' title="bbox 385 3151 1968 3233">
     <span class='ocr_line' id='line_1_64' title="bbox 385 3151 1968 3233; baseline -0.008 -15"><span class='ocrx_word' id='word_1_502' title='bbox 385 3178 491 3219; x_wconf 85' lang='lat' dir='ltr'><strong>una</strong></span> <span class='ocrx_word' id='word_1_503' title='bbox 524 3161 740 3233; x_wconf 90' lang='lat' dir='ltr'><strong>perimit</strong></span> <span class='ocrx_word' id='word_1_504' title='bbox 766 3172 821 3215; x_wconf 86' lang='lat' dir='ltr'><strong>et</strong></span> <span class='ocrx_word' id='word_1_505' title='bbox 849 3158 1140 3230; x_wconf 88' lang='lat' dir='ltr'><strong>principale</strong></span> <span class='ocrx_word' id='word_1_506' title='bbox 1173 3158 1374 3222; x_wconf 90' lang='lat' dir='ltr'><strong>lumen,</strong></span> <span class='ocrx_word' id='word_1_507' title='bbox 1403 3156 1556 3225; x_wconf 86' lang='lat' dir='ltr'><strong>cujus</strong></span> <span class='ocrx_word' id='word_1_508' title='bbox 1584 3151 1838 3224; x_wconf 85' lang='lat' dir='ltr'><strong>splendor</strong></span> <span class='ocrx_word' id='word_1_509' title='bbox 1865 3161 1968 3208; x_wconf 88' lang='lat' dir='ltr'><strong>est.</strong></span> 
     </span>
    </p>
   </div>
   <div class='ocr_carea' id='block_1_65' title="bbox 385 3246 1973 3321">
    <p class='ocr_par' dir='ltr' id='par_1_65' title="bbox 385 3246 1973 3321">
     <span class='ocr_line' id='line_1_65' title="bbox 385 3246 1973 3321; baseline -0.008 -10"><span class='ocrx_word' id='word_1_510' title='bbox 385 3253 443 3311; x_wconf 88' lang='lat' dir='ltr'><strong>Si</strong></span> <span class='ocrx_word' id='word_1_511' title='bbox 470 3264 651 3311; x_wconf 89' lang='lat' dir='ltr'><strong>autem</strong></span> <span class='ocrx_word' id='word_1_512' title='bbox 679 3262 737 3309; x_wconf 89' lang='lat' dir='ltr'><strong>et</strong></span> <span class='ocrx_word' id='word_1_513' title='bbox 763 3253 940 3321; x_wconf 83' lang='lat' dir='ltr'><strong>imago</strong></span> <span class='ocrx_word' id='word_1_514' title='bbox 981 3250 1075 3305; x_wconf 89' lang='lat' dir='ltr'><strong>Dei</strong></span> <span class='ocrx_word' id='word_1_515' title='bbox 1112 3264 1220 3304; x_wconf 91' lang='lat' dir='ltr'><strong>non</strong></span> <span class='ocrx_word' id='word_1_516' title='bbox 1265 3248 1365 3302; x_wconf 80' lang='lat' dir='ltr'><strong>fuit</strong></span> <span class='ocrx_word' id='word_1_517' title='bbox 1409 3263 1640 3316; x_wconf 87' lang='lat' dir='ltr'><strong>semper,</strong></span> <span class='ocrx_word' id='word_1_518' title='bbox 1671 3254 1819 3317; x_wconf 88' lang='lat' dir='ltr'><strong>patet</strong></span> <span class='ocrx_word' id='word_1_519' title='bbox 1847 3246 1973 3314; x_wconf 89' lang='lat' dir='ltr'><strong>quia</strong></span> 
     </span>
    </p>
   </div>
   <div class='ocr_carea' id='block_1_66' title="bbox 386 3334 1974 3416">
    <p class='ocr_par' dir='ltr' id='par_1_66' title="bbox 386 3334 1974 3416">
     <span class='ocr_line' id='line_1_66' title="bbox 386 3334 1974 3416; baseline -0.009 -12"><span class='ocrx_word' id='word_1_520' title='bbox 386 3364 489 3404; x_wconf 89' lang='lat' dir='ltr'><strong>nec</strong></span> <span class='ocrx_word' id='word_1_521' title='bbox 524 3346 679 3416; x_wconf 91' lang='lat' dir='ltr'><strong>cujus</strong></span> <span class='ocrx_word' id='word_1_522' title='bbox 726 3346 903 3413; x_wconf 87' lang='lat' dir='ltr'><strong>imago</strong></span> <span class='ocrx_word' id='word_1_523' title='bbox 944 3349 1058 3408; x_wconf 84' lang='lat' dir='ltr'><strong>est;</strong></span> <span class='ocrx_word' id='word_1_524' title='bbox 1089 3340 1182 3396; x_wconf 91' lang='lat' dir='ltr'><strong>sed</strong></span> <span class='ocrx_word' id='word_1_525' title='bbox 1212 3338 1374 3394; x_wconf 86' lang='lat' dir='ltr'><strong>etiam</strong></span> <span class='ocrx_word' id='word_1_526' title='bbox 1403 3353 1523 3393; x_wconf 88' lang='lat' dir='ltr'><strong>cum</strong></span> <span class='ocrx_word' id='word_1_527' title='bbox 1552 3353 1658 3391; x_wconf 90' lang='lat' dir='ltr'><strong>non</strong></span> <span class='ocrx_word' id='word_1_528' title='bbox 1698 3345 1780 3390; x_wconf 89' lang='lat' dir='ltr'><strong>est</strong></span> <span class='ocrx_word' id='word_1_529' title='bbox 1807 3334 1974 3405; x_wconf 83' lang='lat' dir='ltr'><strong>ﬁgura</strong></span> 
     </span>
    </p>
   </div>
   <div class='ocr_carea' id='block_1_67' title="bbox 386 3426 1976 3502">
    <p class='ocr_par' dir='ltr' id='par_1_67' title="bbox 386 3426 1976 3502">
     <span class='ocr_line' id='line_1_67' title="bbox 386 3426 1976 3502; baseline -0.009 -7"><span class='ocrx_word' id='word_1_530' title='bbox 386 3438 747 3496; x_wconf 73' lang='lat' dir='ltr'><strong>subsistentia:</strong></span> <span class='ocrx_word' id='word_1_531' title='bbox 770 3436 882 3500; x_wconf 89' lang='lat' dir='ltr'><strong>Dei,</strong></span> <span class='ocrx_word' id='word_1_532' title='bbox 910 3449 1012 3489; x_wconf 87' lang='lat' dir='ltr'><strong>una</strong></span> <span class='ocrx_word' id='word_1_533' title='bbox 1043 3431 1322 3502; x_wconf 88' lang='lat' dir='ltr'><strong>perimitur</strong></span> <span class='ocrx_word' id='word_1_534' title='bbox 1341 3438 1396 3484; x_wconf 92' lang='lat' dir='ltr'><strong>et</strong></span> <span class='ocrx_word' id='word_1_535' title='bbox 1418 3428 1505 3482; x_wconf 90' lang='lat' dir='ltr'><strong>ille</strong></span> <span class='ocrx_word' id='word_1_536' title='bbox 1531 3427 1623 3496; x_wconf 87' lang='lat' dir='ltr'><strong>qui</strong></span> <span class='ocrx_word' id='word_1_537' title='bbox 1650 3429 1702 3481; x_wconf 92' lang='lat' dir='ltr'><strong>in</strong></span> <span class='ocrx_word' id='word_1_538' title='bbox 1728 3426 1976 3481; x_wconf 88' lang='lat' dir='ltr'><strong>omnibus</strong></span> 
     </span>
    </p>
   </div>
   <div class='ocr_carea' id='block_1_68' title="bbox 389 3514 1981 3595">
    <p class='ocr_par' dir='ltr' id='par_1_68' title="bbox 389 3514 1981 3595">
     <span class='ocr_line' id='line_1_68' title="bbox 389 3514 1981 3595; baseline -0.007 -11"><span class='ocrx_word' id='word_1_539' title='bbox 389 3531 457 3584; x_wconf 86' lang='lat' dir='ltr'><strong>ab</strong></span> <span class='ocrx_word' id='word_1_540' title='bbox 498 3544 565 3582; x_wconf 89' lang='lat' dir='ltr'><strong>eo</strong></span> <span class='ocrx_word' id='word_1_541' title='bbox 612 3527 887 3595; x_wconf 80' lang='lat' dir='ltr'><strong>ﬁguratur.</strong></span> <span class='ocrx_word' id='word_1_542' title='bbox 925 3520 1003 3577; x_wconf 78' lang='lat' dir='ltr'><strong>Ex</strong></span> <span class='ocrx_word' id='word_1_543' title='bbox 1046 3538 1156 3592; x_wconf 89' lang='lat' dir='ltr'><strong>quo</strong></span> <span class='ocrx_word' id='word_1_544' title='bbox 1197 3528 1421 3591; x_wconf 85' lang='lat' dir='ltr'><strong>apparet</strong></span> <span class='ocrx_word' id='word_1_545' title='bbox 1456 3517 1646 3573; x_wconf 87' lang='lat' dir='ltr'><strong>lilietas</strong></span> <span class='ocrx_word' id='word_1_546' title='bbox 1682 3514 1981 3573; x_wconf 84' lang='lat' dir='ltr'><strong>Saivatoris</strong></span> 
     </span>
    </p>
   </div>
   <div class='ocr_carea' id='block_1_69' title="bbox 389 3608 1977 3680">
    <p class='ocr_par' dir='ltr' id='par_1_69' title="bbox 389 3608 1977 3680">
     <span class='ocr_line' id='line_1_69' title="bbox 389 3608 1977 3680; baseline -0.008 -6"><span class='ocrx_word' id='word_1_547' title='bbox 389 3617 580 3680; x_wconf 87' lang='lat' dir='ltr'><strong>nostri,</strong></span> <span class='ocrx_word' id='word_1_548' title='bbox 616 3616 814 3670; x_wconf 87' lang='lat' dir='ltr'><strong>nullam</strong></span> <span class='ocrx_word' id='word_1_549' title='bbox 849 3614 1056 3668; x_wconf 89' lang='lat' dir='ltr'><strong>habens</strong></span> <span class='ocrx_word' id='word_1_550' title='bbox 1097 3610 1535 3668; x_wconf 79' lang='lat' dir='ltr'><strong>commixtionem</strong></span> <span class='ocrx_word' id='word_1_551' title='bbox 1566 3608 1631 3662; x_wconf 90' lang='lat' dir='ltr'><strong>ad</strong></span> <span class='ocrx_word' id='word_1_552' title='bbox 1658 3617 1977 3663; x_wconf 67' lang='lat' dir='ltr'><strong>ceterorum</strong></span> 
     </span>
    </p>
   </div>
   <div class='ocr_carea' id='block_1_70' title="bbox 391 3697 1978 3773">
    <p class='ocr_par' dir='ltr' id='par_1_70' title="bbox 391 3697 1978 3773">
     <span class='ocr_line' id='line_1_70' title="bbox 391 3697 1978 3773; baseline -0.005 -13"><span class='ocrx_word' id='word_1_553' title='bbox 391 3710 688 3763; x_wconf 81' lang='lat' dir='ltr'><strong>iiiietatem.</strong></span> <span class='ocrx_word' id='word_1_554' title='bbox 718 3704 1181 3773; x_wconf 84' lang='lat' dir='ltr'><strong>Quemadmodum</strong></span> <span class='ocrx_word' id='word_1_555' title='bbox 1216 3702 1359 3758; x_wconf 86' lang='lat' dir='ltr'><strong>enim</strong></span> <span class='ocrx_word' id='word_1_556' title='bbox 1399 3697 1684 3755; x_wconf 72' lang='lat' dir='ltr'><strong>ineliabilis</strong></span> <span class='ocrx_word' id='word_1_557' title='bbox 1709 3698 1823 3767; x_wconf 90' lang='lat' dir='ltr'><strong>ejus</strong></span> <span class='ocrx_word' id='word_1_558' title='bbox 1851 3697 1978 3753; x_wconf 90' lang='lat' dir='ltr'><strong>sub-</strong></span> 
     </span>
    </p>
   </div>
   <div class='ocr_carea' id='block_1_71' title="bbox 389 3789 1977 3867">
    <p class='ocr_par' dir='ltr' id='par_1_71' title="bbox 389 3789 1977 3867">
     <span class='ocr_line' id='line_1_71' title="bbox 389 3789 1977 3867; baseline -0.007 -14"><span class='ocrx_word' id='word_1_559' title='bbox 389 3799 635 3855; x_wconf 87' lang='lat' dir='ltr'><strong>sistentia</strong></span> <span class='ocrx_word' id='word_1_560' title='bbox 665 3794 1068 3867; x_wconf 88' lang='lat' dir='ltr'><strong>incomparabili</strong></span> <span class='ocrx_word' id='word_1_561' title='bbox 1094 3792 1414 3849; x_wconf 78' lang='lat' dir='ltr'><strong>excellentia</strong></span> <span class='ocrx_word' id='word_1_562' title='bbox 1443 3789 1822 3845; x_wconf 89' lang='lat' dir='ltr'><strong>transcendere</strong></span> <span class='ocrx_word' id='word_1_563' title='bbox 1850 3806 1977 3859; x_wconf 86' lang='lat' dir='ltr'><strong>pro-</strong></span> 
     </span>
    </p>
   </div>
   <div class='ocr_carea' id='block_1_72' title="bbox 391 3881 1979 3956">
    <p class='ocr_par' dir='ltr' id='par_1_72' title="bbox 391 3881 1979 3956">
     <span class='ocr_line' id='line_1_72' title="bbox 391 3881 1979 3956; baseline -0.008 -11"><span class='ocrx_word' id='word_1_564' title='bbox 391 3890 549 3946; x_wconf 81' lang='lat' dir='ltr'><strong>batur</strong></span> <span class='ocrx_word' id='word_1_565' title='bbox 597 3889 843 3944; x_wconf 89' lang='lat' dir='ltr'><strong>universa</strong></span> <span class='ocrx_word' id='word_1_566' title='bbox 890 3886 1083 3956; x_wconf 88' lang='lat' dir='ltr'><strong>quibus</strong></span> <span class='ocrx_word' id='word_1_567' title='bbox 1129 3886 1245 3954; x_wconf 88' lang='lat' dir='ltr'><strong>ipse</strong></span> <span class='ocrx_word' id='word_1_568' title='bbox 1288 3885 1511 3937; x_wconf 73' lang='lat' dir='ltr'><strong>domvit</strong></span> <span class='ocrx_word' id='word_1_569' title='bbox 1558 3890 1615 3935; x_wconf 91' lang='lat' dir='ltr'><strong>ut</strong></span> <span class='ocrx_word' id='word_1_570' title='bbox 1654 3883 1781 3937; x_wconf 80' lang='lat' dir='ltr'><strong>sint.</strong></span> <span class='ocrx_word' id='word_1_571' title='bbox 1814 3881 1884 3934; x_wconf 86' lang='lat' dir='ltr'><strong>ita</strong></span> <span class='ocrx_word' id='word_1_572' title='bbox 1923 3886 1979 3934; x_wconf 86' lang='lat' dir='ltr'><strong>et</strong></span> 
     </span>
    </p>
   </div>
   <div class='ocr_carea' id='block_1_73' title="bbox 392 3972 1978 4050">
    <p class='ocr_par' dir='ltr' id='par_1_73' title="bbox 392 3972 1978 4050">
     <span class='ocr_line' id='line_1_73' title="bbox 392 3972 1978 4050; baseline -0.007 -15"><span class='ocrx_word' id='word_1_573' title='bbox 392 3983 586 4036; x_wconf 88' lang='lat' dir='ltr'><strong>lilietas</strong></span> <span class='ocrx_word' id='word_1_574' title='bbox 635 3979 752 4050; x_wconf 88' lang='lat' dir='ltr'><strong>ejus</strong></span> <span class='ocrx_word' id='word_1_575' title='bbox 794 3979 1052 4033; x_wconf 86' lang='lat' dir='ltr'><strong>naturalis</strong></span> <span class='ocrx_word' id='word_1_576' title='bbox 1088 3977 1326 4032; x_wconf 83' lang='lat' dir='ltr'><strong>existens</strong></span> <span class='ocrx_word' id='word_1_577' title='bbox 1372 3982 1609 4045; x_wconf 71' lang='lat' dir='ltr'><strong>paterna:</strong></span> <span class='ocrx_word' id='word_1_578' title='bbox 1650 3972 1978 4038; x_wconf 89' lang='lat' dir='ltr'><strong>divinitatis,</strong></span> 
     </span>
    </p>
   </div>
   <div class='ocr_carea' id='block_1_74' title="bbox 392 4064 1978 4145">
    <p class='ocr_par' dir='ltr' id='par_1_74' title="bbox 392 4064 1978 4145">
     <span class='ocr_line' id='line_1_74' title="bbox 392 4064 1978 4145; baseline -0.008 -16"><span class='ocrx_word' id='word_1_579' title='bbox 392 4072 648 4145; x_wconf 72' lang='lat' dir='ltr'><strong>ineffabili</strong></span> <span class='ocrx_word' id='word_1_580' title='bbox 696 4070 1024 4127; x_wconf 86' lang='lat' dir='ltr'><strong>sublimitate</strong></span> <span class='ocrx_word' id='word_1_581' title='bbox 1070 4065 1248 4122; x_wconf 79' lang='lat' dir='ltr'><strong>dili&#39;ert</strong></span> <span class='ocrx_word' id='word_1_582' title='bbox 1289 4067 1357 4120; x_wconf 91' lang='lat' dir='ltr'><strong>ab</strong></span> <span class='ocrx_word' id='word_1_583' title='bbox 1398 4066 1476 4120; x_wconf 89' lang='lat' dir='ltr'><strong>eis</strong></span> <span class='ocrx_word' id='word_1_584' title='bbox 1512 4065 1602 4135; x_wconf 92' lang='lat' dir='ltr'><strong>qui</strong></span> <span class='ocrx_word' id='word_1_585' title='bbox 1640 4079 1737 4135; x_wconf 87' lang='lat' dir='ltr'><strong>per</strong></span> <span class='ocrx_word' id='word_1_586' title='bbox 1773 4079 1895 4118; x_wconf 90' lang='lat' dir='ltr'><strong>eum</strong></span> <span class='ocrx_word' id='word_1_587' title='bbox 1924 4064 1978 4117; x_wconf 91' lang='lat' dir='ltr'><strong>in</strong></span> 
     </span>
    </p>
   </div>
   <div class='ocr_carea' id='block_1_75' title="bbox 391 4153 1982 4236">
    <p class='ocr_par' dir='ltr' id='par_1_75' title="bbox 391 4153 1982 4236">
     <span class='ocr_line' id='line_1_75' title="bbox 391 4153 1982 4236; baseline -0.008 -15"><span class='ocrx_word' id='word_1_588' title='bbox 391 4164 740 4236; x_wconf 82' lang='lat' dir='ltr'><strong>adoptionem</strong></span> <span class='ocrx_word' id='word_1_589' title='bbox 762 4160 1000 4232; x_wconf 89' lang='lat' dir='ltr'><strong>adoptati</strong></span> <span class='ocrx_word' id='word_1_590' title='bbox 1030 4165 1156 4215; x_wconf 90' lang='lat' dir='ltr'><strong>sunt</strong></span> <span class='ocrx_word' id='word_1_591' title='bbox 1186 4158 1300 4214; x_wconf 89' lang='lat' dir='ltr'><strong>lilii.</strong></span> <span class='ocrx_word' id='word_1_592' title='bbox 1321 4157 1371 4212; x_wconf 87' lang='lat' dir='ltr'><strong>is</strong></span> <span class='ocrx_word' id='word_1_593' title='bbox 1390 4156 1531 4211; x_wconf 90' lang='lat' dir='ltr'><strong>enim</strong></span> <span class='ocrx_word' id='word_1_594' title='bbox 1562 4153 1982 4211; x_wconf 87' lang='lat' dir='ltr'><strong>inconvertibilis</strong></span> 
     </span>
    </p>
   </div>
   <div class='ocr_carea' id='block_1_76' title="bbox 392 4244 1980 4323">
    <p class='ocr_par' dir='ltr' id='par_1_76' title="bbox 392 4244 1980 4323">
     <span class='ocr_line' id='line_1_76' title="bbox 392 4244 1980 4323; baseline -0.008 -11"><span class='ocrx_word' id='word_1_595' title='bbox 392 4256 654 4321; x_wconf 79' lang='lat' dir='ltr'><strong>existens,</strong></span> <span class='ocrx_word' id='word_1_596' title='bbox 706 4263 895 4309; x_wconf 90' lang='lat' dir='ltr'><strong>natura</strong></span> <span class='ocrx_word' id='word_1_597' title='bbox 946 4251 1216 4323; x_wconf 82' lang='lat' dir='ltr'><strong>perfectus</strong></span> <span class='ocrx_word' id='word_1_598' title='bbox 1252 4257 1355 4314; x_wconf 89' lang='lat' dir='ltr'><strong>est,</strong></span> <span class='ocrx_word' id='word_1_599' title='bbox 1390 4256 1444 4301; x_wconf 86' lang='lat' dir='ltr'><strong>et</strong></span> <span class='ocrx_word' id='word_1_600' title='bbox 1480 4246 1531 4301; x_wconf 89' lang='lat' dir='ltr'><strong>in</strong></span> <span class='ocrx_word' id='word_1_601' title='bbox 1573 4248 1823 4303; x_wconf 89' lang='lat' dir='ltr'><strong>omnibus</strong></span> <span class='ocrx_word' id='word_1_602' title='bbox 1850 4244 1980 4300; x_wconf 85' lang='lat' dir='ltr'><strong>nihil</strong></span> 
     </span>
    </p>
   </div>
   <div class='ocr_carea' id='block_1_77' title="bbox 393 4336 1981 4417">
    <p class='ocr_par' dir='ltr' id='par_1_77' title="bbox 393 4336 1981 4417">
     <span class='ocr_line' id='line_1_77' title="bbox 393 4336 1981 4417; baseline -0.008 -16"><span class='ocrx_word' id='word_1_603' title='bbox 393 4359 596 4417; x_wconf 81' lang='lat' dir='ltr'><strong>egens;</strong></span> <span class='ocrx_word' id='word_1_604' title='bbox 632 4344 685 4399; x_wconf 87' lang='lat' dir='ltr'><strong>hi</strong></span> <span class='ocrx_word' id='word_1_605' title='bbox 718 4361 847 4400; x_wconf 85' lang='lat' dir='ltr'><strong>vero</strong></span> <span class='ocrx_word' id='word_1_606' title='bbox 876 4344 929 4397; x_wconf 88' lang='lat' dir='ltr'><strong>in</strong></span> <span class='ocrx_word' id='word_1_607' title='bbox 961 4352 1190 4411; x_wconf 87' lang='lat' dir='ltr'><strong>utroque</strong></span> <span class='ocrx_word' id='word_1_608' title='bbox 1218 4336 1559 4394; x_wconf 89' lang='lat' dir='ltr'><strong>mutabilitati</strong></span> <span class='ocrx_word' id='word_1_609' title='bbox 1594 4336 1790 4392; x_wconf 88' lang='lat' dir='ltr'><strong>subditi</strong></span> <span class='ocrx_word' id='word_1_610' title='bbox 1822 4344 1981 4404; x_wconf 88' lang='lat' dir='ltr'><strong>egent</strong></span> 
     </span>
    </p>
   </div>
   <div class='ocr_carea' id='block_1_78' title="bbox 2076 3166 3665 3242">
    <p class='ocr_par' dir='ltr' id='par_1_78' title="bbox 2076 3166 3665 3242">
     <span class='ocr_line' id='line_1_78' title="bbox 2076 3166 3665 3242; baseline 0.003 -19"><span class='ocrx_word' id='word_1_611' title='bbox 2076 3168 2177 3238; x_wconf 88' lang='lat' dir='ltr'><strong>ipsi</strong></span> <span class='ocrx_word' id='word_1_612' title='bbox 2206 3167 2349 3222; x_wconf 93' lang='lat' dir='ltr'><strong>enim</strong></span> <span class='ocrx_word' id='word_1_613' title='bbox 2378 3167 2507 3221; x_wconf 90' lang='lat' dir='ltr'><strong>estis</strong></span> <span class='ocrx_word' id='word_1_614' title='bbox 2534 3166 2727 3220; x_wconf 89' lang='lat' dir='ltr'><strong>eruditi</strong></span> <span class='ocrx_word' id='word_1_615' title='bbox 2755 3166 3028 3233; x_wconf 89' lang='lat' dir='ltr'><strong>divinitus,</strong></span> <span class='ocrx_word' id='word_1_616' title='bbox 3062 3184 3168 3222; x_wconf 89' lang='lat' dir='ltr'><strong>non</strong></span> <span class='ocrx_word' id='word_1_617' title='bbox 3214 3170 3520 3237; x_wconf 84' lang='lat' dir='ltr'><strong>ignorantes</strong></span> <span class='ocrx_word' id='word_1_618' title='bbox 3540 3171 3665 3242; x_wconf 82' lang='lat' dir='ltr'><strong>quia</strong></span> 
     </span>
    </p>
   </div>
   <div class='ocr_carea' id='block_1_79' title="bbox 2075 3256 3667 3327">
    <p class='ocr_par' dir='ltr' id='par_1_79' title="bbox 2075 3256 3667 3327">
     <span class='ocr_line' id='line_1_79' title="bbox 2075 3256 3667 3327; baseline 0.003 -14"><span class='ocrx_word' id='word_1_619' title='bbox 2075 3256 2319 3313; x_wconf 89' lang='lat' dir='ltr'><strong>doctrina</strong></span> <span class='ocrx_word' id='word_1_620' title='bbox 2349 3272 2468 3325; x_wconf 63' lang='lat' dir='ltr'><strong>quae</strong></span> <span class='ocrx_word' id='word_1_621' title='bbox 2499 3272 2669 3327; x_wconf 90' lang='lat' dir='ltr'><strong>nuper</strong></span> <span class='ocrx_word' id='word_1_622' title='bbox 2696 3264 2887 3310; x_wconf 87' lang='lat' dir='ltr'><strong>contra</strong></span> <span class='ocrx_word' id='word_1_623' title='bbox 2935 3257 3189 3325; x_wconf 88' lang='lat' dir='ltr'><strong>pietatem</strong></span> <span class='ocrx_word' id='word_1_624' title='bbox 3233 3260 3465 3315; x_wconf 81' lang='lat' dir='ltr'><strong>surrexit</strong></span> <span class='ocrx_word' id='word_1_625' title='bbox 3491 3262 3667 3317; x_wconf 83' lang='lat' dir='ltr'><strong>eccle-</strong></span> 
     </span>
    </p>
   </div>
   <div class='ocr_carea' id='block_1_80' title="bbox 2075 3347 3667 3414">
    <p class='ocr_par' dir='ltr' id='par_1_80' title="bbox 2075 3347 3667 3414">
     <span class='ocr_line' id='line_1_80' title="bbox 2075 3347 3667 3414; baseline 0.003 -11"><span class='ocrx_word' id='word_1_626' title='bbox 2075 3349 2363 3411; x_wconf 88' lang='lat' dir='ltr'><strong>siasticam,</strong></span> <span class='ocrx_word' id='word_1_627' title='bbox 2395 3347 2652 3403; x_wconf 88' lang='lat' dir='ltr'><strong>llebionis</strong></span> <span class='ocrx_word' id='word_1_628' title='bbox 2680 3355 2784 3411; x_wconf 87' lang='lat' dir='ltr'><strong>est,</strong></span> <span class='ocrx_word' id='word_1_629' title='bbox 2815 3355 2871 3402; x_wconf 90' lang='lat' dir='ltr'><strong>et</strong></span> <span class='ocrx_word' id='word_1_630' title='bbox 2898 3348 3223 3414; x_wconf 80' lang='lat' dir='ltr'><strong>Artemonis,</strong></span> <span class='ocrx_word' id='word_1_631' title='bbox 3256 3361 3311 3405; x_wconf 90' lang='lat' dir='ltr'><strong>et</strong></span> <span class='ocrx_word' id='word_1_632' title='bbox 3340 3352 3485 3406; x_wconf 86' lang='lat' dir='ltr'><strong>zelus</strong></span> <span class='ocrx_word' id='word_1_633' title='bbox 3515 3352 3667 3409; x_wconf 85' lang='lat' dir='ltr'><strong>i‘auii</strong></span> 
     </span>
    </p>
   </div>
   <div class='ocr_carea' id='block_1_81' title="bbox 2077 3438 3667 3508">
    <p class='ocr_par' dir='ltr' id='par_1_81' title="bbox 2077 3438 3667 3508">
     <span class='ocr_line' id='line_1_81' title="bbox 2077 3438 3667 3508; baseline 0.002 -14"><span class='ocrx_word' id='word_1_634' title='bbox 2077 3439 2415 3494; x_wconf 88' lang='lat' dir='ltr'><strong>Samosateni</strong></span> <span class='ocrx_word' id='word_1_635' title='bbox 2440 3438 2508 3493; x_wconf 90' lang='lat' dir='ltr'><strong>de</strong></span> <span class='ocrx_word' id='word_1_636' title='bbox 2534 3438 2837 3504; x_wconf 82' lang='lat' dir='ltr'><strong>Antiochia,</strong></span> <span class='ocrx_word' id='word_1_637' title='bbox 2862 3438 3107 3508; x_wconf 82' lang='lat' dir='ltr'><strong>synodali</strong></span> <span class='ocrx_word' id='word_1_638' title='bbox 3134 3447 3402 3495; x_wconf 89' lang='lat' dir='ltr'><strong>conventu</strong></span> <span class='ocrx_word' id='word_1_639' title='bbox 3427 3443 3667 3497; x_wconf 86' lang='lat' dir='ltr'><strong>omnium</strong></span> 
     </span>
    </p>
   </div>
   <div class='ocr_carea' id='block_1_82' title="bbox 2079 3527 3669 3602">
    <p class='ocr_par' dir='ltr' id='par_1_82' title="bbox 2079 3527 3669 3602">
     <span class='ocr_line' id='line_1_82' title="bbox 2079 3527 3669 3602; baseline -0.002 -16"><span class='ocrx_word' id='word_1_640' title='bbox 2079 3532 2453 3602; x_wconf 88' lang='lat' dir='ltr'><strong>episcoporum</strong></span> <span class='ocrx_word' id='word_1_641' title='bbox 2482 3530 2550 3584; x_wconf 92' lang='lat' dir='ltr'><strong>ab</strong></span> <span class='ocrx_word' id='word_1_642' title='bbox 2578 3527 2815 3584; x_wconf 88' lang='lat' dir='ltr'><strong>Ecclesia</strong></span> <span class='ocrx_word' id='word_1_643' title='bbox 2843 3528 3003 3598; x_wconf 90' lang='lat' dir='ltr'><strong>pulsi.</strong></span> <span class='ocrx_word' id='word_1_644' title='bbox 3030 3527 3130 3583; x_wconf 88' lang='lat' dir='ltr'><strong>Cui</strong></span> <span class='ocrx_word' id='word_1_645' title='bbox 3158 3529 3456 3585; x_wconf 85' lang='lat' dir='ltr'><strong>succedens</strong></span> <span class='ocrx_word' id='word_1_646' title='bbox 3481 3531 3669 3586; x_wconf 75' lang='lat' dir='ltr'><strong>Lucin-</strong></span> 
     </span>
    </p>
   </div>
   <div class='ocr_carea' id='block_1_83' title="bbox 2081 3618 3666 3690">
    <p class='ocr_par' dir='ltr' id='par_1_83' title="bbox 2081 3618 3666 3690">
     <span class='ocr_line' id='line_1_83' title="bbox 2081 3618 3666 3690; baseline -0.001 -14"><span class='ocrx_word' id='word_1_647' title='bbox 2081 3637 2199 3688; x_wconf 89' lang='lat' dir='ltr'><strong>nus,</strong></span> <span class='ocrx_word' id='word_1_648' title='bbox 2226 3630 2376 3676; x_wconf 79' lang='lat' dir='ltr'><strong>extra</strong></span> <span class='ocrx_word' id='word_1_649' title='bbox 2407 3632 2705 3690; x_wconf 80' lang='lat' dir='ltr'><strong>synagogas</strong></span> <span class='ocrx_word' id='word_1_650' title='bbox 2732 3619 2929 3672; x_wconf 89' lang='lat' dir='ltr'><strong>mansit</strong></span> <span class='ocrx_word' id='word_1_651' title='bbox 2954 3620 3114 3672; x_wconf 91' lang='lat' dir='ltr'><strong>trium</strong></span> <span class='ocrx_word' id='word_1_652' title='bbox 3144 3618 3519 3689; x_wconf 88' lang='lat' dir='ltr'><strong>episcoporum</strong></span> <span class='ocrx_word' id='word_1_653' title='bbox 3544 3621 3666 3689; x_wconf 83' lang='lat' dir='ltr'><strong>plu-</strong></span> 
     </span>
    </p>
   </div>
   <div class='ocr_carea' id='block_1_84' title="bbox 2080 3707 3669 3781">
    <p class='ocr_par' dir='ltr' id='par_1_84' title="bbox 2080 3707 3669 3781">
     <span class='ocr_line' id='line_1_84' title="bbox 2080 3707 3669 3781; baseline -0.001 -14"><span class='ocrx_word' id='word_1_654' title='bbox 2080 3715 2215 3769; x_wconf 89' lang='lat' dir='ltr'><strong>rimo</strong></span> <span class='ocrx_word' id='word_1_655' title='bbox 2259 3722 2523 3781; x_wconf 88' lang='lat' dir='ltr'><strong>tempore.</strong></span> <span class='ocrx_word' id='word_1_656' title='bbox 2566 3710 2807 3777; x_wconf 88' lang='lat' dir='ltr'><strong>Quormn</strong></span> <span class='ocrx_word' id='word_1_657' title='bbox 2845 3709 3137 3780; x_wconf 87' lang='lat' dir='ltr'><strong>impietatis</strong></span> <span class='ocrx_word' id='word_1_658' title='bbox 3174 3707 3357 3765; x_wconf 62' lang='lat' dir='ltr'><strong>faecem</strong></span> <span class='ocrx_word' id='word_1_659' title='bbox 3387 3711 3669 3766; x_wconf 68' lang='lat' dir='ltr'><strong>sorbentes</strong></span> 
     </span>
    </p>
   </div>
   <div class='ocr_carea' id='block_1_85' title="bbox 2082 3801 3670 3871">
    <p class='ocr_par' dir='ltr' id='par_1_85' title="bbox 2082 3801 3670 3871">
     <span class='ocr_line' id='line_1_85' title="bbox 2082 3801 3670 3871; baseline -0.003 -13"><span class='ocrx_word' id='word_1_660' title='bbox 2082 3804 2188 3868; x_wconf 86' lang='lat' dir='ltr'><strong>isti,</strong></span> <span class='ocrx_word' id='word_1_661' title='bbox 2216 3818 2359 3857; x_wconf 89' lang='lat' dir='ltr'><strong>nunc</strong></span> <span class='ocrx_word' id='word_1_662' title='bbox 2389 3801 2565 3864; x_wconf 88' lang='lat' dir='ltr'><strong>nobis,</strong></span> <span class='ocrx_word' id='word_1_663' title='bbox 2593 3816 2660 3855; x_wconf 81' lang='lat' dir='ltr'><strong>ex</strong></span> <span class='ocrx_word' id='word_1_664' title='bbox 2687 3816 2793 3855; x_wconf 89' lang='lat' dir='ltr'><strong>non</strong></span> <span class='ocrx_word' id='word_1_665' title='bbox 2821 3801 3175 3856; x_wconf 77' lang='lat' dir='ltr'><strong>existentibus</strong></span> <span class='ocrx_word' id='word_1_666' title='bbox 3215 3801 3427 3861; x_wconf 87' lang='lat' dir='ltr'><strong>illorum</strong></span> <span class='ocrx_word' id='word_1_667' title='bbox 3458 3801 3670 3871; x_wconf 82' lang='lat' dir='ltr'><strong>planta-</strong></span> 
     </span>
    </p>
   </div>
   <div class='ocr_carea' id='block_1_86' title="bbox 2084 3888 3668 3960">
    <p class='ocr_par' dir='ltr' id='par_1_86' title="bbox 2084 3888 3668 3960">
     <span class='ocr_line' id='line_1_86' title="bbox 2084 3888 3668 3960; baseline -0.001 -13"><span class='ocrx_word' id='word_1_668' title='bbox 2084 3895 2254 3947; x_wconf 89' lang='lat' dir='ltr'><strong>tiones</strong></span> <span class='ocrx_word' id='word_1_669' title='bbox 2276 3892 2567 3947; x_wconf 85' lang='lat' dir='ltr'><strong>absconsas</strong></span> <span class='ocrx_word' id='word_1_670' title='bbox 2586 3890 2850 3960; x_wconf 88' lang='lat' dir='ltr'><strong>pullulare</strong></span> <span class='ocrx_word' id='word_1_671' title='bbox 2872 3888 3115 3944; x_wconf 80' lang='lat' dir='ltr'><strong>fecerunt</strong></span> <span class='ocrx_word' id='word_1_672' title='bbox 3135 3888 3309 3954; x_wconf 76' lang='lat' dir='ltr'><strong>Arius,</strong></span> <span class='ocrx_word' id='word_1_673' title='bbox 3337 3899 3392 3946; x_wconf 88' lang='lat' dir='ltr'><strong>et</strong></span> <span class='ocrx_word' id='word_1_674' title='bbox 3414 3891 3668 3955; x_wconf 84' lang='lat' dir='ltr'><strong>Achillas,</strong></span> 
     </span>
    </p>
   </div>
   <div class='ocr_carea' id='block_1_87' title="bbox 2081 3979 3669 4049">
    <p class='ocr_par' dir='ltr' id='par_1_87' title="bbox 2081 3979 3669 4049">
     <span class='ocr_line' id='line_1_87' title="bbox 2081 3979 3669 4049; baseline -0.006 -11"><span class='ocrx_word' id='word_1_675' title='bbox 2081 3991 2138 4038; x_wconf 90' lang='lat' dir='ltr'><strong>et</strong></span> <span class='ocrx_word' id='word_1_676' title='bbox 2165 3998 2285 4037; x_wconf 90' lang='lat' dir='ltr'><strong>cum</strong></span> <span class='ocrx_word' id='word_1_677' title='bbox 2318 3982 2419 4036; x_wconf 90' lang='lat' dir='ltr'><strong>illis</strong></span> <span class='ocrx_word' id='word_1_678' title='bbox 2447 3980 2729 4036; x_wconf 88' lang='lat' dir='ltr'><strong>concilium</strong></span> <span class='ocrx_word' id='word_1_679' title='bbox 2776 3979 3209 4049; x_wconf 87' lang='lat' dir='ltr'><strong>malignantium;</strong></span> <span class='ocrx_word' id='word_1_680' title='bbox 3241 3988 3296 4035; x_wconf 87' lang='lat' dir='ltr'><strong>et</strong></span> <span class='ocrx_word' id='word_1_681' title='bbox 3326 3981 3506 4035; x_wconf 81' lang='lat' dir='ltr'><strong>nescio</strong></span> <span class='ocrx_word' id='word_1_682' title='bbox 3531 3996 3669 4049; x_wconf 79' lang='lat' dir='ltr'><strong>quu-</strong></span> 
     </span>
    </p>
   </div>
   <div class='ocr_carea' id='block_1_88' title="bbox 2082 4069 3671 4142">
    <p class='ocr_par' dir='ltr' id='par_1_88' title="bbox 2082 4069 3671 4142">
     <span class='ocr_line' id='line_1_88' title="bbox 2082 4069 3671 4142; baseline -0.003 -14"><span class='ocrx_word' id='word_1_683' title='bbox 2082 4073 2245 4128; x_wconf 90' lang='lat' dir='ltr'><strong>modo</strong></span> <span class='ocrx_word' id='word_1_684' title='bbox 2274 4073 2326 4126; x_wconf 91' lang='lat' dir='ltr'><strong>in</strong></span> <span class='ocrx_word' id='word_1_685' title='bbox 2357 4070 2512 4142; x_wconf 81' lang='lat' dir='ltr'><strong>Syria</strong></span> <span class='ocrx_word' id='word_1_686' title='bbox 2558 4079 2668 4126; x_wconf 87' lang='lat' dir='ltr'><strong>tres</strong></span> <span class='ocrx_word' id='word_1_687' title='bbox 2714 4070 2945 4126; x_wconf 90' lang='lat' dir='ltr'><strong>ordinati</strong></span> <span class='ocrx_word' id='word_1_688' title='bbox 2985 4070 3244 4141; x_wconf 87' lang='lat' dir='ltr'><strong>episcopi,</strong></span> <span class='ocrx_word' id='word_1_689' title='bbox 3272 4085 3339 4125; x_wconf 91' lang='lat' dir='ltr'><strong>eo</strong></span> <span class='ocrx_word' id='word_1_690' title='bbox 3361 4069 3506 4138; x_wconf 84' lang='lat' dir='ltr'><strong>quod</strong></span> <span class='ocrx_word' id='word_1_691' title='bbox 3535 4086 3671 4126; x_wconf 83' lang='lat' dir='ltr'><strong>con-</strong></span> 
     </span>
    </p>
   </div>
   <div class='ocr_carea' id='block_1_89' title="bbox 2082 4159 3673 4231">
    <p class='ocr_par' dir='ltr' id='par_1_89' title="bbox 2082 4159 3673 4231">
     <span class='ocr_line' id='line_1_89' title="bbox 2082 4159 3673 4231; baseline -0.002 -12"><span class='ocrx_word' id='word_1_692' title='bbox 2082 4164 2347 4220; x_wconf 88' lang='lat' dir='ltr'><strong>senserint</strong></span> <span class='ocrx_word' id='word_1_693' title='bbox 2376 4163 2473 4227; x_wconf 89' lang='lat' dir='ltr'><strong>eis,</strong></span> <span class='ocrx_word' id='word_1_694' title='bbox 2516 4170 2574 4216; x_wconf 90' lang='lat' dir='ltr'><strong>et</strong></span> <span class='ocrx_word' id='word_1_695' title='bbox 2608 4161 2675 4216; x_wconf 90' lang='lat' dir='ltr'><strong>ad</strong></span> <span class='ocrx_word' id='word_1_696' title='bbox 2715 4161 2899 4231; x_wconf 88' lang='lat' dir='ltr'><strong>pejora</strong></span> <span class='ocrx_word' id='word_1_697' title='bbox 2931 4159 3185 4215; x_wconf 82' lang='lat' dir='ltr'><strong>ﬂammati</strong></span> <span class='ocrx_word' id='word_1_698' title='bbox 3215 4160 3339 4215; x_wconf 90' lang='lat' dir='ltr'><strong>sint.</strong></span> <span class='ocrx_word' id='word_1_699' title='bbox 3373 4160 3450 4216; x_wconf 89' lang='lat' dir='ltr'><strong>De</strong></span> <span class='ocrx_word' id='word_1_700' title='bbox 3478 4162 3673 4229; x_wconf 90' lang='lat' dir='ltr'><strong>quibus</strong></span> 
     </span>
    </p>
   </div>
   <div class='ocr_carea' id='block_1_90' title="bbox 2082 4250 3674 4320">
    <p class='ocr_par' dir='ltr' id='par_1_90' title="bbox 2082 4250 3674 4320">
     <span class='ocr_line' id='line_1_90' title="bbox 2082 4250 3674 4320; baseline -0.003 -11"><span class='ocrx_word' id='word_1_701' title='bbox 2082 4254 2348 4309; x_wconf 87' lang='lat' dir='ltr'><strong>sententia</strong></span> <span class='ocrx_word' id='word_1_702' title='bbox 2379 4253 2431 4307; x_wconf 89' lang='lat' dir='ltr'><strong>in</strong></span> <span class='ocrx_word' id='word_1_703' title='bbox 2459 4259 2638 4307; x_wconf 89' lang='lat' dir='ltr'><strong>vestra</strong></span> <span class='ocrx_word' id='word_1_704' title='bbox 2667 4252 2737 4306; x_wconf 91' lang='lat' dir='ltr'><strong>sit</strong></span> <span class='ocrx_word' id='word_1_705' title='bbox 2763 4252 3082 4320; x_wconf 84' lang='lat' dir='ltr'><strong>probatione</strong></span> <span class='ocrx_word' id='word_1_706' title='bbox 3123 4250 3380 4320; x_wconf 84' lang='lat' dir='ltr'><strong>reposita,</strong></span> <span class='ocrx_word' id='word_1_707' title='bbox 3411 4251 3500 4317; x_wconf 89' lang='lat' dir='ltr'><strong>qui</strong></span> <span class='ocrx_word' id='word_1_708' title='bbox 3528 4252 3674 4304; x_wconf 81' lang='lat' dir='ltr'><strong>salu-</strong></span> 
     </span>
    </p>
   </div>
   <div class='ocr_carea' id='block_1_91' title="bbox 2085 4339 3681 4413">
    <p class='ocr_par' dir='ltr' id='par_1_91' title="bbox 2085 4339 3681 4413">
     <span class='ocr_line' id='line_1_91' title="bbox 2085 4339 3681 4413; baseline 0.001 -17"><span class='ocrx_word' id='word_1_709' title='bbox 2085 4352 2253 4399; x_wconf 92' lang='lat' dir='ltr'><strong>tarem</strong></span> <span class='ocrx_word' id='word_1_710' title='bbox 2300 4343 2567 4413; x_wconf 88' lang='lat' dir='ltr'><strong>passionis</strong></span> <span class='ocrx_word' id='word_1_711' title='bbox 2616 4339 2991 4408; x_wconf 88' lang='lat' dir='ltr'><strong>humilitatem,</strong></span> <span class='ocrx_word' id='word_1_712' title='bbox 3036 4348 3092 4395; x_wconf 87' lang='lat' dir='ltr'><strong>et</strong></span> <span class='ocrx_word' id='word_1_713' title='bbox 3134 4340 3575 4404; x_wconf 80' lang='lat' dir='ltr'><strong>cxinanitioncm,</strong></span> <span class='ocrx_word' id='word_1_714' title='bbox 3616 4349 3681 4397; x_wconf 66' lang='lat' dir='ltr'><strong>et</strong></span> 
     </span>
    </p>
   </div>
   <div class='ocr_carea' id='block_1_92' title="bbox 394 4427 3675 4509">
    <p class='ocr_par' dir='ltr' id='par_1_92' title="bbox 394 4427 3675 4509">
     <span class='ocr_line' id='line_1_92' title="bbox 394 4427 3675 4509; baseline -0.003 -19"><span class='ocrx_word' id='word_1_715' title='bbox 394 4433 512 4503; x_wconf 88' lang='lat' dir='ltr'><strong>ejus</strong></span> <span class='ocrx_word' id='word_1_716' title='bbox 540 4434 757 4490; x_wconf 80' lang='lat' dir='ltr'><strong>auxilio.</strong></span> <span class='ocrx_word' id='word_1_717' title='bbox 804 4434 861 4489; x_wconf 83' lang='lat' dir='ltr'><strong>In</strong></span> <span class='ocrx_word' id='word_1_718' title='bbox 902 4449 1010 4503; x_wconf 91' lang='lat' dir='ltr'><strong>quo</strong></span> <span class='ocrx_word' id='word_1_719' title='bbox 1040 4432 1181 4488; x_wconf 90' lang='lat' dir='ltr'><strong>enim</strong></span> <span class='ocrx_word' id='word_1_720' title='bbox 1213 4430 1475 4500; x_wconf 81' lang='lat' dir='ltr'><strong>prolicere</strong></span> <span class='ocrx_word' id='word_1_721' title='bbox 1501 4427 1676 4499; x_wconf 79' lang='lat' dir='ltr'><strong>potuit</strong></span> <span class='ocrx_word' id='word_1_722' title='bbox 1702 4427 1978 4497; x_wconf 77' lang='lat' dir='ltr'><strong>Sapientia</strong></span> <span class='ocrx_word' id='word_1_723' title='bbox 2008 4447 2059 4509; x_wconf 70' lang='grc' dir='ltr'>Β</span> <span class='ocrx_word' id='word_1_724' title='bbox 2083 4435 2439 4492; x_wconf 77' lang='lat' dir='ltr'><strong>voluntariam</strong></span> <span class='ocrx_word' id='word_1_725' title='bbox 2469 4441 2861 4507; x_wconf 72' lang='lat' dir='ltr'><strong>paupertatem,</strong></span> <span class='ocrx_word' id='word_1_726' title='bbox 2886 4441 2944 4487; x_wconf 83' lang='lat' dir='ltr'><strong>et</strong></span> <span class='ocrx_word' id='word_1_727' title='bbox 2969 4446 3150 4497; x_wconf 75' lang='lat' dir='ltr'><strong>voces,</strong></span> <span class='ocrx_word' id='word_1_728' title='bbox 3172 4445 3307 4501; x_wconf 86' lang='lat' dir='ltr'><strong>quas</strong></span> <span class='ocrx_word' id='word_1_729' title='bbox 3331 4439 3552 4501; x_wconf 81' lang='lat' dir='ltr'><strong>propter</strong></span> <span class='ocrx_word' id='word_1_730' title='bbox 3573 4446 3675 4487; x_wconf 78' lang='lat' dir='ltr'><strong>nos</strong></span> 
     </span>
    </p>
   </div>
   <div class='ocr_carea' id='block_1_93' title="bbox 400 4518 1981 4597">
    <p class='ocr_par' dir='ltr' id='par_1_93' title="bbox 400 4518 1981 4597">
     <span class='ocr_line' id='line_1_93' title="bbox 400 4518 1981 4597; baseline -0.002 -16"><span class='ocrx_word' id='word_1_731' title='bbox 400 4525 517 4589; x_wconf 91' lang='lat' dir='ltr'><strong>Dei,</strong></span> <span class='ocrx_word' id='word_1_732' title='bbox 546 4535 641 4580; x_wconf 88' lang='lat' dir='ltr'><strong>aut</strong></span> <span class='ocrx_word' id='word_1_733' title='bbox 687 4526 740 4580; x_wconf 92' lang='lat' dir='ltr'><strong>in</strong></span> <span class='ocrx_word' id='word_1_734' title='bbox 784 4540 892 4597; x_wconf 92' lang='lat' dir='ltr'><strong>quo</strong></span> <span class='ocrx_word' id='word_1_735' title='bbox 933 4525 1050 4594; x_wconf 86' lang='lat' dir='ltr'><strong>ejus</strong></span> <span class='ocrx_word' id='word_1_736' title='bbox 1093 4524 1291 4579; x_wconf 85' lang='lat' dir='ltr'><strong>veritas</strong></span> <span class='ocrx_word' id='word_1_737' title='bbox 1338 4521 1659 4591; x_wconf 87' lang='lat' dir='ltr'><strong>augeretur?</strong></span> <span class='ocrx_word' id='word_1_738' title='bbox 1699 4519 1806 4575; x_wconf 86' lang='lat' dir='ltr'><strong>Aut</strong></span> <span class='ocrx_word' id='word_1_739' title='bbox 1840 4518 1981 4578; x_wconf 88' lang='lat' dir='ltr'><strong>Deus</strong></span> 
     </span>
    </p>
   </div>
   <div class='ocr_carea' id='block_1_94' title="bbox 394 4610 1985 4686">
    <p class='ocr_par' dir='ltr' id='par_1_94' title="bbox 394 4610 1985 4686">
     <span class='ocr_line' id='line_1_94' title="bbox 394 4610 1985 4686; baseline -0.003 -15"><span class='ocrx_word' id='word_1_740' title='bbox 394 4614 631 4672; x_wconf 81' lang='lat' dir='ltr'><strong>Verbum</strong></span> <span class='ocrx_word' id='word_1_741' title='bbox 670 4616 941 4686; x_wconf 88' lang='lat' dir='ltr'><strong>quomodo</strong></span> <span class='ocrx_word' id='word_1_742' title='bbox 970 4622 1153 4686; x_wconf 90' lang='lat' dir='ltr'><strong>potest</strong></span> <span class='ocrx_word' id='word_1_743' title='bbox 1190 4610 1482 4675; x_wconf 87' lang='lat' dir='ltr'><strong>meliorari,</strong></span> <span class='ocrx_word' id='word_1_744' title='bbox 1512 4625 1632 4665; x_wconf 92' lang='lat' dir='ltr'><strong>cum</strong></span> <span class='ocrx_word' id='word_1_745' title='bbox 1659 4611 1729 4663; x_wconf 90' lang='lat' dir='ltr'><strong>sit</strong></span> <span class='ocrx_word' id='word_1_746' title='bbox 1752 4611 1862 4664; x_wconf 86' lang='lat' dir='ltr'><strong>vita</strong></span> <span class='ocrx_word' id='word_1_747' title='bbox 1889 4625 1985 4666; x_wconf 89' lang='lat' dir='ltr'><strong>ve-</strong></span> 
     </span>
    </p>
   </div>
   <div class='ocr_carea' id='block_1_95' title="bbox 396 4704 1983 4776">
    <p class='ocr_par' dir='ltr' id='par_1_95' title="bbox 396 4704 1983 4776">
     <span class='ocr_line' id='line_1_95' title="bbox 396 4704 1983 4776; baseline -0.004 -13"><span class='ocrx_word' id='word_1_748' title='bbox 396 4723 620 4776; x_wconf 86' lang='lat' dir='ltr'><strong>rumque</strong></span> <span class='ocrx_word' id='word_1_749' title='bbox 649 4706 862 4761; x_wconf 87' lang='lat' dir='ltr'><strong>lumen?</strong></span> <span class='ocrx_word' id='word_1_750' title='bbox 898 4704 956 4761; x_wconf 89' lang='lat' dir='ltr'><strong>Si</strong></span> <span class='ocrx_word' id='word_1_751' title='bbox 990 4713 1167 4759; x_wconf 89' lang='lat' dir='ltr'><strong>autem</strong></span> <span class='ocrx_word' id='word_1_752' title='bbox 1199 4704 1304 4759; x_wconf 91' lang='lat' dir='ltr'><strong>hoc</strong></span> <span class='ocrx_word' id='word_1_753' title='bbox 1332 4711 1432 4767; x_wconf 87' lang='lat' dir='ltr'><strong>est,</strong></span> <span class='ocrx_word' id='word_1_754' title='bbox 1462 4713 1666 4772; x_wconf 82' lang='lat' dir='ltr'><strong>quanto</strong></span> <span class='ocrx_word' id='word_1_755' title='bbox 1694 4704 1863 4772; x_wconf 88' lang='lat' dir='ltr'><strong>magis</strong></span> <span class='ocrx_word' id='word_1_756' title='bbox 1890 4719 1983 4757; x_wconf 87' lang='lat' dir='ltr'><strong>ve-</strong></span> 
     </span>
    </p>
   </div>
   <div class='ocr_carea' id='block_1_96' title="bbox 397 4789 1983 4864">
    <p class='ocr_par' dir='ltr' id='par_1_96' title="bbox 397 4789 1983 4864">
     <span class='ocr_line' id='line_1_96' title="bbox 397 4789 1983 4864; baseline -0.005 -10"><span class='ocrx_word' id='word_1_757' title='bbox 397 4813 518 4854; x_wconf 89' lang='lat' dir='ltr'><strong>cors</strong></span> <span class='ocrx_word' id='word_1_758' title='bbox 554 4805 639 4851; x_wconf 89' lang='lat' dir='ltr'><strong>cst</strong></span> <span class='ocrx_word' id='word_1_759' title='bbox 678 4796 858 4851; x_wconf 88' lang='lat' dir='ltr'><strong>dicere</strong></span> <span class='ocrx_word' id='word_1_760' title='bbox 886 4793 1214 4864; x_wconf 88' lang='lat' dir='ltr'><strong>Sapientiam</strong></span> <span class='ocrx_word' id='word_1_761' title='bbox 1243 4792 1532 4861; x_wconf 85' lang='lat' dir='ltr'><strong>aliquando</strong></span> <span class='ocrx_word' id='word_1_762' title='bbox 1561 4801 1651 4846; x_wconf 88' lang='lat' dir='ltr'><strong>aut</strong></span> <span class='ocrx_word' id='word_1_763' title='bbox 1680 4789 1772 4847; x_wconf 91' lang='lat' dir='ltr'><strong>Dei</strong></span> <span class='ocrx_word' id='word_1_764' title='bbox 1806 4792 1983 4847; x_wconf 84' lang='lat' dir='ltr'><strong>Virtu-</strong></span> 
     </span>
    </p>
   </div>
   <div class='ocr_carea' id='block_1_97' title="bbox 400 4882 1984 4956">
    <p class='ocr_par' dir='ltr' id='par_1_97' title="bbox 400 4882 1984 4956">
     <span class='ocr_line' id='line_1_97' title="bbox 400 4882 1984 4956; baseline -0.003 -12"><span class='ocrx_word' id='word_1_765' title='bbox 400 4900 506 4944; x_wconf 87' lang='lat' dir='ltr'><strong>tem</strong></span> <span class='ocrx_word' id='word_1_766' title='bbox 528 4887 689 4943; x_wconf 79' lang='lat' dir='ltr'><strong>fuisse</strong></span> <span class='ocrx_word' id='word_1_767' title='bbox 710 4887 1029 4942; x_wconf 84' lang='lat' dir='ltr'><strong>iniirmitatis</strong></span> <span class='ocrx_word' id='word_1_768' title='bbox 1051 4886 1366 4956; x_wconf 89' lang='lat' dir='ltr'><strong>capabilem,</strong></span> <span class='ocrx_word' id='word_1_769' title='bbox 1391 4890 1486 4935; x_wconf 87' lang='lat' dir='ltr'><strong>aut</strong></span> <span class='ocrx_word' id='word_1_770' title='bbox 1507 4882 1984 4939; x_wconf 86' lang='lat' dir='ltr'><strong>irrationabilitatis</strong></span> 
     </span>
    </p>
   </div>
   <div class='ocr_carea' id='block_1_98' title="bbox 403 4972 1984 5049">
    <p class='ocr_par' dir='ltr' id='par_1_98' title="bbox 403 4972 1984 5049">
     <span class='ocr_line' id='line_1_98' title="bbox 403 4972 1984 5049; baseline -0.002 -16"><span class='ocrx_word' id='word_1_771' title='bbox 403 4979 661 5048; x_wconf 85' lang='lat' dir='ltr'><strong>Verbum,</strong></span> <span class='ocrx_word' id='word_1_772' title='bbox 692 4987 747 5033; x_wconf 88' lang='lat' dir='ltr'><strong>et</strong></span> <span class='ocrx_word' id='word_1_773' title='bbox 786 4990 879 5049; x_wconf 89' lang='lat' dir='ltr'><strong>per</strong></span> <span class='ocrx_word' id='word_1_774' title='bbox 922 4978 1025 5034; x_wconf 89' lang='lat' dir='ltr'><strong>hoc</strong></span> <span class='ocrx_word' id='word_1_775' title='bbox 1053 4978 1314 5032; x_wconf 89' lang='lat' dir='ltr'><strong>rationem</strong></span> <span class='ocrx_word' id='word_1_776' title='bbox 1346 4972 1703 5036; x_wconf 77' lang='lat' dir='ltr'><strong>obscuratum,</strong></span> <span class='ocrx_word' id='word_1_777' title='bbox 1736 4984 1827 5028; x_wconf 88' lang='lat' dir='ltr'><strong>aut</strong></span> <span class='ocrx_word' id='word_1_778' title='bbox 1854 4992 1984 5030; x_wconf 86' lang='lat' dir='ltr'><strong>vero</strong></span> 
     </span>
    </p>
   </div>
   <div class='ocr_carea' id='block_1_99' title="bbox 400 5065 1980 5137">
    <p class='ocr_par' dir='ltr' id='par_1_99' title="bbox 400 5065 1980 5137">
     <span class='ocr_line' id='line_1_99' title="bbox 400 5065 1980 5137; baseline -0.003 -13"><span class='ocrx_word' id='word_1_779' title='bbox 400 5070 586 5124; x_wconf 87' lang='lat' dir='ltr'><strong>lumini</strong></span> <span class='ocrx_word' id='word_1_780' title='bbox 634 5070 885 5124; x_wconf 89' lang='lat' dir='ltr'><strong>tenebras</strong></span> <span class='ocrx_word' id='word_1_781' title='bbox 926 5084 1045 5123; x_wconf 85' lang='lat' dir='ltr'><strong>esse</strong></span> <span class='ocrx_word' id='word_1_782' title='bbox 1092 5067 1404 5137; x_wconf 76' lang='lat' dir='ltr'><strong>permixtas,</strong></span> <span class='ocrx_word' id='word_1_783' title='bbox 1438 5065 1698 5133; x_wconf 76' lang='lat' dir='ltr'><strong>Apostoio</strong></span> <span class='ocrx_word' id='word_1_784' title='bbox 1727 5067 1936 5122; x_wconf 85' lang='lat' dir='ltr'><strong>dicente</strong></span> <span class='ocrx_word' id='word_1_785' title='bbox 1967 5085 1980 5120; x_wconf 88' lang='lat'>:</span> 
     </span>
    </p>
   </div>
   <div class='ocr_carea' id='block_1_100' title="bbox 400 5157 1984 5227">
    <p class='ocr_par' dir='ltr' id='par_1_100' title="bbox 400 5157 1984 5227">
     <span class='ocr_line' id='line_1_100' title="bbox 400 5157 1984 5227; baseline 0.001 -15"><span class='ocrx_word' id='word_1_786' title='bbox 400 5160 528 5225; x_wconf 73' lang='lat' dir='ltr'><strong>Qua:</strong></span> <span class='ocrx_word' id='word_1_787' title='bbox 555 5163 844 5216; x_wconf 81' lang='lat' dir='ltr'><strong>communio</strong></span> <span class='ocrx_word' id='word_1_788' title='bbox 873 5162 977 5214; x_wconf 83' lang='lat' dir='ltr'><strong>luci</strong></span> <span class='ocrx_word' id='word_1_789' title='bbox 1019 5161 1086 5213; x_wconf 87' lang='lat' dir='ltr'><strong>ad</strong></span> <span class='ocrx_word' id='word_1_790' title='bbox 1133 5157 1401 5214; x_wconf 79' lang='lat' dir='ltr'><strong>tenebras?</strong></span> <span class='ocrx_word' id='word_1_791' title='bbox 1430 5164 1520 5208; x_wconf 82' lang='lat' dir='ltr'><strong>aut</strong></span> <span class='ocrx_word' id='word_1_792' title='bbox 1558 5174 1671 5227; x_wconf 80' lang='lat' dir='ltr'><strong>qua:</strong></span> <span class='ocrx_word' id='word_1_793' title='bbox 1708 5160 1984 5214; x_wconf 84' lang='lat' dir='ltr'><strong>concordia</strong></span> 
     </span>
    </p>
   </div>
   <div class='ocr_carea' id='block_1_101' title="bbox 401 5249 1983 5325">
    <p class='ocr_par' dir='ltr' id='par_1_101' title="bbox 401 5249 1983 5325">
     <span class='ocr_line' id='line_1_101' title="bbox 401 5249 1983 5325; baseline -0.003 -14"><span class='ocrx_word' id='word_1_794' title='bbox 401 5257 591 5311; x_wconf 72' lang='lat' dir='ltr'><strong>Christi</strong></span> <span class='ocrx_word' id='word_1_795' title='bbox 612 5274 725 5310; x_wconf 68' lang='lat' dir='ltr'><strong>tum</strong></span> <span class='ocrx_word' id='word_1_796' title='bbox 756 5256 924 5310; x_wconf 86' lang='lat' dir='ltr'><strong>Belial</strong></span> <span class='ocrx_word' id='word_1_797' title='bbox 946 5254 1032 5323; x_wconf 69' lang='lat' dir='ltr'><strong>(ll</strong></span> <span class='ocrx_word' id='word_1_798' title='bbox 1063 5254 1181 5310; x_wconf 87' lang='lat' dir='ltr'><strong>Cor.</strong></span> <span class='ocrx_word' id='word_1_799' title='bbox 1214 5270 1282 5318; x_wconf 82' lang='lat' dir='ltr'><strong>vi,</strong></span> <span class='ocrx_word' id='word_1_800' title='bbox 1321 5253 1439 5325; x_wconf 77' lang='lat' dir='ltr'><strong>l5)?</strong></span> <span class='ocrx_word' id='word_1_801' title='bbox 1464 5249 1582 5311; x_wconf 80' lang='lat' dir='ltr'><strong>Nec</strong></span> <span class='ocrx_word' id='word_1_802' title='bbox 1610 5270 1714 5309; x_wconf 93' lang='lat' dir='ltr'><strong>non</strong></span> <span class='ocrx_word' id='word_1_803' title='bbox 1746 5261 1802 5307; x_wconf 91' lang='lat' dir='ltr'><strong>ct</strong></span> <span class='ocrx_word' id='word_1_804' title='bbox 1829 5252 1983 5307; x_wconf 89' lang='lat' dir='ltr'><strong>Salo-</strong></span> 
     </span>
    </p>
   </div>
   <div class='ocr_carea' id='block_1_102' title="bbox 402 5345 1981 5420">
    <p class='ocr_par' dir='ltr' id='par_1_102' title="bbox 402 5345 1981 5420">
     <span class='ocr_line' id='line_1_102' title="bbox 402 5345 1981 5420; baseline -0.001 -20"><span class='ocrx_word' id='word_1_805' title='bbox 402 5361 558 5402; x_wconf 86' lang='lat' dir='ltr'><strong>mone</strong></span> <span class='ocrx_word' id='word_1_806' title='bbox 588 5348 852 5403; x_wconf 75' lang='lat' dir='ltr'><strong>clamante</strong></span> <span class='ocrx_word' id='word_1_807' title='bbox 889 5347 1069 5419; x_wconf 76' lang='lat' dir='ltr'><strong>(l’rou.</strong></span> <span class='ocrx_word' id='word_1_808' title='bbox 1112 5365 1240 5415; x_wconf 75' lang='lat' dir='ltr'><strong>xxx,</strong></span> <span class='ocrx_word' id='word_1_809' title='bbox 1288 5348 1396 5420; x_wconf 84' lang='lat' dir='ltr'><strong>i9),</strong></span> <span class='ocrx_word' id='word_1_810' title='bbox 1431 5347 1759 5420; x_wconf 88' lang='lat' dir='ltr'><strong>impossibile</strong></span> <span class='ocrx_word' id='word_1_811' title='bbox 1787 5354 1869 5399; x_wconf 90' lang='lat' dir='ltr'><strong>est</strong></span> <span class='ocrx_word' id='word_1_812' title='bbox 1898 5345 1981 5399; x_wconf 89' lang='lat' dir='ltr'><strong>vel</strong></span> 
     </span>
    </p>
   </div>
   <div class='ocr_carea' id='block_1_103' title="bbox 402 5439 1982 5511">
    <p class='ocr_par' dir='ltr' id='par_1_103' title="bbox 402 5439 1982 5511">
     <span class='ocr_line' id='line_1_103' title="bbox 402 5439 1982 5511; baseline -0.002 -17"><span class='ocrx_word' id='word_1_813' title='bbox 402 5453 569 5510; x_wconf 82' lang='lat' dir='ltr'><strong>usque</strong></span> <span class='ocrx_word' id='word_1_814' title='bbox 611 5440 677 5495; x_wconf 85' lang='lat' dir='ltr'><strong>ad</strong></span> <span class='ocrx_word' id='word_1_815' title='bbox 725 5440 1034 5510; x_wconf 86' lang='lat' dir='ltr'><strong>opinio..em</strong></span> <span class='ocrx_word' id='word_1_816' title='bbox 1083 5441 1321 5497; x_wconf 67' lang='lat' dir='ltr'><strong>invenire</strong></span> <span class='ocrx_word' id='word_1_817' title='bbox 1365 5444 1477 5497; x_wconf 85' lang='lat' dir='ltr'><strong>vias</strong></span> <span class='ocrx_word' id='word_1_818' title='bbox 1521 5439 1785 5511; x_wconf 88' lang='lat' dir='ltr'><strong>serpentis</strong></span> <span class='ocrx_word' id='word_1_819' title='bbox 1822 5452 1982 5508; x_wconf 79' lang='lat' dir='ltr'><strong>super</strong></span> 
     </span>
    </p>
   </div>
   <div class='ocr_carea' id='block_1_104' title="bbox 403 5527 1983 5603">
    <p class='ocr_par' dir='ltr' id='par_1_104' title="bbox 403 5527 1983 5603">
     <span class='ocr_line' id='line_1_104' title="bbox 403 5527 1983 5603; baseline -0.001 -19"><span class='ocrx_word' id='word_1_820' title='bbox 403 5540 626 5602; x_wconf 83' lang='lat' dir='ltr'><strong>petram,</strong></span> <span class='ocrx_word' id='word_1_821' title='bbox 658 5548 777 5603; x_wconf 80' lang='lat' dir='ltr'><strong>qua:</strong></span> <span class='ocrx_word' id='word_1_822' title='bbox 804 5532 1095 5588; x_wconf 88' lang='lat' dir='ltr'><strong>secumlum</strong></span> <span class='ocrx_word' id='word_1_823' title='bbox 1136 5531 1358 5588; x_wconf 73' lang='lat' dir='ltr'><strong>Paulum</strong></span> <span class='ocrx_word' id='word_1_824' title='bbox 1385 5533 1629 5589; x_wconf 89' lang='lat' dir='ltr'><strong>Christus</strong></span> <span class='ocrx_word' id='word_1_825' title='bbox 1663 5532 1783 5588; x_wconf 89' lang='lat' dir='ltr'><strong>est?</strong></span> <span class='ocrx_word' id='word_1_826' title='bbox 1813 5527 1983 5585; x_wconf 86' lang='lat' dir='ltr'><strong>Porro</strong></span> 
     </span>
    </p>
   </div>
   <div class='ocr_carea' id='block_1_105' title="bbox 376 5622 1982 5695">
    <p class='ocr_par' dir='ltr' id='par_1_105' title="bbox 376 5622 1982 5695">
     <span class='ocr_line' id='line_1_105' title="bbox 376 5622 1982 5695; baseline 0.002 -18"><span class='ocrx_word' id='word_1_827' title='bbox 376 5632 662 5685; x_wconf 55' lang='lat' dir='ltr'><strong>,creaturae</strong></span> <span class='ocrx_word' id='word_1_828' title='bbox 690 5622 807 5692; x_wconf 89' lang='lat' dir='ltr'><strong>ejus</strong></span> <span class='ocrx_word' id='word_1_829' title='bbox 829 5624 1074 5680; x_wconf 86' lang='lat' dir='ltr'><strong>homines</strong></span> <span class='ocrx_word' id='word_1_830' title='bbox 1105 5636 1155 5679; x_wconf 81' lang='lat' dir='ltr'><strong>et</strong></span> <span class='ocrx_word' id='word_1_831' title='bbox 1188 5628 1359 5695; x_wconf 82' lang='lat' dir='ltr'><strong>angeli</strong></span> <span class='ocrx_word' id='word_1_832' title='bbox 1401 5625 1834 5683; x_wconf 77' lang='lat' dir='ltr'><strong>benedictionem</strong></span> <span class='ocrx_word' id='word_1_833' title='bbox 1866 5625 1982 5694; x_wconf 80' lang='lat' dir='ltr'><strong>ejus</strong></span> 
     </span>
    </p>
   </div>
   <div class='ocr_carea' id='block_1_106' title="bbox 403 5717 1982 5788">
    <p class='ocr_par' dir='ltr' id='par_1_106' title="bbox 403 5717 1982 5788">
     <span class='ocr_line' id='line_1_106' title="bbox 403 5717 1982 5788; baseline 0 -16"><span class='ocrx_word' id='word_1_834' title='bbox 403 5727 742 5786; x_wconf 71' lang='lat' dir='ltr'><strong>acceperunt,</strong></span> <span class='ocrx_word' id='word_1_835' title='bbox 780 5718 1063 5771; x_wconf 55' lang='lat' dir='ltr'><strong>virtutibus</strong></span> <span class='ocrx_word' id='word_1_836' title='bbox 1105 5721 1490 5776; x_wconf 69' lang='lat' dir='ltr'><strong>contendentes</strong></span> <span class='ocrx_word' id='word_1_837' title='bbox 1530 5717 1790 5788; x_wconf 74' lang='lat' dir='ltr'><strong>proﬁrerc</strong></span> <span class='ocrx_word' id='word_1_838' title='bbox 1828 5726 1982 5772; x_wconf 60' lang='lat' dir='ltr'><strong>mim-</strong></span> 
     </span>
    </p>
   </div>
   <div class='ocr_carea' id='block_1_107' title="bbox 2085 4521 3675 4594">
    <p class='ocr_par' dir='ltr' id='par_1_107' title="bbox 2085 4521 3675 4594">
     <span class='ocr_line' id='line_1_107' title="bbox 2085 4521 3675 4594; baseline -0.002 -13"><span class='ocrx_word' id='word_1_839' title='bbox 2085 4525 2335 4581; x_wconf 88' lang='lat' dir='ltr'><strong>Saivator</strong></span> <span class='ocrx_word' id='word_1_840' title='bbox 2361 4525 2617 4594; x_wconf 89' lang='lat' dir='ltr'><strong>suscepit,</strong></span> <span class='ocrx_word' id='word_1_841' title='bbox 2639 4522 2899 4577; x_wconf 86' lang='lat' dir='ltr'><strong>memoria</strong></span> <span class='ocrx_word' id='word_1_842' title='bbox 2927 4522 3189 4579; x_wconf 79' lang='lat' dir='ltr'><strong>retinetis.</strong></span> <span class='ocrx_word' id='word_1_843' title='bbox 3215 4521 3380 4592; x_wconf 89' lang='lat' dir='ltr'><strong>igitur</strong></span> <span class='ocrx_word' id='word_1_844' title='bbox 3403 4522 3471 4578; x_wconf 89' lang='lat' dir='ltr'><strong>ad</strong></span> <span class='ocrx_word' id='word_1_845' title='bbox 3500 4532 3675 4578; x_wconf 83' lang='lat' dir='ltr'><strong>osten-</strong></span> 
     </span>
    </p>
   </div>
   <div class='ocr_carea' id='block_1_108' title="bbox 2085 4612 3674 4685">
    <p class='ocr_par' dir='ltr' id='par_1_108' title="bbox 2085 4612 3674 4685">
     <span class='ocr_line' id='line_1_108' title="bbox 2085 4612 3674 4685; baseline -0.002 -14"><span class='ocrx_word' id='word_1_846' title='bbox 2085 4617 2291 4671; x_wconf 90' lang='lat' dir='ltr'><strong>sionem</strong></span> <span class='ocrx_word' id='word_1_847' title='bbox 2321 4629 2566 4685; x_wconf 77' lang='lat' dir='ltr'><strong>superna:</strong></span> <span class='ocrx_word' id='word_1_848' title='bbox 2594 4623 2649 4669; x_wconf 90' lang='lat' dir='ltr'><strong>et</strong></span> <span class='ocrx_word' id='word_1_849' title='bbox 2672 4614 2907 4684; x_wconf 71' lang='lat' dir='ltr'><strong>antiqua:</strong></span> <span class='ocrx_word' id='word_1_850' title='bbox 2931 4612 3222 4669; x_wconf 88' lang='lat' dir='ltr'><strong>divinitatis</strong></span> <span class='ocrx_word' id='word_1_851' title='bbox 3247 4613 3364 4682; x_wconf 88' lang='lat' dir='ltr'><strong>ejus</strong></span> <span class='ocrx_word' id='word_1_852' title='bbox 3397 4612 3513 4670; x_wconf 62' lang='lat' dir='ltr'><strong>haec</strong></span> <span class='ocrx_word' id='word_1_853' title='bbox 3540 4630 3674 4669; x_wconf 88' lang='lat' dir='ltr'><strong>con-</strong></span> 
     </span>
    </p>
   </div>
   <div class='ocr_carea' id='block_1_109' title="bbox 2084 4701 3675 4776">
    <p class='ocr_par' dir='ltr' id='par_1_109' title="bbox 2084 4701 3675 4776">
     <span class='ocr_line' id='line_1_109' title="bbox 2084 4701 3675 4776; baseline 0 -15"><span class='ocrx_word' id='word_1_854' title='bbox 2084 4701 2320 4776; x_wconf 84' lang='lat' dir='ltr'><strong>gruunt,</strong></span> <span class='ocrx_word' id='word_1_855' title='bbox 2365 4704 2835 4775; x_wconf 78' lang='lat' dir='ltr'><strong>signiticativisque</strong></span> <span class='ocrx_word' id='word_1_856' title='bbox 2872 4705 3210 4760; x_wconf 87' lang='lat' dir='ltr'><strong>sermonibus</strong></span> <span class='ocrx_word' id='word_1_857' title='bbox 3257 4704 3516 4758; x_wconf 86' lang='lat' dir='ltr'><strong>naturalis</strong></span> <span class='ocrx_word' id='word_1_858' title='bbox 3557 4703 3675 4771; x_wconf 82' lang='lat' dir='ltr'><strong>ejus</strong></span> 
     </span>
    </p>
   </div>
   <div class='ocr_carea' id='block_1_110' title="bbox 2086 4794 3676 4874">
    <p class='ocr_par' dir='ltr' id='par_1_110' title="bbox 2086 4794 3676 4874">
     <span class='ocr_line' id='line_1_110' title="bbox 2086 4794 3676 4874; baseline 0 -22"><span class='ocrx_word' id='word_1_859' title='bbox 2086 4799 2276 4874; x_wconf 68' lang='lat' dir='ltr'><strong>gloria,</strong></span> <span class='ocrx_word' id='word_1_860' title='bbox 2310 4808 2364 4854; x_wconf 90' lang='lat' dir='ltr'><strong>et</strong></span> <span class='ocrx_word' id='word_1_861' title='bbox 2395 4799 2695 4868; x_wconf 71' lang='lat' dir='ltr'><strong>imperium,</strong></span> <span class='ocrx_word' id='word_1_862' title='bbox 2728 4808 2779 4850; x_wconf 89' lang='lat' dir='ltr'><strong>et</strong></span> <span class='ocrx_word' id='word_1_863' title='bbox 2810 4796 2950 4865; x_wconf 87' lang='lat' dir='ltr'><strong>apud</strong></span> <span class='ocrx_word' id='word_1_864' title='bbox 2988 4794 3202 4852; x_wconf 85' lang='lat' dir='ltr'><strong>Patrem</strong></span> <span class='ocrx_word' id='word_1_865' title='bbox 3243 4795 3450 4851; x_wconf 86' lang='lat' dir='ltr'><strong>mansio</strong></span> <span class='ocrx_word' id='word_1_866' title='bbox 3478 4796 3676 4852; x_wconf 85' lang='lat' dir='ltr'><strong>clarius</strong></span> 
     </span>
    </p>
   </div>
   <div class='ocr_carea' id='block_1_111' title="bbox 2088 4885 3676 4962">
    <p class='ocr_par' dir='ltr' id='par_1_111' title="bbox 2088 4885 3676 4962">
     <span class='ocr_line' id='line_1_111' title="bbox 2088 4885 3676 4962; baseline -0.007 -13"><span class='ocrx_word' id='word_1_867' title='bbox 2088 4895 2405 4962; x_wconf 75' lang='lat' dir='ltr'><strong>explicatur.</strong></span> <span class='ocrx_word' id='word_1_868' title='bbox 2448 4889 2618 4957; x_wconf 91' lang='lat' dir='ltr'><strong>Quale</strong></span> <span class='ocrx_word' id='word_1_869' title='bbox 2665 4897 2748 4942; x_wconf 75' lang='lat' dir='ltr'><strong>est</strong></span> <span class='ocrx_word' id='word_1_870' title='bbox 2787 4888 2913 4942; x_wconf 88' lang='lat' dir='ltr'><strong>illud</strong></span> <span class='ocrx_word' id='word_1_871' title='bbox 2947 4905 2961 4941; x_wconf 87' lang='lat'><strong>:</strong></span> <span class='ocrx_word' id='word_1_872' title='bbox 2995 4886 3109 4957; x_wconf 86' lang='lat' dir='ltr'><strong>Ego</strong></span> <span class='ocrx_word' id='word_1_873' title='bbox 3137 4895 3188 4941; x_wconf 79' lang='lat' dir='ltr'><strong>et</strong></span> <span class='ocrx_word' id='word_1_874' title='bbox 3217 4885 3376 4940; x_wconf 78' lang='lat' dir='ltr'><strong>Pater</strong></span> <span class='ocrx_word' id='word_1_875' title='bbox 3400 4901 3559 4939; x_wconf 80' lang='lat' dir='ltr'><strong>unum</strong></span> <span class='ocrx_word' id='word_1_876' title='bbox 3587 4902 3676 4938; x_wconf 76' lang='lat' dir='ltr'><strong>su-</strong></span> 
     </span>
    </p>
   </div>
   <div class='ocr_carea' id='block_1_112' title="bbox 2086 4977 3672 5056">
    <p class='ocr_par' dir='ltr' id='par_1_112' title="bbox 2086 4977 3672 5056">
     <span class='ocr_line' id='line_1_112' title="bbox 2086 4977 3672 5056; baseline -0.004 -18"><span class='ocrx_word' id='word_1_877' title='bbox 2086 5003 2199 5039; x_wconf 80' lang='lat' dir='ltr'><strong>mus</strong></span> <span class='ocrx_word' id='word_1_878' title='bbox 2223 4984 2399 5056; x_wconf 81' lang='lat' dir='ltr'><strong>(Joan,</strong></span> <span class='ocrx_word' id='word_1_879' title='bbox 2428 5000 2477 5046; x_wconf 71' lang='grc' dir='ltr'>Χ,</span> <span class='ocrx_word' id='word_1_880' title='bbox 2508 4982 2622 5049; x_wconf 80' lang='grc'><strong>50),</strong></span> <span class='ocrx_word' id='word_1_881' title='bbox 2645 4997 2750 5035; x_wconf 89' lang='lat' dir='ltr'><strong>non</strong></span> <span class='ocrx_word' id='word_1_882' title='bbox 2775 4977 2984 5033; x_wconf 84' lang='lat' dir='ltr'><strong>Patrem</strong></span> <span class='ocrx_word' id='word_1_883' title='bbox 3010 4979 3352 5047; x_wconf 85' lang='lat' dir='ltr'><strong>semetipsum</strong></span> <span class='ocrx_word' id='word_1_884' title='bbox 3374 4978 3672 5047; x_wconf 82' lang='lat' dir='ltr'><strong>appellans,</strong></span> 
     </span>
    </p>
   </div>
   <div class='ocr_carea' id='block_1_113' title="bbox 2086 5070 3677 5149">
    <p class='ocr_par' dir='ltr' id='par_1_113' title="bbox 2086 5070 3677 5149">
     <span class='ocr_line' id='line_1_113' title="bbox 2086 5070 3677 5149; baseline -0.004 -17"><span class='ocrx_word' id='word_1_885' title='bbox 2086 5093 2261 5149; x_wconf 90' lang='lat' dir='ltr'><strong>neque</strong></span> <span class='ocrx_word' id='word_1_886' title='bbox 2290 5074 2714 5129; x_wconf 84' lang='lat' dir='ltr'><strong>substantialiter</strong></span> <span class='ocrx_word' id='word_1_887' title='bbox 2739 5072 2873 5126; x_wconf 87' lang='lat' dir='ltr'><strong>duas</strong></span> <span class='ocrx_word' id='word_1_888' title='bbox 2903 5081 3142 5136; x_wconf 87' lang='lat' dir='ltr'><strong>naturas,</strong></span> <span class='ocrx_word' id='word_1_889' title='bbox 3170 5085 3290 5139; x_wconf 69' lang='lat' dir='ltr'><strong>quae</strong></span> <span class='ocrx_word' id='word_1_890' title='bbox 3316 5079 3399 5124; x_wconf 77' lang='lat' dir='ltr'><strong>est</strong></span> <span class='ocrx_word' id='word_1_891' title='bbox 3426 5085 3550 5133; x_wconf 86' lang='lat' dir='ltr'><strong>una,</strong></span> <span class='ocrx_word' id='word_1_892' title='bbox 3581 5070 3677 5127; x_wconf 88' lang='lat' dir='ltr'><strong>de-</strong></span> 
     </span>
    </p>
   </div>
   <div class='ocr_carea' id='block_1_114' title="bbox 2088 5159 3677 5231">
    <p class='ocr_par' dir='ltr' id='par_1_114' title="bbox 2088 5159 3677 5231">
     <span class='ocr_line' id='line_1_114' title="bbox 2088 5159 3677 5231; baseline -0.003 -10"><span class='ocrx_word' id='word_1_893' title='bbox 2088 5167 2300 5222; x_wconf 89' lang='lat' dir='ltr'><strong>clarans</strong></span> <span class='ocrx_word' id='word_1_894' title='bbox 2331 5183 2344 5217; x_wconf 93' lang='lat'>:</span> <span class='ocrx_word' id='word_1_895' title='bbox 2375 5164 2469 5217; x_wconf 89' lang='lat' dir='ltr'><strong>sed</strong></span> <span class='ocrx_word' id='word_1_896' title='bbox 2497 5163 2621 5231; x_wconf 91' lang='lat' dir='ltr'><strong>quia</strong></span> <span class='ocrx_word' id='word_1_897' title='bbox 2666 5159 2950 5214; x_wconf 83' lang='lat' dir='ltr'><strong>Paternam</strong></span> <span class='ocrx_word' id='word_1_898' title='bbox 2997 5160 3244 5231; x_wconf 76' lang='lat' dir='ltr'><strong>servandi</strong></span> <span class='ocrx_word' id='word_1_899' title='bbox 3286 5159 3677 5228; x_wconf 82' lang='lat' dir='ltr'><strong>plenitudinem</strong></span> 
     </span>
    </p>
   </div>
   <div class='ocr_carea' id='block_1_115' title="bbox 2087 5220 3678 5323">
    <p class='ocr_par' dir='ltr' id='par_1_115' title="bbox 2087 5220 3678 5323">
     <span class='ocr_line' id='line_1_115' title="bbox 2087 5220 3678 5323; baseline -0.004 -12"><span class='ocrx_word' id='word_1_900' title='bbox 2087 5256 2252 5311; x_wconf 82' lang='lat' dir='ltr'><strong>Filius</strong></span> <span class='ocrx_word' id='word_1_901' title='bbox 2293 5253 2456 5308; x_wconf 89' lang='lat' dir='ltr'><strong>habet</strong></span> <span class='ocrx_word' id='word_1_902' title='bbox 2495 5252 2786 5323; x_wconf 79' lang='lat' dir='ltr'><strong>perfectam</strong></span> <span class='ocrx_word' id='word_1_903' title='bbox 2817 5252 3085 5316; x_wconf 76' lang='lat' dir='ltr'><strong>naturam,</strong></span> <span class='ocrx_word' id='word_1_904' title='bbox 3116 5220 3213 5318; x_wconf 31' lang='lat' dir='ltr'><strong>per</strong></span> <span class='ocrx_word' id='word_1_905' title='bbox 3240 5220 3418 5305; x_wconf 80' lang='lat' dir='ltr'><strong>omnia</strong></span> <span class='ocrx_word' id='word_1_906' title='bbox 3448 5260 3506 5306; x_wconf 88' lang='lat' dir='ltr'><strong>et</strong></span> <span class='ocrx_word' id='word_1_907' title='bbox 3528 5251 3678 5305; x_wconf 86' lang='lat' dir='ltr'><strong>simi-</strong></span> 
     </span>
    </p>
   </div>
   <div class='ocr_carea' id='block_1_116' title="bbox 2089 5340 3677 5411">
    <p class='ocr_par' dir='ltr' id='par_1_116' title="bbox 2089 5340 3677 5411">
     <span class='ocr_line' id='line_1_116' title="bbox 2089 5340 3677 5411; baseline -0.002 -11"><span class='ocrx_word' id='word_1_908' title='bbox 2089 5346 2365 5400; x_wconf 87' lang='lat' dir='ltr'><strong>litudinem</strong></span> <span class='ocrx_word' id='word_1_909' title='bbox 2416 5342 2587 5396; x_wconf 88' lang='lat' dir='ltr'><strong>Patris</strong></span> <span class='ocrx_word' id='word_1_910' title='bbox 2625 5355 2837 5409; x_wconf 84' lang='lat' dir='ltr'><strong>gerens,</strong></span> <span class='ocrx_word' id='word_1_911' title='bbox 2867 5348 2918 5394; x_wconf 90' lang='lat' dir='ltr'><strong>et</strong></span> <span class='ocrx_word' id='word_1_912' title='bbox 2954 5340 3299 5396; x_wconf 88' lang='lat' dir='ltr'><strong>immutabilis</strong></span> <span class='ocrx_word' id='word_1_913' title='bbox 3337 5341 3454 5411; x_wconf 77' lang='lat' dir='ltr'><strong>ejus</strong></span> <span class='ocrx_word' id='word_1_914' title='bbox 3498 5342 3677 5409; x_wconf 84' lang='lat' dir='ltr'><strong>imago</strong></span> 
     </span>
    </p>
   </div>
   <div class='ocr_carea' id='block_1_117' title="bbox 2090 5431 3675 5503">
    <p class='ocr_par' dir='ltr' id='par_1_117' title="bbox 2090 5431 3675 5503">
     <span class='ocr_line' id='line_1_117' title="bbox 2090 5431 3675 5503; baseline -0.003 -11"><span class='ocrx_word' id='word_1_915' title='bbox 2090 5438 2344 5499; x_wconf 75' lang='lat' dir='ltr'><strong>existens,</strong></span> <span class='ocrx_word' id='word_1_916' title='bbox 2376 5442 2539 5502; x_wconf 84' lang='lat' dir='ltr'><strong>atque</strong></span> <span class='ocrx_word' id='word_1_917' title='bbox 2570 5432 2878 5503; x_wconf 85' lang='lat' dir='ltr'><strong>principalis</strong></span> <span class='ocrx_word' id='word_1_918' title='bbox 2905 5446 3080 5485; x_wconf 68' lang='lat' dir='ltr'><strong>causa:</strong></span> <span class='ocrx_word' id='word_1_919' title='bbox 3119 5446 3372 5501; x_wconf 81' lang='lat' dir='ltr'><strong>expressa</strong></span> <span class='ocrx_word' id='word_1_920' title='bbox 3406 5431 3675 5501; x_wconf 80' lang='lat' dir='ltr'><strong>ﬁguratio.</strong></span> 
     </span>
    </p>
   </div>
   <div class='ocr_carea' id='block_1_118' title="bbox 2094 5518 3681 5592">
    <p class='ocr_par' dir='ltr' id='par_1_118' title="bbox 2094 5518 3681 5592">
     <span class='ocr_line' id='line_1_118' title="bbox 2094 5518 3681 5592; baseline -0.003 -11"><span class='ocrx_word' id='word_1_921' title='bbox 2094 5526 2246 5582; x_wconf 83' lang='lat' dir='ltr'><strong>Unde</strong></span> <span class='ocrx_word' id='word_1_922' title='bbox 2276 5525 2440 5581; x_wconf 83' lang='lat' dir='ltr'><strong>etiam</strong></span> <span class='ocrx_word' id='word_1_923' title='bbox 2476 5531 2607 5579; x_wconf 91' lang='lat' dir='ltr'><strong>tunc</strong></span> <span class='ocrx_word' id='word_1_924' title='bbox 2652 5520 2897 5592; x_wconf 80' lang='lat' dir='ltr'><strong>Philippo</strong></span> <span class='ocrx_word' id='word_1_925' title='bbox 2944 5520 3182 5591; x_wconf 89' lang='lat' dir='ltr'><strong>cupienti</strong></span> <span class='ocrx_word' id='word_1_926' title='bbox 3231 5518 3419 5575; x_wconf 75' lang='lat' dir='ltr'><strong>videre</strong></span> <span class='ocrx_word' id='word_1_927' title='bbox 3464 5522 3681 5578; x_wconf 78' lang='lat' dir='ltr'><strong>Patrem</strong></span> 
     </span>
    </p>
   </div>
   <div class='ocr_carea' id='block_1_119' title="bbox 2096 5615 3686 5675">
    <p class='ocr_par' dir='ltr' id='par_1_119' title="bbox 2096 5615 3686 5675">
     <span class='ocr_line' id='line_1_119' title="bbox 2096 5615 3686 5675; baseline -0.002 0"><span class='ocrx_word' id='word_1_928' title='bbox 2096 5623 2135 5675; x_wconf 92' lang='lat' dir='ltr'><strong>D</strong></span> <span class='ocrx_word' id='word_1_929' title='bbox 2160 5624 2352 5675; x_wconf 73' lang='lat' dir='ltr'><strong>itninus</strong></span> <span class='ocrx_word' id='word_1_930' title='bbox 2378 5619 2492 5672; x_wconf 84' lang='lat' dir='ltr'><strong>sine</strong></span> <span class='ocrx_word' id='word_1_931' title='bbox 2523 5618 2715 5673; x_wconf 83' lang='lat' dir='ltr'><strong>invidia</strong></span> <span class='ocrx_word' id='word_1_932' title='bbox 2745 5634 2801 5673; x_wconf 76' lang='lat' dir='ltr'><strong>se</strong></span> <span class='ocrx_word' id='word_1_933' title='bbox 2833 5617 3169 5672; x_wconf 84' lang='lat' dir='ltr'><strong>demonstrat</strong></span> <span class='ocrx_word' id='word_1_934' title='bbox 3222 5615 3353 5672; x_wconf 77' lang='lat' dir='ltr'><strong>Nam</strong></span> <span class='ocrx_word' id='word_1_935' title='bbox 3384 5635 3502 5674; x_wconf 84' lang='lat' dir='ltr'><strong>cum</strong></span> <span class='ocrx_word' id='word_1_936' title='bbox 3532 5619 3686 5674; x_wconf 86' lang='lat' dir='ltr'><strong>dice-</strong></span> 
     </span>
    </p>
   </div>
   <div class='ocr_carea' id='block_1_120' title="bbox 2095 5709 3691 5781">
    <p class='ocr_par' dir='ltr' id='par_1_120' title="bbox 2095 5709 3691 5781">
     <span class='ocr_line' id='line_1_120' title="bbox 2095 5709 3691 5781; baseline -0.003 -12"><span class='ocrx_word' id='word_1_937' title='bbox 2095 5725 2175 5769; x_wconf 81' lang='lat' dir='ltr'><strong>t&#39;ct</strong></span> <span class='ocrx_word' id='word_1_938' title='bbox 2208 5734 2218 5767; x_wconf 92' lang='lat'><strong>:</strong></span> <span class='ocrx_word' id='word_1_939' title='bbox 2257 5712 2483 5767; x_wconf 72' lang='lat' dir='ltr'><strong>Ostende</strong></span> <span class='ocrx_word' id='word_1_940' title='bbox 2508 5711 2654 5767; x_wconf 75' lang='lat' dir='ltr'><strong>nobis</strong></span> <span class='ocrx_word' id='word_1_941' title='bbox 2683 5711 2911 5781; x_wconf 70' lang='lat' dir='ltr'><strong>Putrem,</strong></span> <span class='ocrx_word' id='word_1_942' title='bbox 2944 5710 3017 5765; x_wconf 87' lang='lat' dir='ltr'><strong>ait</strong></span> <span class='ocrx_word' id='word_1_943' title='bbox 3043 5728 3054 5741; x_wconf 73' lang='lat'><strong>&#39;</strong></span> <span class='ocrx_word' id='word_1_944' title='bbox 3086 5709 3185 5775; x_wconf 83' lang='lat' dir='ltr'><strong>Qui</strong></span> <span class='ocrx_word' id='word_1_945' title='bbox 3216 5709 3347 5764; x_wconf 79' lang='lat' dir='ltr'><strong>ridet</strong></span> <span class='ocrx_word' id='word_1_946' title='bbox 3375 5729 3455 5768; x_wconf 80' lang='lat' dir='ltr'><strong>me</strong></span> <span class='ocrx_word' id='word_1_947' title='bbox 3476 5718 3606 5767; x_wconf 75' lang='lat' dir='ltr'><strong>videt</strong></span> <span class='ocrx_word' id='word_1_948' title='bbox 3633 5714 3691 5765; x_wconf 71' lang='grc' dir='ltr'>ιε</span> 
     </span>
    </p>
   </div>
  </div>
