3990 6170
342 266 494 327 “ml

1616 264 1686 318 ll.
1724 262 2004 318 AURELH
2044 262 2441 320 CASSIODORI

3570 264 3677 323 912

344 386 367 415 -“
390 379 609 437 ‘Patmn
632 379 809 453 (ιοωι.
838 395 942 446 xxv,
967 378 1020 442 8,
1048 378 1102 449 9)
1136 396 1148 432 :
1177 386 1428 446 tanquam
1456 392 1551 448 per
1570 378 1844 448 speculum
1866 378 1985 433 sine
2015 382 2060 440 Α
2090 376 2185 441 xit,
2229 379 2367 432 sicut
2409 392 2569 447 supra
2619 378 2890 446 posuimus
2932 397 2944 431 :
2978 376 3368 433 Generationem
3414 381 3525 451 ejus
3561 384 3676 452 quis

394 473 601 528 macula
651 481 707 528 et
754 471 1048 526 animatmn
1097 484 1193 539 per
1243 466 1479 523 divinam
1525 468 1642 537 ejus
1686 468 1984 535 imaginem

393 563 851 632 contemplaretur
895 558 1139 615 Patrem:
1171 574 1331 628 quem
1380 558 1628 613 similiter
1667 558 1719 612 in
1758 557 1989 613 Psalmis

393 651 714 705 sanctissimi
745 649 844 705 viri
872 658 1094 710 canunt,
1122 647 1363 703 dicentes
1393 664 1406 699 :
1433 644 1499 700 In
1528 647 1719 700 lumine
1743 654 1827 700 tuo
1851 645 1985 700 vide-

392 741 555 793 bimus
602 740 774 793 lumen
823 738 994 809 (l’sal.
1040 752 1203 801 xxxv,
1253 735 1367 807 10).
1415 733 1757 804 Quapropter
1802 743 1857 789 et
1893 735 1988 804 qui

393 831 631 883 honorat
674 827 910 892 Patrem,
941 829 1174 882 honorat
1214 837 1269 882 et
1303 826 1524 892 Filium;
1555 835 1609 881 et
1637 826 1727 896 qui
1758 825 1989 879 honorat

393 917 608 984 Filium,
636 918 869 974 honorat
897 926 951 972 et
989 915 1228 983 Patrem,
1259 925 1314 971 et
1341 926 1508 971 recte.
1539 914 1724 969 Omnis
1752 928 1987 983 namque

391 1026 499 1063 vox
527 1009 687 1080 impia
717 1024 838 1079 qua:
878 1010 930 1063 in
976 1008 1113 1063 Filio
1142 1007 1248 1063 dici
1286 1006 1640 1077 praesumitur,
1674 1004 1740 1059 ad
1773 1004 1985 1057 Patrem

389 1114 609 1169 quoque
638 1097 891 1155 refertur.
916 1098 1025 1154 Sed
1052 1098 1246 1154 mirum
1275 1113 1383 1151 non
1410 1105 1492 1152 est
1519 1096 1663 1166 quod
1688 1096 1986 1165 scripturus

391 1206 529 1253 sum,
563 1206 596 1246 ο
627 1189 951 1253 charissimi,
984 1191 1029 1245 si
1059 1188 1218 1244 falsas
1246 1190 1526 1244 adversum
1568 1204 1652 1243 me
1680 1188 1985 1255 derogatio-

393 1296 506 1346 nes,
552 1287 607 1335 et
654 1290 842 1334 contra
890 1279 1182 1349 piissimum
1213 1287 1455 1334 nostrum
1493 1278 1747 1349 pepulum
1777 1278 1984 1332 delatas

392 1370 621 1426 insinuo.
656 1369 720 1435 Hi
751 1370 893 1425 enim
923 1370 1014 1441 qui
1047 1378 1233 1424 contra
1256 1369 1511 1424 deitatem
1544 1368 1661 1422 Filii
1687 1369 1783 1423 Dei
1805 1377 1983 1422 castra

392 1461 749 1524 constituunt,
799 1474 972 1529 neque
1019 1466 1207 1514 contra
1256 1473 1355 1514 nos
1406 1458 1645 1526 ingratas
1690 1457 1984 1512 calumnias

392 1565 648 1606 exercere
685 1549 975 1605 formidant
1004 1566 1019 1602 :
1045 1549 1297 1619 quoniam
1329 1563 1430 1605 nec
1467 1549 1765 1619 priscorum
1795 1562 1985 1616 quem-

390 1640 534 1710 piam
563 1639 852 1709 dignantur
880 1639 1094 1694 sibimet
1117 1654 1454 1709 comparare,
1482 1654 1658 1708 neque
1690 1645 1986 1708 praecepto-

390 1732 539 1786 ribus
575 1746 664 1799 se,
700 1731 959 1800 aquibus
1004 1746 1102 1786 nos
1142 1730 1211 1785 ab
1254 1729 1474 1785 infantia
1523 1728 1718 1785 eruditi
1766 1743 1978 1793 sumus,

387 1839 603 1893 azquare
626 1823 927 1894 patiuntur;
952 1838 1127 1893 neque
1149 1822 1634 1878 comministrorum
1657 1834 1979 1891 quemquam

385 1933 532 1974 nunc
559 1918 863 1987 ubicunque
901 1917 1309 1973 consistentium
1341 1917 1394 1969 in
1426 1930 1675 1970 mensura
1704 1914 1980 1985 sapientia:

384 2017 660 2081 reputant,
691 2010 844 2079 quasi
875 2007 978 2063 soli
1006 2008 1299 2078 sapientes,
1325 2014 1379 2061 et
1410 2005 1540 2061 nihil
1567 2020 1852 2062 connnune
1879 2004 1978 2059 ba-

383 2099 607 2164 bentes,
655 2109 818 2170 atque
861 2115 1128 2156 novorum
1179 2098 1490 2167 dogmatum
1539 2098 1876 2165 inventores,
1923 2104 1980 2153 et

384 2191 577 2260 quibus
599 2191 729 2247 solis
753 2191 987 2246 revelata
1015 2200 1141 2245 sunt
1165 2205 1282 2261 qua:
1311 2204 1341 2243 a
1373 2188 1520 2243 nullo
1543 2188 1715 2242 altero
1744 2187 1842 2242 sub
1864 2187 1979 2242 sole

385 2280 659 2337 intellecta
708 2289 1021 2337 noscuntur.
1058 2278 1111 2334 ,0
1149 2279 1377 2335 scelesta
1415 2276 1684 2349 superbia,
1717 2277 1977 2331 immensa

386 2374 627 2438 vesania,
663 2387 831 2437 vanze
843 2371 1031 2442 gloria:
1079 2369 1249 2435 furor,
1278 2385 1342 2426 ac
1368 2370 1629 2440 sapientia
1660 2366 1891 2433 Satame,
1925 2367 1977 2421 in

384 2465 590 2519 animas
608 2479 795 2520 eorum
817 2462 1172 2532 aequissimas
1190 2462 1540 2516 vehementer
1561 2458 1832 2515 insiliens!
1858 2457 1975 2512 Non

384 2553 647 2609 deterruit
692 2568 788 2609 eos
833 2554 1173 2623 antiquarum
1200 2550 1597 2620 Scripturarum
1627 2549 1738 2604 Deo
1768 2547 1974 2603 amabi-

385 2644 510 2698 lium
532 2643 864 2713 explanatio,
896 2658 1002 2697 non
1033 2641 1526 2697 comministrorum
1555 2654 1779 2695 consors
1819 2654 1975 2693 reve-

383 2735 555 2789 rentia
596 2735 664 2789 de
712 2732 928 2789 Christo
975 2731 1310 2787 ferocitatem
1360 2744 1547 2785 eorum
1590 2726 1973 2794 mansuefecit;

383 2840 611 2895 quorum
642 2823 869 2879 scelesta
900 2837 1065 2892 opera
1088 2837 1189 2877 nec
1215 2821 1488 2876 dtemones
1514 2817 1654 2874 ferre
1676 2819 1971 2889 patiuntur,

384 2913 600 2983 quando
630 2927 819 2968 Vocem
854 2911 1222 2983 blasphemam
1270 2919 1460 2966 contra
1498 2909 1690 2964 Filium
1720 2908 1812 2964 Dei
1842 2925 1972 2980 pro-

383 3019 531 3061 mere
569 3020 676 3059 nou
724 3010 1070 3075 praesumunt.
1104 3000 1231 3057 Haec
1266 3001 1428 3070 igitur
1465 3000 1642 3070 jacula
1680 3000 1972 3057 secundum

2084 467 2351 520 enarrabit
2399 465 2555 535 (lsai.
2596 482 2709 532 Lttt,
2750 466 2840 535 8)?
2886 466 3241 523 Subsisteutia
3285 472 3402 539 itm.
3455 468 3703 539 Theod.,'

2086 555 2411 628 substantia]
2449 557 2696 612 videlicet
2740 559 2856 626 ejus
2894 559 3038 612 omni
3085 567 3279 613 creata:
3328 570 3530 615 natura:
3575 563 3677 616 itu-

2086 647 2458 717 perscrutahili
2501 648 2788 712 existente,
2830 647 2967 702 sicut
3007 656 3061 702 et
3106 649 3220 718 ipse
3267 647 3428 704 Pater
3476 650 3677 721 imper-

2089 738 2390 793 scrutabilis
2437 749 2560 804 est,
2617 754 2682 793 eo
2738 738 2883 808 quod
2937 755 3044 795 non
3099 742 3276 810 ca,iat
3332 744 3675 800 rationalium

2086 839 2280 886 natura
2322 832 2623 893 scientiam,
2668 847 2773 901 qua
2822 830 2981 886 Pater
3024 833 3209 900 genuit
3253 832 3468 888 Filium.
3520 835 3676 902 Quod

2087 921 2301 989 quidem
2352 938 2457 976 nou
2489 937 2517 975 a
2550 938 2634 976 me
2664 922 2920 977 convenit
2958 922 3137 976 dicere
3164 924 3279 977 viro
3308 922 3437 996 [ed.,
3469 922 3593 979 Niv.
3625 934 3678 980 et

2085 1009 2274 1078 Frob.,
2307 1012 2514 1067 discere
2553 1012 2717 1082 viros]
2759 1013 2949 1080 spiritu
2998 1013 3235 1066 veritatis
3275 1013 3518 1081 impleto;
3552 1027 3679 1066 eru-

2084 1101 2265 1157 diente
2293 1103 2493 1172 quippe
2521 1118 2618 1156 nos
2642 1100 2840 1157 Christi
2870 1118 3019 1166 voce,
3042 1118 3145 1171 qua
3177 1103 3306 1157 dicit
3332 1120 3344 1155 :
3372 1101 3559 1157 Nullus
3587 1122 3678 1158 no-

2082 1196 2153 1249 vit
2181 1197 2292 1264 quis
2321 1202 2395 1247 est
2436 1193 2610 1258 Pater,
2644 1194 2747 1246 nisi
2774 1190 2976 1256 Filius;
2999 1200 3045 1247 ει
3074 1193 3245 1247 nullus
3283 1195 3421 1247 novit
3455 1195 3568 1265 quis
3597 1205 3676 1247 est

2087 1283 2297 1353 Filius,
2350 1286 2450 1339 nisi
2509 1282 2673 1337 Pater
2725 1283 2940 1354 (Matth.
2992 1300 3077 1352 ιιι,
3125 1282 3245 1354 27);
3296 1292 3350 1338 et
3398 1294 3675 1340 asserente

2085 1392 2208 1431 eum
2260 1375 2724 1430 inconvertibilem
2773 1383 2829 1430 et
2873 1374 3258 1430 immutabilem
3298 1391 3356 1431 se
3396 1376 3533 1431 sicut
3570 1373 3675 1429 Pa-

2087 1477 2248 1533 trem,
2278 1465 2438 1537 219
2466 1464 2597 1519 nihil
2623 1476 2889 1534 egentem,
2924 1464 3215 1535 perfectum
3247 1464 3457 1530 Filium,
3488 1481 3675 1534 :equa-

2085 1554 2300 1623 lemque
2324 1552 2465 1606 Patri
2493 1552 2593 1607 soli
2624 1553 2880 1620 ingenito.
2907 1551 3085 1621 imago
3111 1553 3253 1608 enim
3276 1563 3359 1608 est
3388 1555 3671 1623 integerri-

2085 1658 2170 1696 ma
2201 1651 2257 1697 et
2284 1642 2628 1696 immutabilis
2659 1641 2865 1709 Patris;
2892 1652 2947 1697 et
2972 1644 3192 1697 omnino
3219 1643 3502 1711 imaginem
3531 1659 3669 1698 cou-

2011 1736 2055 1796 Β
2085 1735 2230 1789 venit
2276 1750 2394 1790 esse
2442 1734 2684 1804 plenam,
2734 1750 2833 1804 per
2859 1750 3018 1804 quam
3069 1752 3176 1791 non
3204 1736 3346 1791 desit
3372 1736 3571 1805 aliquid
3600 1737 3670 1792 ab

2080 1824 2387 1893 aequalitate
2416 1826 2533 1894 ejus
2578 1824 2728 1893 cujus
2756 1825 2931 1893 imago
2959 1833 3072 1891 est,
3103 1826 3242 1879 sicut
3270 1825 3383 1896 ipse
3411 1824 3670 1881 Dominus

2081 1914 2284 1982 docuit,
2312 1916 2493 1971 dicens
2518 1933 2533 1969 :
2560 1915 2720 1970 Pater
2758 1933 2898 1972 meus
2936 1918 3107 1988 major
3134 1935 3214 1972 me
3241 1928 3316 1973 est
3345 1918 3524 1987 (Joan.
3556 1936 3666 1986 xiv,

2076 2003 2207 2077 28);
2257 2007 2551 2062 secundum
2592 2007 2735 2076 quod
2780 2022 2995 2076 semper
3020 2008 3182 2062 etiam
3233 2024 3353 2063 esse
3379 2008 3569 2063 Filium
3598 2025 3667 2065 ex

2080 2094 2240 2152 Patre
2263 2097 2551 2152 credimus.
2599 2096 2861 2166 Splendor
2888 2097 3028 2152 enim
3059 2106 3134 2151 est
3177 2098 3375 2169 gloria,
3407 2109 3461 2153 et
3486 2099 3669 2170 ﬁgura

2078 2199 2315 2259 paterute
2334 2189 2635 2243 substantia:
2663 2187 2769 2261 [αα.
2806 2187 2894 2256 γ.,
2915 2187 3291 2259 subsistentite]
3314 2188 3499 2261 (Hebr.
3523 2204 3560 2253 ι,
3584 2188 3664 2257 5).

2079 2279 2186 2335 Sed
2207 2281 2381 2335 nullus
2408 2280 2532 2345 hoc,
2565 2286 2796 2350 semper,
2846 2279 2914 2333 ad
2941 2280 3298 2348 suspicionem
3329 2283 3545 2350 ingeniti
3573 2298 3665 2337 su-

2079 2381 2209 2437 mat,
2241 2370 2396 2425 sicuti
2425 2378 2613 2440 putant
2642 2370 2732 2439 qui
2760 2356 2950 2423 sensus
2976 2370 3167 2424 animae
3186 2378 3413 2425 (necatos
3442 2371 3660 2428 habent.

2078 2461 2211 2516 Nam
2240 2475 2415 2530 neque
2439 2469 2589 2528 erat,
2624 2475 2797 2530 neque
2824 2475 3058 2531 semper,
3091 2476 3263 2530 neque
3291 2470 3417 2516 ante
3441 2462 3663 2528 saecula,

2077 2551 2217 2607 idem
2246 2561 2328 2608 est
2368 2551 2511 2621 quod
2541 2551 2856 2621 ingenitum.
2885 2550 2993 2607 Sed
3022 2567 3123 2608 nec
3144 2553 3368 2622 quilibet
3396 2554 3662 2611 humanus

2075 2643 2381 2699 intellectus
2420 2643 2489 2697 ab
2528 2642 2831 2698 hominibus
2881 2643 3185 2700 nominatus
3228 2645 3465 2700 iudicare
3519 2646 3662 2701 valet

2075 2733 2210 2801 hoc,
2231 2732 2376 2802 quod
2403 2732 2631 2788 dicimus
2673 2732 2988 2804 ingenitum.
3027 2733 3165 2789 sicut
3191 2744 3245 2789 et
3271 2750 3368 2789 vos
3394 2735 3665 2790 azstimare

2077 2823 2238 2878 credo
2258 2863 2275 2889 ,
2300 2831 2355 2878 et
2383 2823 2451 2877 de
2489 2823 2728 2878 omnium
2758 2832 3060 2879 vestrorum
3104 2825 3315 2881 conﬁdo
3349 2827 3656 2897 proposito,

2075 2910 2221 2965 nullo
2249 2911 2408 2965 modo
2445 2909 2772 2979 quibuslibet
2820 2912 3125 2967 nominibus
3156 2913 3447 2982 ingenitum
3475 2914 3657 2969 decla-

2073 2999 2297 3056 randqu
2323 3000 2451 3072 [ed.,
2483 2997 2607 3053 Niv.
2635 3009 2685 3053 et
2716 2996 2897 3066 Frob.,
2940 2998 3371 3072 declarantium].
3401 3000 3659 3057 Videntur

378 3107 699 3167 prmsentem
730 3097 978 3149 virtutem
1003 3094 1301 3163 dirigantur
1327 3093 1581 3148 adversus
1610 3106 1705 3148 eos
1732 3094 1825 3164 qui
1846 3109 1970 3149 eru-
1998 3102 2042 3164 C
2073 3094 2216 3149 enim
2247 3094 2361 3149 haec
2388 3092 2605 3147 nomina
2631 3092 2795 3146 veluti
2827 3100 3127 3162 temporum
3155 3107 3274 3147 esse
3302 3092 3654 3163 productiva:

381 3189 490 3243 dita
537 3186 669 3261 [ed.,
708 3187 994 3258 inerudito]
1038 3187 1264 3242 materia
1305 3194 1493 3241 contra
1534 3184 1805 3240 Christum
1842 3200 1970 3241 exa-

382 3286 611 3334 cuuntur
638 3277 704 3332 ad
730 3278 949 3342 bellum,
978 3285 1034 3333 et
1061 3276 1320 3333 adversus
1348 3276 1603 3347 pietatem
1626 3275 1739 3345 ejus
1763 3274 1965 3342 calum-

369 3371 498 3427 nias
525 3368 723 3426 inferre
749 3366 1099 3425 contendunt.
1131 3367 1296 3423 Aiunt
1322 3368 1466 3423 enim
1497 3382 1595 3423 nos
1624 3367 1971 3423 adversantes

371 3459 613 3528 fabulas,
646 3475 713 3515 ex
741 3458 936 3529 quibus
964 3458 1238 3513 inventum
1269 3463 1351 3513 est
1375 3457 1500 3527 dici,
1524 3471 1591 3511 ex
1620 3472 1726 3511 non
1754 3465 1969 3511 exstan-

382 3553 543 3619 tibus,
574 3553 791 3624 impiam
819 3559 1005 3608 etnon
1047 3551 1301 3621 scriptam
1330 3557 1517 3611 contra
1545 3548 1815 3603 Christum
1854 3549 1970 3602 bla—

380 3644 680 3714 spbemiam
708 3642 1020 3714 praedicare,
1047 3639 1099 3696 id
1127 3651 1209 3697 est
1229 3640 1335 3696 duo
1365 3638 1600 3706 ingenita
1626 3656 1639 3690 :
1665 3638 1762 3707 ipsi
1789 3638 1968 3707 potius

337 3752 341 3765 ν
381 3738 610 3793 duorum
654 3736 880 3792 alterum
926 3735 1231 3790 necessario
1275 3748 1393 3788 esse
1433 3739 1685 3802 oportere
1727 3730 1969 3786 dicentes

381 3827 653 3894 ineruditi,
685 3837 780 3884 aut
803 3844 871 3884 ex
893 3842 1000 3882 non
1029 3824 1362 3881 exstantibus
1392 3822 1582 3877 Filium
1604 3837 1723 3878 esse
1750 3820 1966 3891 sapien-

381 3922 526 3983 duin,
551 3928 644 3976 aut
664 3919 1029 3974 indubitanter
1047 3916 1227 3972 dicere
1251 3915 1484 3983 ingenita
1505 3912 1631 3968 duo.
1654 3911 1968 3982 lgnorantes

366 4012 612 4083 imperiti
643 4012 768 4081 quia
798 4011 1024 4066 multum
1054 4018 1137 4062 est
1160 4008 1300 4061 inter
1328 4005 1541 4059 Patrem
1571 4004 1889 4073 ingenitum,
1911 4013 1969 4059 et

380 4119 442 4157 ea
472 4118 591 4173 qua:
630 4102 697 4156 ab
733 4116 800 4156 eo
829 4117 897 4156 ex
932 4115 1037 4153 non
1067 4096 1403 4154 exstantibus
1430 4102 1555 4149 sunt
1583 4104 1764 4150 creata
1796 4096 1966 4150 ratio-

380 4195 576 4251 nabilia
604 4203 659 4250 et
688 4191 1105 4257 irrationabilia;
1131 4204 1360 4259 quorum
1393 4187 1564 4242 media
1591 4188 1830 4242 existens
1871 4202 1967 4241 na-

379 4302 498 4346 tura
527 4288 817 4358 unigenita,
843 4301 938 4355 per
957 4298 1116 4355 quam
1140 4282 1388 4337 universa
1412 4296 1480 4334 ex
1501 4296 1606 4334 non
1629 4278 1966 4333 exstantibus

379 4382 503 4438 fecit
534 4381 694 4436 Pater
723 4379 816 4433 Dei
844 4376 1024 4460 Verbi,
1051 4390 1117 4429 ex
1147 4374 1264 4445 ipso
1287 4388 1415 4427 vero
1446 4369 1602 4425 Patre
1633 4370 1963 4424 nativitatem

2071 3186 2230 3255 digne
2274 3194 2452 3239 tamen
2498 3184 2664 3253 ipsius
2712 3181 2982 3251 Unigeniti
3008 3181 3363 3247 divinitatem,
3392 3192 3447 3238 et
3492 3185 3657 3240 veluti

2071 3279 2246 3333 dicam
2275 3276 2649 3346 antiquitatem
2680 3289 3019 3345 nequaquam
3047 3273 3347 3342 significare
3390 3274 3653 3341 valentia,

2070 3384 2192 3424 cum
2221 3368 2392 3423 sancti
2442 3366 2696 3422 videlicet
2721 3365 2821 3420 viri
2852 3365 3144 3421 secundum
3191 3381 3340 3419 suam
3369 3365 3659 3435 unusquis-

2069 3474 2175 3528 que
2203 3460 2455 3513 virtutem
2483 3465 2880 3512 sacramentum
2910 3456 3013 3509 hoe
3038 3455 3250 3525 aperire
3292 3456 3472 3511 conati
3496 3456 3605 3511 sint
3634 3473 3652 3511 :

2070 3553 2281 3608 veniam
2327 3560 2614 3622 poscentes
2653 3551 2719 3606 ab
2768 3549 3107 3606 auditoribus
3132 3566 3230 3620 per
3256 3551 3657 3608 satisfactiones

2067 3646 2449 3710 rationabiles,
2482 3644 2712 3700 dicendo
2747 3644 2814 3700 de
2842 3660 2902 3700 se
2934 3662 2949 3698 :
2981 3644 3302 3699 Protulimus
3348 3649 3490 3713 quod
3526 3661 3654 3716 per-

2068 3739 2278 3805 tingere
2309 3735 2702 3806 praevaluimus.
2735 3733 2792 3791 Si
2821 3734 2949 3803 quid
2975 3742 3153 3789 autem
3197 3734 3334 3789 ultra
3378 3735 3653 3790 hominem

2066 3836 2413 3898 exspectant,
2459 3827 2763 3896 quicunque
2791 3826 2891 3880 viri
2938 3834 2994 3881 et
3039 3826 3108 3879 ad
3152 3825 3324 3894 majus
3352 3824 3655 3879 innituntur

2066 3919 2371 3986 eloquium,
2426 3915 2555 3970 illttd
2601 3916 2744 3984 quod
2798 3915 2874 3969 ait
2915 3932 2929 3967 :
2979 3912 3065 3968 Ea:
3110 3924 3257 3982 parte
3300 3915 3654 3985 cognoscimus

2068 4006 2121 4080 (Ι
2153 4005 2273 4060 Cor.
2307 4021 2419 4070 xm,
2468 4005 2545 4075 9),
2573 4002 2684 4072 jam
2719 4012 2968 4073 putantes
2996 4018 3115 4057 esse
3163 4001 3521 4068 destructum;
3552 4018 3651 4072 pa-

2064 4098 2169 4152 lam
2201 4104 2299 4160 est,
2324 4096 2446 4165 quia
2475 4094 2700 4149 multum
2722 4109 2818 4163 spe
2839 4108 2931 4147 sua
2955 4093 3224 4148 delicium.
3255 4091 3418 4161 Igitur
3437 4101 3571 4158 erat,
3596 4099 3653 4147 et

2064 4202 2302 4257 semper,
2332 4194 2387 4241 et
2413 4196 2536 4239 ante
2558 4184 2785 4252 secula,
2811 4183 3164 4252 quodcunque
3202 4183 3300 4248 sit,
3334 4198 3439 4237 non
3470 4190 3651 4237 tamen

2064 4288 2147 4333 est
2176 4277 2226 4332 id
2252 4276 2396 4346 quod
2423 4276 2740 4344 ingenitum.
2782 4272 2921 4341 Ergo
2966 4272 3202 4339 ingenito
3243 4272 3456 4342 quidem
3506 4269 3651 4326 Patri

2063 4369 2281 4440 prapria
2312 4369 2545 4437 dignitas
2571 4376 2655 4423 est
2673 4365 2933 4422 servanda
2956 4362 3076 4439 [ms.
3104 4362 3256 4436 Lyr.,
3279 4363 3650 4437 conterenda],

379 4474 564 4535 habet,
592 4471 731 4525 sicut
755 4477 810 4523 et
836 4468 950 4538 ipse
981 4455 1233 4521 Dominus
1262 4463 1456 4518 alicubi
1489 4469 1714 4516 testatus
1742 4469 1845 4526 est,
1880 4458 1964 4512 tli-
1998 4461 2044 4519 ι)
2072 4464 2269 4518 nullam
2295 4462 2532 4516 dicentes
2561 4460 2610 4514 ei
2641 4472 2855 4514 causam
2882 4458 3043 4512 fuisse
3069 4466 3129 4511 ut
3153 4466 3327 4523 esset;
3357 4455 3489 4511 Filio
3520 4471 3651 4511 vero

379 4579 507 4620 cens
532 4581 543 4616 :
574 4560 675 4626 Qui
703 4561 869 4632 diligit
899 4558 1128 4618 Patrem,
1161 4556 1330 4628 diligit
1358 4552 1550 4607 Filium
1575 4552 1660 4622 qui
1688 4568 1751 4605 ea;
1778 4567 1837 4604 eo
1867 4566 1963 4602 na-

380 4665 460 4708 tus
486 4662 563 4708 est
594 4650 648 4723 (ι
687 4650 843 4705 Joan.
889 4666 941 4715 v,
988 4648 1063 4718 l).
1091 4647 1165 4702 De
1192 4646 1385 4715 quibus
1422 4659 1521 4698 nos
1565 4644 1635 4696 ita
1672 4641 1958 4706 credimus,

380 4744 519 4799 sicut
546 4741 856 4814 apostolicze
889 4742 1064 4809 placet
1092 4736 1361 4799 Ecclesim,
1396 4735 1444 4788 in
1476 4749 1637 4788 unum
1671 4733 1961 4800 ingenitum

375 4831 615 4896 Patrem,
648 4833 848 4887 nullam
899 4830 1185 4886 habntem
1231 4841 1448 4882 causam
1489 4831 1544 4877 ut
1581 4832 1741 4888 esset,
1775 4823 1962 4877 incon-

379 4929 678 4985 vertibilcm
708 4935 763 4981 et
790 4924 1198 4988 immutabilem,
1219 4933 1432 4988 semper
1454 4915 1617 4976 idem,
1641 4923 1696 4969 et
1717 4915 1963 4969 similiter

376 5040 438 5081 se
464 5025 770 5084 habentem,
796 5034 905 5074 nec
946 5023 1258 5088 provectum
1288 5027 1391 5067 nec
1419 5009 1841 5065 imminutionem
1873 5024 1961 5061 re-

379 5116 689 5185 cipientem,
716 5111 893 5179 Legis,
922 5117 976 5162 et
998 5105 1415 5175 Pr0phetarum,
1445 5099 1962 5170 Evangeliorumque

379 5209 643 5267 datorem,
686 5203 1109 5275 patriarcharum
1147 5206 1203 5253 et
1240 5195 1607 5267 apostolorum
1654 5191 1960 5258 Dominum,

374 5299 725 5367 omniumque
751 5300 1091 5356 sanctorum;
1124 5288 1254 5344 etin
1284 5300 1446 5341 unum
1475 5283 1754 5340 Dominum
1779 5281 1972 5371 Iesum;

378 5386 650 5443 Christum
678 5384 871 5439 Filium
902 5381 993 5436 Dei
1025 5379 1376 5449 unigenitum,
1407 5383 1589 5430 uatum
1620 5388 1726 5427 non
1757 5386 1823 5425 ex
1855 5386 1962 5424 nou

380 5485 645 5539 exstante,
677 5472 769 5529 sed
799 5487 865 5527 ex
895 5477 1141 5526 exstante
1171 5466 1361 5533 Patre;
1387 5480 1492 5520 non
1521 5461 1815 5518 secundmn
1843 5475 1964 5515 cor-

381 5580 572 5637 porum
601 5561 976 5620 similitudines
1005 5558 1370 5624 iucisionibus,
1408 5563 1501 5609 aut
1541 5551 1859 5607 divisionum
1889 5547 1967 5605 ef-

381 5654 729 5723 ﬂuxionibus,
775 5651 931 5708 sicuti
974 5648 1209 5708 Sabellio
1239 5654 1296 5701 et
1321 5643 1606 5700 Valentino
1645 5642 1841 5711 placet,
1871 5638 1964 5693 sed

382 5745 723 5831 incliabibtcr
753 5751 804 5798 ct
845 5740 1272 5796 inenarrabiliter
1303 5733 1594 5793 secundum
1629 5747 1750 5789 eum
1773 5730 1863 5801 qui
1885 5729 1967 5786 di-

2067 4568 2335 4622 congruus
2378 4552 2725 4606 distribuatur
2757 4549 2949 4603 honor.
2995 4546 3123 4602 Sine
3153 4546 3410 4616 principio
3442 4544 3588 4601 enim
3618 4560 3652 4601 a

2070 4644 2228 4701 Patre
2254 4645 2484 4700 sciamus
2532 4643 2649 4711 ejus
2692 4656 2811 4697 eSse
2856 4638 3225 4701 nativitatem,
3257 4637 3518 4692 culturam
3564 4636 3650 4699 ei,

2068 4738 2207 4793 sicut
2254 4733 2633 4805 praediximus,
2681 4731 2978 4784 tribuentes
3002 4728 3118 4798 pie,
3151 4734 3313 4796 atque
3340 4741 3462 4781 cum
3510 4726 3653 4783 bona

2069 4826 2321 4898 opinione
2344 4838 2506 4892 super
2533 4836 2623 4887 eo,
2651 4827 2795 4883 erat,
2843 4825 2899 4873 et
2934 4832 3170 4886 semper,
3201 4824 3256 4870 et
3284 4824 3409 4869 ante
3435 4813 3655 4879 saecula,

2068 4915 2456 4989 prmdicantes;
2483 4910 2814 4967 divinitatem
2844 4907 3042 4977 quippe
3081 4906 3195 4974 ejus
3222 4911 3653 4974 perscrutantes,

2068 5007 2163 5063 sed
2196 5004 2409 5072 imagini
2436 5010 2491 5057 et
2517 4997 2924 5071 perscrutationi
2953 4995 3127 5050 Patris
3155 4994 3445 5066 perfectam
3469 5006 3654 5061 :equa-

2070 5099 2273 5153 litatem
2304 5110 2399 5166 per
2428 5090 2606 5149 omnia
2633 5090 2978 5149 devoventes.
3011 5087 3292 5157 Pmprium
3322 5100 3451 5140 vero
3476 5084 3656 5140 solum

2067 5188 2308 5244 dicentes
2329 5185 2521 5251 Patris,
2552 5181 2697 5253 quod
2729 5180 2998 5250 ingenitus
3021 5188 3103 5233 est
3119 5222 3133 5243 ,
3163 5193 3283 5233 cum
3307 5187 3362 5233 et
3390 5178 3506 5247 ipse
3528 5176 3655 5232 Sal-

2066 5288 2221 5333 vator
2259 5275 2452 5332 dixerit
2484 5293 2497 5328 :
2529 5273 2690 5328 Pater
2724 5288 2865 5326 meus
2896 5270 3063 5341 major
3096 5285 3177 5322 me
3217 5277 3295 5322 est
3334 5265 3512 5336 (Joan.
3544 5280 3658 5332 xrv,

2075 5364 2188 5437 ‘28).
2219 5364 2272 5418 In
2301 5365 2402 5419 hac
2444 5363 2624 5431 itaque
2653 5360 2738 5430 pia
2776 5360 2844 5415 de
2879 5357 3037 5413 Patre
3079 5356 3321 5424 Filioque
3366 5353 3653 5417 sententia,

2075 5457 2215 5511 sicut
2263 5470 2360 5509 nos
2385 5453 2577 5507 divina:
2623 5451 2912 5521 Scripturae
2935 5449 3162 5513 docent,
3194 5462 3356 5501 unum
3396 5444 3654 5514 Spiritum

2075 5558 2317 5602 sanctum
2366 5544 2701 5608 conﬁtemur,
2748 5541 2839 5611 qui
2868 5539 3092 5610 replevit
3119 5546 3175 5593 et
3218 5536 3427 5592 Veteris
3465 5532 3653 5590 Testa-

2077 5637 2240 5691 menti
2274 5646 2492 5689 sanctos
2521 5635 2796 5694 homines,
2827 5641 2882 5686 ct
2911 5628 3044 5684 Navi
3083 5627 3473 5683 sacratissimos
3514 5641 3659 5696 pra:-

2076 5735 2327 5799 ceplores
2353 5746 2365 5781 :
2397 5728 2450 5782 iu
2481 5741 2640 5782 uuam
2673 5736 2726 5780 et
2762 5722 2936 5779 solam
2963 5722 3286 5778 catholicam
3323 5730 3379 5775 et
3404 5717 3670 5791 apostoli-
