3990 6170
348 242 452 298 913

1417 239 1734 294 HISTORIA
1772 239 2205 295 TRIPARTITA‘.
2251 237 2448 294 LIBER
2487 241 2506 295 i

3527 244 3636 300 ὓὶὗ

346 372 464 413 eam
494 370 710 425 semper
737 353 1053 424 Ecclesiam,
1082 369 1201 425 quae
1239 363 1292 408 et
1319 355 1639 411 invincibilis
1668 365 1779 421 est,
1810 355 1936 411 licet
1965 363 2006 417 Α
2039 355 2354 411 diaeonibus
2384 365 2560 412 autem
2583 355 3110 424 Achillas,.Euzoius,
3135 357 3380 421 Aithalis.
3414 357 3624 424 Lucius,

347 451 524 508 cuiuis
556 450 782 504 mundus
812 449 1066 504 adversus
1091 465 1210 503 eam
1236 459 1453 520 pugnet,
1481 459 1534 502 et
1557 449 1746 503 victrix
1773 450 1938 504 totius

347 547 584 603 adversa:
613 544 902 613 impietatis
930 544 1190 609 existens,
1218 559 1437 598 securos
1462 559 1561 598 nos
1586 542 1813 597 faciente
1848 541 1941 596 Pa-

349 639 662 695 trefamilias
689 639 832 707 ejus,
863 654 982 693 cum
1011 638 1236 699 clamat.
1290 637 1489 691 Habeto
1515 639 1762 707 ﬁduciam
1796 655 1814 692 :
1845 656 1939 710 ego

348 732 447 786 vici
491 729 734 784 mundum
768 729 946 796 (Joan.
995 745 1114 792 xvr,
1147 729 1259 793 55).
1311 728 1424 783 Hoc
1469 731 1714 784 novimus
1761 738 1938 784 actum

351 828 474 888 post
520 819 972 873 resurrectionem
1025 832 1054 870 a
1112 819 1364 879 mortuis,
1417 832 1644 885 quorum
1694 819 1942 887 primitiae

353 910 525 966 factus
555 919 637 964 est
669 910 925 964 Dominus
947 917 1130 964 noster
1154 908 1311 964 Jesus
1343 908 1588 963 Christus
1625 926 1787 964 carne
1814 925 1942 964 vera

351 1001 584 1064 indutus,
617 1009 673 1054 et
700 1017 806 1054 non
840 1001 1081 1068 putative
1104 1015 1168 1053 ex
1199 999 1291 1054 Dei
1323 999 1593 1054 Genitrice
1622 999 1818 1066 Maria;
1851 1002 1943 1069 qui

352 1092 404 1146 in
436 1090 741 1145 novissimis
772 1092 1100 1159 temporibus
1127 1106 1224 1159 pro
1254 1090 1600 1144 damnatione
1641 1090 1847 1158 peccati
1876 1089 1944 1144 ad

351 1181 645 1237 humanum
695 1193 864 1248 genus
909 1178 1233 1246 adveniens,
1279 1178 1566 1234 crucifixus
1601 1187 1656 1233 et
1703 1188 1944 1236 mortuus

355 1279 474 1337 est;
505 1269 600 1325 sed
643 1283 750 1324 non
780 1277 1064 1340 propterea
1107 1269 1388 1324 divinitate
1416 1285 1511 1324 sua
1545 1269 1721 1324 minor
1750 1267 1942 1324 factus.

355 1361 672 1418 Resurrexit
697 1362 842 1417 enim
873 1377 901 1415 a
933 1363 1181 1430 mortuis,
1210 1372 1514 1432 assumptus
1541 1371 1626 1418 est
1648 1364 1698 1418 in
1729 1364 1943 1430 omium,

352 1462 410 1508 et
432 1453 584 1510 sedet
605 1454 670 1507 ad
697 1453 975 1508 dexteram
1019 1453 1332 1522 \iajestatis.
1366 1454 1490 1512 llzec
1512 1457 1672 1524 igitur
1697 1472 1763 1511 ex
1793 1465 1946 1526 parte

355 1547 408 1600 in
438 1545 541 1600 hac
584 1543 810 1614 epistola
861 1542 1078 1612 figuravi
1098 1586 1112 1611 ,
1144 1560 1433 1600 onerosum
1462 1540 1710 1602 ‘credens
1738 1545 1946 1614 singula

353 1635 456 1690 sub
499 1633 916 1704 scrupulositate
954 1635 1325 1702 conscribere,
1371 1651 1436 1690 eo
1463 1636 1606 1704 quod
1628 1637 1792 1692 sciam
1822 1652 1944 1692 sau-

356 1734 501 1780 ctum
528 1725 763 1780 studium
789 1732 1022 1778 vestrum
1047 1725 1171 1779 talia
1189 1741 1293 1780 non
1318 1725 1504 1781 latere.
1523 1725 1646 1782 Haec
1667 1727 1943 1793 docemus,
1973 1713 2020 1772 Β

356 1817 470 1872 haec
495 1817 654 1872 etiam
683 1818 1057 1888 przedicamus,
1087 1818 1200 1871 hinc
1221 1827 1343 1872 sunt
1365 1819 1672 1886 apostolica:
1700 1817 1947 1873 Ecclesiae

355 1910 629 1975 dogmata,
662 1925 760 1977 pro
789 1909 982 1977 quibus
1008 1909 1168 1961 etiam
1189 1909 1465 1971 morimur,
1500 1915 1553 1961 et
1581 1906 1858 1961 destruere
1883 1921 1944 1960 ea

359 1997 595 2050 Veientes
625 1996 927 2052 nullatenus
957 1995 1322 2051 formidamus.
1355 1995 1456 2062 Qui
1486 1996 1609 2049 licet
1639 1995 1949 2050 verberibus

361 2089 514 2142 nobis
545 2094 925 2155 extorqueant,
957 2102 1056 2142 nos
1085 2095 1260 2142 tamen
1305 2101 1454 2155 spem
1503 2101 1610 2140 non
1643 2101 1952 2140 aversamur

359 2188 616 2235 nostram.
657 2177 858 2233 Horum
907 2180 1066 2247 igitur
1111 2177 1432 2238 adversarii,
1484 2177 1533 2231 id
1561 2185 1671 2241 est,
1702 2177 1857 2231 Arius
1896 2185 1950 2231 et

360 2269 627 2338 Achillas,
661 2278 713 2323 et
751 2269 842 2340 qui
873 2286 990 2323 cum
1020 2269 1096 2323 eis
1142 2278 1263 2322 sunt
1311 2269 1550 2322 veritatis
1597 2268 1834 2335 inimici,
1882 2269 1949 2322 ab

359 2361 596 2421 Ecclesia
628 2373 752 2418 sunt
782 2363 968 2433 procul
1000 2363 1230 2433 expulsi,
1261 2362 1417 2415 alieni
1447 2360 1571 2414 farti
1592 2374 1621 2413 a
1651 2359 1736 2428 pia
1759 2359 1952 2412 doctri-

360 2468 426 2510 na
455 2462 656 2517 nostra,
687 2451 979 2506 secundum
1007 2451 1222 2506 beatum
1245 2451 1464 2503 l'aulum
1494 2448 1761 2503 dicentem
1787 2465 1800 2500 :
1829 2447 1954 2512 Qui,

358 2557 552 2613 cunque
577 2543 714 2597 robia
745 2543 1124 2596 annuntiaverit
1170 2541 1442 2613 praeterit!
1482 2540 1620 2612 quod
1661 2540 1949 2609 accepistis,

359 2633 638 2687 anathema
684 2633 770 2697 sit,
821 2633 939 2687 licet
987 2636 1228 2704 angelum
1282 2632 1344 2684 de
1390 2631 1512 2685 cwlo
1551 2647 1606 2684 se
1632 2637 1741 2683 esite
1786 2631 1954 2700 ﬁngat

357 2721 558 2792 (Colat.
593 2739 628 2786 ι,
658 2721 732 2790 8).
769 2721 874 2776 δρᾶ
903 2722 1065 2775 etiam
1114 2721 1159 2776 si
1187 2722 1308 2790 quis
1339 2721 1455 2775 aliis
1483 2721 1817 2774 sermonibus
1847 2719 1954 2774 Do-

359 2809 490 2863 mini
522 2810 687 2866 nostri
715 2808 843 2865 .lesu
875 2809 1094 2873 Christi,
1127 2817 1182 2863 et
1209 2809 1480 2872 doctrina,
1514 2825 1630 2880 qum
1659 2808 1951 2862 secundum

359 2897 615 2967 pietatem
648 2911 761 2964 est,
796 2897 1030 2964 inﬂatur,
1081 2899 1211 2953 nihil
1241 2899 1450 2966 sciens,
1501 2907 1555 2952 et
1583 2898 1805 2966 reliqua.
1842 2898 1953 2954 Hos

360 2988 522 3056 igitur
551 2988 1038 3046 anathematizatos
1078 3004 1107 3043 a
1152 2989 1484 3044 fraternitate
1517 2989 1688 3044 mullus
1717 2998 1950 3043 vestrum

2042 444 2341 500 Sarmatius
2361 489 2377 515 ,
2399 445 2600 510 Julius,
2633 446 2842 511 Menas,
2875 449 3010 502 alter
3037 449 3222 514 Arius,
3253 458 3307 504 et
3335 449 3624 505 l‘lelladius.

2112 535 2358 590 Cousoua
2417 537 2498 591 his
2552 537 2747 590 direxit
2807 547 2860 591 et
2922 537 3235 606 Philogonio
3281 541 3627 595 Antiochense

2041 626 2252 694 praisuli
2297 627 2559 691 civitatis,
2592 635 2644 680 et
2674 625 2975 692 Eustathio,
3003 631 3092 698 qui
3127 639 3250 684 tunc
3289 630 3628 685 Bermensem

2040 713 2374 780 gubernabat
2404 713 2717 779 Ecclesium,
2748 725 2803 770 et
2824 717 2940 770 aiiis
2969 718 3630 786 apostolicorum.dogma-

2043 812 2154 857 tum
2185 801 2576 857 defensoribus.
2611 803 2716 859 Sed
2749 820 2923 874 neque
2953 807 3108 860 Arius
3136 807 3415 874 quiescere
3442 823 3632 876 passus

2040 901 2152 957 est;
2184 894 2396 962 scripsit
2420 894 2560 947 enim
2585 904 2640 948 ct
2667 894 2781 964 ipse
2805 896 3164 950 concordibus
3184 896 3311 950 suis.
3345 896 3476 962 Quia
3502 912 3640 952 vero

2045 985 2170 1038 nihil
2204 984 2321 1038 falsi
2350 993 2538 1040 contra
2561 1000 2690 1040 eum
2719 986 2931 1056 scripsit
2962 988 3355 1043 sacratissimus
3392 989 3628 1043 Alexan-

2046 1075 2160 1138 der,
2197 1077 2311 1146 ipse
2356 1078 2512 1131 Arius
2554 1078 2747 1132 litteris
2776 1079 2888 1133 suis
2914 1081 3128 1149 scriptis
3158 1082 3221 1134 aJ
3254 1080 3630 1136 Nicomedien-

2043 1181 2156 1220 sem
2184 1165 2467 1222 Eusebium
2497 1176 2825 1236 protestatus
2854 1177 2953 1223 est.
2986 1168 3157 1235 Quam
3186 1169 3465 1238 epistolam
3496 1169 3632 1224 inse-

2042 1273 2164 1313 rere
2211 1274 2315 1312 non
2363 1259 2640 1326 omittam,
2689 1266 2746 1313 ut
2795 1262 3282 1315 communicatores
3330 1260 3622 1338 impietatis

2045 1349 2161 1419 ejus
2187 1351 2551 1418 ignorantibus
2589 1352 2787 1420 possim
2820 1352 2997 1406 facere
3020 1351 3350 1406 manifestos.
3385 1351 3630 1406 Tueono-

2046 1455 2232 1506 news,
2267 1440 2359 1494 tib.
2387 1455 2424 1505 ι,
2454 1457 2500 1494 c.
2525 1439 2578 1507 4,
2608 1458 2660 1510 ρ.
2692 1440 2746 1496 8.

2543 1573 2706 1644 πο
2742 1570 2969 1626 CAPUT
3011 1569 3124 1626 xv.

2434 1684 2672 1756 Epistola
2700 1687 2812 1739 Arii
2845 1686 2914 1739 ad
2943 1683 3241 1740 Eusebium.

2120 1800 2346 1854 Domino
2389 1799 2928 1862 desiderabilissimo,
2971 1798 3173 1854 homini
3202 1797 3318 1865 Dei,
3344 1797 3506 1862 fideli,
3539 1813 3629 1853 or-

2050 1890 2291 1945 thodoxo
2353 1888 2585 1944 Eusebio
2611 1929 2626 1954 ,
2687 1889 2846 1943 Arius
2871 1928 2885 1952 ,
2944 1888 3035 1957 qui
3089 1889 3517 1958 persecutionem
3566 1889 3637 1941 ab

2049 1982 2356 2037 Alexandro
2384 1996 2522 2051 papa
2565 1981 2764 2049 patitur
2805 1979 3001 2048 injuste
3045 1989 3267 2049 propter
3307 1981 3488 2035 omnia
3518 1979 3636 2033 vinv

2049 2080 2260 2127 centem
2287 2071 2590 2138 veritatem,
2629 2084 2789 2140 quam
2820 2077 2874 2122 tu
2905 2083 3120 2138 quoque
3150 2069 3410 2135 defendis,
3441 2070 3493 2125 in
3525 2069 3620 2124 Do-

2048 2162 2194 2217 mino
2222 2161 2468 2217 salutem.

2122 2251 2281 2306 Patre
2309 2269 2429 2307 meo
2459 2252 2744 2308 Ammonio
2771 2252 3023 2308 veniente
3055 2252 3434 2316 Nicomediam.
3466 2255 3637 2310 ratio—

2051 2344 2229 2398 nabile
2268 2343 2502 2412 judicavi
2535 2353 2586 2398 te
2613 2343 2848 2399 salutare
2876 2359 2974 2415 per
2999 2358 3144 2410 eum,
3187 2345 3365 2399 sciens
3393 2345 3635 2400 dilectio~

2052 2450 2173 2493 nem
2207 2435 2408 2504 pariter
2440 2443 2495 2490 et
2527 2434 2774 2490 affectum
2815 2449 2978 2504 quem
3003 2435 3146 2491 circa
3187 2435 3378 2490 fratres
3415 2444 3638 2505 proptr:

2052 2525 2219 2580 Deum
2261 2524 2461 2580 habere
2511 2525 2865 2594 dignosceris.
2914 2523 3275 2580 Vehementer
3318 2541 3416 2579 nos
3463 2535 3638 2579 vastat

2052 2623 2216 2685 atque
2245 2615 2602 2686 persequitur,
2627 2625 2680 2670 et
2702 2631 2919 2671 omnem
2949 2615 3232 2685 benignum
3259 2614 3489 2669 animum
3522 2631 3632 2667 m0-

2051 2715 2143 2762 vet
2161 2705 2442 2762 adversum
2485 2721 2583 2762 nos
2611 2706 2896 2778 episcopus
2917 2706 3241 2774 Alexander,
3281 2709 3352 2760 ita
3395 2707 3638 2760 utetiam

2055 2797 2124 2853 de
2151 2798 2368 2853 civitate
2395 2813 2495 2853 nos
2521 2799 2832 2868 expulisset,
2863 2797 3011 2852 velut
3050 2799 3295 2854 homines
3319 2799 3436 2852 sine
3476 2797 3588 2852 Deo
3618 2815 3632 2850 :

2053 2889 2306 2958 quoniam
2339 2903 2444 2942 non
2474 2887 2865 2942 concordamus
2905 2887 2954 2941 ei
2994 2887 3202 2955 publice
3229 2886 3450 2950 dicenti,
3479 2884 3636 2940 Sem-

2055 2996 2152 3050 per
2180 2979 2338 3042 Dens,
2365 2994 2578 3049 semper
2607 2978 2803 3043 Filius;
2849 2978 3018 3033 Simul
3048 2977 3225 3044 Pater,
3255 2979 3411 3032 simul
3439 2977 3638 3042 Filius;

359 3080 650 3150 suscipiat,
683 3088 778 3134 aut
807 3080 1007 3135 habere
1052 3081 1289 3150 patiatur
1321 3095 1382 3134 ea
1409 3095 1529 3149 quae
1553 3079 1621 3133 ab
1650 3081 1728 3134 eis
1756 3079 1837 3133 vel
1865 3078 1948 3133 di-
1978 3082 2024 3145 C
2054 3073 2303 3128 ooexistit
2333 3073 2572 3140 ingenito
2598 3071 2710 3126 Deo
2739 3071 2934 3136 Filius;
2965 3087 3179 3142 semper
3200 3073 3411 3141 genitus
3430 3081 3542 3138 est;
3571 3075 3642 3126 ab

361 3183 556 3225 cuntur
585 3170 669 3224 vel
710 3171 1143 3225 conscribuntur.
1189 3171 1395 3226 Cuncta
1441 3172 1584 3226 enim
1627 3171 1771 3224 velut
1809 3170 1950 3239 magi

363 3260 611 3316 homines
636 3261 972 3315 mentiuntur
1005 3279 1018 3314 :
1050 3261 1174 3328 quia
1200 3262 1481 3315 veritatem
1512 3261 1656 3330 loqui
1691 3279 1792 3316 non
1825 3278 1951 3331 pos-

362 3357 507 3404 sunt.
559 3349 906 3405 Circumeunt
937 3350 1169 3419 denique
1213 3350 1490 3418 civitates,
1519 3351 1652 3405 nihil
1680 3351 1957 3410 studentes

365 3440 532 3504 aliud,
564 3439 665 3495 nisi
707 3449 763 3494 ut
790 3441 1146 3495 amicitiarum
1177 3440 1452 3496 schemate
1479 3449 1536 3495 et
1566 3441 1780 3496 nomine
1813 3441 1957 3512 pacis

363 3543 464 3600 per
505 3528 757 3598 figmenta
799 3530 882 3584 vel
927 3528 1293 3584 blandimenta
1325 3529 1532 3584 litteras
1560 3528 1693 3584 dent
1734 3542 1788 3584 et
1813 3530 1958 3584 acci-

367 3620 549 3690 piant;
578 3627 635 3674 ut
671 3635 854 3676 errare
890 3621 1091 3676 faciant
1118 3635 1216 3690 per
1242 3621 1358 3675 hzec
1386 3619 1641 3691 deceptas
1671 3636 1700 3676 a
1729 3636 1788 3678 se
1834 3638 1957 3676 mn-

367 3709 633 3765 lierculas.
665 3709 774 3767 Hos
800 3724 928 3779 ergo
955 3712 1045 3780 qui
1070 3717 1260 3767 contra
1289 3709 1560 3765 Christum
1592 3718 1738 3765 tanta
1766 3727 1962 3781 przesu-

368 3809 542 3864 nmut,
559 3803 757 3872 quique
778 3801 1164 3858 Christianitati
1189 3810 1297 3856 tam
1324 3801 1534 3871 publice
1545 3803 1960 3871 derogaverunt,

369 3891 460 3959 qui
510 3891 649 3945 inter
688 3891 886 3960 judicia
917 3891 1323 3961 persecutiones
1371 3890 1555 3956 nobis,
1593 3899 1856 3961 quantum
1905 3892 1958 3946 in

369 3979 498 4048 ipsis
527 3987 642 4044 est,
691 3981 930 4033 excitare
977 3994 1085 4034 non
1111 3987 1354 4045 cessant,
1385 3987 1441 4032 et
1485 3978 1754 4033 ineffabile
1781 3995 1962 4035 sacra-

371 4078 613 4124 mentum
643 4069 935 4124 nativitatis
974 4068 1079 4142 [ed.
1151 4068 1237 4134 γ.,
1275 4066 1714 4141 Christianitatis]
1760 4069 1959 4124 Christi

369 4176 632 4216 enervare
660 4160 973 4227 moliuntur,
1003 4160 1344 4228 aversamini,
1365 4160 1725 4227 dilectissimi;
1754 4170 1809 4216 et
1829 4178 1962 4215 una-

377 4251 551 4305 nimes
598 4260 758 4320 atque
804 4259 1208 4307 concertatores
1237 4250 1518 4306 nobiscum
1550 4259 1737 4305 contra
1775 4267 1960 4305 eorum

373 4353 627 4394 vesanam
675 4348 848 4394 estote
896 4339 1395 4409 praesumptionem,
1442 4339 1510 4392 ad
1559 4339 1960 4394 similitudinem

2052 3162 2290 3232 ingenito
2317 3163 2530 3232 genitus
2550 3171 2662 3228 est;
2693 3177 2868 3232 neque
2887 3163 3233 3232 cogitatione,
3258 3178 3432 3232 neque
3456 3171 3643 3218 atomo

2053 3251 2270 3322 quidem
2301 3251 2553 3321 p.:ecedit
2583 3251 2722 3306 Deus
2749 3251 2940 3318 Pater;
2971 3268 3186 3324 semper
3213 3254 3376 3309 Filius
3405 3269 3475 3310 ex
3523 3256 3642 3325 ipso

2054 3342 2166 3398 Deo
2188 3351 2292 3397 est.
2325 3340 2391 3394 Et
2418 3342 2671 3411 quoniam
2716 3340 2975 3396 Eusebius
3005 3342 3168 3399 frater
3192 3353 3316 3399 tuus
3343 3344 3637 3399 Cmsarieu-

2057 3434 2158 3498 sis,
2191 3443 2246 3489 et
2293 3433 2629 3498 Theodotus,
2668 3442 2724 3490 et
2761 3432 3045 3499 Paulinus,
3096 3442 3153 3489 et
3204 3434 3554 3501 Athanasius,
3585 3446 3640 3489 et

2054 3522 2365 3594 Gregorius,
2397 3535 2451 3578 et
2484 3523 2686 3588 Aetius,
2720 3532 2776 3579 et
2799 3538 2988 3578 omnes
3018 3539 3114 3594 per
3137 3522 3409 3580 Orientem
3431 3526 3638 3587 dicunt,

2056 3616 2180 3685 quia
2210 3615 2503 3683 praeexistit
2547 3614 2687 3669 Deus
2715 3613 2849 3668 Filio
2877 3613 2994 3669 sine
3043 3614 3322 3686 principio,
3352 3615 3640 3671 anathema

2057 3703 2182 3760 facti
2212 3717 2356 3771 sunt,
2382 3716 2575 3777 pneter
2589 3707 2766 3784 solum
2791 3705 3181 3776 Philogonium,
3209 3715 3266 3763 et
3283 3705 3638 3775 Hellanicum,

2058 3804 2116 3852 et
2143 3796 2459 3862 Macarium,
2490 3797 2738 3852 homines
2762 3797 3078 3863 haereticos,
3123 3798 3416 3854 ineruditos
3441 3815 3457 3866 ;
3504 3814 3636 3867 quo-

2059 3902 2178 3942 rum
2204 3887 2294 3941 alii
2344 3886 2558 3956 quidem
2595 3887 2780 3942 dicunt
2833 3885 3025 3941 Filium
3071 3887 3520 3953 eructuationem,
3551 3892 3639 3944 alii

2059 3991 2190 4030 vero
2221 3978 2667 4046 propositionem,
2692 3977 2782 4030 alii
2811 3977 3192 4046 coingenitum.
3221 3976 3365 4045 Quas
3394 3980 3642 4050 impieta-

2063 4073 2144 4120 tes
2167 4079 2266 4120 nec
2291 4066 2477 4121 audire
2506 4081 2812 4137 possumus,
2837 4067 2958 4122 lice.
2989 4068 3296 4124 innumeras
3323 4078 3527 4126 mortes
3554 4089 3641 4127 no-

2061 4156 2142 4211 bis
2155 4157 2423 4211 minentur
2449 4157 2709 4213 haeretici.
2734 4157 2841 4214 Nos
2863 4169 3043 4214 autem
3064 4162 3574 4229 quoniamdicimus,
3591 4177 3642 4220 et

2062 4247 2316 4318 sapimus,
2340 4255 2397 4303 et
2414 4249 2712 4314 docuimus,
2739 4257 2796 4304 et
2815 4249 3087 4317 docemus,
3104 4253 3228 4322 quia
3251 4252 3414 4309 Filius
3435 4271 3540 4310 non
3563 4269 3642 4312 est

2065 4337 2351 4403 ingenitus,
2368 4336 2698 4405 necingeniti
2720 4352 2843 4406 pars
2857 4339 2962 4394 ullo
2986 4341 3166 4407 modo,
3183 4357 3358 4412 neque
3375 4359 3442 4398 ex
3463 4345 3642 4414 aliquo

375 4431 864 4486 comministrorum
908 4441 1243 4493 nostrorum,
1275 4433 1366 4502 qui
1412 4431 1671 4500 indignati
1701 4444 1850 4496 sunt,
1907 4444 1963 4488 et
1995 4443 2039 4499 ι)
2063 4426 2344 4496 subjecto;
2371 4426 2467 4482 sed
2489 4428 2742 4496 quoniam
2771 4429 3046 4484 voluntate
3089 4439 3147 4486 et
3191 4435 3418 4490 consilio
3470 4437 3644 4493 subsi-

373 4521 630 4575 adversus
651 4537 745 4577 eos
770 4522 898 4576 mihi
920 4523 1266 4592 scripserunt,
1289 4532 1343 4578 et
1369 4523 1419 4577 in
1441 4531 1587 4579 tomo
1609 4540 1767 4594 quem
1797 4527 1957 4580 etiam

374 4611 528 4665 vobis
556 4611 724 4666 direxi
776 4627 871 4682 per
898 4611 1061 4666 tilium
1088 4628 1267 4666 meum
1315 4611 1752 4668 archidiaconum
1784 4614 1957 4687 [alias,

376 4702 653 4755 Arehitum
671 4703 978 4775 diaconum]
1003 4704 1450 4774 subscripserunt,
1468 4714 1576 4759 tam
1605 4705 1768 4761 totius
1795 4705 1962 4777 Egy-

378 4793 449 4862 pti
481 4804 536 4846 et
565 4792 884 4859 Thebaidis,
927 4811 1088 4866 quam
1131 4795 1306 4867 Libya:
1329 4806 1384 4850 et
1413 4794 1740 4868 Pentapolis,
1771 4798 1958 4870 Syriae,

383 4879 722 4954 Pamphyliae,
756 4885 914 4949 Asida,
942 4883 1312 4956 Cappadocizn,
1343 4887 1668 4953 sacerdotes,
1703 4888 1958 4944 aliarum-

376 4988 484 5039 que
508 4975 923 5042 provinciarum,
968 4975 1033 5029 ad
1060 4991 1285 5043 quorum
1317 4976 1486 5030 instar
1512 4978 1673 5032 etiam
1703 4994 1800 5034 vos
1827 4993 1954 5033 ωη-

378 5060 487 5117 fido
515 5078 636 5118 eum
664 5067 955 5134 suscipere.
988 5064 1165 5120 Multis
1189 5066 1368 5134 itaque
1397 5065 1525 5120 mihi
1547 5075 1732 5120 contra
1762 5082 1962 5122 nocen-

379 5161 462 5208 tes
490 5154 738 5209 remediis
781 5155 1170 5220 existeniibus,
1220 5157 1380 5210 etiam
1428 5157 1532 5211 hoc
1560 5157 1836 5213 inventum
1880 5168 1963 5214 est

380 5247 510 5301 utile
543 5247 870 5302 medicamen
916 5266 928 5301 :
974 5248 1098 5317 quia
1129 5259 1518 5304 convertuntur
1545 5249 1750 5304 seducti
1787 5249 1855 5304 ab
1883 5250 1962 5304 eis

380 5337 582 5408 populi,
617 5354 758 5393 nunc
787 5340 982 5395 nostris
1011 5341 1378 5395 sacerdotibus
1419 5341 1758 5409 obedientes,
1799 5349 1855 5396 et
1893 5341 1960 5396 ad

382 5425 750 5494 paenitentiam
799 5442 892 5496 per
929 5442 1022 5481 eos
1052 5427 1307 5482 accedere
1343 5428 1674 5484 festinantes.
1717 5428 1960 5484 Salutate

381 5516 450 5569 ad
481 5516 705 5570 invicem
736 5516 1124 5572 fraternitatem
1173 5533 1292 5586 qua:
1322 5518 1462 5588 apud
1512 5534 1609 5573 vos
1637 5528 1738 5574 est.
1766 5518 1958 5574 Valere

383 5621 479 5660 vos
505 5608 555 5661 in
581 5606 807 5666 Domino
833 5618 981 5679 opto,
1005 5609 1328 5666 charissimi.
1352 5611 1488 5666 Sunt
1507 5620 1684 5667 autem
1709 5612 1800 5680 qui
1828 5628 1958 5666 ana-

385 5699 712 5756 theiuatizati
740 5709 893 5767 sunt,
947 5718 1012 5758 ex
1059 5704 1381 5776 presbyteris
1410 5703 1624 5773 quidem
1673 5703 1858 5766 Arius,
1891 5719 1952 5759 ex

2066 4518 2160 4571 stit
2185 4525 2311 4573 ante
2339 4525 2604 4586 tempora,
2633 4525 2689 4574 et
2713 4526 2840 4573 ante
2866 4519 3059 4575 sarcula
3083 4521 3272 4590 plenus
3290 4523 3448 4592 Deus,
3466 4529 3646 4597 unige-

2067 4609 2225 4673 nitus,
2259 4609 2657 4672 convertibilis;
2695 4618 2750 4664 et
2797 4618 3081 4680 antequam
3129 4627 3496 4684 generaretur,
3553 4631 3646 4675 aut

2065 4707 2360 4768 crearetur,
2391 4709 2484 4754 aut
2511 4701 3002 4770 pnedestinaretur,
3031 4712 3120 4758 aut
3147 4705 3478 4773 fundaretur,
3536 4729 3642 4765 non

2065 4803 2181 4848 erat
2213 4811 2225 4847 :
2258 4793 2527 4864 ingenitrs
2553 4794 2694 4850 enim
2725 4810 2828 4849 non
2859 4804 3000 4862 erat,
3056 4800 3483 4868 persecutionem
3514 4804 3644 4868 ριιιίο

2065 4903 2184 4941 mur
2211 4887 2336 4956 quia
2364 4886 2594 4942 diximus
2631 4903 2644 4939 :
2687 4884 3010 4958 Principium
3063 4889 3224 4945 habet
3271 4890 3453 4956 Filius,
3506 4891 3644 4947 Deus

2044 4986 2240 5030 .autem
2263 4977 2379 5032 sine
2400 4976 2663 5046 principio
2683 4985 2806 5043 est;
2846 4987 2900 5031 et
2935 4979 3060 5046 quia
3113 4978 3363 5045 diximus,
3407 4979 3489 5036 Ex
3535 4999 3648 5038 non

2061 5068 2395 5123 exstantibus
2419 5076 2520 5122 est.
2552 5067 2644 5122 Sic
2681 5076 2857 5123 autem
2898 5067 3130 5125 diximus
3167 5072 3460 5127 secundum
3499 5077 3642 5144 quod

2064 5173 2164 5212 nec
2193 5171 2315 5226 pars
2345 5157 2435 5211 Dei
2461 5167 2560 5221 est,
2585 5173 2683 5212 nec
2703 5172 2769 5212 ex
2796 5158 2977 5226 aliquo
3029 5160 3305 5229 subjecto;
3353 5175 3646 5235 propterea

2063 5247 2491 5316 persecutionem
2515 5249 2763 5318 patimur.
2796 5248 2873 5303 De
2902 5259 3100 5305 caetero
3138 5259 3192 5306 tu
3233 5257 3394 5310 nosti.
3449 5257 3646 5313 Valere

2062 5343 2114 5389 te
2142 5336 2192 5390 in
2219 5335 2446 5390 Domino
2464 5346 2611 5405 opto,
2645 5351 2938 5392 memorem
2977 5339 3377 5399 tribulationum
3431 5356 3640 5404 nostra-

2061 5443 2199 5492 rum,
2231 5427 2607 5482 Collucianista
2637 5443 2763 5484 vere
2792 5427 3040 5494 Eusebie,
3073 5432 3125 5486 id
3146 5442 3248 5499 est,
3300 5437 3406 5505 pie.

2134 5517 2392 5574 Eusebius
2422 5518 2601 5586 itaque
2623 5519 2878 5575 Ctesarea:
2904 5533 3016 5576 erat
3045 5525 3349 5596 episcopus,
3388 5529 3642 5588 Theodo-

2063 5617 2146 5664 tus
2174 5607 2471 5674 Laodicezn,
2505 5609 2628 5681 Tyri
2663 5610 2931 5680 Paulinus,
2992 5615 3312 5672 Athanasius
3355 5621 3647 5685 Anazarhi.

2057 5715 2113 5759 et
2137 5703 2426 5776 Gregorius
2466 5703 2666 5777 Beryti,
2726 5708 2908 5765 Actius
2954 5720 3132 5768 autem
3190 5711 3404 5784 Lyddaz.
3466 5719 3658 5791 iam
