3990 6170
413 325 520 382 9ῖὸ

1558 318 1565 327 ’
1630 320 1699 380 Μ.
1744 318 2022 378 AURELII
2060 320 2459 379 CASSIODUIU

3585 330 3691 387 910

410 457 538 498 vero
566 449 649 498 est
675 455 793 513 quae
841 454 982 495 nunc
1020 434 1288 509 Diospolis
1330 437 1653 511 appellatur.
1720 436 1830 492 llos
1872 447 2001 503 ergo
2030 443 2080 498 Α
2106 446 2162 491 et
2188 437 2382 492 iterum
2416 455 2428 491 :
2466 436 2657 507 Deum,
2703 442 2789 513 qui
2835 451 2882 498 te
2930 443 3124 516 genuit,
3171 443 3489 517 dereliquiin
3518 447 3690 520 (Deut.

409 532 566 588 Arius
586 531 881 587 concordes
904 544 965 586 se
995 528 1195 585 habere
1218 528 1569 600 gloriabatur.
1596 526 1791 583 Hostes
1823 535 2005 581 autem

409 623 622 677 vocavit
675 619 1049 690 Philogonium
1098 618 1380 689 praesulem
1437 618 1584 673 urbis
1627 614 2002 679 Antiochense,

411 712 749 768 llellanicum
811 710 1113 782 Tripoleos,
1157 721 1213 765 et
1264 710 1554 767 Hacarium
1603 707 2007 778 Hierosolymo-

410 820 554 873 rum,
584 805 844 860 adversus
869 818 965 859 eos
1007 803 1291 859 sarciendo
1337 803 1636 858 calumnias
1682 819 1696 853 :
1750 799 2005 871 quoniam

407 903 672 949 aeternum
694 901 751 948 et
779 901 905 949 ante
933 892 1129 947 smcula
1178 893 1395 959 Filium,
1445 902 1501 947 et
1527 907 1647 947 cum
1680 890 1839 945 Patre
1866 890 2006 959 aequi

410 983 636 1039 honoris
663 983 1012 1052 ejusdemque
1041 983 1352 1038 substantiae
1373 983 1759 1053 praedicabant.

483 1074 637 1130 Hanc
664 1075 827 1145 igitur
856 1074 1118 1130 Eusebius
1143 1074 1269 1130 dum
1322 1074 1649 1145 suscepisset
1701 1072 2003 1143 epistolam,

411 1173 468 1220 et
496 1166 609 1236 ipse
627 1180 893 1220 venenum
937 1180 1048 1220 sum
1101 1165 1393 1235 impietatis
1446 1164 1702 1231 evomuit,
1763 1163 2008 1218 scribens

409 1253 517 1309 boc
541 1253 707 1309 modo
735 1252 963 1310 Paulino
986 1254 1241 1325 episcopo
1291 1253 1437 1326 Tyri.
1470 1254 1883 1320 'i‘nsooonsrus,
1908 1253 2002 1308 lib.

410 1360 450 1413 l,
479 1361 596 1418 cap.
619 1343 672 1413 5,
702 1363 760 1417 p.
789 1345 878 1400 20.

988 1478 1217 1535 CAPUT
1255 1478 1395 1533 XVI.

518 1592 756 1661 Epistula
783 1592 993 1649 Eusebii
1017 1594 1087 1648 ad
1116 1593 1395 1655 Paulinum
1420 1595 1714 1665 episwpunt
1749 1592 1891 1665 Tyri.

482 1701 711 1756 Domino
756 1717 878 1757 meo
921 1701 1141 1757 Paulino
1184 1701 1446 1758 Eusebius
1494 1703 1546 1769 in
1590 1703 1814 1758 Domino
1861 1704 2001 1758 salu-

411 1797 540 1845 tem.

479 1883 666 1952 Neque
711 1886 916 1940 domini
955 1885 1059 1940 mei
1087 1885 1302 1942 Eusebii
1342 1887 1575 1941 studium
1630 1902 1731 1956 pro
1776 1886 2007 1942 veritate

409 1975 559 2031 verbi
606 1974 826 2031 tacitum
854 1985 957 2043 est,
983 1978 1077 2033 sed
1109 1991 1277 2046 usque
1303 1976 1369 2031 ad
1400 1992 1501 2033 nos
1526 1978 1798 2046 pervenit,
1832 1992 2006 2047 neque

408 2072 578 2132 tuum,
627 2066 866 2136 domine,
914 2083 1078 2139 super
1125 2067 1229 2123 hac
1279 2082 1442 2123 causa
1483 2067 1773 2123 silentium.
1818 2067 1904 2133 Et,
1948 2078 2008 2124 ut

407 2172 745 2229 consequens
786 2166 921 2223 erat,
969 2158 1038 2214 de
1091 2158 1311 2213 domino
1355 2158 1570 2228 quidem
1603 2174 1724 2214 meo
1769 2156 2005 2215 Eusebio

408 2247 574 2303 ltetati
599 2264 783 2305 sumus
814 2267 827 2302 :
861 2249 930 2306 de
956 2257 1010 2305 te
1030 2265 1162 2305 vero
1193 2250 1489 2317 tristamur,
1518 2250 1842 2306 arbitrantes
1872 2253 2005 2306 taci-

411 2337 723 2393 turnitatem
766 2338 901 2393 tanti
931 2339 1032 2393 viri
1060 2348 1297 2394 nostrain
1321 2352 1442 2394 esse
1466 2337 1823 2394 devictionetn
1854 2338 1997 2411 [mea

413 2435 468 2480 et
504 2426 632 2482 edit.
667 2425 756 2496 V.,
779 2426 1171 2498 devotionem].
1202 2426 1542 2498 Quapmpter
1568 2442 1702 2497 rogo
1742 2438 1794 2483 te
1822 2429 2000 2485 scies-‘-

409 2513 516 2570 teni
543 2517 798 2587 quoniam
824 2516 1082 2573 indecens
1123 2526 1211 2572 est
1247 2517 1418 2572 virum
1462 2517 1761 2587 sapientem
1783 2518 1889 2573 alia
1912 2534 2001 2575 sa.

406 2620 561 2677 pere,
587 2613 643 2661 et
670 2615 853 2662 tacere
881 2608 1182 2671 veritatem,
1216 2617 1276 2663 ut
1301 2608 1564 2678 spirituali
1594 2609 1807 2664 ratione
1851 2626 2003 2665 COM-

407 2702 588 2748 motus
623 2692 690 2747 ad
731 2694 1070 2750 scribendum
1110 2696 1177 2750 de
1207 2695 1512 2765 hujusrnodi
1552 2696 1713 2755 rebus
1742 2698 1998 2768 incipias;

406 2797 528 2837 cun
554 2789 612 2836 et
639 2782 734 2838 tibi
762 2784 831 2838 sit
863 2783 995 2845 utile
1028 2792 1086 2839 et
1111 2785 1451 2841 audientibus
1481 2794 1536 2840 te
1567 2802 1581 2838 :
1613 2786 1847 2841 maxime
1874 2788 1999 2843 dum

404 2885 506 2942 per
542 2874 982 2941 consequentiam
1011 2875 1308 2944 scriptum,
1338 2884 1395 2929 et
1431 2876 1654 2943 vestigia
1684 2889 1996 2934 sermonum

405 2961 546 3031 ejus,
583 2974 640 3019 et
664 2964 958 3021 voluntatis
987 2966 1158 3039 [ωιτη
1189 2965 1502 3037 voluptatis]
1533 2969 1773 3024 scribere
1805 2981 2000 3026 cuncta

404 3051 662 3107 volueris.
690 3052 953 3119 Quoniam
993 3069 1169 3124 neque
1206 3055 1343 3111 duos
1379 3056 1649 3123 ingenitas
1699 3060 1999 3116 audivimus

2110 543 2279 595 χχιιι,
2327 528 2437 600 i8).
2467 530 2535 586 Et
2579 533 2714 590 alius
2749 535 2966 604 quidam
2993 538 3068 592 ait
3099 556 3112 593 :
3148 537 3249 604 Qui
3289 544 3485 612 peperit
3527 557 3696 617 guttus

2109 621 2244 675 roris
2285 621 2404 692 (Job
2442 639 2664 689 xxxvm,
2693 624 2817 697 :8);
2850 641 2955 681 non
2984 637 3228 683 naturam
3256 644 3324 685 ex
3356 641 3544 689 natura
3573 651 3699 692 nar-

2108 726 2256 777 rans,
2297 712 2394 767 sed
2433 713 2854 784 uniuscujusque
2885 726 3147 773 creatura:
3171 735 3238 774 ex
3266 721 3382 790 ejus
3421 723 3699 784 voluntate

2107 804 2463 860 nativitatem.
2495 804 2611 860 Non
2641 807 2784 862 enim
2824 823 2889 864 ex
2935 808 3053 877 ejus
3094 811 3387 867 substantia
3419 824 3560 880 sunt,
3602 817 3701 873 sed

2108 897 2289 951 omnia
2323 897 2601 952 voluntate
2628 900 2745 967 ejus
2772 898 2937 967 facta,
2964 901 3123 957 sicuti
3152 902 3293 957 facta
3319 914 3462 962 sunt.
3492 908 3587 964 llle
3626 911 3697 965 si-

2107 988 2322 1057 quidem
2352 988 2491 1044 Deus
2528 998 2649 1045 est:
2683 991 2797 1047 haec
2825 1000 3003 1047 autem
3045 994 3113 1050 ad
3138 996 3537 1054 similitudinem
3582 1001 3699 1072 ejus

2106 1078 2275 1134 verba
2303 1079 2495 1135 similia
2540 1079 2739 1150 futura,
2787 1083 3079 1138 secundum
3109 1095 3463 1155 spontaneum
3493 1100 3700 1146 motum

2106 1167 2265 1225 facta.
2297 1169 2366 1225 Et
2385 1172 2563 1231 omnia
2592 1173 2807 1242 quidem
2831 1189 2927 1244 per
2954 1191 3075 1231 eum
3104 1193 3135 1232 a
3168 1177 3279 1235 Deo
3311 1180 3478 1250 facta,
3504 1193 3696 1239 cuncta

2105 1269 2285 1317 tamen
2315 1277 2383 1318 ex
2413 1262 2544 1319 Deo.
2569 1263 2700 1331 Quae
2739 1267 3047 1337 percipiens
3082 1280 3140 1324 et
3176 1285 3453 1341 exponens
3500 1289 3697 1330 secun-

2105 1350 2233 1406 dum
2279 1351 2460 1407 datam
2502 1353 2599 1408 tibi
2646 1353 2900 1412 divinitus
2929 1358 3176 1426 gratiam,
3208 1361 3445 1417 scribere
3474 1364 3697 1420 domino

2105 1458 2231 1501 meo
2242 1445 2545 1499 Alexandro
2562 1446 2769 1502 festina.
2783 1446 3006 1504 Conﬁdo
3023 1451 3164 1505 enim
3179 1454 3303 1522 quia
3329 1455 3373 1508 si
3386 1458 3542 1526 221
3564 1457 3697 1513 scri-

2104 1539 2277 1607 pseris
2307 1539 2401 1604 illi,
2434 1550 2797 1596 conversetur.
2826 1540 3010 1598 Saluta
3039 1560 3229 1601 omnes
3271 1550 3359 1616 qui
3391 1548 3444 1602 in
3470 1548 3695 1606 Domino

2104 1639 2248 1687 sunt.
2280 1628 2563 1688 Valentem
2603 1644 2657 1691 te
2690 1645 2747 1691 et
2789 1652 2889 1707 pro
2918 1640 3069 1694 nobis
3098 1650 3341 1697 orantem
3384 1646 3553 1714 gratia
3601 1647 3695 1703 Dei

2105 1723 2401 1789 custodiat,
2432 1720 2669 1780 domine.
2702 1725 3121 1795 Tnuonoseros,
3146 1732 3237 1785 lib.
3267 1748 3303 1796 ι,
3337 1750 3384 1788 c.
3412 1733 3465 1789 ϐ,

2685 1859 2915 1921 CAPUT
2953 1862 3111 1920 XVII.

2365 1947 2446 2003 De
2483 1953 2712 2022 potentia
2736 1951 2950 2009 Eusebii
2977 1953 3413 2015 Nicomediensis.

2179 2040 2327 2097 Talia
2357 2052 2410 2098 et
2441 2044 2529 2102 isti
2557 2045 2833 2102 alterutris
2851 2048 3179 2112 scribebant,
3203 2060 3391 2106 contra
3414 2054 3691 2113 veritatem

2104 2148 2165 2189 se
2193 2142 2461 2191 armantes
2502 2135 2570 2189 ad
2599 2137 2857 2206 prmlium.
2888 2137 2959 2191 Et
2983 2139 3134 2209 pejus
3180 2140 3340 2196 iiebat
3383 2144 3582 2199 malum
3625 2146 3693 2202 ad

2104 2225 2462 2279 contentioni~
2487 2224 2794 2281 incendium
2815 2241 2913 2296 per
2930 2242 3025 2284 eos
3046 2229 3139 2298 qui
3158 2230 3272 2285 lucc
3298 2233 3493 2302 scripta
3523 2236 3691 2292 susci-

2104 2314 2341 2385 piebant.
2397 2314 2806 2374 consentientes
2853 2318 3014 2388 igitur
3052 2319 3378 2390 Alexandro,
3425 2327 3587 2382 etiam
3636 2328 3689 2384 in

2105 2405 2221 2474 ejus
2255 2415 2403 2461 tomo
2443 2408 2882 2478 subscribebant;
2932 2412 3022 2467 alii
3050 2429 3180 2470 vero
3219 2418 3488 2472 contraria
3529 2418 3688 2475 facie-

2101 2495 2251 2550 bant.
2283 2497 2558 2569 Przecipue
2587 2506 2768 2556 tamen
2799 2502 3118 2558 movebatur
3158 2519 3225 2560 ex
3274 2505 3501 2564 adverso
3530 2507 3688 2565 Nico-

2102 2586 2391 2643 mediensis
2415 2587 2696 2654 Eusebius,
2719 2593 2972 2663 quoniam
3002 2594 3056 2648 in
3082 2595 3311 2665 epistola
3340 2614 3434 2653 sua
3457 2601 3688 2668 graviter

2102 2676 2219 2745 ejus
2265 2680 2580 2736 memoriam
2630 2676 2834 2743 fecerat
2873 2684 3196 2743 Alexander.
3243 2685 3464 2744 Poterat
3510 2700 3687 2748 autem

2102 2769 2197 2824 illo
2237 2778 2481 2839 tempore
2527 2773 2688 2828 nimis
2736 2773 3017 2842 Eusebius,
3047 2778 3171 2849 quia
3212 2787 3343 2835 tunc
3396 2781 3685 2851 imperator

2100 2858 2424 2917 Nicomedia:
2447 2863 2780 2919 morabatur.
2805 2865 2939 2922 Nam
2967 2867 3041 2923 ibi
3071 2880 3197 2924 ante
3243 2871 3518 2940 paululum
3547 2882 3683 2928 teut-

2100 2949 2248 3022 poris
2293 2951 2656 3012 Diocletianus
2695 2965 2753 3012 et
2793 2959 2886 3027 qui
2931 2960 3076 3016 circa
3123 2975 3246 3016 eum
3286 2972 3442 3021 erant
3486 2966 3685 3034 regalia

2099 3046 2508 3100 constituerant.
2556 3044 2847 3117 Propterea
2910 3063 3040 3118 ergo
3084 3052 3239 3111 multi
3304 3056 3682 3128 episcoporum

404 3142 714 3213 aliquando,
748 3159 921 3216 neque
951 3163 1111 3202 unum
1141 3148 1195 3202 in
1225 3147 1362 3203 duos
1388 3148 1637 3203 divisum.
1665 3149 1850 3221 Neque
1871 3167 1996 3207 cor-

2103 3132 2426 3203 obediebant
2448 3133 2703 3191 Eusebio.
2725 3135 2793 3191 Et
2819 3138 2910 3194 ille
2935 3138 3248 3209 frequenter
3270 3144 3541 3209 scribebat
3561 3145 3684 3202 Ale-

403 3233 595 3304 porale
620 3235 825 3304 aliquid
845 3251 1058 3306 passum
1089 3252 1209 3293 esse
1229 3238 1514 3295 didicimus
1543 3248 1635 3294 aut
1654 3242 1999 3310 credidimus,

404 3327 624 3381 domine
666 3343 850 3393 meus;
897 3330 992 3384 sed
1023 3345 1187 3387 unum
1215 3331 1433 3400 quidem
1462 3334 1782 3403 ingenitum.
1835 3352 1997 3391 unum

404 3430 538 3473 vero
564 3417 633 3472 ab
657 3433 725 3473 eo
765 3434 911 3486 vere,
944 3428 1000 3475 et
1048 3435 1153 3474 non
1181 3435 1249 3475 ex
1288 3420 1405 3491 ejus
1431 3424 1730 3479 substantia
1777 3424 1994 3491 factum,

403 3518 481 3576 et,
514 3509 884 3566 universaiiter
909 3511 1212 3579 dicendum,
1245 3528 1582 3584 nequaquam
1621 3533 1741 3572 cum
1764 3518 1996 3585 ingenita

407 3606 599 3653 natura
632 3599 1043 3671 partieipantem
1082 3612 1177 3657 aut
1226 3605 1544 3660 existentem
1593 3620 1658 3660 ex
1710 3609 1824 3676 ejus
1871 3608 1998 3663 sub-

401 3689 621 3755 stantia,
651 3689 745 3747 sed
775 3689 972 3747 factum
1014 3693 1269 3762 perfecte,
1301 3695 1445 3749 aliud
1474 3703 1665 3749 natura
1693 3710 1855 3767 atque
1882 3700 1995 3754 vir—

404 3788 540 3846 tute,
589 3789 849 3850 quantum
895 3783 1088 3837 attinet
1133 3783 1200 3837 ad
1248 3784 1515 3855 integram
1566 3785 1991 3856 similitudinem,

402 3868 655 3927 aﬂecttun
680 3880 1112 3942 potestatemque
1141 3873 1379 3942 factoris,
1409 3872 1605 3930 factum
1641 3877 1849 3933 scilicet
1879 3880 1993 3934 ine-

401 3961 763 4017 narrabiliter.
793 3962 948 4029 Quod
977 3964 1141 4017 etiam
1182 3965 1495 4034 cogitationi
1533 3980 1640 4020 non
1677 3966 1853 4021 solum
1892 3970 1995 4023 hu-

401 4066 594 4117 manae,
624 4052 718 4108 sed
746 4055 908 4109 etiam
955 4070 1074 4124 quae
1103 4055 1240 4110 ultra
1282 4071 1471 4112 omnes
1498 4058 1744 4114 homines
1769 4071 1869 4124 est,
1909 4062 1993 4115 in-

401 4144 887 4213 comprehensibile
933 4146 1243 4213 judicamus
1292 4154 1353 4202 et
1408 4148 1695 4207 credimus.
1745 4148 1831 4203 Et'
1879 4151 1994 4208 haec

401 4232 620 4303 quidem
691 4249 800 4289 non
851 4236 1147 4291 rationibus
1201 4237 1401 4293 nostris
1453 4239 1732 4299 obstricti.
1778 4241 1870 4296 sed
1925 4257 1993 4296 ex

399 4324 676 4396 Scriptum
702 4334 890 4381 sancta
918 4326 1205 4392 discentes,
1238 4326 1466 4383 dicimus
1493 4336 1739 4384 creatum
1764 4345 1902 4392 esse,
1936 4340 1993 4385 et

399 4414 702 4482 fundatum,
734 4425 791 4483 et
815 4418 1055 4486 genitum
1082 4420 1398 4486 substantia,
1428 4429 1483 4476 et
1521 4422 1909 4478 inconvertibili
1937 4434 1994 4479 et

399 4507 655 4565 ineil‘abili
686 4518 897 4576 natura,
926 4511 1273 4567 similitudine
1302 4512 1541 4581 factoris,
1583 4515 1721 4570 sicut
1744 4515 1856 4586 ipse
1882 4517 1989 4569 Do-

399 4600 582 4656 minus
608 4601 683 4654 ait
709 4617 723 4654 :
755 4599 1010 4656 Dominus
1043 4604 1233 4658 creauit
1257 4619 1337 4657 me
1364 4604 1418 4658 in
1458 4605 1611 4658 initio
1637 4606 1835 4658 viarum
1861 4621 1987 4657 sua-

397 4707 536 4758 rum,
580 4693 635 4746 in
673 4708 833 4763 opera
856 4708 970 4760 sua,
1000 4704 1050 4748 et
1077 4703 1199 4753 ante
1227 4697 1420 4751 swcula
1449 4696 1685 4768 fundavit
1722 4714 1825 4766 me,
1873 4711 1991 4752 ante

397 4800 577 4839 omnes
615 4785 772 4838 colles
799 4786 975 4856 genuit
1002 4802 1082 4840 me
1109 4784 1292 4858 (Prov.
1323 4802 1433 4850 vm,
1463 4786 1576 4855 ‘22).
1615 4786 1672 4841 Si
1715 4797 1892 4841 autem
1924 4804 1989 4842 es

396 4888 487 4942 eo,
522 4875 628 4930 hoc
653 4883 737 4929 est
764 4875 833 4929 ab
877 4890 945 4930 eo
982 4884 1118 4941 erat,
1159 4877 1312 4946 quasi
1338 4892 1463 4946 pars
1487 4878 1603 4946 ejus
1638 4878 1724 4932 vel
1751 4892 1815 4932 ex
1844 4876 1991 4932 ﬂuxu

397 4966 731 5031 substantias,
781 4981 1119 5037 nequaquam
1167 4977 1383 5023 creatus
1438 4979 1530 5023 aut
1577 4968 1827 5026 hindatus
1872 4986 1991 5027 esse

396 5060 689 5117 diceretur.
720 5059 905 5130 Neque
931 5069 987 5116 tu
1020 5060 1236 5129 ignoras
1276 5061 1401 5126 hoc,
1430 5061 1648 5118 domine
1674 5078 1821 5131 vere,
1860 5065 1986 5133 quia

398 5149 544 5219 quod
570 5165 639 5205 ex
659 5151 899 5220 ingenito
927 5151 1126 5213 existit.
1151 5160 1392 5207 creatum
1411 5152 1519 5221 jam
1546 5154 1614 5209 ab
1640 5153 1765 5221 alio,
1799 5163 1891 5208 aut
1918 5154 1989 5208 ab

397 5254 488 5306 eo,
510 5247 606 5297 aut
635 5239 913 5297 fundatum
951 5256 1057 5296 non
1093 5241 1199 5296 erit
1223 5243 1292 5297 ab
1312 5242 1460 5298 initio
1495 5263 1508 5298 :
1539 5244 1837 5314 ingenitum
1865 5259 1985 5300 eum

396 5332 602 5398 dicere,
630 5333 996 5389 ostensionem
1024 5333 1309 5405 quamdam
1339 5336 1559 5404 prmbet,
1588 5337 1743 5407 quasi
1780 5351 1847 5391 ex
1888 5351 1983 5405 pa-

398 5432 556 5480 terna
584 5424 885 5481 substantia
912 5426 983 5480 sit
1005 5433 1181 5490 natus,
1211 5433 1268 5480 et
1293 5427 1488 5481 habeat
1517 5441 1583 5482 ex
1613 5442 1680 5482 eo
1711 5427 1986 5496 aequalita-

396 5522 512 5571 tem
540 5523 767 5573 natum.
798 5516 1013 5571 Scimus
1034 5516 1177 5571 enim
1204 5516 1349 5588 quod
1378 5532 1486 5572 non
1515 5515 1583 5571 de
1602 5531 1670 5572 eo
1698 5516 1815 5572 solo
1834 5517 1989 5585 geni-

396 5617 514 5663 tum
541 5607 673 5664 dicit
697 5607 993 5680 Scriptura,
1020 5610 1114 5665 sed
1142 5608 1402 5665 etiamrde
1428 5609 1774 5666 dissimilibus
1816 5609 1864 5665 ei
1894 5625 1989 5664 na-

399 5706 523 5757 tura
548 5711 646 5766 per
671 5698 872 5753 omnia.
896 5696 1031 5752 Nam
1065 5707 1123 5753 et
1145 5698 1212 5753 de
1243 5698 1546 5754 hominibus
1567 5699 1678 5752 ait:
1712 5698 1878 5753 Filios
1903 5715 1993 5770 ge-

402 5789 512 5853 nti,
536 5799 585 5842 et
613 5790 868 5856 exaltari;
915 5791 1017 5858 ipsi
1060 5807 1173 5846 vero
1201 5806 1281 5844 me
1311 5800 1609 5860 spreverunt
1639 5789 1803 5861 (Isui.
1829 5807 1862 5857 ι,
1895 5789 1988 5863 2);

2104 3221 2312 3278 xandro
2339 3224 2576 3294 quidem,
2609 3233 2668 3281 ut
2690 3225 2943 3284 deserens
2970 3230 3319 3300 qumstiouem
3350 3248 3469 3302 qua
3495 3250 3684 3292 move-

2100 3311 2195 3368 bat
2224 3316 2529 3383 tumultum,
2555 3317 2855 3388 susciperct
2902 3321 3088 3375 Arium
3131 3331 3188 3378 et
3233 3338 3491 3393 sequaces
3535 3326 3684 3396 ejus;

2100 3419 2199 3475 per
2223 3407 2470 3464 civitates
2493 3417 2672 3465 autem
2703 3408 2931 3466 diversis
2973 3413 3263 3485 episcopis,
3304 3432 3372 3472 ne
3417 3419 3684 3474 consenti-

2099 3505 2219 3551 rent
2244 3498 2457 3568 scriptis
2485 3500 2794 3562 Alexandri.
2828 3500 2981 3558 Unde
3008 3506 3188 3560 omnia
3215 3516 3372 3563 erant
3395 3508 3550 3571 valde
3571 3520 3682 3565 tur-

2096 3585 2241 3641 bata.
2272 3587 2390 3643 Non
2414 3590 2556 3645 enim
2578 3591 2918 3650 solummodo
2941 3593 3195 3653 Ecclesia:
3223 3600 3477 3668 prasulcs
3512 3602 3684 3658 ratio.

2096 3679 2456 3736 cinationibus
2492 3682 2634 3738 inter
2671 3699 2730 3740 se
2767 3692 2978 3742 certare
3003 3687 3353 3755 videbantur,
3382 3695 3477 3749 sed
3516 3694 3680 3750 etiam

2096 3774 2329 3842 populus
2353 3774 2556 3829 divisus
2578 3783 2715 3835 erat.
2742 3776 2845 3837 Alii
2868 3794 3099 3850 namque
3119 3781 3258 3850 istis,
3286 3782 3376 3841 alii
3397 3798 3527 3841 vero
3546 3799 3684 3840 cou-

2092 3863 2402 3935 sentiebant
2427 3864 2548 3920 illis.
2578 3864 2646 3921 Et
2667 3867 2734 3923 ad
2757 3875 2969 3929 tantum
2991 3886 3155 3931 causa
3174 3873 3319 3929 venit
3348 3874 3679 3945 incendium,

2094 3962 2155 4007 ut
2175 3953 2227 4007 in
2257 3955 2471 4023 publico
2494 3964 2558 4019 et
2583 3955 2635 4015 in
2668 3957 2798 4027 ipsis
2826 3960 3053 4017 theatris
3089 3960 3485 4021 Christianitati
3514 3965 3680 4022 dero-

2093 4052 2329 4111 garetur.
2371 4042 2439 4103 lli
2480 4046 2699 4114 quidem
2741 4049 2794 4107 in
2836 4050 2948 4120 ipsa
2978 4048 3302 4109 Alexandria
3342 4054 3522 4123 positi,
3555 4062 3679 4109 tan-

2093 4147 2254 4202 quam
2275 4132 2389 4201 jam
2422 4135 2661 4197 victores
2697 4137 2767 4194 de
2809 4140 3179 4210 superioribus
3217 4143 3683 4213 persecutionibus

2090 4222 2238 4290 facti,
2270 4225 2450 4295 potius
2476 4227 2846 4295 armabantur,
2875 4231 3280 4302 legationesque
3298 4233 3584 4290 mittebant
3609 4235 3680 4290 ad

2091 4316 2450 4385 provinciales
2467 4319 2781 4391 episcOpos;
2810 4321 2862 4377 bi
2888 4338 3015 4378 vero
3045 4324 3099 4381 in
3124 4324 3349 4380 alteram
3370 4324 3525 4379 divisi
3550 4340 3679 4395 para

2091 4415 2221 4474 tem,
2252 4409 2466 4465 illorum
2489 4411 2646 4467 simili
2675 4413 2926 4469 seditioni
2955 4417 3443 4473 communicabant.
3474 4418 3682 4474 Socrus

2017 4547 2068 4607 υ
2092 4500 2334 4607 τεείηιὶὁ.
2363 4520 2405 4572 ι,
2432 4520 2551 4576 cap.
2574 4504 2609 4558 '5
2629 4523 2644 4572 ;
2668 4506 2791 4561 edit.
2822 4505 3117 4581 Christoplt.
3164 4520 3214 4565 et
3267 4499 3439 4564 Vales.
3471 4525 3588 4581 cap.
3619 4509 3679 4577 6,

2089 4606 2141 4659 p.
2182 4589 2268 4643 15.

2663 4708 2892 4766 CAPUT
2921 4712 3099 4768 XVIII.

2091 4793 2171 4849 De
2200 4795 2515 4879 .Helptiunis,
2538 4810 2585 4853 et
2615 4804 2868 4879 quomodo
2896 4806 3005 4879 sint
3029 4806 3092 4879 ab
3125 4802 3358 4861 Ecclesia
3389 4810 3679 4879 segregati,

2161 4878 2210 4919 et
2230 4869 2357 4949 quia
2383 4870 2583 4949 uolente
2602 4869 2905 4949 Alexandro.
2944 4876 3123 4949 Arium
3148 4879 3431 4949 suscipere,
3445 4869 3560 4949 ’ρείί
3595 4869 3685 4934 di;

2165 4953 2311 4991 uersa
2338 4939 2451 4994 loca
2478 4942 2663 4997 Ariani
2688 4945 2909 4997 concilia
2937 4945 3282 5003 celebrabant.

2164 5048 2527 5107 Miscebantur
2566 5053 2728 5120 igitur
2778 5056 2991 5117 Arianis
3029 5056 3303 5112 Meletiani
3344 5059 3479 5128 (An.
3516 5058 3678 5115 Dom.

2091 5139 2241 5212 ³515),
2268 5142 2359 5212 qui
2385 5142 2584 5197 dudum
2613 5142 2829 5199 fuerant
2862 5148 2929 5200 ab
2962 5146 3200 5202 Ecclesia
3245 5151 3534 5218 segregati.
3577 5151 3684 5217 Qui

2089 5246 2219 5288 vero
2244 5233 2351 5287 sint
2389 5233 2478 5288 isti
2506 5234 2790 5289 dicendum
2817 5246 2919 5290 est.
2961 5237 3073 5292 Sub
3101 5237 3262 5293 Petro
3306 5239 3690 5295 Alexandrina:

2089 5322 2323 5379 civitatis
2341 5324 2621 5396 episcopo,
2648 5328 2737 5396 qui
2760 5328 2997 5398 suscepit
3026 5328 3360 5386 Diocletiano
3381 5330 3688 5401 imperante

2092 5419 2429 5488 martyrium,
2461 5417 2706 5475 Meletius
2733 5419 2952 5490 quidam
2990 5420 3276 5490 episcopus
3300 5422 3458 5476 unius
3484 5423 3686 5477 civita-

2091 5510 2164 5565 tis
2185 5508 2563 5582 IEgyptiorum
2584 5512 2860 5581 depositus
2891 5518 2993 5578 est,
3017 5520 3073 5566 et
3090 5523 3312 5583 propter
3332 5514 3528 5567 multas
3547 5514 3685 5570 aLas

2094 5618 2303 5668 causas,
2333 5611 2389 5658 et
2418 5606 2650 5659 maxime
2676 5606 2825 5674 quia
2850 5605 2905 5659 in
2936 5607 3311 5675 persecutione
3344 5604 3449 5660 ﬁde
3487 5616 3684 5674 negata

2095 5692 2514 5750 sacriﬁcaverat.
2547 5693 2684 5763 Ergo
2706 5695 2993 5750 damnatus
3025 5696 3224 5751 multos
3266 5695 3458 5751 habuit
3490 5709 3697 5765 aequa-

2094 5802 2213 5855 ces,
2242 5796 2298 5847 et
2320 5786 2708 5865 bmresiarches
2745 5786 2917 5842 factus
2937 5797 3019 5842 est
3040 5795 3234 5845 eorum
3283 5787 3372 5859 qui
3418 5786 3689 5841 hactenus
