3990 6170
330 228 433 286 9‘7

1408 216 1729 276 HISTORIA
1767 208 2206 271 TRIPARTITA.
2252 205 2451 262 UBER
2486 206 2524 265 Ι.

3504 211 3621 270 918

335 343 405 397 ab
430 356 497 394 eo
528 340 581 394 in
614 336 856 411 Egypto
886 336 1152 394 Meletiani
1182 344 1448 393 vocantur
1483 353 1495 388 :
1528 333 1726 389 nullam
1768 331 1930 400 justi—
1959 332 2007 392 Α
2036 326 2100 381 ad
2134 325 2392 394 medium,
2426 335 2479 380 et
2508 322 2810 383 vehementi
2832 322 3011 389 studio
3032 324 3392 407 contentign's
3422 327 3618 389 movis-

338 430 426 484 tim
449 427 874 484 satisfactionem
912 425 1136 492 habens,
1169 441 1265 480 cur
1294 421 1613 479 remanserit
1643 422 1709 476 ab
1737 418 1927 476 Eccle-

337 520 415 576 sia
444 528 745 590 separatus.
781 517 1003 573 Dicebat
1021 516 1239 586 quidem
1264 515 1579 585 iniustitiam
1609 528 1669 568 se
1689 527 1930 583 passum,

339 619 396 687 et
440 609 836 681 obloquebatur
880 608 1092 677 saepius,
1143 606 1542 675 derogabatque
1591 601 1770 659 Petro.
1823 599 1931 655 Sed

332 686 536 753 Petrus
590 697 640 751 in
698 696 1093 768 persecutione,
1142 704 1396 765 percepta
1446 692 1685 764 martyrii
1731 691 1929 762 palma,

343 788 630 844 defunctus
658 797 759 842 est.
792 787 899 842 Iste
919 802 1049 841 vero
1078 787 1261 840 retulit
1283 785 1646 841 detractiones
1671 784 1724 838 in
1754 781 1935 837 Achil-

345 878 475 943 lam,
504 879 596 948 qui
627 888 747 948 post
776 877 993 932 Petrum
1032 877 1267 946 suscepit
1294 876 1696 946 episcopatum;
1727 883 1782 929 et
1815 888 1936 927 rura

345 988 463 1028 sum
494 972 549 1026 in
570 971 948 1030 Alexandrum,
981 970 1070 1037 qui
1101 977 1223 1039 post
1266 968 1526 1024 Achillam
1576 967 1816 1022 noscitur
1843 981 1933 1021 or-

345 1062 580 1120 dinatus.
608 1061 755 1117 Inter
782 1062 896 1117 haec
927 1060 1088 1130 igitur
1114 1060 1426 1130 supervenit
1456 1058 1683 1131 quaestio
1713 1058 1932 1121 Ariana,

346 1164 404 1215 et
429 1153 676 1209 Meletius
706 1168 811 1209 una
839 1166 963 1207 cum
992 1152 1105 1207 suis
1133 1150 1455 1207 defendebat
1483 1149 1691 1216 Arium,
1716 1147 1935 1218 conspi-

346 1244 561 1299 ratione
589 1242 725 1298 facta
751 1259 876 1299 cum
915 1258 983 1299 eo
1022 1241 1281 1298 adversus
1321 1243 1411 1312 epi
1438 1257 1654 1312 copum.
1703 1238 1937 1306 Quibus;

347 1349 562 1403 euntque
589 1334 731 1387 enim
764 1348 926 1403 prava
946 1333 1225 1388 videbatur
1249 1331 1364 1387 Arii
1384 1340 1549 1397 secta,
1577 1330 1940 1400 suscipiebant

348 1442 565 1498 semper
593 1426 883 1482 Alexandri
915 1427 1046 1499 [ed.,
1074 1442 1238 1496 super
1266 1424 1415 1499 Ario]
1441 1424 1784 1492 sententiam,
1819 1432 1939 1478 tan-

348 1516 726 1587 qnamjustum
749 1525 938 1571 contra
961 1522 1357 1572 conscntaneos
1388 1513 1496 1569 Arii
1526 1513 1643 1583 ejus
1671 1512 1942 1568 videretur

350 1622 472 1663 esse
500 1605 800 1662 decretura.
833 1605 1154 1663 Scribebant
1179 1615 1359 1662 autem
1389 1614 1444 1662 et
1472 1605 1563 1675 qui
1592 1604 1733 1660 circa
1773 1599 1942 1658 Euse-

2033 427 2152 474 sent
2178 433 2295 486 qua:
2324 433 2428 473 nec
2466 415 2751 487 qumrenda
2781 424 2957 482 erant,
3009 430 3109 470 nec
3161 410 3251 483 ab.
3276 415 3428 497 ipitio
3474 419 3618 489 engi-

2034 511 2215 575 tanda,
2239 520 2330 567 aut
2354 510 2586 580 cogitata
2612 508 2790 579 potius
2812 507 3160 571 taciturnitati
3176 507 3305 584 iure
3329 506 3585 567 tradenda
3601 550 3618 575 ,
3652 532 3675 584 ε

2034 620 2156 663 cum
2180 604 2363 672 utique
2389 604 2457 656 ab
2478 601 2752 657 alterutris
2781 617 2889 655 non
2917 600 3122 668 seiungi
3149 580 3469 671 potuissent,
3495 600 3621 657 licet
3658 588 3665 599 ’“

2036 710 2103 749 ex
2134 694 2308 762 aliqua
2340 702 2491 762 parte
2520 692 2786 760 dogmatis
2816 690 3174 747 dissonarent.
3210 690 3516 755 Alexandro
3542 690 3620 755 si-

2036 784 2248 856 quidem
2280 792 2336 838 et
2383 780 2531 845 Ario,
2563 780 2853 852 aliquando
2887 781 3128 852 culpane,
3160 781 3444 859 aliquando
3476 764 3617 841 sua-

2035 873 2187 935 dens,
2222 872 2347 926 talia
2395 871 2630 940 scripsit,
2658 885 2882 939 quarum
2930 871 3227 925 litterarum
3278 878 3483 939 partem
3537 870 3622 926 hic

2038 964 2162 1034 poni
2194 978 2299 1017 non
2330 970 2412 1016 est
2435 961 2809 1028 incongruum.
2833 958 2967 1016 Tota
2987 961 3126 1019 enim
3149 961 3376 1029 cpistola
3400 962 3450 1015 in
3476 960 3623 1017 libris

2041 1052 2258 1109 Eusebii
2278 1053 2451 1124 posita
2482 1061 2563 1107 est
2591 1053 2644 1106 in
2676 1050 2793 1107 Vita
2822 1050 3179 1107 Constantini.
3200 1034 3500 1114 Somnum,
3532 1048 3621 1105 lib.

2038 1162 2078 1213 t,
2108 1163 2223 1216 cap.
2251 1144 2336 1209 Η,
2378 1145 2501 1199 edit.
2544 1142 2837 1213 CltrisIOplt.
2868 1155 2915 1198 et
2955 1143 3126 1198 Vates.
3154 1161 3268 1214 cap.
3299 1143 3389 1211 15,
3415 1162 3465 1214 p.
3497 1142 3625 1198 427.

2531 1260 2690 1329 222
2717 1255 2945 1312 CAPUT
2983 1256 3122 1312 XIX.

2045 1348 2285 1421 Epistula
2308 1348 2637 1404 Constantini
2665 1350 2835 1419 princi
2877 1348 2918 1403 ἐ
2946 1349 3014 1400 ad
3041 1348 3395 1402 Alexandrum
3421 1349 3623 1418 ponti/i-

2113 1436 2221 1474 cem
2239 1419 2672 1480 Alexandrinum,
2703 1428 2749 1471 et
2776 1366 2889 1471 af!
2872 1420 3071 1486 Arium,
3102 1434 3192 1486 per
3217 1434 3371 1487 quant
3394 1419 3626 1473 hortatus

2113 1499 2189 1543 est
2215 1500 2272 1542 ut
2299 1498 2669 1543 reverterentur
2698 1489 2766 1541 ad
2790 1504 2986 1558 pacem.

2116 1580 2300 1636 Victor
2325 1580 2704 1634 Constantinus
2734 1578 3017 1648 Maximus,
3065 1577 3208 1644 Pius,
3242 1579 3544 1634 Alexandro
3573 1590 3629 1637 et

349 1700 496 1754 bium
548 1697 868 1754 Nicomedia:
904 1706 1081 1766 erant,
1118 1706 1173 1752 et
1216 1698 1305 1753 alii
1356 1672 1551 1770 quibus
1597 1695 1709 1750 Arii
1759 1692 1941 1763 opinio
1977 1701 2019 1760 Β
2045 1672 2192 1770 An}

352 1788 747 1858 complacehat,
780 1796 1047 1857 quatenus
1085 1788 1389 1842 solveretur
1424 1786 1637 1855 quidem
1669 1783 1944 1855 prtemissa

351 1882 651 1945 damnatio,
696 1890 750 1936 et
802 1880 854 1934 in
901 1878 1195 1935 Ecclesiam
1245 1878 1483 1933 damnati
1537 1876 1942 1938 reducerentur,

352 1972 508 2043 quasi
555 1970 689 2025 nihil
733 1969 860 2024 mali
910 1970 1315 2039 proliterentur.
1364 1967 1455 2022 Sic
1495 1967 1675 2035 itaque
1722 1964 1947 2019 diversis

351 2061 596 2131 epistolis
624 2060 690 2115 ad
720 2058 1141 2114 Alexandrinum
1171 2058 1481 2127 episcopum
1510 2054 1809 2120 destinatis,
1865 2052 1946 2108 fc-

354 2161 545 2207 eerunt
571 2152 758 2205 harum
786 2149 1133 2221 epistolarum
1154 2147 1521 2207 collectiones,
1555 2144 1712 2201 Arius
1730 2143 1946 2214 quidem

354 2258 545 2301 carum
580 2259 701 2312 qua:
729 2257 827 2312 pro
863 2257 923 2297 se
961 2249 1136 2308 erant,
1185 2240 1487 2296 Alexander
1532 2246 1710 2292 autem
1760 2245 1947 2291 contra

357 2335 563 2389 Arium.
594 2332 662 2387 Et
689 2333 816 2389 hinc
838 2332 1054 2388 occasio
1092 2329 1457 2386 contentionis
1494 2328 1687 2383 oborta
1727 2335 1811 2381 est
1842 2326 1950 2379 hae-

358 2426 567 2482 resibus
586 2439 706 2495 qum
730 2440 871 2479 nunc
892 2423 1088 2491 ubique
1105 2419 1513 2486 circumvolant,
1548 2418 1649 2472 hoc
1669 2426 1770 2480 est,
1797 2414 1952 2468 Aria—

361 2533 574 2583 norum,
608 2515 1085 2581 Eunomianorum,
1117 2522 1172 2569 et
1189 2513 1498 2583 quicunque
1527 2526 1724 2565 nomen
1751 2509 1954 2564 habent

361 2626 394 2664 a
423 2609 756 2665 Macedonio.
805 2607 1012 2677 Singuli
1061 2621 1294 2675 namque
1332 2605 1522 2665 horum
1555 2604 1684 2673 ipsis
1712 2600 1955 2672 epistolis

363 2700 590 2757 testibus
629 2699 713 2754 usi
756 2706 881 2757 sunt
918 2697 971 2757 in
1018 2695 1385 2753 defensionem
1433 2693 1651 2749 haeresis
1695 2706 1827 2747 suae.
1857 2688 1958 2746 So-

362 2807 588 2858 causa,
611 2792 704 2846 lib.
736 2806 775 2857 ι,
805 2806 923 2863 cap.
953 2786 1019 2855 ὃς
1065 2787 1189 2843 edit.
1226 2785 1416 2841 Christ.
1450 2793 1499 2840 et
1545 2783 1721 2838 Vales.
1753 2799 1870 2854 cap.
1899 2779 1952 2846 6,

363 2901 419 2954 ρ.
462 2880 551 2936 14.

437 2973 572 3030 Cum
600 2987 731 3031 vero
760 2987 902 3043 saepe
929 2971 1298 3043 supplicantes
1332 2967 1640 3024 Alexandro
1677 2966 1770 3036 qui
1813 2964 1957 3023 circa

366 3062 659 3119 Eusebium
685 3070 862 3129 erant,
892 3076 1001 3121 non
1032 3060 1383 3117 inclinassent
1414 3071 1558 3123 eum,
1591 3063 1843 3124 tanquam
1873 3054 1958 3109 in-
1988 3070 2037 3133 ρ

366 3154 562 3225 iuriam
592 3152 736 3222 passi
762 3151 1214 3220 malignabantur,
1248 3158 1303 3203 et
1337 3147 1575 3203 acriores
1603 3145 1669 3200 ad
1698 3145 1963 3199 roboran-

366 3246 494 3302 dam
525 3242 636 3317 Arii
659 3242 854 3311 dogma
874 3250 1000 3296 sunt
1025 3240 1181 3307 facti;
1203 3238 1599 3307 conciliumque
1630 3236 1686 3291 in
1715 3233 1965 3305 Bithynia

370 3335 704 3405 colligentes,
753 3332 1087 3404 scripserunt
1129 3330 1396 3401 episcopis
1440 3327 1723 3390 universis,
1755 3334 1815 3379 ut
1848 3332 1968 3379 tau-

370 3441 535 3497 quam
577 3433 731 3481 recte
767 3420 1112 3481 credentibus
1155 3418 1615 3477 communicarent
1653 3414 1881 3480 Arianis,
1914 3420 1971 3468 et

373 3524 596 3587 agerent
648 3522 708 3571 ut
759 3513 1066 3570 Alexander
1109 3526 1326 3585 quoque
1392 3507 1815 3565 communicaret
1867 3504 1966 3560 eis.

375 3606 623 3676 Dumque
658 3621 845 3662 eorum
888 3603 1121 3659 studium
1164 3600 1471 3661 defecisset,
1505 3594 1810 3652 Alexandro
1859 3609 1969 3647 non

376 3695 771 3759 consentiente,
796 3693 1062 3764 legatione
1086 3690 1321 3759 fungitur
1340 3688 1498 3743 Arius
1521 3686 1659 3758 apud
1686 3683 1969 3738 Paulinum

378 3785 688 3856 episcopum
730 3782 874 3855 Tyri,
926 3791 982 3837 et
1016 3780 1305 3835 Eusebium
1357 3778 1617 3849 Pamphili
1660 3774 1969 3846 pontiﬁcem

382 3878 641 3934 Caesarea:
671 3874 984 3940 Palaestinas,
1018 3886 1073 3928 et
1122 3872 1487 3943 Patmphilum
1535 3867 1967 3941 Scythopoleos:

381 3977 574 4040 petens
603 3982 707 4021 una
753 3981 875 4021 cum
919 3965 1032 4019 suis
1071 3972 1131 4017 ut
1153 3962 1434 4035 iuberetur
1475 3974 1595 4015 cum
1643 3956 1842 4027 populo
1878 3957 1971 4024 qui

380 4074 506 4115 cum
528 4072 593 4113 eo
614 4064 731 4112 erat
756 4053 1016 4111 solemnia
1043 4057 1379 4107 sacramenta
1401 4047 1655 4104 Ecclesia:
1675 4045 1970 4108 celebrare,

383 4159 640 4221 tanquam
662 4149 776 4219 ipse
789 4146 935 4218 prius
955 4143 1389 4215 presbyterorum
1410 4140 1683 4195 habuisset
1703 4136 1969 4200 ollieium;

387 4257 509 4300 esse
529 4240 714 4299 dicens
734 4235 1178 4296 consuetudinem
1201 4233 1255 4288 in
1286 4230 1631 4296 Alexandria,
1652 4229 1790 4284 sicut
1808 4227 1973 4282 etiam

386 4349 554 4396 nunc,
577 4340 632 4386 ut
658 4347 765 4385 uno
781 4329 1047 4384 existente
1074 4339 1237 4396 super
1255 4336 1446 4378 omnes
1466 4321 1742 4393 episcopo,
1760 4316 1975 4389 presby-

2120 1764 2288 1819 Didiei
2318 1771 2441 1819 tunc
2461 1772 2642 1818 natam
2674 1773 2951 1835 praesentis
2986 1765 3298 1835 quaestionis
3343 1765 3626 1835 originem,

2046 1853 2263 1923 quando
2293 1861 2368 1918 tu,
2420 1868 2454 1908 o
2494 1853 2816 1919 Alexander,
2867 1868 2898 1907 a
2946 1854 3271 1925 presbyteris
3320 1855 3632 1927 requirebas

2046 1941 2174 2011 quid
2202 1942 2568 2011 unusquisque
2595 1956 2781 1996 eorum
2805 1943 2873 1996 de
2899 1942 3132 2018 qqodam
3173 1943 3294 1998 loco
3322 1944 3443 2018 [πη.
3476 1943 3628 2017 Lyr.,

2046 2032 2236 2105 verbo]
2280 2034 2332 2087 in
2379 2034 2498 2103 lege
2538 2035 2862 2101 conscripto,
2916 1999 3084 2102 niagis
3123 2045 3300 2090 autem
3322 1999 3443 2109 ιιιι-ο
3478 1999 3630 2093 vana;

2047 2122 2324 2193 cujusdam
2345 2122 2654 2192 quaestionis
2689 2130 2843 2191 parte
2889 2125 3130 2179 sentiret.
3189 2118 3394 2194 Tuque,
3436 2142 3470 2179 ο
3515 2126 3628 2193 Ari,

2049 2215 2193 2285 quod
2234 2229 2407 2283 neque
2434 2215 2695 2284 principio
2732 2214 2954 2283 cogitari
3008 2215 3286 2280 debuerat,
3338 2216 3632 2285 cogitatum

2053 2306 2404 2361 taciturnitati
2434 2302 2572 2359 tradi
2597 2306 2770 2374 potius
2789 2306 3146 2374 competehat,
3180 2307 3307 2361 illud
3338 2307 3633 2378 improvide

2054 2399 2297 2468 protinus
2322 2395 2584 2465 obiecisti,
2618 2396 2779 2459 unde,
2823 2394 3085 2450 discordia
3136 2397 3275 2451 inter
3319 2413 3416 2451 vos
3453 2414 3633 2453 emer-

2053 2495 2232 2553 gente,
2264 2483 2517 2555 mystcria
2542 2484 2976 2539 Contemnuntur.
3004 2484 3229 2539 Sanctus
3252 2500 3379 2541 vero
3406 2487 3635 2556 populus

2055 2578 2110 2632 in
2141 2586 2366 2646 utraque
2392 2574 2593 2630 divisus
2610 2584 2716 2641 est,
2746 2575 3044 2630 communis
3068 2576 3310 2644 corporis
3338 2588 3637 2644 congruen-

2056 2669 2130 2722 tia
2151 2673 2450 2737 separatur.
2480 2663 2624 2734 Ergo
2651 2670 2879 2733 uterque
2905 2672 3142 2719 vestrum
3168 2678 3235 2719 ex
3263 2674 3416 2733 mque
3444 2664 3638 2719 volun-

2057 2756 2610 2828 tatem.pr:ebens,-in
2636 2769 2746 2826 quo
2773 2771 2871 2813 vos
2906 2754 3241 2812 confamulus
3286 2765 3465 2812 vester
3497 2756 3641 2825 iuste

2061 2859 2243 2906 monet
2268 2850 2502 2906 obediat.
2548 2847 2663 2905 Hoc
2690 2849 2872 2918 itaque
2908 2863 3083 2918 neque
3124 2850 3397 2918 requirere
3425 2848 3641 2917 dignum

2060 2951 2164 3011 est,
2197 2955 2371 3011 neque
2395 2940 2463 2996 de
2482 2938 2678 2994 talibus
2705 2937 3033 3008 respondere
3052 2939 3432 3006 quaerentibus.
3458 2938 3646 3008 Hujus-

2064 3031 2207 3086 modi
2233 3031 2374 3084 cnim
2403 3028 2747 3098 quaestiones,
2779 3040 2899 3098 qua:
2926 3042 3033 3082 non
3059 3025 3370 3096 cujusquam
3399 3027 3530 3095 legis
3555 3045 3648 3083 ne.

2065 3122 2318 3176 cessitate
2348 3124 2739 3188 proponuntur,
2770 3117 2975 3172 inutilis
2995 3108 3297 3171 vacationis
3318 3125 3528 3187 tempus
3554 3133 3648 3172 ex-

2064 3214 2304 3282 quirunt.
2332 3209 2399 3263 Et
2425 3210 2555 3264 licet
2581 3223 2741 3264 causa
2770 3207 3066 3278 cuiuspiam
3106 3207 3363 3263 naturalis
3408 3209 3649 3264 exercitii

2068 3302 2217 3366 ﬂa'nt,
2250 3310 2427 3357 tamen
2456 3299 2714 3355 debemus
2739 3313 2832 3354 eas
2855 3298 2991 3352 intra
3021 3313 3236 3356 sensum
3283 3298 3556 3357 claudere.
3595 3311 3653 3356 et

2068 3406 2177 3449 non
2208 3399 2454 3463 prompte
2481 3390 2536 3445 in
2569 3389 2783 3460 publica
2818 3389 3171 3444 conciliabula
3216 3388 3520 3457 deportare,
3552 3404 3653 3445 nec

2070 3482 2309 3539 omnium
2356 3480 2576 3534 auribus
2621 3478 2927 3533 inconsulte
2991 3478 3352 3532 committere.
3411 3478 3656 3544 Quantus

2072 3574 2213 3630 enim
2242 3581 2325 3629 est
2346 3573 2715 3642 unusquisque
2743 3567 3040 3632 hominum,
3068 3578 3124 3623 ut
3143 3570 3313 3639 possit
3342 3572 3412 3624 ita
3438 3585 3655 3639 magna-

2072 3680 2190 3720 rum
2219 3678 2397 3720 rernm
2422 3672 2477 3719 et
2507 3662 2661 3718 valde
2686 3660 2979 3717 diﬂlcilium
3007 3662 3258 3715 virtutem
3306 3670 3398 3716 aut
3425 3660 3490 3715 ad
3531 3676 3655 3732 per-

2072 3760 2269 3816 fectum
2299 3758 2582 3828 inspicere,
2614 3764 2707 3811 aut
2735 3755 3075 3825 interpretari
3104 3753 3262 3822 digne
3282 3756 3307 3808 ἲ
3338 3754 3442 3808 Ant
3461 3755 3505 3808 si
3538 3754 3658 3825 quis

2075 3854 2177 3907 hoc
2207 3851 2404 3914 facere,
2434 3849 2649 3904 diﬂicile
2678 3856 2882 3914 tamen,
2913 3847 3099 3917 possit,
3132 3853 3347 3914 quantae
3390 3844 3530 3915 parti
3555 3860 3657 3915 pn-

2076 3944 2183 4014 puli
2213 3941 2493 3995 suadebit?
2520 3938 2623 3993 Aut
2661 3939 2780 4007 quis
2810 3945 3076 3991 tantarum
3098 3935 3452 4005 qnmstionum
3485 3932 3659 3987 subti-

2075 4039 2251 4093 litates
2299 4046 2446 4091 extra
2489 4035 2669 4105 lapsus
2708 4031 2789 4087 sui
2835 4030 3129 4100 periculum
3179 4027 3489 4083 sustinebit?
3520 4024 3661 4094 Ergo

2075 4127 2326 4198 fugienda
2354 4133 2481 4181 sunt
2525 4124 2579 4179 in
2611 4122 2809 4178 talibus
2844 4119 3207 4191 multiloquia,
3248 4133 3318 4174 ne
3365 4118 3504 4174 forte
3536 4116 3664 4172 dum

2077 4218 2384 4274 inﬁmitate
2414 4223 2611 4271 nostra:
2638 4223 2846 4268 naturae
2888 4211 3112 4265 minime
3157 4209 3302 4278 quod
3347 4207 3666 4278 proponitur

2076 4309 2396 4379 explicatur,
2427 4312 2609 4360 mente
2631 4301 2954 4358 discentium
2983 4298 3289 4354 auditorum
3315 4311 3415 4366 pro
3445 4296 3666 4351 tardiori

385 4423 487 4479 teri
510 4436 752 4477 seorsum
777 4417 1035 4475 ecclesias
1068 4388 1398 4475 obtinerent,
1430 4388 1755 4481 et'populus
1799 4407 1852 4461 in
1894 4388 1974 4462 eis
2005 4444 2055 4503 υ
2076 4400 2351 4455 intellectu
2378 4396 2443 4451 ad
2472 4394 2766 4503 perfectam
2787 4390 3100 4497 quaestionis
3117 4388 3521 4503 perceptione:
3544 4401 3667 4457 per-

386 4513 643 4570 collectas
685 4511 998 4569 solemniter
1026 4508 1344 4566 celebraret.
1378 4504 1529 4559 Tunc
1570 4501 1646 4558 illi
1693 4516 1800 4557 una
1847 4515 1971 4553 cum

387 4605 506 4660 aliis
535 4602 803 4676 episcopis
830 4601 883 4657 in
910 4598 1190 4655 Paltcstina
1212 4593 1543 4665 congregati,
1564 4592 1672 4649 tale
1696 4591 1971 4647 decretum

388 4710 553 4765 super
572 4693 834 4765 petitione
871 4690 981 4745 Arii
1012 4687 1371 4760 protulerunt,
1395 4684 1644 4755 iubentes
1682 4697 1778 4738 eos
1805 4680 1974 4736 colle-

388 4794 507 4841 ctas
530 4797 785 4839 exercere
809 4780 966 4837 sicuti
991 4780 1170 4850 prius;
1201 4792 1321 4833 esse
1343 4784 1525 4830 tamen
1547 4772 1792 4829 subditos
1816 4770 1978 4825 Alex-

390 4879 560 4935 andro
593 4873 855 4948 pontiﬁci,
882 4882 937 4929 et
963 4871 1240 4943 deprecari
1292 4882 1506 4937 semper
1537 4874 1595 4921 ut
1621 4865 1738 4935 eius
1763 4877 1896 4934 pace
1924 4869 1980 4916 ct

391 4967 776 5025 communione
820 4964 1141 5019 fruerentur.
1173 4957 1417 5027 Cumque
1444 4956 1607 5011 etiam
1652 4956 1707 5008 in
1747 4951 1985 5022 Aigypto

392 5058 577 5114 multis
614 5056 862 5114 conciliis
888 5052 1195 5116 celebratis,
1227 5049 1449 5105 haeresis
1475 5047 1783 5118 pullularet,
1814 5044 1885 5098 ita
1931 5050 1987 5096 ut

394 5166 566 5221 usque
586 5150 651 5206 ad
675 5148 873 5220 regalia
895 5144 1221 5217 perveniret,
1239 5157 1343 5197 non
1365 5138 1705 5197 mediocriter
1723 5134 1986 5193 Constan-

395 5242 543 5297 tinus
570 5241 864 5311 imperator
891 5234 1246 5306 al'ﬂigebatur,
1276 5247 1343 5288 eo
1364 5230 1508 5300 quod
1540 5226 1797 5296 religione
1818 5238 1989 5295 nuper

400 5333 690 5389 inchoante
715 5344 983 5395 crescere,
1029 5326 1228 5380 multos
1257 5340 1286 5380 a
1315 5322 1719 5379 Christianitate
1760 5316 1984 5386 dogma-

399 5427 515 5475 tum
537 5419 804 5476 discordia
849 5423 1130 5473 revocaret
1159 5414 1277 5489 [πυ.
1311 5411 1464 5484 ιφ..
1513 5426 1543 5465 a
1573 5405 1990 5465 Christianitatis

400 5511 652 5582 dogmate
700 5510 1013 5567 discordare
1049 5506 1297 5581 videret].
1330 5506 1398 5561 Et
1422 5513 1708 5575 propterea
1740 5502 1993 5573 culpabat

400 5604 585 5674 Arium
608 5612 661 5657 et
683 5598 1077 5670 Alexandrum,
1091 5600 1273 5670 eisque
1295 5595 1535 5653 scribens
1565 5591 1846 5663 arguebat,
1868 5591 1992 5660 quia

402 5713 527 5752 cum
554 5697 720 5751 latere
749 5695 1013 5768 potuisset
1039 5695 1151 5751 hac
1193 5691 1440 5765 quxstio,
1482 5702 1599 5742 eam
1639 5685 1992 5741 deduxissent

2080 4491 2263 4548 venire
2285 4503 2393 4543 non
2415 4486 2648 4551 valente,
2680 4484 2748 4540 ad
2768 4481 3146 4539 necessitatem
3174 4478 3541 4550 blasphemiae,
3575 4488 3669 4535 aut

2079 4578 2388 4640 schismatis
2415 4576 2646 4649 populus
2673 4574 2986 4630 abducatur.
3019 4572 3362 4641 Quapropter
3402 4577 3459 4625 et
3497 4568 3669 4624 inter-

2081 4670 2388 4742 rogationes
2408 4669 2655 4728 incautre.
2676 4674 2731 4720 et
2742 4663 3124 4736 responsiones
3136 4659 3445 4731 improvidae
3460 4672 3668 4728 aequam

2084 4762 2357 4818 alterutris
2383 4759 2596 4815 veniam
2622 4756 2860 4812 tribuant
2887 4770 2951 4808 ex
2984 4760 3231 4823 utroque.
3258 4751 3374 4806 Non
3402 4751 3546 4805 enim
3569 4764 3673 4819 pro

2084 4869 2298 4911 summo
2327 4852 2459 4922 legis
2486 4848 2742 4905 mandato
2793 4845 2933 4917 apud
2966 4860 3061 4900 vos
3108 4843 3324 4899 occasio
3361 4840 3673 4897 certaminis

2088 4944 2417 5002 inﬂammata
2446 4951 2546 5003 est,
2595 4954 2771 5010 neque
2816 4952 2953 4993 nova
2993 4936 3234 5006 quredam
3270 4948 3367 5003 pro
3406 4930 3497 4985 Dei
3544 4929 3673 4985 reli-

2087 5040 2247 5107 gione
2276 5034 2496 5091 haeresis
2526 5031 2865 5097 introducta;
2904 5028 3000 5084 sed
3030 5042 3190 5082 unam
3215 5022 3569 5093 eamdemque
3590 5037 3678 5075 ra-

2089 5134 2290 5188 tionem
2343 5127 2556 5185 habetis
2582 5168 2597 5191 ,
2654 5126 2793 5182 sicut
2838 5124 3000 5178 etiam
3055 5132 3221 5174 unum
3278 5112 3673 5171 communionis

2088 5224 2319 5291 signum.
2353 5220 2515 5275 Vobis
2543 5219 2683 5273 enim
2730 5216 2870 5269 inter
2914 5211 3202 5265 alterutros
3230 5222 3328 5278 pro
3355 5204 3592 5277 parvulis
3620 5213 3675 5258 et

2091 5314 2249 5371 valde
2277 5312 2501 5368 modicis
2529 5304 2977 5364 contendentibus
2998 5300 3198 5370 causis,
3222 5307 3430 5353 tantum
3460 5296 3555 5351 Dei
3583 5310 3682 5365 po-

2094 5407 2294 5479 pulum,
2325 5415 2482 5472 quem
2514 5397 2706 5452 vestris
2730 5394 3065 5450 oratlonibus
3094 5401 3149 5446 et
3168 5390 3449 5463 prudentia
3478 5402 3677 5443 conve-

2092 5474 2172 5553 nit
2198 5491 2504 5565 gubernari,
2533 5486 2841 5544 discordare
2873 5498 2972 5540 nec
2997 5483 3170 5549 decet,
3221 5498 3321 5538 nec
3348 5480 3571 5537 omnino
3599 5474 3681 5529 fas

2094 5603 2212 5644 esse
2236 5582 2492 5642 credibile
2511 5588 2612 5637 est.
2650 5578 2719 5635 Ut
2751 5584 2930 5633 autem
2962 5592 3128 5648 parvo
3170 5575 3403 5646 quodam
3429 5568 3691 5638 exemplo

2050 5674 2051 5677 “
2094 5696 2151 5736 sa
2161 5676 2415 5752 pientiam
2444 5681 2677 5730 vestram
2704 5683 3100 5736 commoncam,
3142 5667 3314 5724 nostis
3341 5664 3505 5721 etiam
3532 5661 3703 5733 ipsos
