3990 6170
395 259 493 325 9ft)

1620 268 1691 327 Μ.
1725 266 1998 325 AURELII
2038 264 2429 323 CASSIODORI

3566 259 3670 320 9‘20

394 385 743 459 philosophos
762 389 889 458 quia
918 388 975 443 in
1004 403 1114 445 uno
1134 386 1350 459 quidem
1380 386 1634 458 dogmate
1660 390 1840 445 cuncti
1862 405 1987 444 con-
2019 393 2056 447 Α
2089 404 2193 457 que
2222 401 2460 453 securas,
2492 396 2550 441 ut
2577 385 2815 457 quiedam
2839 386 3149 456 iucunditas
3194 386 3311 457 puri
3355 387 3568 442 luminis
3613 394 3672 444 et

390 476 663 544 sentiunt;
690 493 811 534 cum
831 493 960 533 vero
976 478 1030 533 in
1052 477 1281 548 quadam
1303 478 1582 535 sententi-.1:
1604 487 1758 549 parte
1779 479 1984 534 discor-

389 565 540 631 dant,
586 566 709 621 licet
737 566 1029 637 disciplinae
1056 568 1257 623 virtute
1301 575 1639 637 separentur,
1690 576 1868 622 tamen
1917 569 1983 622 al

397 655 624 711 invicem
653 653 896 726 corporis
942 658 1147 713 unitate
1193 658 1522 729 conspirant.
1567 657 1702 712 Cum
1752 659 1865 714 htee
1912 659 1984 713 ita

398 745 527 813 sint,
558 755 760 816 quanto
790 751 968 820 potius
995 750 1196 819 justum
1241 760 1326 806 est
1365 767 1480 815 vos,
1531 753 1707 822 magni
1752 753 1846 808 Dei
1893 753 1989 808 mi-

398 835 615 910 nisti-os,
642 839 693 892 in
725 840 997 896 voluntate
1029 842 1299 915 religionis
1326 843 1596 898 alterutris
1617 860 1736 900 esse
1757 860 1987 901 concor-

398 925 494 981 des
528 926 981 988 lConsidcrenms
1030 934 1211 1004 itaque
1256 937 1466 992 ratione
1505 937 1714 1006 majori,
1769 949 1823 993 et
1869 956 1985 993 am-

399 1019 559 1087 pliori
606 1021 964 1091 intelligentia
1013 1028 1329 1095 cogitemus,
1379 1029 1425 1083 si
1474 1039 1621 1086 recte
1674 1046 1737 1085 se
1790 1032 1987 1087 habeat

400 1118 623 1180 propter
650 1128 814 1182 parva
843 1125 897 1169 et
927 1133 1060 1171 vana
1090 1132 1400 1179 sermonum
1454 1124 1749 1177 certamina
1795 1125 1989 1179 fratres

398 1202 652 1260 fratribus
682 1208 963 1274 resultarc,
993 1217 1048 1264 et
1067 1212 1327 1265 honorem
1350 1213 1557 1268 concilii
1589 1230 1685 1284 per
1711 1231 1805 1271 vos
1828 1216 1988 1285 impia

402 1295 750 1350 contentione
801 1296 1132 1368 discerpere,
1183 1301 1308 1354 dum
1355 1302 1420 1355 ad
1481 1303 1710 1358 invicem
1760 1320 1859 1373 pro
1913 1305 1992 1361 sic

401 1385 583 1455 parvis
631 1395 686 1440 et
734 1402 1070 1458 nequaquam
1104 1393 1426 1447 necessariis
1470 1393 1706 1462 litigatis.
1738 1395 1989 1454 Vitltzaria

399 1482 527 1529 sunt
551 1476 664 1531 haec
693 1488 746 1532 et
786 1479 1052 1533 infantnm‘
1092 1479 1423 1538 fatuitatibus
1469 1485 1636 1553 magis
1683 1502 1991 1543 accommo-

404 1565 602 1632 danda,
627 1582 787 1637 quam
811 1586 1090 1625 sacrorum
1116 1572 1352 1628 rituum
1384 1583 1438 1629 et
1468 1577 1805 1641 prudentium
1835 1580 1988 1632 intel-

405 1658 641 1727 ligentiae
670 1677 928 1716 consona.
960 1661 1297 1719 Recedamus
1326 1680 1455 1734 ergo
1484 1668 1729 1724 volentes
1753 1686 1782 1723 a
1814 1677 1992 1726 tenta-

2091 479 2214 531 vita:
2233 477 2345 545 jam
2374 477 2570 547 quietae
2598 478 2738 547 apud
2765 495 2852 535 me
2889 479 3072 534 laetitia
3115 488 3496 544 conservetur;
3531 479 3670 535 alio-

2087 570 2212 639 quin
2237 568 2401 625 fuerit
2430 572 2722 626 necessitas
2752 571 3074 641 ingemendi,
3098 580 3153 626 et
3180 586 3392 641 semper
3419 570 3672 644 lacrymis

2090 662 2376 729 ingravari,
2400 670 2458 717 et
2481 677 2709 733 nequam
2737 663 2991 717 saeculum
3015 663 3241 720 libenter
3270 663 3409 720 ferre
3437 664 3668 721 vivendi.

2091 752 2183 806 Dei
2212 768 2445 822 namque
2494 754 2741 826 p0pulos,
2773 754 2826 808 it'l
2872 763 2956 809 est
2997 755 3332 812 confamulos
3371 772 3544 822 meos,
3592 760 3673 813 sic

2090 842 2284 910 injuste
2304 852 2358 897 et
2379 844 2538 898 noxia
2561 845 2724 899 vestri
2746 845 3095 901 contentione
3113 846 3332 911 divisos,
3356 852 3672 918 congregari

2083 933 2194 1002 jam
2225 942 2435 1004 tempus
2459 944 2557 988 est.
2588 933 2655 989 Ut
2694 945 2873 990 autem
2917 936 3221 1006 hujusmodi
3267 939 3495 995 tristitiae
3540 957 3675 997 mem

2092 1023 2508 1089 magnitudinem
2550 1024 2817 1089 sentiatis,
2851 1026 3050 1081 audite.
3086 1026 3291 1082 Dudum
3338 1029 3561 1085 veniens
3605 1032 3673 1085 ad

2092 1113 2575 1168 Nicontediensinm
2602 1114 2894 1181 civitatem,
2926 1124 3147 1185 repente
3174 1116 3243 1172 ad
3263 1116 3536 1173 Orientem
3553 1134 3677 1189 per-

2091 1220 2218 1274 gere
2246 1207 2588 1261 festinaham.
2617 1205 2863 1276 Cumque
2891 1207 2958 1261 ad
3006 1224 3103 1263 vos
3148 1208 3443 1273 tenderent,
3475 1220 3529 1265 et
3557 1212 3673 1281 plu-

2092 1298 2224 1351 rima
2258 1297 2369 1366 jam
2412 1307 2568 1367 parte
2613 1297 2886 1353 vobiscum
2934 1314 3128 1365 essem,
3158 1299 3316 1368 hujus
3363 1302 3438 1355 rei
3487 1303 3676 1357 nuntio

2091 1403 2208 1442 sum
2239 1396 2479 1442 retentus
2506 1405 2518 1440 :
2554 1403 2623 1442 ne
2646 1388 2818 1443 oculis
2848 1388 3030 1443 videre
3056 1390 3411 1459 eompellerer
3437 1406 3556 1460 qua:
3577 1393 3677 1447 im-

2093 1477 2348 1548 possibile
2370 1476 2681 1544 jndicabam
2706 1478 2774 1532 ad
2794 1487 3010 1534 sensum
3038 1479 3248 1533 aurium
3296 1495 3455 1550 posse
3483 1496 3676 1551 perve-

2094 1568 2230 1624 nire.
2257 1566 2602 1637 Quapropter
2626 1569 2830 1638 aperite
2845 1568 2957 1636 jam
2989 1567 3117 1623 mihi
3149 1584 3246 1639 per
3274 1578 3503 1624 vestram
3548 1586 3677 1625 con—

2096 1661 2335 1718 cordiam
2382 1658 2614 1716 Orientis
2660 1661 2796 1724 vias,
2839 1676 2972 1731 quas
3018 1660 3364 1716 contentione
3414 1661 3679 1718 clansistis

404 1749 641 1807 tienibns
689 1752 989 1810 diabolicis.
1049 1754 1271 1823 Magnus
1325 1756 1463 1813 Deus
1510 1770 1695 1814 noster
1747 1761 1988 1818 Salvator

2098 1752 2390 1819 alterutra;
2419 1751 2786 1818 velociterque
2816 1751 2943 1805 mihi
2972 1750 3272 1816 concedite,
3303 1766 3506 1822 vosque
3533 1752 3678 1823 ipsos

403 1841 778 1896 universorum
804 1859 1088 1898 commune
1114 1847 1364 1901 omnibus
1392 1848 1569 1903 lumen
1599 1850 1814 1918 effulsit,
1840 1854 1996 1923 cujus

403 1933 739 2004 providentia
789 1937 893 1991 hoc
941 1953 1141 2003 meum,
1198 1940 1423 1994 ministzi
1474 1942 1585 2006 Dei,
1644 1944 1876 1998 studium
1927 1947 1995 2000 ad

403 2028 792 2101 perfectionem
814 2032 997 2088 venire
1020 2034 1348 2103 permittite;
1376 2045 1436 2089 ut
1456 2052 1553 2091 vos
1578 2037 1721 2091 illius
1738 2039 1994 2107 populum

404 2136 526 2176 mea
553 2120 897 2187 allocutione,
935 2131 992 2177 et
1013 2122 1330 2188 ministerio,
1365 2133 1419 2178 et
1447 2126 1758 2181 monitionis
1788 2127 1992 2182 instan-

407 2213 505 2282 tia,
534 2212 604 2268 ad
631 2215 944 2284 synodalem
987 2215 1189 2285 possim
1218 2230 1477 2272 revocare
1515 2219 1950 2274 communionem
1974 2237 1988 2274 :

406 2302 717 2373 quia,sicut
743 2303 877 2372 dixi,
907 2319 1011 2358 una
1042 2304 1286 2373 quaedam
1334 2305 1386 2359 in
1429 2307 1584 2362 vobis
1611 2317 1696 2361 est
1743 2307 1892 2374 fides,
1937 2315 1996 2364 et

407 2409 543 2449 unus
588 2396 883 2451 secundum
924 2410 1023 2450 vos
1068 2396 1335 2451 bzereseos
1380 2396 1699 2463 intellectus,
1751 2399 1993 2470 legisque

406 2493 729 2555 pneceptum
760 2485 870 2540 suis
898 2485 1135 2553 partibus
1162 2486 1215 2539 in
1248 2485 1405 2541 unius
1434 2487 1729 2543 voluntatis
1748 2490 1992 2559 proposi-

405 2588 520 2637 tum
550 2579 742 2633 tendit.
777 2577 891 2635 Hoc
920 2593 1050 2648 ergo
1077 2579 1225 2648 quod
1256 2579 1410 2636 vobis
1448 2579 1593 2636 inter
1615 2581 1717 2635 alia
1767 2591 1993 2636 conten-

405 2668 605 2725 tionem
626 2668 908 2733 excitavit,
939 2669 1194 2737 quoniam
1223 2685 1332 2725 non
1359 2671 1556 2726 attinet
1581 2671 1648 2724 ad
1676 2679 1838 2726 totius
1860 2672 1993 2740 legis

401 2759 678 2824 virtutem,
706 2759 1103 2829 separationem
1125 2761 1412 2829 quamdam
1433 2769 1489 2816 et
1511 2762 1830 2818 seditionem
1852 2763 1994 2819 inter

401 2863 501 2904 vos
528 2864 639 2905 non
666 2848 828 2904 debet
849 2850 1080 2906 efficere.
1106 2851 1238 2907 Dico
1258 2861 1436 2906 autem
1461 2853 1574 2908 hree
1603 2869 1708 2907 non
1736 2862 1989 2923 tanquam

400 2953 601 3009 cogens
625 2954 724 2997 vos
751 2942 1000 2997 omnibus
1029 2939 1203 2997 modis
1222 2940 1348 2997 huic
1371 2943 1505 2997 satis
1530 2943 1749 3013 optima:
1776 2954 1829 2998 et
1857 2958 1991 3012 qua-

396 3029 682 3103 liscunque
729 3032 818 3097 sit,
852 3032 1157 3089 consentire
1203 3033 1519 3102 quaestioni;
1558 3041 1738 3103 potest
1765 3035 1907 3089 enim
1936 3045 1990 3089 et

2097 1853 2152 1900 et
2178 1844 2312 1899 alios
2341 1844 2621 1899 universos
2649 1844 2878 1914 populos
2906 1842 3087 1899 videre
3116 1844 3287 1909 laetos,
3320 1855 3375 1900 et
3403 1859 3500 1914 pro
3525 1860 3677 1900 com-

2096 1936 2241 1989 muni
2272 1934 2508 1988 omnium
2536 1935 2826 1989 concordia
2859 1949 2923 1989 ac
2950 1934 3194 1989 libertate
3222 1936 3455 1991 debitam
3477 1937 3668 2003 gratia-

2094 2040 2210 2079 rum
2242 2026 2509 2078 actionem
2537 2024 2920 2078 favorabilibus
2953 2025 3180 2092 eloquiis
3213 2025 3318 2080 Deo
3350 2026 3674 2095 persolvere.

2094 2113 2393 2176 SUCRATES,
2426 2114 2518 2168 lib.
2570 2130 2605 2179 t,
2646 2131 2764 2183 cap.
2800 2112 2861 2180 4;
2905 2116 3031 2169 edit.
3085 2113 3275 2171 Christ.
3338 2115 3509 2171 Vales.
3560 2133 3676 2186 cap.

2097 2205 2148 2272 7,
2180 2224 2234 2277 p.
2270 2206 2354 2261 15.

2595 2385 2755 2454 223
2794 2382 3024 2438 CAPUT
3062 2382 3178 2438 xx.

2097 2492 2233 2558 Quia
2258 2502 2366 2546 tam
2395 2510 2488 2563 pro
2516 2494 3026 2564 Arianaiqugtgstione
3048 2511 3198 2564 quam
3219 2512 3312 2564 pro
3347 2494 3564 2550 Fuscine
3590 2497 3677 2550 dc-

2165 2553 2693 2635 ﬁnienda'festivitate
2714 2553 2768 2616 iii
2802 2553 2853 2614 Ν
2859 2563 2987 2617 ἱεωα
3010 2553 3130 2635 fecit
3156 2553 3525 2619 corruentium
3546 2567 3677 2620 cclc-

2166 2632 2318 2686 brarc
2344 2634 2635 2687 concilium.

2164 2743 2473 2800 Alexandro
2500 2743 2766 2813 siquidem
2790 2753 2846 2799 et
2870 2744 3022 2813 Ario,
3054 2760 3197 2801 nunc
3220 2745 3509 2814 culpando,
3539 2761 3679 2802 nunc

2094 2837 2452 2900 admonendo,
2484 2837 2600 2891 hzec
2621 2837 2902 2906 "scripsisse
2929 2836 3283 2905 dignoscitur.
3309 2836 3558 2892 Graviter
3584 2852 3679 2891 ειυς

2095 2938 2205 2985 tem
2224 2930 2447 2991 ferebat,
2474 2929 2694 2984 audiens
2717 2929 2926 2998 aliquos
2945 2939 3132 2984 contra
3160 2930 3399 2984 omnium
3419 2938 3678 2984 statutum

2094 3033 2253 3088 agere
2283 3018 2500 3074 Pascha:
2530 3018 2897 3074 festivitatem.
2941 3017 3092 3073 Tunc
3116 3019 3316 3074 etenim
3360 3020 3413 3073 in
3460 3019 3679 3074 urbibus

400 3122 579 3178 honor
601 3122 813 3179 concilii
841 3139 871 3179 a
894 3124 1047 3179 vobis
1077 3124 1282 3194 integer
1310 3125 1587 3189 custodiri,
1620 3134 1677 3179 et
1699 3142 1802 3181 una
1824 3136 1987 3196 atque

2094 3108 2325 3165 Orientis
2351 3108 2718 3164 discordantes
2740 3108 2959 3178 quidam
2997 3109 3067 3163 ob
3097 3109 3221 3176 hoc,
3253 3104 3515 3164 alterutra
3559 3114 3679 3179 qui-

400 3215 589 3274 eadem
618 3219 871 3275 omnitms
899 3217 1207 3275 communio
1228 3218 1555 3283 conservari,
1580 3220 1703 3273 licet
1726 3219 1904 3288 aliqua
1936 3218 1987 3272 in

398 3304 974 3377 vobiwparticulariter
1016 3307 1083 3361 ad
1128 3307 1358 3363 invicem
1395 3323 1493 3377 pro
1545 3323 1709 3377 parvo
1754 3309 1988 3378 quodam

398 3398 678 3453 contentio
708 3407 1037 3467 generetur:
1070 3399 1325 3469 quoniam
1359 3416 1464 3456 non
1501 3417 1690 3456 omnes
1732 3402 1785 3455 in
1810 3402 1988 3457 omni-

399 3489 499 3544 bus
525 3489 669 3544 idem
701 3489 970 3556 volumus,
1002 3505 1177 3558 neque
1205 3506 1308 3545 una
1349 3491 1402 3545 in
1453 3491 1609 3546 nobis
1644 3500 1833 3545 natm'a
1866 3505 1987 3545 ver-

400 3585 573 3646 Satur,
600 3586 693 3633 aut
715 3579 963 3634 voluntas
990 3595 1091 3633 una
1123 3582 1487 3649 cognoscitur.
1524 3581 1598 3635 De
1626 3580 1802 3634 divina
1825 3581 1990 3648 siqui-

400 3671 524 3725 dem
555 3668 889 3739 providentia
913 3683 1016 3723 una
1048 3671 1292 3737 qumdam
1344 3670 1395 3722 in
1425 3671 1577 3725 vobis
1605 3670 1676 3723 sit
1702 3668 1850 3733 ﬁdes,
1883 3685 1986 3722 una

399 3759 701 3831 prudentia,
736 3775 874 3815 unus
905 3759 956 3813 in
982 3758 1091 3814 Deo
1121 3773 1432 3813 consensus.
1469 3758 1597 3825 Qua:
1627 3773 1756 3813 vero
1785 3775 1881 3828 pro
1905 3759 1989 3815 his

398 3852 606 3908 frivolis
634 3850 1018 3920 quaestionibus
1048 3850 1189 3906 inter
1216 3851 1505 3905 alterutros
1546 3849 1811 3920 disputata
1841 3860 1986 3917 sunt,

397 3946 526 4001 licet
552 3961 661 4000 non
701 3945 755 3998 in
805 3959 964 3998 unam
1015 3944 1337 3999 sententiam
1379 3945 1720 4011 colligantur,
1770 3960 1989 4000 manere

399 4048 584 4093 tamen
628 4037 768 4090 intra
823 4051 1039 4091 sensum
1088 4036 1313 4095 debent.
1367 4036 1562 4089 utentis
1616 4035 1990 4092 ineilabilitate

398 4134 635 4182 servata.
664 4125 977 4181 Communis
1002 4134 1182 4180 autem
1222 4127 1502 4183 charitatis
1528 4128 1854 4197 prmcipuum
1899 4142 1987 4183 sa-

396 4227 756 4282 cramentum,
789 4225 845 4273 et
888 4216 1132 4272 veritatis
1163 4215 1316 4281 fides,
1343 4225 1397 4272 et
1440 4218 1613 4273 honor
1638 4218 1780 4274 circa
1819 4218 1985 4273 Deum

398 4321 562 4381 atque
591 4309 906 4378 religionem
936 4310 1069 4378 legis
1110 4309 1251 4380 apud
1282 4325 1378 4367 vos
1407 4310 1724 4366 inconcusse
1772 4324 1985 4378 perma-

398 4413 543 4461 neat.
577 4403 925 4461 Revertimini
956 4417 1086 4471 ergo
1111 4402 1179 4457 ad
1201 4403 1491 4458 alterutras
1519 4402 1786 4455 amicitias
1826 4409 1988 4470 atque

394 4498 660 4565 gratiam;
691 4513 751 4552 re
771 4497 902 4552 ldite
925 4497 1177 4552 universo
1208 4497 1406 4565 popqu
1437 4504 1645 4557 vestros
1672 4495 1981 4563 amplexus;

370 4603 603 4657 ,vosque
625 4589 789 4657 ipsos,
823 4589 968 4644 velut
1010 4588 1256 4657 proprias
1302 4586 1508 4641 animas
1546 4586 1826 4655 expiantes
1865 4583 1981 4656 [ηις.

398 4678 547 4750 byn,
572 4688 734 4748 a'que
758 4693 853 4733 vos
875 4678 1020 4747 ipsos
1038 4677 1230 4743 vestris
1246 4678 1438 4733 amicis
1463 4672 1791 4746 expiantesl,
1816 4674 1984 4729 alter-

398 4780 550 4827 utros
574 4784 759 4824 rursus
801 4768 1098 4837 agnoscite.
1135 4768 1424 4823 Suaviores
1470 4768 1612 4824 enim
1643 4766 1836 4822 crebro
1864 4779 1990 4820 sunt

396 4862 648 4919 amicitia;
694 4871 814 4932 post
860 4861 1259 4916 inimicitiarum
1304 4874 1491 4915 causas
1537 4858 1603 4911 ad
1641 4857 1986 4912 concordiam

394 4956 678 5013 restitutae.
712 4953 940 5008 Reddite
965 4966 1097 5021 ergo
1125 4954 1250 5006 mihi
1284 4951 1602 5018 tranquillos
1629 4950 1746 5002 dies
1774 4956 1989 5003 noctes-

2090 3202 2211 3257 dem
2236 3203 2495 3257 societate
2523 3201 2676 3257 divisi
2708 3217 2814 3256 non
2846 3210 3020 3265 erant,
3052 3200 3279 3257 Judaico
3319 3210 3497 3256 tamen
3527 3217 3681 3256 more

2090 3292 2436 3348 festivitatem
2472 3293 2800 3349 dominicam
2843 3294 3210 3357 celebrabant,
3244 3303 3318 3359 et,
3352 3302 3409 3348 ut
3455 3295 3679 3362 assolet,

2088 3387 2428 3458 splendorem
2453 3386 2696 3442 collectae
2725 3386 2816 3439 tali
2857 3385 3182 3441 discretione
3210 3384 3502 3441 ftedabant.
3543 3385 3680 3441 Pro-

2091 3486 2208 3549 pter
2236 3486 2462 3546 utraque
2493 3477 2652 3545 igitur
2670 3477 2905 3546 quietam
2929 3490 3048 3531 esse
3068 3474 3360 3530 Ecelesiam
3389 3472 3680 3530 festinabat

2088 3572 2363 3641 princeps;
2409 3583 2576 3637 seque
2606 3577 2798 3637 putans
2836 3568 2940 3627 hoc
2983 3567 3183 3620 malum
3213 3581 3370 3637 posse
3395 3581 3678 3636 prteoecn~

2087 3676 2218 3731 pare
2243 3668 2532 3730 antequam
2567 3659 2634 3713 ad
2670 3658 2928 3728 plurimos
2962 3658 3286 3728 perveniret,
3330 3656 3473 3711 misit
3503 3657 3678 3711 virum

2088 3752 2229 3806 circa
2258 3765 2317 3806 se
2354 3749 2459 3805 lide
2506 3757 2561 3806 et
2602 3750 2707 3802 vita
2732 3748 2890 3803 simul
2922 3748 3203 3817 insignem,
3235 3756 3287 3802 et
3314 3745 3675 3802 confessioni-

2088 3841 2189 3897 bus
2216 3843 2454 3912 priorum
2487 3851 2789 3910 temporum
2822 3840 3074 3907 dogmate
3118 3840 3549 3908 comprobatum,
3582 3840 3676 3906 qui

2089 3941 2430 4004 compaearet
2473 3931 2592 4003 [ms.
2626 3929 2773 4000 Lyr.,
2819 3927 3189 4001 compellaret]
3228 3928 3508 3999 IEgyptios
3549 3943 3680 3997 prn-

2091 4035 2208 4096 pter
2262 4026 2454 4093 dogma
2515 4023 2939 4089 tumultuantes,
2995 4030 3051 4076 et
3098 4021 3397 4077 Orientales
3456 4031 3681 4091 propter

2092 4115 2292 4171 Pascha
2323 4113 2616 4168 discordes.
2649 4112 2770 4167 Fuit
2804 4120 2984 4166 autem
3025 4111 3200 4175 Osius,
3246 4110 3506 4165 Corduba:
3546 4111 3682 4165 civi-

2089 4210 2215 4263 tatis
2242 4207 2547 4277 episcopus.
2594 4204 2834 4274 Cumque
2870 4215 3066 4274 preter
3105 4217 3252 4271 spem
3294 4216 3455 4257 causa
3484 4217 3680 4272 procc-

2089 4301 2259 4367 deret,
2287 4307 2342 4354 et
2367 4298 2585 4353 lueresis
2611 4296 2790 4367 potius
2827 4309 2986 4364 quam
3012 4308 3115 4362 pax
3145 4302 3361 4362 syerata
3394 4290 3676 4355 valuisset,

2093 4392 2223 4446 nihil
2252 4392 2549 4461 impetrans
2573 4384 2939 4453 remeavitqui
2964 4383 3139 4438 fuerat
3164 4398 3261 4451 pro
3285 4396 3416 4450 pace
3440 4380 3683 4434 directus

2038 4456 2063 4509 )
2091 4456 2470 4538 Ecclesiarnm.
2518 4475 2670 4531 Tunc
2719 4473 2847 4528 illud
2905 4471 3321 4527 famosissimum
3391 4470 3443 4522 in
3499 4467 3680 4522 Nicra

2090 4573 2377 4631 concilium
2406 4571 2583 4625 fervor
2614 4566 2869 4638 principis
2902 4563 3156 4620 excitavit
3183 4578 3195 4615 :
3227 4560 3453 4631 publicis
3490 4559 3679 4622 asinis,

2090 4675 2250 4734 atque
2291 4660 2469 4727 mulis,
2495 4668 2551 4713 et
2590 4655 2903 4711 curracibus
2940 4654 3095 4722 equis
3140 4652 3445 4720 episcopos,
3488 4656 3544 4703 et
3590 4648 3685 4717 qui

2092 4770 2214 4809 cum
2247 4751 2325 4806 eis
2352 4758 2523 4814 erant,
2558 4747 2625 4801 ad
2662 4746 2932 4816 synodum
2973 4744 3158 4797 venire
3202 4740 3533 4810 prmcipicns.
3582 4738 3686 4793 So-

2096 4859 2314 4902 κιιλιεκη
2347 4840 2436 4893 lib.
2471 4856 2507 4904 ι,
2540 4855 2667 4907 σαν..
2691 4834 2788 4900 15;
2817 4835 2940 4888 edit.
2976 4832 3165 4886 Christ.
3201 4830 3377 4883 Vales.
3427 4847 3543 4899 cup.
3598 4827 3686 4897 iii,

2094 4956 2147 5005 ρ.
2193 4934 2316 4987 429.

404 5056 3673 5110 *WW"

1492 5159 1842 5243 LIBER
1917 5150 2579 5241 SECUNDUS.

821 5391 984 5464 221.
1018 5389 1246 5446 CAPUT
1286 5386 1574 5442 PRIMUM.

393 5489 476 5546 De
525 5489 839 5560 primatibus
875 5483 1346 5606 Ecclesiaruturqni
1374 5482 1720 5535 interfuerunt
1770 5476 1991 5531 Niramo

1067 5570 1208 5606 conc:
1237 5570 1304 5606 ro.

1067 5570 1304 5607 εοηειιιο.

470 5668 957 5727 Cnmmunieabant
982 5663 1143 5732 igitur
1171 5660 1387 5715 Nicaeum
1417 5658 1646 5715 concilio
1676 5658 1797 5723 (An.
1832 5653 1986 5707 Dom.

402 5761 528 5832 327)
555 5778 621 5817 ex
651 5760 962 5832 apostolicis
986 5754 1201 5829 quidem
1245 5752 1460 5808 sedibus
1508 5750 1771 5806 Macarius
1802 5746 1991 5800 llieru-

2101 5380 2472 5450 SUIymitanus,
2518 5372 2827 5427 Eustathius
2855 5370 2965 5438 jam
3017 5365 3308 5437 przesidens
3338 5364 3686 5418 Antiochan

2102 5468 2241 5538 apud
2270 5466 2525 5520 Orontem
2557 5462 2836 5527 Ecclesia;
2875 5466 2931 5513 et
2978 5456 3285 5511 Alexander
3326 5452 3683 5515 Alexatrdrize.

2102 5574 2222 5627 quae
2252 5566 2333 5612 est
2361 5554 2503 5624 apud
2532 5561 2779 5621 stagnum
2809 5549 3051 5603 Mariam.
3077 5545 3251 5600 Julius
3277 5556 3456 5599 autem
3486 5542 3689 5597 Bottia-

2102 5663 2201 5702 nus
2231 5645 2516 5716 episcopus
2553 5651 2773 5712 propter
2810 5648 3141 5695 senectutem
3181 5636 3378 5702 defuit;
3425 5642 3689 5704 erantque

2098 5754 2198 5810 pro
2226 5752 2291 5792 co
2316 5744 2607 5817 praesentes
2636 5733 2785 5787 \‘itus
2815 5741 2867 5787 et
2894 5730 3202 5786 Vincentius
3223 5726 3519 5799 presbyteri
3537 5726 3689 5795 ejus-
