3998 6166
326 324 420 385 ω

1415 333 1734 394 lIlSTORlA
1760 333 2198 392 TRIPARTITA.
2238 333 2440 388 LIBER
2479 335 2539 390 ll.

3485 331 3591 386 9‘32

324 448 448 502 dem
478 445 748 503 Ecclesiae.
778 449 952 518 Super
976 449 1076 506 hos
1105 461 1284 506 autem
1321 463 1376 507 ct
1419 452 1507 507 alii
1538 453 1749 523 plurimi
1779 453 1903 507 boni
1937 459 1977 512 A
2009 451 2356 523 presbyteris,
2385 468 2449 506 ac
2475 451 2810 518 diaconibus,
2843 460 2897 506 et
2921 452 3203 523 acolythis,
3233 468 3460 523 quorum
3493 472 3593 509 nu-

325 551 379 596 et
409 539 597 608 optimi
625 554 693 593 ex
721 539 942 594 diversis
961 541 1208 608 gentibus
1235 551 1624 598 convenerunt.
1659 543 1761 596 Alii
1787 543 1908 611 qui-

328 632 452 685 dem
495 632 562 686 ad
618 631 1020 701 intelligendum
1067 643 1122 689 et
1167 635 1453 690 dicendum
1504 636 1662 689 nimis
1711 635 1909 701 idonei,

326 723 660 793 scientiaque
702 738 978 780 sacrorum
1027 725 1318 792 librorum,
1366 734 1422 780 et
1463 725 1566 779 alia
1614 725 1914 780 eruditione

329 814 681 884 disciplinati,
723 815 956 884 vitaeque
1000 815 1198 872 virtute
1225 815 1489 884 prtcclari.
1537 815 1642 868 Alii
1684 829 1816 868 vero
1859 814 1914 867 in

329 914 560 973 utroque
585 906 946 975 probatissimi
967 906 1086 973 viri,
1118 921 1350 974 quorum
1378 905 1510 960 utile
1545 903 1730 973 judico
1753 904 1915 959 etiam

329 996 547 1051 nomina
575 1012 891 1052 memorare.
917 996 1210 1062 SOZOIEN.,
1233 995 1324 1051 lib.
1347 1013 1386 1065 I,
1411 1012 1526 1066 cap.
1544 995 1608 1049 16
1625 1037 1640 1063 ,
1661 996 1745 1049 ed.
1768 993 1920 1049 Chri-

329 1088 501 1154 staph.

403 1180 679 1248 Tanquam
709 1183 959 1251 stigmata
981 1181 1191 1236 Domini
1215 1179 1340 1235 Jesu
1361 1179 1414 1233 in
1435 1192 1664 1249 corpore
1692 1177 1918 1232 circum-

327 1270 612 1324 ferentium
643 1271 935 1326 secundum
981 1286 1192 1328 sacrum
1235 1269 1572 1340 Apostolum.
1606 1267 1732 1322 Erat
1777 1267 1917 1322 enim

329 1361 566 1418 Jacobus
595 1363 895 1418 Antiochia:
921 1363 1240 1433 Mygdonias,
1277 1378 1436 1431 quam
1467 1361 1587 1432 Syri
1621 1371 1677 1416 et
1716 1361 1920 1432 Assyrii

331 1451 536 1507 Nisibin
583 1453 874 1522 appellant,
925 1453 1021 1522 qui
1079 1461 1322 1507 mortuos
1364 1451 1722 1516 resuscitavit,
1771 1451 1922 1506 vivos

333 1543 564 1608 curavit,
595 1551 650 1598 et
677 1543 781 1596 alia
808 1544 1085 1597 innumera
1114 1543 1374 1614 probatur
1399 1551 1653 1613 operatus
1682 1557 1800 1596 esse
1823 1541 1922 1596 mi-

333 1635 536 1689 racula.
570 1633 677 1689 Sed
707 1635 820 1690 lucc
841 1635 1169 1704 superfluum
1200 1635 1433 1690 arbitror
1456 1635 1582 1689 huic
1609 1634 1760 1705 operi
1802 1649 1922 1688 rur-

332 1738 426 1778 sus
456 1724 714 1785 inserere,
741 1740 859 1792 quae
886 1727 936 1779 in
966 1725 1075 1780 Deo
1096 1726 1310 1780 amabili
1334 1726 1554 1780 historia
1582 1725 1740 1780 latius
1759 1739 1919 1779 enar-

2013 562 2192 601 merus
2219 561 2325 600 non
2359 552 2576 615 poterat
2608 545 3010 616 comprehendi.
3056 543 3414 600 Minis’trorum
3459 562 3593 602 vero

2014 639 2106 694 Dei
2136 639 2225 692 alii
2252 637 2529 707 sapientiae
2551 652 2800 692 sermone
2827 637 3122 705 fulgebant,
3155 637 3241 691 alii
3264 639 3593 694 continentia

2013 732 2136 786 vita:
2165 737 2222 785 et
2248 728 2506 799 patientia
2537 727 2922 793 coruscabant;
2948 727 3037 780 alii
3069 743 3194 781 vero
3234 727 3408 782 medio
3433 728 3594 783 modo

2015 824 2207 878 horum
2236 820 2522 875 virtutibus
2549 819 2897 874 ornabantur.
2930 818 3096 873 Erant
3126 821 3286 884 igitur
3326 820 3468 875 inter
3501 837 3596 894 eos

2016 913 2105 966 alii
2134 911 2393 980 temporis
2434 909 2683 964 honorati
2724 909 3136 978 longinquitate,
3179 909 3268 963 alii
3292 909 3594 977 juventute,

2017 1015 2072 1061 et
2094 1004 2256 1058 animi
2279 1003 2475 1058 robore
2503 1002 2897 1071 prmmicantes,
2929 1003 3019 1070 qui
3050 1018 3221 1071 nuper
3248 1013 3506 1057 venerant
3531 1002 3598 1058 ad

2017 1095 2176 1164 hujus
2220 1093 2503 1148 ministerii
2548 1107 2782 1147 cursum.
2813 1091 3016 1157 Quibus
3058 1093 3306 1148 videlicet
3349 1094 3598 1148 omnibus

2019 1187 2312 1256 imperator
2338 1184 2524 1238 diebus
2547 1184 2870 1253 quotidianis
2899 1184 3094 1238 cibaria
3132 1184 3425 1253 largissime
3452 1185 3598 1240 ordi-

2022 1288 2176 1333 narat
2199 1275 2451 1344 expendi.
2483 1273 2606 1328 Haec
2633 1275 2812 1341 itaque
2834 1275 2900 1329 de
2919 1275 3000 1329 bis
3025 1275 3116 1344 qui
3146 1275 3216 1328 ibi
3247 1276 3456 1331 collecti
3477 1285 3601 1330 sunt

2021 1367 2283 1436 Pamphili
2329 1364 2574 1419 recitavit
2629 1363 2911 1419 Eusebius.
2962 1364 3202 1433 Cumque
3274 1366 3601 1421 celebrasset

2021 1459 2316 1528 imperator
2343 1454 2614 1509 victricem
2645 1461 2829 1508 contra
2862 1453 3122 1508 Licinium
3155 1451 3515 1521 festivitatem,
3548 1463 3602 1509 et

2022 1551 2137 1620 ipse
2163 1547 2395 1603 occurrit
2425 1545 2492 1600 ad
2517 1545 2768 1600 Nicmam.
2791 1543 3080 1599 Clarebant
3108 1555 3286 1600 autem
3309 1547 3448 1600 inter
3485 1547 3601 1616 epi-

2021 1655 2218 1710 scopos
2245 1637 2576 1708 Paphnutius
2604 1652 2670 1690 ex
2699 1635 2962 1704 superiori
2993 1635 3284 1700 Thebaide,
3334 1625 3389 1691 et
3435 1637 3604 1706 Spiri-

2022 1731 2148 1786 dion
2175 1729 2421 1801 Cyprius.
2449 1726 2610 1795 Cujus
2641 1734 2818 1780 autem
2847 1725 2924 1780 rei
2948 1741 3108 1780 causa
3142 1727 3330 1780 horum
3362 1729 3604 1792 memini,

333 1815 470 1868 ravi.
500 1813 694 1869 Paulus
724 1815 1107 1881 Neocmsarezn,
1134 1817 1278 1887 quod
1307 1825 1390 1872 est
1417 1825 1651 1872 castrum
1682 1815 1914 1885 positum
1950 1829 1993 1886 Β
2018 1831 2206 1893 postea
2246 1836 2362 1874 sum
2414 1817 2670 1872 dicturus.
2717 1815 3013 1882 Socnnns,
3057 1815 3147 1870 lib.
3179 1833 3218 1885 ι,
3249 1833 3364 1887 cap.
3392 1815 3454 1884 5;
3478 1818 3605 1872 edit.

331 1905 484 1973 juxta
513 1906 657 1977 ripas
685 1905 993 1975 Euphratis.
1023 1905 1074 1963 Is
1112 1907 1253 1961 enim
1296 1905 1484 1960 Licinii
1513 1905 1663 1959 rabie
1691 1903 1915 1958 demoli-

336 2007 422 2052 tus
449 2005 551 2053 est.
579 1997 778 2052 Ambas
813 1997 954 2052 enim
985 2013 1177 2052 manus
1207 1998 1394 2066 ligatas
1436 1997 1698 2051 habuerat
1721 1995 1917 2062 ignito-

333 2105 443 2158 que
469 2090 610 2144 ferro
639 2090 961 2157 combustas,
988 2104 1095 2158 quo
1126 2089 1336 2144 fuerant
1381 2089 1529 2144 nervi
1569 2088 1915 2143 articulorum

334 2180 453 2246 ejus
488 2194 518 2231 a
560 2193 654 2234 sua
695 2179 991 2233 mobilitate
1019 2179 1201 2234 siccati
1231 2187 1392 2246 atque
1434 2177 1762 2232 mortificati.
1815 2175 1918 2230 Alii

333 2283 466 2321 vero
485 2267 706 2322 dextros
734 2267 918 2320 oculos
941 2265 1166 2322 effossos
1206 2267 1529 2331 habuerunt,
1573 2266 1664 2320 alii
1703 2265 1919 2319 dextras

335 2371 490 2410 suras
511 2356 793 2411 abscissas.
839 2354 986 2410 Unus
1015 2356 1207 2411 horum
1236 2363 1353 2411 erat
1381 2355 1715 2425 Paphnutius
1755 2354 1922 2425 Egy-

335 2447 499 2517 ptius.
532 2447 600 2500 Et
628 2448 872 2504 absolute
909 2448 1190 2503 videbatur
1218 2448 1288 2502 ibi
1331 2448 1559 2519 populus
1596 2449 1922 2504 athletarum

336 2537 534 2593 Christi
565 2548 622 2594 et
659 2549 950 2611 martyrum
982 2541 1034 2595 in
1066 2556 1172 2596 uno
1199 2541 1320 2596 loco
1349 2551 1814 2609 congregatorum.
1848 2541 1923 2596 De

336 2631 532 2700 quibus
558 2641 614 2686 et
637 2629 898 2685 Eusebius
926 2629 1202 2702 Pamphyli
1233 2632 1393 2687 tertio
1412 2631 1551 2686 libro
1577 2633 1630 2685 in
1660 2630 1925 2686 Constan-

339 2723 437 2776 tini
471 2722 589 2776 Vita
639 2723 753 2778 han
793 2723 864 2777 ita
920 2723 1072 2778 dicit.
1119 2722 1514 2778 Tusononsrns
1578 2723 1668 2777 lib.
1716 2739 1756 2779 ι.
1805 2740 1918 2779 can.

337 2815 396 2884 7,
419 2834 470 2886 p.
495 2815 582 2871 Ἡ.

413 2905 740 2963 Cunctarum
782 2906 943 2974 igitur
971 2905 1331 2963 Ecclesiarum
1373 2921 1493 2976 qua:
1538 2915 1708 2962 totam
1753 2907 1928 2962 Euro—

338 3014 489 3069 pam,
522 2997 874 3072 Libyamque,
915 3007 970 3053 et
1015 3001 1194 3055 Asiam
1223 3001 1524 3070 replebant,
1567 3001 1724 3055 simul
1771 3008 1928 3055 erant

340 3089 710 3145 ministrorum
742 3089 835 3144 Dei
869 3099 1126 3158 congesta
1155 3091 1458 3156 cacumina;
1487 3107 1700 3160 unaque
1726 3093 1928 3147 oratio-

2021 1910 2212 1966 Christ.
2254 1908 2431 1963 Vales.
2463 1925 2577 1978 cap.
2609 1908 2664 1974 8,
2695 1925 2747 1975 p.
2777 1906 2862 1960 l9.

2648 2061 2875 2117 CAPUT
2913 2062 2975 2116 II.

2020 2175 2100 2231 De
2135 2174 2323 2230 libellis
2351 2171 2535 2227 oblatis
2562 2171 2893 2239 imperatori,
2922 2180 2971 2223 et
2999 2173 3062 2223 ab
3093 2187 3152 2224 eo
3175 2170 3342 2240 jussis
3365 2171 3605 2236 incendi,

2291 2251 2338 2296 et
2365 2243 2429 2295 de
2457 2241 2806 2308 disputatione
2834 2240 3091 2310 dogmatis
3121 2242 3324 2294 Ariani.

2093 2357 2330 2412 Aderant
2378 2355 2563 2424 itaque
2612 2369 2735 2408 cum
2785 2355 3052 2424 episcopis
3081 2355 3180 2408 viri
3233 2355 3612 2424 disputationis

2023 2447 2232 2517 experti
2258 2444 2437 2499 verbis
2460 2485 2476 2509 ,
2525 2443 2806 2498 studentes
2834 2443 3092 2512 prodesse
3134 2444 3385 2499 concilio.
3420 2442 3489 2498 Ut
3523 2460 3612 2498 au-

2025 2546 2133 2591 tem
2162 2535 2362 2590 assolet
2409 2532 2544 2597 fieri,
2591 2533 2807 2602 plurimi
2856 2533 3196 2588 sacerdotum
3227 2542 3483 2605 tanquam
3513 2550 3616 2604 pro

2024 2625 2199 2681 causis
2225 2623 2459 2694 propriis
2498 2622 2783 2678 decertare
2811 2622 3046 2688 collecti,
3095 2630 3308 2692 tempus
3358 2639 3417 2677 se
3464 2624 3613 2678 inve-

2023 2716 2168 2771 nisse
2213 2721 2468 2786 putarunt
2513 2729 2622 2784 quo
2666 2714 3026 2782 corrigeretur
3065 2715 3210 2783 quod
3259 2716 3614 2770 contristabat

2024 2823 2153 2875 eos;
2177 2815 2232 2862 et
2258 2807 2324 2862 de
2351 2807 2546 2874 quibus
2575 2805 2737 2859 alium
2769 2806 3138 2874 unusquisque
3166 2805 3306 2861 forte
3333 2805 3614 2874 culpabat,

2026 2899 2262 2954 libellum
2303 2897 2786 2966 olferensvprincipi
2812 2936 2827 2961 ,
2860 2912 2978 2966 qua:
3028 2897 3080 2950 in
3110 2912 3176 2951 eo
3223 2898 3437 2951 fuerant
3475 2912 3617 2952 com-

2027 2990 2188 3046 missa
2220 2989 2492 3043 narrabat.
2533 2985 2774 3056 Cumque
2820 2986 2928 3041 hoc
2973 2985 3216 3056 quotidie
3237 2985 3393 3041 facile
3422 3002 3617 3056 prove—

2028 3083 2171 3137 niret
2195 3124 2209 3148 ,
2241 3079 2498 3150 praecepit
2526 3079 2819 3150 imperator
2841 3086 2993 3133 certo
3023 3077 3111 3132 die
3144 3078 3383 3148 singulos
3409 3078 3474 3132 de
3496 3079 3618 3147 qui-

343 3182 433 3236 nis
461 3181 652 3237 domus
673 3189 926 3250 tanquam
953 3197 984 3236 a
1006 3182 1116 3238 Deo
1137 3182 1358 3237 dilatata
1388 3183 1707 3240 intrinsecus
1723 3183 1928 3238 ferebat
1955 3192 2000 3254 ρ
2030 3173 2131 3228 bus
2181 3172 2342 3225 alium
2398 3171 2679 3240 ευιρτίτθηι
2726 3169 2901 3224 facere
2959 3168 3318 3224 manifestum.
3377 3169 3619 3239 Cumque

342 3289 536 3329 omnes
558 3273 608 3328 in
633 3274 795 3338 idem,
820 3273 987 3345 Syros
1006 3273 1182 3338 simul,
1207 3281 1262 3329 et
1281 3272 1493 3341 Cilicas,
1520 3273 1927 3342 Pluenicasqne,

342 3372 403 3420 et
434 3364 658 3431 Arabes,
691 3372 851 3434 atque
880 3363 1216 3431 Palaestinos,
1247 3365 1388 3419 inter
1414 3365 1512 3420 hos
1541 3373 1596 3419 et
1625 3365 1927 3435 Egyptias,

342 3454 630 3522 Thebaaos,
670 3456 882 3528 Libyas,
922 3472 1024 3512 nec
1059 3473 1168 3512 non
1207 3465 1262 3512 et
1307 3457 1396 3526 qui
1437 3472 1505 3511 ex
1545 3457 1932 3527 Mesopotamia

343 3547 614 3611 oriuntur,
646 3546 737 3601 sed
766 3547 926 3601 etiam
956 3545 1117 3601 Persa
1140 3547 1205 3601 ad
1232 3547 1522 3602 concilium
1552 3545 1697 3603 venit
1725 3547 1936 3616 episco-

344 3654 468 3709 pus.
495 3635 695 3692 Verum
727 3652 827 3692 nec
854 3637 1055 3708 Scytha
1083 3637 1249 3693 defuit
1270 3654 1337 3693 ex
1363 3654 1548 3694 eorum
1578 3639 1767 3704 choro,
1792 3639 1935 3694 Pon-

345 3739 561 3800 tusque,
593 3737 648 3784 et
674 3729 816 3793 Asia,
853 3727 1106 3800 Phrygia,
1136 3738 1190 3784 et
1231 3728 1543 3802 Pamphylia
1565 3730 1711 3785 viros
1741 3732 1932 3800 proba-

344 3820 584 3874 tissimos
606 3819 964 3889 praebuerunt.
991 3819 1497 3884 Aderanthraces,
1521 3830 1573 3874 et
1595 3821 1929 3889 Macedones,

344 3911 538 3966 Achivi
567 3920 620 3966 et
667 3909 922 3981 Epirotae,
956 3921 1011 3966 et
1039 3912 1228 3966 horum
1269 3927 1483 3983 quoque
1515 3914 1736 3968 interius
1776 3914 1931 3969 habi-

347 4010 548 4056 tantes.
583 3999 703 4071 Ipse
722 4011 900 4056 autem
932 4002 1293 4075 Hispanorum
1337 4005 1492 4059 valde
1522 4003 1756 4070 famosus
1779 4004 1936 4063 Osius

346 4105 489 4145 unus
511 4099 646 4156 erat,
671 4100 724 4145 et
751 4092 910 4146 simul
937 4092 1181 4162 plurimis
1207 4094 1494 4149 assidebat.
1526 4094 1602 4150 De
1631 4097 1775 4165 regia
1804 4112 1933 4151 vero

346 4182 571 4236 civitate
593 4183 785 4252 prznsul
814 4182 1119 4238 Alexander
1139 4193 1358 4254 propter
1377 4195 1708 4241 senectutem
1732 4186 1933 4256 defuit;

347 4276 652 4345 presbyteri
704 4291 835 4332 vero
888 4285 1182 4347 praesentes
1223 4277 1400 4331 locum
1449 4277 1564 4346 ejus
1620 4279 1932 4349 implebant.

349 4365 540 4419 Talem
564 4368 745 4435 itaque
765 4382 794 4421 a
815 4368 1011 4423 smculo
1032 4367 1177 4423 solus
1199 4384 1336 4424 unus
1357 4369 1650 4440 imperator
1669 4370 1936 4427 Constan-

351 4457 501 4509 tinus
531 4454 741 4510 Christo
789 4472 1045 4512 coronam
1090 4457 1302 4513 vinculo
1338 4459 1484 4528 pacis
1509 4474 1796 4527 exornans,
1839 4477 1936 4516 suo

2031 3263 2146 3318 dies
2167 3262 2456 3317 constituta
2488 3261 2759 3325 venisset,
2793 3259 3003 3315 libellos
3031 3261 3241 3316 oblatos
3274 3261 3576 3331 suscipiens
3601 3302 3616 3329 ,

2039 3372 2057 3406 ‹
2091 3353 2182 3407 liae
2205 3351 2418 3421 quidem
2461 3350 2848 3418 accusationes,
2884 3352 3074 3420 inquit,
3107 3363 3317 3422 tempus
3347 3353 3620 3408 habebunt

2030 3443 2329 3514 proprium,
2362 3442 2413 3496 id
2435 3451 2536 3506 est,
2565 3441 2706 3496 diem
2756 3443 2932 3510 magni
2959 3441 3144 3509 judicii
3166 3481 3180 3506 ,
3213 3441 3458 3497 Judicem
3484 3458 3616 3498 vero

2031 3532 2182 3587 illum
2228 3533 2319 3601 qui
2350 3541 2475 3586 tunc
2503 3531 2711 3585 futurus
2756 3539 2839 3586 est
2887 3532 3135 3586 omnibus
3182 3531 3444 3600 judicare.
3493 3532 3620 3586 Mihi

2033 3641 2163 3695 ergo
2185 3625 2389 3680 homini
2417 3625 2709 3680 constituto
2735 3667 2750 3693 ,
2783 3625 2850 3680 de
2880 3626 3185 3694 hujusmodi
3215 3628 3375 3682 rebus
3403 3644 3514 3683 non
3555 3629 3622 3683 li-

2033 3727 2119 3772 cet
2134 3719 2333 3773 habere
2350 3717 2672 3771 auditorium
2690 3715 2810 3788 [ms.
2827 3715 2951 3788 Lyr.
2963 3717 3270 3790 ,auditum],
3283 3720 3623 3775 sacerdotum

2033 3811 2237 3866 scilicet
2261 3811 2622 3866 accusantium
2652 3810 2810 3865 simul
2840 3820 2893 3865 et
2921 3821 3318 3879 accusatorum,
3352 3829 3491 3883 quos
3521 3816 3621 3870 mi-

2034 3902 2176 3956 nime
2207 3900 2606 3957 convenittales
2626 3900 2824 3954 debere
2852 3901 3163 3970 monstrari,
3191 3902 3280 3970 qui
3304 3902 3615 3971 jndicentur

2036 3993 2104 4047 ab
2132 3992 2270 4048 aliis.
2305 3991 2415 4059 Age
2444 4007 2587 4046 nunc
2624 3991 2899 4046 imitantes
2921 3991 3155 4045 divinam
3197 3993 3536 4047 clementiam
3568 3993 3621 4047 in

2036 4086 2412 4139 alterutrorum
2442 4084 2652 4138 veniam
2677 4084 3065 4149 condonantes,
3096 4086 3470 4141 accusationes
3493 4087 3627 4142 abo-

2036 4178 2241 4233 leamus
2270 4177 2589 4243 alterutras;
2618 4186 2671 4231 et
2696 4178 2761 4232 de
2792 4178 2875 4231 his
2903 4192 3024 4246 quae
3052 4176 3120 4230 ad
3165 4177 3322 4233 ﬁdem
3355 4180 3627 4248 pertinent

2038 4281 2197 4334 agere
2234 4265 2578 4327 Studeamus,
2645 4266 2796 4333 cujus
2830 4267 2933 4320 huc
2981 4267 3152 4333 gratia
3201 4270 3569 4322 convenimus.
3601 4288 3620 4320 ι

2039 4355 2166 4410 Hmc
2190 4355 2450 4424 siquidem
2481 4355 2772 4423 imperator
2814 4355 3018 4418 dicens,
3067 4357 3482 4426 uniuscujusque
3509 4359 3630 4413 scri-

2041 4459 2251 4518 pturam
2271 4460 2482 4509 vacare,
2504 4454 2559 4498 et
2581 4444 2789 4498 libellos
2814 4444 2972 4513 jussit
3002 4445 3222 4511 ardere;
3247 4446 3495 4517 diemque
3522 4447 3620 4504 de-

351 4544 620 4598 Salvatori
668 4544 737 4600 de
787 4546 1010 4600 victoria
1051 4547 1392 4601 inimicorum
1441 4558 1496 4602 et
1543 4549 1777 4603 hostium
1826 4549 1929 4605 Deo

2045 4539 2211 4592 ﬁnivit
2259 4553 2362 4606 qua
2405 4538 2539 4591 solvi
2587 4552 2706 4605 quae
2755 4545 2911 4592 erant
2939 4539 3098 4592 dubia
3126 4540 3456 4596 conveniret.
3488 4541 3629 4599 Ante

353 4635 643 4690 docibilem
682 4635 786 4708 [ed.
833 4646 881 4689 el
909 4654 1006 4691 ms.
1049 4637 1356 4704 Santheod.,
1388 4621 1690 4711 decibilem]
1720 4639 1936 4695 dedica-

354 4729 468 4793 vit;
500 4728 790 4794 gratiarum
818 4729 1045 4784 actionis
1070 4729 1351 4797 imaginem
1371 4730 1663 4786 secundum
1685 4748 1784 4788 nos
1809 4748 1941 4802 apo-

357 4816 555 4872 stolica
584 4817 862 4886 plausione
890 4819 1242 4873 constituens.
1273 4819 1421 4875 Tunc
1451 4821 1609 4891 igitur
1642 4822 1732 4876 ille
1759 4838 1937 4878 sermo

359 4907 665 4975 completus
691 4915 810 4961 est:
846 4906 1117 4963 Collectos
1161 4926 1225 4963 ea:
1267 4911 1501 4965 omnibus
1541 4913 1796 4983 gentibus,
1828 4929 1942 4985 quae

360 4993 457 5050 sub
487 4996 611 5050 cazlo
635 5005 773 5061 sunt,
806 4999 938 5051 viros
967 4998 1252 5068 religiosos,
1280 5000 1419 5053 inter
1445 5015 1580 5069 quos
1611 5010 1766 5056 erant
1808 5000 1946 5056 Par-

362 5088 462 5154 thi,
493 5097 541 5141 et
571 5087 731 5148 Medi,
766 5100 815 5142 et
859 5089 1118 5154 Elamitw,
1169 5101 1217 5144 et
1257 5093 1342 5164 qui
1389 5092 1621 5147 habitant
1649 5093 1949 5166 Mesopota»

363 5181 549 5246 mium,
575 5179 816 5234 Judwam
863 5188 909 5234 et
951 5178 1350 5251 Cappadociam,
1389 5181 1614 5237 Pontum
1664 5193 1713 5238 et
1750 5185 1946 5249 Asiam,

368 5270 656 5340 Phrygiam
681 5280 730 5322 et
765 5270 1142 5341 Pamphyliam,
1180 5271 1467 5344 ﬁgyptuni
1513 5285 1561 5328 et
1588 5284 1761 5343 partes
1785 5275 1944 5346 225

367 5359 549 5429 Libya:
571 5377 715 5414 secus
745 5360 1008 5430 Cyrenen,
1045 5371 1094 5414 et
1135 5363 1342 5417 advenw
1385 5363 1644 5430 Romani,
1679 5364 1852 5419 ειυάωί
1899 5375 1947 5419 et

366 5451 633 5521 proselyti,
686 5451 856 5504 Cretes
898 5461 947 5505 et
987 5451 1180 5506 Arabes
1224 5453 1357 5524 (Act.
1400 5471 1456 5518 ιι,
1497 5453 1549 5523 5,
1583 5455 1637 5523 9,
1695 5455 1781 5520 10,
1833 5454 1945 5527 ll).

367 5541 751 5595 Verumtamen
785 5542 885 5596 hoc
915 5542 1016 5596 illis
1037 5541 1240 5607 deerat,
1295 5545 1437 5612 quod
1490 5561 1616 5606 novi.
1661 5546 1798 5600 sicut
1839 5546 1945 5608 isti,

370 5648 565 5688 omnes
592 5648 659 5687 ex
691 5634 783 5688 Dei
811 5635 1066 5688 ministris
1095 5635 1277 5703 utique
1304 5637 1686 5692 consistebant.
1716 5638 1774 5691 In
1814 5654 1950 5707 pra:—

371 5725 512 5778 s'enti
549 5724 809 5793 siquidem
853 5725 1020 5779 choro
1061 5723 1350 5779 multitudo
1389 5736 1506 5780 erat
1556 5729 1954 5798 episcoporum,

379 5831 662 5871 nunerum
713 5825 1073 5872 trecentorum
1125 5816 1418 5888 excedens,
1470 5819 1818 5890 sequentibus
1865 5838 1958 5878 eos

2042 4631 2390 4684 constitutum
2410 4645 2538 4684 vero
2565 4629 2947 4684 convenientes
2986 4631 3126 4698 apud
3167 4632 3484 4703 semetipsos
3513 4635 3628 4705 epi-

2043 4720 2192 4790 scopi
2214 4729 2577 4775 evocaverunt
2625 4720 2828 4784 Arium,
2863 4728 2916 4774 et
2944 4722 3233 4791 propositis
3265 4723 3318 4777 in
3345 4740 3630 4780 commune

2045 4815 2155 4868 suis
2184 4813 2524 4883 opinionibus
2546 4812 2912 4882 disputabant.
2945 4812 3204 4882 Cumque,
3238 4823 3297 4867 ut
3317 4816 3537 4884 assolet,
3563 4816 3629 4870 ad

2044 4907 2282 4960 diversas
2329 4905 2653 4975 quaastiones
2701 4921 2861 4960 causa
2907 4907 3239 4969 traheretur,
3293 4907 3380 4960 alii
3411 4907 3630 4975 quidem

2044 4999 2339 5053 suadebant
2394 4997 2529 5052 nihil
2578 4996 2948 5052 innovandum
2995 4996 3136 5050 circa
3180 4996 3453 5065 antiquam
3508 4995 3632 5053 ﬁdei

2046 5089 2408 5151 traditionem,
2455 5096 2510 5141 et
2546 5087 2782 5141 maxime
2808 5088 3026 5155 quando
3079 5102 3287 5141 morum
3319 5087 3633 5156 simplicitas

2047 5183 2162 5236 sine
2190 5181 2618 5252 perscrutatione
2649 5181 2978 5245 tradebatur,
3008 5179 3390 5234 accedentibus
3415 5181 3480 5234 ad
3505 5181 3633 5238 fidei

2053 5283 2467 5331 sacramentum.
2499 5273 2605 5327 Alii
2629 5288 2759 5327 vero
2789 5271 3192 5340 respondebant
3234 5287 3339 5326 non
3383 5282 3635 5340 oportere

2052 5366 2169 5418 sine
2196 5363 2591 5417 examinatione
2620 5362 2772 5430 sequi
2801 5360 3095 5415 sententias
3126 5360 3489 5430 antiquorum.
3519 5360 3638 5415 Plu-

2055 5457 2317 5511 rimivero
2337 5464 2463 5509 tunc
2483 5453 2914 5508 convenientium
2939 5453 3313 5522 episcoporum
3331 5461 3385 5506 et
3413 5467 3641 5521 sequen-

2060 5548 2187 5602 tium
2219 5562 2313 5601 eos
2364 5546 2704 5611 clericorum,
2734 5543 2969 5599 scientes
3010 5542 3303 5612 disputare,
3336 5541 3638 5611 hujusmodi

2060 5636 2424 5692 elocutionum
2453 5642 2566 5689 arte
2589 5633 2864 5689 exercitati
2895 5633 3223 5696 claruerunt,
3251 5639 3304 5687 et
3329 5632 3641 5702 imperatori

2065 5737 2226 5796 atque
2275 5729 2357 5782 his
2384 5726 2476 5796 qui
2505 5727 2647 5780 circa
2695 5741 2816 5779 eum
2863 5732 3020 5778 erant
3056 5723 3167 5777 noti
3210 5731 3336 5778 sunt
3363 5724 3509 5779 facti.
3567 5722 3643 5778 Ex

2068 5821 2172 5876 illis
2201 5819 2342 5875 enim
2370 5827 2424 5875 et
2461 5817 2787 5874 Athanasius
2815 5825 2939 5872 tunc
2962 5815 3216 5871 diaconus
3237 5815 3492 5883 existens,
3519 5815 3647 5870 dum
