  <div class='ocr_page' id='page_1' title='image "/cluster/home/n/w/nwhite01/storage/ocr_20150623/69/hvd.32044054758727/489.png"; bbox 0 0 3990 6170; ppageno 0'>
   <div class='ocr_carea' id='block_1_1' title="bbox 359 279 472 336">
    <p class='ocr_par' dir='ltr' id='par_1_1' title="bbox 359 279 472 336">
     <span class='ocr_line' id='line_1_1' title="bbox 359 279 472 336; baseline 0.009 -1"><span class='ocrx_word' id='word_1_1' title='bbox 359 279 472 336; x_wconf 74' lang='lat'><strong>925</strong></span> 
     </span>
    </p>
   </div>
   <div class='ocr_carea' id='block_1_2' title="bbox 358 481 1944 551">
    <p class='ocr_par' dir='ltr' id='par_1_2' title="bbox 358 481 1944 551">
     <span class='ocr_line' id='line_1_2' title="bbox 358 481 1944 551; baseline -0.005 -8"><span class='ocrx_word' id='word_1_2' title='bbox 358 487 594 543; x_wconf 67' lang='lat' dir='ltr'><strong>maxima</strong></span> <span class='ocrx_word' id='word_1_3' title='bbox 621 485 921 549; x_wconf 87' lang='lat' dir='ltr'><strong>videbatur,</strong></span> <span class='ocrx_word' id='word_1_4' title='bbox 973 498 1074 539; x_wconf 90' lang='lat' dir='ltr'><strong>nec</strong></span> <span class='ocrx_word' id='word_1_5' title='bbox 1129 490 1340 538; x_wconf 70' lang='lat' dir='ltr'><strong>nonet</strong></span> <span class='ocrx_word' id='word_1_6' title='bbox 1386 481 1604 551; x_wconf 89' lang='lat' dir='ltr'><strong>quidam</strong></span> <span class='ocrx_word' id='word_1_7' title='bbox 1633 481 1944 536; x_wconf 66' lang='lat' dir='ltr'><strong>Graecorum</strong></span> 
     </span>
    </p>
   </div>
   <div class='ocr_carea' id='block_1_3' title="bbox 358 571 1947 648">
    <p class='ocr_par' dir='ltr' id='par_1_3' title="bbox 358 571 1947 648">
     <span class='ocr_line' id='line_1_3' title="bbox 358 571 1947 648; baseline -0.003 -17"><span class='ocrx_word' id='word_1_8' title='bbox 358 577 802 648; x_wconf 81' lang='lat' dir='ltr'><strong>philosophorum</strong></span> <span class='ocrx_word' id='word_1_9' title='bbox 871 581 1178 643; x_wconf 88' lang='lat' dir='ltr'><strong>opportune</strong></span> <span class='ocrx_word' id='word_1_10' title='bbox 1251 573 1441 627; x_wconf 87' lang='lat' dir='ltr'><strong>barum</strong></span> <span class='ocrx_word' id='word_1_11' title='bbox 1517 571 1947 642; x_wconf 76' lang='lat' dir='ltr'><strong>disputationum</strong></span> 
     </span>
    </p>
   </div>
   <div class='ocr_carea' id='block_1_4' title="bbox 359 664 1951 740">
    <p class='ocr_par' dir='ltr' id='par_1_4' title="bbox 359 664 1951 740">
     <span class='ocr_line' id='line_1_4' title="bbox 359 664 1951 740; baseline -0.005 -15"><span class='ocrx_word' id='word_1_12' title='bbox 359 671 661 740; x_wconf 72' lang='lat' dir='ltr'><strong>qumstione</strong></span> <span class='ocrx_word' id='word_1_13' title='bbox 699 668 1003 738; x_wconf 81' lang='lat' dir='ltr'><strong>participati</strong></span> <span class='ocrx_word' id='word_1_14' title='bbox 1045 674 1210 722; x_wconf 87' lang='lat' dir='ltr'><strong>sunt:</strong></span> <span class='ocrx_word' id='word_1_15' title='bbox 1241 666 1332 720; x_wconf 87' lang='lat' dir='ltr'><strong>alii</strong></span> <span class='ocrx_word' id='word_1_16' title='bbox 1367 664 1583 734; x_wconf 79' lang='lat' dir='ltr'><strong>quidem</strong></span> <span class='ocrx_word' id='word_1_17' title='bbox 1612 664 1773 732; x_wconf 87' lang='lat' dir='ltr'><strong>quale</strong></span> <span class='ocrx_word' id='word_1_18' title='bbox 1804 671 1951 718; x_wconf 82' lang='lat' dir='ltr'><strong>esset</strong></span> 
     </span>
    </p>
   </div>
   <div class='ocr_carea' id='block_1_5' title="bbox 361 754 1951 827">
    <p class='ocr_par' dir='ltr' id='par_1_5' title="bbox 361 754 1951 827">
     <span class='ocr_line' id='line_1_5' title="bbox 361 754 1951 827; baseline -0.005 -13"><span class='ocrx_word' id='word_1_19' title='bbox 361 761 468 815; x_wconf 88' lang='lat' dir='ltr'><strong>hoc</strong></span> <span class='ocrx_word' id='word_1_20' title='bbox 506 760 697 827; x_wconf 80' lang='lat' dir='ltr'><strong>dogma</strong></span> <span class='ocrx_word' id='word_1_21' title='bbox 728 758 1004 813; x_wconf 80' lang='lat' dir='ltr'><strong>studentes</strong></span> <span class='ocrx_word' id='word_1_22' title='bbox 1034 771 1355 825; x_wconf 78' lang='lat' dir='ltr'><strong>agnoscere;</strong></span> <span class='ocrx_word' id='word_1_23' title='bbox 1389 756 1477 808; x_wconf 86' lang='lat' dir='ltr'><strong>alii</strong></span> <span class='ocrx_word' id='word_1_24' title='bbox 1508 770 1638 808; x_wconf 87' lang='lat' dir='ltr'><strong>vero</strong></span> <span class='ocrx_word' id='word_1_25' title='bbox 1667 769 1845 822; x_wconf 68' lang='lat' dir='ltr'><strong>nuper~</strong></span> <span class='ocrx_word' id='word_1_26' title='bbox 1868 754 1951 806; x_wconf 90' lang='lat' dir='ltr'><strong>in-</strong></span> 
     </span>
    </p>
   </div>
   <div class='ocr_carea' id='block_1_6' title="bbox 359 843 1942 915">
    <p class='ocr_par' dir='ltr' id='par_1_6' title="bbox 359 843 1942 915">
     <span class='ocr_line' id='line_1_6' title="bbox 359 843 1942 915; baseline -0.004 -12"><span class='ocrx_word' id='word_1_27' title='bbox 359 851 594 903; x_wconf 88' lang='lat' dir='ltr'><strong>choante</strong></span> <span class='ocrx_word' id='word_1_28' title='bbox 634 847 940 903; x_wconf 55' lang='lat' dir='ltr'><strong>Graecorum</strong></span> <span class='ocrx_word' id='word_1_29' title='bbox 988 847 1247 915; x_wconf 81' lang='lat' dir='ltr'><strong>religione</strong></span> <span class='ocrx_word' id='word_1_30' title='bbox 1301 846 1566 914; x_wconf 85' lang='lat' dir='ltr'><strong>deperire,</strong></span> <span class='ocrx_word' id='word_1_31' title='bbox 1621 843 1942 898; x_wconf 83' lang='lat' dir='ltr'><strong>Christianis</strong></span> 
     </span>
    </p>
   </div>
   <div class='ocr_carea' id='block_1_7' title="bbox 363 935 1952 1006">
    <p class='ocr_par' dir='ltr' id='par_1_7' title="bbox 363 935 1952 1006">
     <span class='ocr_line' id='line_1_7' title="bbox 363 935 1952 1006; baseline -0.006 -12"><span class='ocrx_word' id='word_1_32' title='bbox 363 940 580 1004; x_wconf 83' lang='lat' dir='ltr'><strong>infensi,</strong></span> <span class='ocrx_word' id='word_1_33' title='bbox 629 938 898 1006; x_wconf 75' lang='lat' dir='ltr'><strong>dogmatis</strong></span> <span class='ocrx_word' id='word_1_34' title='bbox 948 944 1290 993; x_wconf 77' lang='lat' dir='ltr'><strong>sacmmenta</strong></span> <span class='ocrx_word' id='word_1_35' title='bbox 1327 935 1394 989; x_wconf 90' lang='lat' dir='ltr'><strong>ad</strong></span> <span class='ocrx_word' id='word_1_36' title='bbox 1445 935 1736 989; x_wconf 84' lang='lat' dir='ltr'><strong>verborum</strong></span> <span class='ocrx_word' id='word_1_37' title='bbox 1775 941 1952 986; x_wconf 88' lang='lat' dir='ltr'><strong>certa-</strong></span> 
     </span>
    </p>
   </div>
   <div class='ocr_carea' id='block_1_8' title="bbox 366 1026 1954 1100">
    <p class='ocr_par' dir='ltr' id='par_1_8' title="bbox 366 1026 1954 1100">
     <span class='ocr_line' id='line_1_8' title="bbox 366 1026 1954 1100; baseline -0.005 -14"><span class='ocrx_word' id='word_1_38' title='bbox 366 1032 514 1086; x_wconf 85' lang='lat' dir='ltr'><strong>mina</strong></span> <span class='ocrx_word' id='word_1_39' title='bbox 546 1031 958 1100; x_wconf 84' lang='lat' dir='ltr'><strong>protrahcbant,</strong></span> <span class='ocrx_word' id='word_1_40' title='bbox 993 1029 1069 1083; x_wconf 86' lang='lat' dir='ltr'><strong>ita</strong></span> <span class='ocrx_word' id='word_1_41' title='bbox 1091 1037 1148 1083; x_wconf 88' lang='lat' dir='ltr'><strong>ut</strong></span> <span class='ocrx_word' id='word_1_42' title='bbox 1187 1036 1376 1082; x_wconf 87' lang='lat' dir='ltr'><strong>contra</strong></span> <span class='ocrx_word' id='word_1_43' title='bbox 1406 1043 1464 1081; x_wconf 90' lang='lat' dir='ltr'><strong>se</strong></span> <span class='ocrx_word' id='word_1_44' title='bbox 1494 1026 1784 1081; x_wconf 88' lang='lat' dir='ltr'><strong>seditiones</strong></span> <span class='ocrx_word' id='word_1_45' title='bbox 1805 1040 1954 1079; x_wconf 80' lang='lat' dir='ltr'><strong>exer-</strong></span> 
     </span>
    </p>
   </div>
   <div class='ocr_carea' id='block_1_9' title="bbox 361 1118 1954 1192">
    <p class='ocr_par' dir='ltr' id='par_1_9' title="bbox 361 1118 1954 1192">
     <span class='ocr_line' id='line_1_9' title="bbox 361 1118 1954 1192; baseline -0.005 -14"><span class='ocrx_word' id='word_1_46' title='bbox 361 1132 570 1186; x_wconf 85' lang='lat' dir='ltr'><strong>cerent,</strong></span> <span class='ocrx_word' id='word_1_47' title='bbox 604 1123 1004 1192; x_wconf 87' lang='lat' dir='ltr'><strong>certaminaque</strong></span> <span class='ocrx_word' id='word_1_48' title='bbox 1026 1121 1247 1174; x_wconf 88' lang='lat' dir='ltr'><strong>sibimet</strong></span> <span class='ocrx_word' id='word_1_49' title='bbox 1276 1120 1564 1184; x_wconf 90' lang='lat' dir='ltr'><strong>inferrent,</strong></span> <span class='ocrx_word' id='word_1_50' title='bbox 1595 1127 1650 1172; x_wconf 88' lang='lat' dir='ltr'><strong>et</strong></span> <span class='ocrx_word' id='word_1_51' title='bbox 1671 1118 1863 1189; x_wconf 62' lang='lat' dir='ltr'><strong>saepius</strong></span> <span class='ocrx_word' id='word_1_52' title='bbox 1886 1133 1954 1172; x_wconf 84' lang='lat' dir='ltr'><strong>ex</strong></span> 
     </span>
    </p>
   </div>
   <div class='ocr_carea' id='block_1_10' title="bbox 363 1209 1951 1280">
    <p class='ocr_par' dir='ltr' id='par_1_10' title="bbox 363 1209 1951 1280">
     <span class='ocr_line' id='line_1_10' title="bbox 363 1209 1951 1280; baseline -0.003 -12"><span class='ocrx_word' id='word_1_53' title='bbox 363 1213 594 1268; x_wconf 85' lang='lat' dir='ltr'><strong>adverso</strong></span> <span class='ocrx_word' id='word_1_54' title='bbox 614 1213 1022 1269; x_wconf 83' lang='lat' dir='ltr'><strong>contenderent.</strong></span> <span class='ocrx_word' id='word_1_55' title='bbox 1055 1212 1459 1279; x_wconf 75' lang='lat' dir='ltr'><strong>Sozoueu.,lib.</strong></span> <span class='ocrx_word' id='word_1_56' title='bbox 1484 1229 1524 1277; x_wconf 84' lang='grc' dir='ltr'>ι,</span> <span class='ocrx_word' id='word_1_57' title='bbox 1543 1229 1660 1280; x_wconf 84' lang='lat' dir='ltr'><strong>cap.</strong></span> <span class='ocrx_word' id='word_1_58' title='bbox 1689 1210 1773 1266; x_wconf 88' lang='lat' dir='ltr'><strong>i6.</strong></span> <span class='ocrx_word' id='word_1_59' title='bbox 1803 1209 1951 1264; x_wconf 81' lang='lat' dir='ltr'><strong>Edit.</strong></span> 
     </span>
    </p>
   </div>
   <div class='ocr_carea' id='block_1_11' title="bbox 367 1301 1119 1374">
    <p class='ocr_par' dir='ltr' id='par_1_11' title="bbox 367 1301 1119 1374">
     <span class='ocr_line' id='line_1_11' title="bbox 367 1301 1119 1374; baseline -0.001 -17"><span class='ocrx_word' id='word_1_60' title='bbox 367 1301 559 1358; x_wconf 72' lang='lat' dir='ltr'><strong>Christ.</strong></span> <span class='ocrx_word' id='word_1_61' title='bbox 603 1301 774 1357; x_wconf 76' lang='lat' dir='ltr'><strong>Vales.</strong></span> <span class='ocrx_word' id='word_1_62' title='bbox 812 1303 898 1370; x_wconf 81' lang='lat' dir='ltr'><strong>i7,</strong></span> <span class='ocrx_word' id='word_1_63' title='bbox 923 1321 977 1374; x_wconf 88' lang='lat' dir='ltr'><strong>p.</strong></span> <span class='ocrx_word' id='word_1_64' title='bbox 1009 1301 1119 1356; x_wconf 77' lang='grc'><strong>450</strong></span> 
     </span>
    </p>
   </div>
   <div class='ocr_carea' id='block_1_12' title="bbox 979 1435 1335 1495">
    <p class='ocr_par' dir='ltr' id='par_1_12' title="bbox 979 1435 1335 1495">
     <span class='ocr_line' id='line_1_12' title="bbox 979 1435 1335 1495; baseline -0.02 0"><span class='ocrx_word' id='word_1_65' title='bbox 979 1436 1206 1495; x_wconf 82' lang='lat' dir='ltr'><strong>CAPUT</strong></span> <span class='ocrx_word' id='word_1_66' title='bbox 1247 1435 1335 1491; x_wconf 88' lang='lat' dir='ltr'><strong>lli.</strong></span> 
     </span>
    </p>
   </div>
   <div class='ocr_carea' id='block_1_13' title="bbox 369 1524 1955 1597">
    <p class='ocr_par' dir='ltr' id='par_1_13' title="bbox 369 1524 1955 1597">
     <span class='ocr_line' id='line_1_13' title="bbox 369 1524 1955 1597; baseline -0.007 -13"><span class='ocrx_word' id='word_1_67' title='bbox 369 1529 448 1584; x_wconf 88' lang='lat' dir='ltr'><strong>De</strong></span> <span class='ocrx_word' id='word_1_68' title='bbox 476 1532 610 1588; x_wconf 84' lang='lat' dir='ltr'><strong>laico</strong></span> <span class='ocrx_word' id='word_1_69' title='bbox 641 1531 860 1597; x_wconf 81' lang='lat' dir='ltr'><strong>simplici</strong></span> <span class='ocrx_word' id='word_1_70' title='bbox 899 1532 1195 1597; x_wconf 74' lang='lat' dir='ltr'><strong>confessore</strong></span> <span class='ocrx_word' id='word_1_71' title='bbox 1221 1530 1386 1582; x_wconf 84' lang='lat' dir='ltr'><strong>virum</strong></span> <span class='ocrx_word' id='word_1_72' title='bbox 1435 1524 1763 1597; x_wconf 59' lang='lat' dir='ltr'><strong>dialecticum</strong></span> <span class='ocrx_word' id='word_1_73' title='bbox 1782 1536 1955 1597; x_wconf 80' lang='lat' dir='ltr'><strong>_supe-</strong></span> 
     </span>
    </p>
   </div>
   <div class='ocr_carea' id='block_1_14' title="bbox 442 1592 1955 1668">
    <p class='ocr_par' dir='ltr' id='par_1_14' title="bbox 442 1592 1955 1668">
     <span class='ocr_line' id='line_1_14' title="bbox 442 1592 1955 1668; baseline -0.007 -15"><span class='ocrx_word' id='word_1_74' title='bbox 442 1611 608 1664; x_wconf 84' lang='lat' dir='ltr'><strong>rante,</strong></span> <span class='ocrx_word' id='word_1_75' title='bbox 641 1609 688 1652; x_wconf 86' lang='lat' dir='ltr'><strong>et</strong></span> <span class='ocrx_word' id='word_1_76' title='bbox 719 1592 781 1652; x_wconf 74' lang='lat' dir='ltr'><strong>tle</strong></span> <span class='ocrx_word' id='word_1_77' title='bbox 813 1616 931 1652; x_wconf 80' lang='lat' dir='ltr'><strong>sene</strong></span> <span class='ocrx_word' id='word_1_78' title='bbox 956 1592 1198 1668; x_wconf 75' lang='lat' dir='ltr'><strong>simplici.</strong></span> <span class='ocrx_word' id='word_1_79' title='bbox 1252 1596 1555 1668; x_wconf 81' lang='lat' dir='ltr'><strong>philosonho</strong></span> <span class='ocrx_word' id='word_1_80' title='bbox 1597 1592 1955 1652; x_wconf 79' lang='lat' dir='ltr'><strong>Christianum</strong></span> 
     </span>
    </p>
   </div>
   <div class='ocr_carea' id='block_1_15' title="bbox 441 1671 930 1740">
    <p class='ocr_par' dir='ltr' id='par_1_15' title="bbox 441 1671 930 1740">
     <span class='ocr_line' id='line_1_15' title="bbox 441 1671 930 1740; baseline -0.006 -15"><span class='ocrx_word' id='word_1_81' title='bbox 441 1671 627 1740; x_wconf 82' lang='lat' dir='ltr'><strong>dogma</strong></span> <span class='ocrx_word' id='word_1_82' title='bbox 656 1671 930 1740; x_wconf 77' lang='lat' dir='ltr'><strong>pandente.</strong></span> 
     </span>
    </p>
   </div>
   <div class='ocr_carea' id='block_1_16' title="bbox 1589 269 2420 328">
    <p class='ocr_par' dir='ltr' id='par_1_16' title="bbox 1589 269 2420 328">
     <span class='ocr_line' id='line_1_16' title="bbox 1589 269 2420 328; baseline -0.002 0"><span class='ocrx_word' id='word_1_83' title='bbox 1589 274 1657 328; x_wconf 68' lang='grc' dir='ltr'><strong>Μ.</strong></span> <span class='ocrx_word' id='word_1_84' title='bbox 1707 272 1982 328; x_wconf 73' lang='lat' dir='ltr'><strong>AUREI.&quot;</strong></span> <span class='ocrx_word' id='word_1_85' title='bbox 2021 269 2420 327; x_wconf 63' lang='lat' dir='ltr'><strong>CASSllmOl&#39;ll&#39;</strong></span> 
     </span>
    </p>
   </div>
   <div class='ocr_carea' id='block_1_17' title="bbox 355 376 2032 464">
    <p class='ocr_par' dir='ltr' id='par_1_17' title="bbox 355 376 2032 464">
     <span class='ocr_line' id='line_1_17' title="bbox 355 376 2032 464; baseline -0.002 -10"><span class='ocrx_word' id='word_1_86' title='bbox 355 413 482 454; x_wconf 89' lang='lat' dir='ltr'><strong>cum</strong></span> <span class='ocrx_word' id='word_1_87' title='bbox 512 396 817 452; x_wconf 77' lang='lat' dir='ltr'><strong>Alexandro</strong></span> <span class='ocrx_word' id='word_1_88' title='bbox 840 402 982 450; x_wconf 86' lang='lat' dir='ltr'><strong>esset</strong></span> <span class='ocrx_word' id='word_1_89' title='bbox 994 391 1456 464; x_wconf 81' lang='lat' dir='ltr'><strong>episcopo,-hujus</strong></span> <span class='ocrx_word' id='word_1_90' title='bbox 1481 391 1642 447; x_wconf 85' lang='lat' dir='ltr'><strong>studii</strong></span> <span class='ocrx_word' id='word_1_91' title='bbox 1675 405 1800 461; x_wconf 87' lang='lat' dir='ltr'><strong>pars</strong></span> <span class='ocrx_word' id='word_1_92' title='bbox 1829 405 1948 445; x_wconf 87' lang='lat' dir='ltr'><strong>esse</strong></span> <span class='ocrx_word' id='word_1_93' title='bbox 1977 376 2032 452; x_wconf 61' lang='grc' dir='ltr'>ι(</span> 
     </span>
    </p>
   </div>
   <div class='ocr_carea' id='block_1_18' title="bbox 3532 267 3636 326">
    <p class='ocr_par' dir='ltr' id='par_1_18' title="bbox 3532 267 3636 326">
     <span class='ocr_line' id='line_1_18' title="bbox 3532 267 3636 326; baseline 0 -2"><span class='ocrx_word' id='word_1_94' title='bbox 3532 267 3636 326; x_wconf 62' lang='grc'><strong>924</strong></span> 
     </span>
    </p>
   </div>
   <div class='ocr_carea' id='block_1_19' title="bbox 2663 385 3013 442">
    <p class='ocr_par' dir='ltr' id='par_1_19' title="bbox 2663 385 3013 442">
     <span class='ocr_line' id='line_1_19' title="bbox 2663 385 3013 442; baseline 0.006 -2"><span class='ocrx_word' id='word_1_95' title='bbox 2663 385 2890 442; x_wconf 78' lang='lat' dir='ltr'><strong>CAPUT</strong></span> <span class='ocrx_word' id='word_1_96' title='bbox 2929 386 3013 442; x_wconf 80' lang='lat' dir='ltr'><strong>IV.</strong></span> 
     </span>
    </p>
   </div>
   <div class='ocr_carea' id='block_1_20' title="bbox 2051 477 3640 549">
    <p class='ocr_par' dir='ltr' id='par_1_20' title="bbox 2051 477 3640 549">
     <span class='ocr_line' id='line_1_20' title="bbox 2051 477 3640 549; baseline -0.001 -17"><span class='ocrx_word' id='word_1_97' title='bbox 2051 478 2318 545; x_wconf 76' lang='lat' dir='ltr'><strong>Quomodo</strong></span> <span class='ocrx_word' id='word_1_98' title='bbox 2375 481 2427 532; x_wconf 88' lang='lat' dir='ltr'><strong>in</strong></span> <span class='ocrx_word' id='word_1_99' title='bbox 2480 479 2720 548; x_wconf 76' lang='lat' dir='ltr'><strong>conﬂictu</strong></span> <span class='ocrx_word' id='word_1_100' title='bbox 2770 481 3061 534; x_wconf 65' lang='lat' dir='ltr'><strong>Alexander</strong></span> <span class='ocrx_word' id='word_1_101' title='bbox 3120 477 3640 549; x_wconf 80' lang='lat' dir='ltr'><strong>Constantinopoleos</strong></span> 
     </span>
    </p>
   </div>
   <div class='ocr_carea' id='block_1_21' title="bbox 2119 548 3638 620">
    <p class='ocr_par' dir='ltr' id='par_1_21' title="bbox 2119 548 3638 620">
     <span class='ocr_line' id='line_1_21' title="bbox 2119 548 3638 620; baseline -0.003 -15"><span class='ocrx_word' id='word_1_102' title='bbox 2119 553 2390 618; x_wconf 76' lang='lat' dir='ltr'><strong>episcopus</strong></span> <span class='ocrx_word' id='word_1_103' title='bbox 2462 550 2584 620; x_wconf 75' lang='lat' dir='ltr'><strong>fecit</strong></span> <span class='ocrx_word' id='word_1_104' title='bbox 2653 549 3013 619; x_wconf 75' lang='lat' dir='ltr'><strong>philosOphnm</strong></span> <span class='ocrx_word' id='word_1_105' title='bbox 3077 548 3248 602; x_wconf 77' lang='lat' dir='ltr'><strong>obmut</strong></span> <span class='ocrx_word' id='word_1_106' title='bbox 3281 565 3422 602; x_wconf 74' lang='lat' dir='ltr'><strong>scere</strong></span> <span class='ocrx_word' id='word_1_107' title='bbox 3467 548 3638 619; x_wconf 82' lang='lat' dir='ltr'><strong>puga-</strong></span> 
     </span>
    </p>
   </div>
   <div class='ocr_carea' id='block_1_22' title="bbox 2119 636 2328 677">
    <p class='ocr_par' dir='ltr' id='par_1_22' title="bbox 2119 636 2328 677">
     <span class='ocr_line' id='line_1_22' title="bbox 2119 636 2328 677; baseline 0.01 -3"><span class='ocrx_word' id='word_1_108' title='bbox 2119 636 2328 677; x_wconf 85' lang='lat' dir='ltr'><strong>norum.</strong></span> 
     </span>
    </p>
   </div>
   <div class='ocr_carea' id='block_1_23' title="bbox 2121 709 3642 782">
    <p class='ocr_par' dir='ltr' id='par_1_23' title="bbox 2121 709 3642 782">
     <span class='ocr_line' id='line_1_23' title="bbox 2121 709 3642 782; baseline -0.003 -14"><span class='ocrx_word' id='word_1_109' title='bbox 2121 711 2326 769; x_wconf 82' lang='lat' dir='ltr'><strong>Dicitur</strong></span> <span class='ocrx_word' id='word_1_110' title='bbox 2353 721 2534 767; x_wconf 86' lang='lat' dir='ltr'><strong>autem</strong></span> <span class='ocrx_word' id='word_1_111' title='bbox 2565 711 2866 782; x_wconf 76' lang='lat' dir='ltr'><strong>proximum</strong></span> <span class='ocrx_word' id='word_1_112' title='bbox 2895 710 3022 765; x_wconf 74' lang='lat' dir='ltr'><strong>huic</strong></span> <span class='ocrx_word' id='word_1_113' title='bbox 3065 710 3325 764; x_wconf 76' lang='lat' dir='ltr'><strong>miraculo</strong></span> <span class='ocrx_word' id='word_1_114' title='bbox 3377 709 3642 779; x_wconf 83' lang='lat' dir='ltr'><strong>quiddam</strong></span> 
     </span>
    </p>
   </div>
   <div class='ocr_carea' id='block_1_24' title="bbox 2049 803 3638 876">
    <p class='ocr_par' dir='ltr' id='par_1_24' title="bbox 2049 803 3638 876">
     <span class='ocr_line' id='line_1_24' title="bbox 2049 803 3638 876; baseline -0.001 -16"><span class='ocrx_word' id='word_1_115' title='bbox 2049 815 2258 874; x_wconf 78' lang='lat' dir='ltr'><strong>gestum</strong></span> <span class='ocrx_word' id='word_1_116' title='bbox 2281 820 2380 876; x_wconf 82' lang='lat' dir='ltr'><strong>per</strong></span> <span class='ocrx_word' id='word_1_117' title='bbox 2404 804 2770 860; x_wconf 79' lang='lat' dir='ltr'><strong>Alexandrum</strong></span> <span class='ocrx_word' id='word_1_118' title='bbox 2781 804 3392 873; x_wconf 76' lang='lat' dir='ltr'><strong>Constantinopolitanzn</strong></span> <span class='ocrx_word' id='word_1_119' title='bbox 3407 803 3638 859; x_wconf 79' lang='lat' dir='ltr'><strong>civitatis</strong></span> 
     </span>
    </p>
   </div>
   <div class='ocr_carea' id='block_1_25' title="bbox 2052 891 3638 966">
    <p class='ocr_par' dir='ltr' id='par_1_25' title="bbox 2052 891 3638 966">
     <span class='ocr_line' id='line_1_25' title="bbox 2052 891 3638 966; baseline -0.005 -12"><span class='ocrx_word' id='word_1_120' title='bbox 2052 897 2383 966; x_wconf 84' lang='lat' dir='ltr'><strong>episcopum.</strong></span> <span class='ocrx_word' id='word_1_121' title='bbox 2415 895 2550 951; x_wconf 89' lang='lat' dir='ltr'><strong>Cum</strong></span> <span class='ocrx_word' id='word_1_122' title='bbox 2575 896 2716 950; x_wconf 87' lang='lat' dir='ltr'><strong>enim</strong></span> <span class='ocrx_word' id='word_1_123' title='bbox 2745 895 2983 950; x_wconf 78' lang='lat' dir='ltr'><strong>venisset</strong></span> <span class='ocrx_word' id='word_1_124' title='bbox 3012 893 3306 963; x_wconf 81' lang='lat' dir='ltr'><strong>imperator</strong></span> <span class='ocrx_word' id='word_1_125' title='bbox 3323 891 3638 946; x_wconf 81' lang='lat' dir='ltr'><strong>Constanti-</strong></span> 
     </span>
    </p>
   </div>
   <div class='ocr_carea' id='block_1_26' title="bbox 2054 979 3646 1058">
    <p class='ocr_par' dir='ltr' id='par_1_26' title="bbox 2054 979 3646 1058">
     <span class='ocr_line' id='line_1_26' title="bbox 2054 979 3646 1058; baseline -0.006 -15"><span class='ocrx_word' id='word_1_126' title='bbox 2054 1002 2156 1043; x_wconf 80' lang='lat' dir='ltr'><strong>nus</strong></span> <span class='ocrx_word' id='word_1_127' title='bbox 2199 986 2539 1058; x_wconf 82' lang='lat' dir='ltr'><strong>Byzantium,</strong></span> <span class='ocrx_word' id='word_1_128' title='bbox 2589 985 2851 1039; x_wconf 82' lang='lat' dir='ltr'><strong>adeuntes</strong></span> <span class='ocrx_word' id='word_1_129' title='bbox 2905 998 3033 1038; x_wconf 80' lang='lat' dir='ltr'><strong>cum</strong></span> <span class='ocrx_word' id='word_1_130' title='bbox 3075 982 3290 1051; x_wconf 76' lang='lat' dir='ltr'><strong>quidam</strong></span> <span class='ocrx_word' id='word_1_131' title='bbox 3334 979 3646 1051; x_wconf 76' lang='lat' dir='ltr'><strong>philosophi</strong></span> 
     </span>
    </p>
   </div>
   <div class='ocr_carea' id='block_1_27' title="bbox 2053 1072 3635 1146">
    <p class='ocr_par' dir='ltr' id='par_1_27' title="bbox 2053 1072 3635 1146">
     <span class='ocr_line' id='line_1_27' title="bbox 2053 1072 3635 1146; baseline -0.004 -14"><span class='ocrx_word' id='word_1_132' title='bbox 2053 1078 2415 1146; x_wconf 88' lang='lat' dir='ltr'><strong>querebantur</strong></span> <span class='ocrx_word' id='word_1_133' title='bbox 2453 1075 2606 1144; x_wconf 89' lang='lat' dir='ltr'><strong>quasi</strong></span> <span class='ocrx_word' id='word_1_134' title='bbox 2637 1089 2742 1129; x_wconf 93' lang='lat' dir='ltr'><strong>non</strong></span> <span class='ocrx_word' id='word_1_135' title='bbox 2789 1073 2956 1127; x_wconf 92' lang='lat' dir='ltr'><strong>Deum</strong></span> <span class='ocrx_word' id='word_1_136' title='bbox 2987 1073 3192 1127; x_wconf 88' lang='lat' dir='ltr'><strong>coleret</strong></span> <span class='ocrx_word' id='word_1_137' title='bbox 3219 1080 3276 1124; x_wconf 87' lang='lat' dir='ltr'><strong>ut</strong></span> <span class='ocrx_word' id='word_1_138' title='bbox 3303 1072 3542 1132; x_wconf 81' lang='lat' dir='ltr'><strong>deceret,</strong></span> <span class='ocrx_word' id='word_1_139' title='bbox 3582 1079 3635 1125; x_wconf 88' lang='lat' dir='ltr'><strong>et</strong></span> 
     </span>
    </p>
   </div>
   <div class='ocr_carea' id='block_1_28' title="bbox 2055 1163 3636 1231">
    <p class='ocr_par' dir='ltr' id='par_1_28' title="bbox 2055 1163 3636 1231">
     <span class='ocr_line' id='line_1_28' title="bbox 2055 1163 3636 1231; baseline -0.004 -6"><span class='ocrx_word' id='word_1_140' title='bbox 2055 1169 2196 1225; x_wconf 86' lang='lat' dir='ltr'><strong>circa</strong></span> <span class='ocrx_word' id='word_1_141' title='bbox 2224 1183 2380 1224; x_wconf 81' lang='lat' dir='ltr'><strong>sacra</strong></span> <span class='ocrx_word' id='word_1_142' title='bbox 2408 1166 2673 1224; x_wconf 74' lang='lat' dir='ltr'><strong>novitates</strong></span> <span class='ocrx_word' id='word_1_143' title='bbox 2700 1172 3022 1230; x_wconf 76' lang='lat' dir='ltr'><strong>exerceret,</strong></span> <span class='ocrx_word' id='word_1_144' title='bbox 3053 1179 3246 1218; x_wconf 89' lang='lat' dir='ltr'><strong>novam</strong></span> <span class='ocrx_word' id='word_1_145' title='bbox 3278 1164 3336 1216; x_wconf 88' lang='lat' dir='ltr'><strong>in</strong></span> <span class='ocrx_word' id='word_1_146' title='bbox 3365 1163 3636 1231; x_wconf 86' lang='lat' dir='ltr'><strong>republica</strong></span> 
     </span>
    </p>
   </div>
   <div class='ocr_carea' id='block_1_29' title="bbox 2055 1255 3642 1326">
    <p class='ocr_par' dir='ltr' id='par_1_29' title="bbox 2055 1255 3642 1326">
     <span class='ocr_line' id='line_1_29' title="bbox 2055 1255 3642 1326; baseline -0.004 -10"><span class='ocrx_word' id='word_1_147' title='bbox 2055 1259 2444 1317; x_wconf 86' lang='lat' dir='ltr'><strong>iutrodueendo</strong></span> <span class='ocrx_word' id='word_1_148' title='bbox 2468 1257 2732 1313; x_wconf 87' lang='lat' dir='ltr'><strong>culturam</strong></span> <span class='ocrx_word' id='word_1_149' title='bbox 2758 1297 2773 1317; x_wconf 85' lang='lat'><strong>,</strong></span> <span class='ocrx_word' id='word_1_150' title='bbox 2802 1264 2999 1326; x_wconf 66' lang='lat' dir='ltr'><strong>prastat-</strong></span> <span class='ocrx_word' id='word_1_151' title='bbox 3036 1270 3158 1324; x_wconf 64' lang='lat' dir='ltr'><strong>quae</strong></span> <span class='ocrx_word' id='word_1_152' title='bbox 3185 1255 3303 1324; x_wconf 89' lang='lat' dir='ltr'><strong>ejus</strong></span> <span class='ocrx_word' id='word_1_153' title='bbox 3344 1255 3642 1324; x_wconf 68' lang='lat' dir='ltr'><strong>majoribus</strong></span> 
     </span>
    </p>
   </div>
   <div class='ocr_carea' id='block_1_30' title="bbox 2054 1348 3637 1418">
    <p class='ocr_par' dir='ltr' id='par_1_30' title="bbox 2054 1348 3637 1418">
     <span class='ocr_line' id='line_1_30' title="bbox 2054 1348 3637 1418; baseline -0.005 -10"><span class='ocrx_word' id='word_1_154' title='bbox 2054 1355 2168 1410; x_wconf 82' lang='lat' dir='ltr'><strong>visa</strong></span> <span class='ocrx_word' id='word_1_155' title='bbox 2198 1361 2340 1418; x_wconf 84' lang='lat' dir='ltr'><strong>sunt,</strong></span> <span class='ocrx_word' id='word_1_156' title='bbox 2373 1366 2430 1407; x_wconf 86' lang='lat' dir='ltr'><strong>et</strong></span> <span class='ocrx_word' id='word_1_157' title='bbox 2448 1351 2760 1407; x_wconf 74' lang='lat' dir='ltr'><strong>Graecorum</strong></span> <span class='ocrx_word' id='word_1_158' title='bbox 2789 1350 3264 1417; x_wconf 77' lang='lat' dir='ltr'><strong>Romanorumque</strong></span> <span class='ocrx_word' id='word_1_159' title='bbox 3287 1348 3637 1417; x_wconf 88' lang='lat' dir='ltr'><strong>principibus.</strong></span> 
     </span>
    </p>
   </div>
   <div class='ocr_carea' id='block_1_31' title="bbox 2055 1439 3635 1516">
    <p class='ocr_par' dir='ltr' id='par_1_31' title="bbox 2055 1439 3635 1516">
     <span class='ocr_line' id='line_1_31' title="bbox 2055 1439 3635 1516; baseline -0.006 -15"><span class='ocrx_word' id='word_1_160' title='bbox 2055 1461 2194 1516; x_wconf 82' lang='lat' dir='ltr'><strong>quos</strong></span> <span class='ocrx_word' id='word_1_161' title='bbox 2221 1446 2522 1502; x_wconf 79' lang='lat' dir='ltr'><strong>habuerunt</strong></span> <span class='ocrx_word' id='word_1_162' title='bbox 2548 1451 2816 1497; x_wconf 81' lang='lat' dir='ltr'><strong>transacta</strong></span> <span class='ocrx_word' id='word_1_163' title='bbox 2838 1441 3033 1496; x_wconf 79' lang='lat' dir='ltr'><strong>szecula</strong></span> <span class='ocrx_word' id='word_1_164' title='bbox 3057 1482 3072 1508; x_wconf 91' lang='lat'><strong>,</strong></span> <span class='ocrx_word' id='word_1_165' title='bbox 3097 1441 3455 1510; x_wconf 85' lang='lat' dir='ltr'><strong>placuerunt;</strong></span> <span class='ocrx_word' id='word_1_166' title='bbox 3485 1439 3635 1493; x_wconf 88' lang='lat' dir='ltr'><strong>vole-</strong></span> 
     </span>
    </p>
   </div>
   <div class='ocr_carea' id='block_1_32' title="bbox 2056 1532 3637 1608">
    <p class='ocr_par' dir='ltr' id='par_1_32' title="bbox 2056 1532 3637 1608">
     <span class='ocr_line' id='line_1_32' title="bbox 2056 1532 3637 1608; baseline -0.006 -14"><span class='ocrx_word' id='word_1_167' title='bbox 2056 1539 2292 1608; x_wconf 73' lang='lat' dir='ltr'><strong>bantque</strong></span> <span class='ocrx_word' id='word_1_168' title='bbox 2322 1553 2443 1591; x_wconf 91' lang='lat' dir='ltr'><strong>cum</strong></span> <span class='ocrx_word' id='word_1_169' title='bbox 2474 1536 2779 1590; x_wconf 80' lang='lat' dir='ltr'><strong>Alexandro</strong></span> <span class='ocrx_word' id='word_1_170' title='bbox 2804 1535 3061 1604; x_wconf 89' lang='lat' dir='ltr'><strong>episcopo</strong></span> <span class='ocrx_word' id='word_1_171' title='bbox 3102 1533 3377 1602; x_wconf 85' lang='lat' dir='ltr'><strong>disputare</strong></span> <span class='ocrx_word' id='word_1_172' title='bbox 3406 1533 3475 1587; x_wconf 87' lang='lat' dir='ltr'><strong>de</strong></span> <span class='ocrx_word' id='word_1_173' title='bbox 3502 1532 3637 1601; x_wconf 82' lang='lat' dir='ltr'><strong>dog-</strong></span> 
     </span>
    </p>
   </div>
   <div class='ocr_carea' id='block_1_33' title="bbox 2058 1625 3640 1695">
    <p class='ocr_par' dir='ltr' id='par_1_33' title="bbox 2058 1625 3640 1695">
     <span class='ocr_line' id='line_1_33' title="bbox 2058 1625 3640 1695; baseline -0.004 -11"><span class='ocrx_word' id='word_1_174' title='bbox 2058 1638 2225 1684; x_wconf 89' lang='lat' dir='ltr'><strong>mate.</strong></span> <span class='ocrx_word' id='word_1_175' title='bbox 2273 1629 2370 1683; x_wconf 87' lang='lat' dir='ltr'><strong>ille</strong></span> <span class='ocrx_word' id='word_1_176' title='bbox 2397 1643 2527 1682; x_wconf 87' lang='lat' dir='ltr'><strong>vero</strong></span> <span class='ocrx_word' id='word_1_177' title='bbox 2583 1626 2885 1695; x_wconf 89' lang='lat' dir='ltr'><strong>hujusmodi</strong></span> <span class='ocrx_word' id='word_1_178' title='bbox 2935 1625 3322 1682; x_wconf 78' lang='lat' dir='ltr'><strong>exercitatione</strong></span> <span class='ocrx_word' id='word_1_179' title='bbox 3353 1625 3640 1678; x_wconf 80' lang='lat' dir='ltr'><strong>verborum</strong></span> 
     </span>
    </p>
   </div>
   <div class='ocr_carea' id='block_1_34' title="bbox 442 1715 3636 1829">
    <p class='ocr_par' dir='ltr' id='par_1_34' title="bbox 442 1715 3636 1829">
     <span class='ocr_line' id='line_1_34' title="bbox 442 1715 3636 1829; baseline -0.001 -14"><span class='ocrx_word' id='word_1_180' title='bbox 442 1715 684 1829; x_wconf 59' lang='lat' dir='ltr'><strong>Cquque</strong></span> <span class='ocrx_word' id='word_1_181' title='bbox 727 1761 938 1829; x_wconf 84' lang='lat' dir='ltr'><strong>plurimi</strong></span> <span class='ocrx_word' id='word_1_182' title='bbox 967 1758 1348 1828; x_wconf 84' lang='lat' dir='ltr'><strong>disputationis</strong></span> <span class='ocrx_word' id='word_1_183' title='bbox 1379 1757 1739 1812; x_wconf 82' lang='lat' dir='ltr'><strong>delectatione</strong></span> <span class='ocrx_word' id='word_1_184' title='bbox 1771 1757 1954 1812; x_wconf 88' lang='lat' dir='ltr'><strong>trahe-</strong></span> <span class='ocrx_word' id='word_1_185' title='bbox 1987 1753 2034 1812; x_wconf 83' lang='grc' dir='ltr'><strong>Β</strong></span> <span class='ocrx_word' id='word_1_186' title='bbox 2061 1721 2574 1829; x_wconf 47' lang='lat' dir='ltr'><strong>i_“‘f‘_pe&#39;:f“§__</strong></span> <span class='ocrx_word' id='word_1_187' title='bbox 2598 1717 3128 1829; x_wconf 43' lang='lat' dir='ltr'><strong>d‘ffffafjiﬂ‘ﬁl‘f‘ff</strong></span> <span class='ocrx_word' id='word_1_188' title='bbox 3160 1715 3636 1829; x_wconf 50' lang='lat' dir='ltr'><strong>f9&quot;_ﬁdfn_s&#39;,,Fuu</strong></span> 
     </span>
    </p>
   </div>
   <div class='ocr_carea' id='block_1_35' title="bbox 379 1847 1958 1920">
    <p class='ocr_par' dir='ltr' id='par_1_35' title="bbox 379 1847 1958 1920">
     <span class='ocr_line' id='line_1_35' title="bbox 379 1847 1958 1920; baseline -0.005 -12"><span class='ocrx_word' id='word_1_189' title='bbox 379 1862 559 1909; x_wconf 81' lang='lat' dir='ltr'><strong>rentur</strong></span> <span class='ocrx_word' id='word_1_190' title='bbox 580 1893 595 1917; x_wconf 92' lang='lat'><strong>,</strong></span> <span class='ocrx_word' id='word_1_191' title='bbox 627 1867 765 1905; x_wconf 87' lang='lat' dir='ltr'><strong>unus</strong></span> <span class='ocrx_word' id='word_1_192' title='bbox 795 1850 1010 1920; x_wconf 86' lang='lat' dir='ltr'><strong>quidam</strong></span> <span class='ocrx_word' id='word_1_193' title='bbox 1058 1866 1124 1904; x_wconf 83' lang='lat' dir='ltr'><strong>ex</strong></span> <span class='ocrx_word' id='word_1_194' title='bbox 1157 1849 1556 1904; x_wconf 84' lang='lat' dir='ltr'><strong>confcssoribus</strong></span> <span class='ocrx_word' id='word_1_195' title='bbox 1587 1847 1735 1902; x_wconf 90' lang='lat' dir='ltr'><strong>laicis</strong></span> <span class='ocrx_word' id='word_1_196' title='bbox 1762 1847 1958 1916; x_wconf 77' lang='lat' dir='ltr'><strong>simpli—-</strong></span> 
     </span>
    </p>
   </div>
   <div class='ocr_carea' id='block_1_36' title="bbox 374 1936 1954 2003">
    <p class='ocr_par' dir='ltr' id='par_1_36' title="bbox 374 1936 1954 2003">
     <span class='ocr_line' id='line_1_36' title="bbox 374 1936 1954 2003; baseline -0.003 -8"><span class='ocrx_word' id='word_1_197' title='bbox 374 1956 494 1995; x_wconf 89' lang='lat' dir='ltr'><strong>cem</strong></span> <span class='ocrx_word' id='word_1_198' title='bbox 549 1941 753 1995; x_wconf 83' lang='lat' dir='ltr'><strong>habens</strong></span> <span class='ocrx_word' id='word_1_199' title='bbox 799 1955 1034 2003; x_wconf 88' lang='lat' dir='ltr'><strong>sensum,</strong></span> <span class='ocrx_word' id='word_1_200' title='bbox 1087 1939 1382 1993; x_wconf 86' lang='lat' dir='ltr'><strong>dialecticis</strong></span> <span class='ocrx_word' id='word_1_201' title='bbox 1428 1938 1690 2001; x_wconf 85' lang='lat' dir='ltr'><strong>obviavit,</strong></span> <span class='ocrx_word' id='word_1_202' title='bbox 1722 1936 1954 1992; x_wconf 90' lang='lat' dir='ltr'><strong>dicens:</strong></span> 
     </span>
    </p>
   </div>
   <div class='ocr_carea' id='block_1_37' title="bbox 375 2029 1957 2099">
    <p class='ocr_par' dir='ltr' id='par_1_37' title="bbox 375 2029 1957 2099">
     <span class='ocr_line' id='line_1_37' title="bbox 375 2029 1957 2099; baseline -0.003 -14"><span class='ocrx_word' id='word_1_203' title='bbox 375 2031 570 2085; x_wconf 80' lang='lat' dir='ltr'><strong>Audite</strong></span> <span class='ocrx_word' id='word_1_204' title='bbox 599 2031 796 2099; x_wconf 84' lang='lat' dir='ltr'><strong>igitur,</strong></span> <span class='ocrx_word' id='word_1_205' title='bbox 823 2029 1065 2085; x_wconf 86' lang='lat' dir='ltr'><strong>Christus</strong></span> <span class='ocrx_word' id='word_1_206' title='bbox 1095 2037 1149 2084; x_wconf 85' lang='lat' dir='ltr'><strong>et</strong></span> <span class='ocrx_word' id='word_1_207' title='bbox 1190 2029 1421 2098; x_wconf 91' lang='lat' dir='ltr'><strong>apostoli</strong></span> <span class='ocrx_word' id='word_1_208' title='bbox 1450 2044 1557 2082; x_wconf 91' lang='lat' dir='ltr'><strong>non</strong></span> <span class='ocrx_word' id='word_1_209' title='bbox 1587 2029 1743 2082; x_wconf 90' lang='lat' dir='ltr'><strong>nobis</strong></span> <span class='ocrx_word' id='word_1_210' title='bbox 1785 2035 1957 2081; x_wconf 87' lang='lat' dir='ltr'><strong>artem</strong></span> 
     </span>
    </p>
   </div>
   <div class='ocr_carea' id='block_1_38' title="bbox 373 2122 1958 2191">
    <p class='ocr_par' dir='ltr' id='par_1_38' title="bbox 373 2122 1958 2191">
     <span class='ocr_line' id='line_1_38' title="bbox 373 2122 1958 2191; baseline -0.003 -13"><span class='ocrx_word' id='word_1_211' title='bbox 373 2124 710 2179; x_wconf 86' lang='lat' dir='ltr'><strong>dialecticam</strong></span> <span class='ocrx_word' id='word_1_212' title='bbox 762 2124 1124 2188; x_wconf 88' lang='lat' dir='ltr'><strong>tradiderunt,</strong></span> <span class='ocrx_word' id='word_1_213' title='bbox 1156 2138 1457 2191; x_wconf 89' lang='lat' dir='ltr'><strong>vanamque</strong></span> <span class='ocrx_word' id='word_1_214' title='bbox 1487 2124 1772 2178; x_wconf 83' lang='lat' dir='ltr'><strong>verborum</strong></span> <span class='ocrx_word' id='word_1_215' title='bbox 1806 2122 1958 2175; x_wconf 89' lang='lat' dir='ltr'><strong>falla-</strong></span> 
     </span>
    </p>
   </div>
   <div class='ocr_carea' id='block_1_39' title="bbox 372 2212 1960 2287">
    <p class='ocr_par' dir='ltr' id='par_1_39' title="bbox 372 2212 1960 2287">
     <span class='ocr_line' id='line_1_39' title="bbox 372 2212 1960 2287; baseline -0.003 -15"><span class='ocrx_word' id='word_1_216' title='bbox 372 2217 529 2280; x_wconf 86' lang='lat' dir='ltr'><strong>ciam,</strong></span> <span class='ocrx_word' id='word_1_217' title='bbox 544 2215 638 2271; x_wconf 89' lang='lat' dir='ltr'><strong>sed</strong></span> <span class='ocrx_word' id='word_1_218' title='bbox 661 2230 846 2287; x_wconf 89' lang='lat' dir='ltr'><strong>puram</strong></span> <span class='ocrx_word' id='word_1_219' title='bbox 861 2214 1138 2270; x_wconf 89' lang='lat' dir='ltr'><strong>scientiam</strong></span> <span class='ocrx_word' id='word_1_220' title='bbox 1153 2213 1272 2287; x_wconf 85' lang='lat' dir='ltr'><strong>[ms.</strong></span> <span class='ocrx_word' id='word_1_221' title='bbox 1283 2212 1842 2285; x_wconf 85' lang='lat' dir='ltr'><strong>Lyr.,conscientiam]</strong></span> <span class='ocrx_word' id='word_1_222' title='bbox 1859 2213 1960 2268; x_wconf 86' lang='lat' dir='ltr'><strong>tide</strong></span> 
     </span>
    </p>
   </div>
   <div class='ocr_carea' id='block_1_40' title="bbox 377 2305 1962 2377">
    <p class='ocr_par' dir='ltr' id='par_1_40' title="bbox 377 2305 1962 2377">
     <span class='ocr_line' id='line_1_40' title="bbox 377 2305 1962 2377; baseline -0.001 -15"><span class='ocrx_word' id='word_1_223' title='bbox 377 2317 436 2362; x_wconf 89' lang='lat' dir='ltr'><strong>et</strong></span> <span class='ocrx_word' id='word_1_224' title='bbox 458 2308 710 2377; x_wconf 89' lang='lat' dir='ltr'><strong>operibus</strong></span> <span class='ocrx_word' id='word_1_225' title='bbox 741 2307 894 2362; x_wconf 93' lang='lat' dir='ltr'><strong>bonis</strong></span> <span class='ocrx_word' id='word_1_226' title='bbox 924 2305 1331 2361; x_wconf 85' lang='lat' dir='ltr'><strong>observandam.</strong></span> <span class='ocrx_word' id='word_1_227' title='bbox 1368 2305 1494 2360; x_wconf 69' lang='lat' dir='ltr'><strong>Hazc</strong></span> <span class='ocrx_word' id='word_1_228' title='bbox 1525 2305 1739 2360; x_wconf 87' lang='lat' dir='ltr'><strong>dicente</strong></span> <span class='ocrx_word' id='word_1_229' title='bbox 1760 2305 1962 2372; x_wconf 88' lang='lat' dir='ltr'><strong>juvene</strong></span> 
     </span>
    </p>
   </div>
   <div class='ocr_carea' id='block_1_41' title="bbox 375 2395 1960 2470">
    <p class='ocr_par' dir='ltr' id='par_1_41' title="bbox 375 2395 1960 2470">
     <span class='ocr_line' id='line_1_41' title="bbox 375 2395 1960 2470; baseline -0.003 -16"><span class='ocrx_word' id='word_1_230' title='bbox 375 2408 424 2454; x_wconf 87' lang='lat' dir='ltr'><strong>et</strong></span> <span class='ocrx_word' id='word_1_231' title='bbox 453 2400 633 2455; x_wconf 77' lang='lat' dir='ltr'><strong>animo</strong></span> <span class='ocrx_word' id='word_1_232' title='bbox 654 2414 803 2465; x_wconf 90' lang='lat' dir='ltr'><strong>sene,</strong></span> <span class='ocrx_word' id='word_1_233' title='bbox 825 2408 1116 2470; x_wconf 69' lang='lat' dir='ltr'><strong>praesentes</strong></span> <span class='ocrx_word' id='word_1_234' title='bbox 1136 2396 1350 2465; x_wconf 85' lang='lat' dir='ltr'><strong>quidem</strong></span> <span class='ocrx_word' id='word_1_235' title='bbox 1372 2396 1547 2451; x_wconf 88' lang='lat' dir='ltr'><strong>mirati</strong></span> <span class='ocrx_word' id='word_1_236' title='bbox 1568 2407 1710 2461; x_wconf 88' lang='lat' dir='ltr'><strong>sunt,</strong></span> <span class='ocrx_word' id='word_1_237' title='bbox 1728 2395 1960 2452; x_wconf 90' lang='lat' dir='ltr'><strong>dictum-</strong></span> 
     </span>
    </p>
   </div>
   <div class='ocr_carea' id='block_1_42' title="bbox 375 2487 1961 2562">
    <p class='ocr_par' dir='ltr' id='par_1_42' title="bbox 375 2487 1961 2562">
     <span class='ocr_line' id='line_1_42' title="bbox 375 2487 1961 2562; baseline -0.004 -16"><span class='ocrx_word' id='word_1_238' title='bbox 375 2507 482 2561; x_wconf 89' lang='lat' dir='ltr'><strong>que</strong></span> <span class='ocrx_word' id='word_1_239' title='bbox 523 2493 907 2562; x_wconf 90' lang='lat' dir='ltr'><strong>probaverunt.</strong></span> <span class='ocrx_word' id='word_1_240' title='bbox 942 2489 1214 2544; x_wconf 86' lang='lat' dir='ltr'><strong>Dialectici</strong></span> <span class='ocrx_word' id='word_1_241' title='bbox 1254 2504 1387 2543; x_wconf 86' lang='lat' dir='ltr'><strong>vero</strong></span> <span class='ocrx_word' id='word_1_242' title='bbox 1426 2487 1796 2541; x_wconf 82' lang='lat' dir='ltr'><strong>satisfactione</strong></span> <span class='ocrx_word' id='word_1_243' title='bbox 1843 2502 1961 2541; x_wconf 84' lang='lat' dir='ltr'><strong>sus-</strong></span> 
     </span>
    </p>
   </div>
   <div class='ocr_carea' id='block_1_43' title="bbox 377 2577 1963 2650">
    <p class='ocr_par' dir='ltr' id='par_1_43' title="bbox 377 2577 1963 2650">
     <span class='ocr_line' id='line_1_43' title="bbox 377 2577 1963 2650; baseline -0.004 -14"><span class='ocrx_word' id='word_1_244' title='bbox 377 2591 534 2650; x_wconf 88' lang='lat' dir='ltr'><strong>cepta</strong></span> <span class='ocrx_word' id='word_1_245' title='bbox 556 2589 855 2647; x_wconf 83' lang='lat' dir='ltr'><strong>cessarunt,</strong></span> <span class='ocrx_word' id='word_1_246' title='bbox 886 2581 1151 2634; x_wconf 88' lang='lat' dir='ltr'><strong>rationem</strong></span> <span class='ocrx_word' id='word_1_247' title='bbox 1174 2579 1372 2649; x_wconf 90' lang='lat' dir='ltr'><strong>quippe</strong></span> <span class='ocrx_word' id='word_1_248' title='bbox 1398 2577 1692 2646; x_wconf 86' lang='lat' dir='ltr'><strong>simplicem</strong></span> <span class='ocrx_word' id='word_1_249' title='bbox 1723 2577 1963 2630; x_wconf 81' lang='lat' dir='ltr'><strong>veritatis</strong></span> 
     </span>
    </p>
   </div>
   <div class='ocr_carea' id='block_1_44' title="bbox 378 2665 1958 2738">
    <p class='ocr_par' dir='ltr' id='par_1_44' title="bbox 378 2665 1958 2738">
     <span class='ocr_line' id='line_1_44' title="bbox 378 2665 1958 2738; baseline -0.003 -15"><span class='ocrx_word' id='word_1_250' title='bbox 378 2669 680 2725; x_wconf 87' lang='lat' dir='ltr'><strong>audientes.</strong></span> <span class='ocrx_word' id='word_1_251' title='bbox 740 2670 1047 2734; x_wconf 77' lang='lat' dir='ltr'><strong>SOCRA’I’ES,</strong></span> <span class='ocrx_word' id='word_1_252' title='bbox 1104 2669 1194 2724; x_wconf 86' lang='lat' dir='ltr'><strong>lib.</strong></span> <span class='ocrx_word' id='word_1_253' title='bbox 1233 2685 1269 2734; x_wconf 88' lang='grc' dir='ltr'>ι,</span> <span class='ocrx_word' id='word_1_254' title='bbox 1317 2685 1435 2738; x_wconf 79' lang='lat' dir='ltr'><strong>cap.</strong></span> <span class='ocrx_word' id='word_1_255' title='bbox 1489 2665 1540 2719; x_wconf 82' lang='lat'><strong>5.</strong></span> <span class='ocrx_word' id='word_1_256' title='bbox 1572 2665 1715 2719; x_wconf 87' lang='lat' dir='ltr'><strong>Edit.</strong></span> <span class='ocrx_word' id='word_1_257' title='bbox 1767 2666 1958 2720; x_wconf 77' lang='lat' dir='ltr'><strong>Christ.</strong></span> 
     </span>
    </p>
   </div>
   <div class='ocr_carea' id='block_1_45' title="bbox 389 2759 1006 2830">
    <p class='ocr_par' dir='ltr' id='par_1_45' title="bbox 389 2759 1006 2830">
     <span class='ocr_line' id='line_1_45' title="bbox 389 2759 1006 2830; baseline -0.003 -15"><span class='ocrx_word' id='word_1_258' title='bbox 389 2761 567 2815; x_wconf 79' lang='lat' dir='ltr'><strong>Vales.</strong></span> <span class='ocrx_word' id='word_1_259' title='bbox 599 2777 715 2830; x_wconf 85' lang='lat' dir='ltr'><strong>cap.</strong></span> <span class='ocrx_word' id='word_1_260' title='bbox 744 2759 806 2824; x_wconf 89' lang='lat'><strong>8,</strong></span> <span class='ocrx_word' id='word_1_261' title='bbox 831 2776 885 2830; x_wconf 92' lang='lat' dir='ltr'><strong>p.</strong></span> <span class='ocrx_word' id='word_1_262' title='bbox 918 2759 1006 2813; x_wconf 68' lang='lat'><strong>20.</strong></span> 
     </span>
    </p>
   </div>
   <div class='ocr_carea' id='block_1_46' title="bbox 451 2845 1964 2919">
    <p class='ocr_par' dir='ltr' id='par_1_46' title="bbox 451 2845 1964 2919">
     <span class='ocr_line' id='line_1_46' title="bbox 451 2845 1964 2919; baseline -0.005 -12"><span class='ocrx_word' id='word_1_263' title='bbox 451 2852 643 2907; x_wconf 83' lang='lat' dir='ltr'><strong>Fertur</strong></span> <span class='ocrx_word' id='word_1_264' title='bbox 670 2851 811 2906; x_wconf 83' lang='lat' dir='ltr'><strong>enim</strong></span> <span class='ocrx_word' id='word_1_265' title='bbox 844 2860 898 2906; x_wconf 91' lang='lat' dir='ltr'><strong>et</strong></span> <span class='ocrx_word' id='word_1_266' title='bbox 929 2851 1071 2906; x_wconf 87' lang='lat' dir='ltr'><strong>aliud</strong></span> <span class='ocrx_word' id='word_1_267' title='bbox 1097 2869 1109 2904; x_wconf 78' lang='grc' dir='ltr'>ε</span> <span class='ocrx_word' id='word_1_268' title='bbox 1137 2850 1262 2904; x_wconf 91' lang='lat' dir='ltr'><strong>dum</strong></span> <span class='ocrx_word' id='word_1_269' title='bbox 1290 2847 1508 2919; x_wconf 91' lang='lat' dir='ltr'><strong>quidam</strong></span> <span class='ocrx_word' id='word_1_270' title='bbox 1531 2861 1724 2900; x_wconf 91' lang='lat' dir='ltr'><strong>eorum</strong></span> <span class='ocrx_word' id='word_1_271' title='bbox 1753 2845 1964 2914; x_wconf 80' lang='lat' dir='ltr'><strong>magni-</strong></span> 
     </span>
    </p>
   </div>
   <div class='ocr_carea' id='block_1_47' title="bbox 380 2939 1966 3008">
    <p class='ocr_par' dir='ltr' id='par_1_47' title="bbox 380 2939 1966 3008">
     <span class='ocr_line' id='line_1_47' title="bbox 380 2939 1966 3008; baseline -0.004 -10"><span class='ocrx_word' id='word_1_272' title='bbox 380 2943 595 3002; x_wconf 84' lang='lat' dir='ltr'><strong>ﬁcentia</strong></span> <span class='ocrx_word' id='word_1_273' title='bbox 621 2960 934 3000; x_wconf 89' lang='lat' dir='ltr'><strong>sermonum</strong></span> <span class='ocrx_word' id='word_1_274' title='bbox 982 2943 1330 2998; x_wconf 82' lang='lat' dir='ltr'><strong>extolleretur</strong></span> <span class='ocrx_word' id='word_1_275' title='bbox 1354 2983 1370 3008; x_wconf 94' lang='lat'><strong>,</strong></span> <span class='ocrx_word' id='word_1_276' title='bbox 1416 2949 1470 2996; x_wconf 90' lang='lat' dir='ltr'><strong>et</strong></span> <span class='ocrx_word' id='word_1_277' title='bbox 1515 2939 1763 2994; x_wconf 89' lang='lat' dir='ltr'><strong>illuderet</strong></span> <span class='ocrx_word' id='word_1_278' title='bbox 1792 2953 1966 2993; x_wconf 87' lang='lat' dir='ltr'><strong>sacer-</strong></span> 
     </span>
    </p>
   </div>
   <div class='ocr_carea' id='block_1_48' title="bbox 379 3033 1961 3112">
    <p class='ocr_par' dir='ltr' id='par_1_48' title="bbox 379 3033 1961 3112">
     <span class='ocr_line' id='line_1_48' title="bbox 379 3033 1961 3112; baseline -0.004 -17"><span class='ocrx_word' id='word_1_279' title='bbox 379 3039 596 3096; x_wconf 89' lang='lat' dir='ltr'><strong>dotibus</strong></span> <span class='ocrx_word' id='word_1_280' title='bbox 620 3080 636 3104; x_wconf 92' lang='lat'><strong>,</strong></span> <span class='ocrx_word' id='word_1_281' title='bbox 669 3055 776 3094; x_wconf 92' lang='lat' dir='ltr'><strong>non</strong></span> <span class='ocrx_word' id='word_1_282' title='bbox 806 3041 1025 3112; x_wconf 85' lang='lat' dir='ltr'><strong>pertulit</strong></span> <span class='ocrx_word' id='word_1_283' title='bbox 1048 3039 1164 3109; x_wconf 87' lang='lat' dir='ltr'><strong>ejus</strong></span> <span class='ocrx_word' id='word_1_284' title='bbox 1193 3037 1385 3092; x_wconf 78' lang='lat' dir='ltr'><strong>fastum</strong></span> <span class='ocrx_word' id='word_1_285' title='bbox 1413 3035 1531 3109; x_wconf 83' lang='lat' dir='ltr'><strong>[ms.</strong></span> <span class='ocrx_word' id='word_1_286' title='bbox 1561 3035 1714 3108; x_wconf 83' lang='lat' dir='ltr'><strong>Lyr.,</strong></span> <span class='ocrx_word' id='word_1_287' title='bbox 1739 3033 1961 3110; x_wconf 90' lang='lat' dir='ltr'><strong>factum]</strong></span> 
     </span>
    </p>
   </div>
   <div class='ocr_carea' id='block_1_49' title="bbox 377 3120 2036 3200">
    <p class='ocr_par' dir='ltr' id='par_1_49' title="bbox 377 3120 2036 3200">
     <span class='ocr_line' id='line_1_49' title="bbox 377 3120 2036 3200; baseline -0.002 -16"><span class='ocrx_word' id='word_1_288' title='bbox 377 3130 596 3199; x_wconf 88' lang='lat' dir='ltr'><strong>quidam</strong></span> <span class='ocrx_word' id='word_1_289' title='bbox 625 3145 790 3186; x_wconf 82' lang='lat' dir='ltr'><strong>senex</strong></span> <span class='ocrx_word' id='word_1_290' title='bbox 835 3131 1064 3200; x_wconf 82' lang='lat' dir='ltr'><strong>simplex</strong></span> <span class='ocrx_word' id='word_1_291' title='bbox 1091 3137 1146 3184; x_wconf 92' lang='lat' dir='ltr'><strong>et</strong></span> <span class='ocrx_word' id='word_1_292' title='bbox 1185 3129 1444 3183; x_wconf 90' lang='lat' dir='ltr'><strong>innocens</strong></span> <span class='ocrx_word' id='word_1_293' title='bbox 1472 3143 1535 3183; x_wconf 90' lang='lat' dir='ltr'><strong>ac</strong></span> <span class='ocrx_word' id='word_1_294' title='bbox 1562 3127 1965 3198; x_wconf 89' lang='lat' dir='ltr'><strong>probatissimus</strong></span> <span class='ocrx_word' id='word_1_295' title='bbox 1991 3120 2036 3180; x_wconf 86' lang='lat' dir='ltr'><strong>C</strong></span> 
     </span>
    </p>
   </div>
   <div class='ocr_carea' id='block_1_50' title="bbox 379 3215 1966 3286">
    <p class='ocr_par' dir='ltr' id='par_1_50' title="bbox 379 3215 1966 3286">
     <span class='ocr_line' id='line_1_50' title="bbox 379 3215 1966 3286; baseline -0.003 -12"><span class='ocrx_word' id='word_1_296' title='bbox 379 3217 782 3283; x_wconf 90' lang='lat' dir='ltr'><strong>confessorum;</strong></span> <span class='ocrx_word' id='word_1_297' title='bbox 833 3219 929 3274; x_wconf 87' lang='lat' dir='ltr'><strong>sed</strong></span> <span class='ocrx_word' id='word_1_298' title='bbox 980 3217 1208 3273; x_wconf 90' lang='lat' dir='ltr'><strong>accessit</strong></span> <span class='ocrx_word' id='word_1_299' title='bbox 1256 3215 1514 3272; x_wconf 88' lang='lat' dir='ltr'><strong>adversus</strong></span> <span class='ocrx_word' id='word_1_300' title='bbox 1554 3231 1676 3270; x_wconf 90' lang='lat' dir='ltr'><strong>eum</strong></span> <span class='ocrx_word' id='word_1_301' title='bbox 1724 3215 1966 3286; x_wconf 87' lang='lat' dir='ltr'><strong>proferre</strong></span> 
     </span>
    </p>
   </div>
   <div class='ocr_carea' id='block_1_51' title="bbox 379 3305 1964 3377">
    <p class='ocr_par' dir='ltr' id='par_1_51' title="bbox 379 3305 1964 3377">
     <span class='ocr_line' id='line_1_51' title="bbox 379 3305 1964 3377; baseline -0.005 -11"><span class='ocrx_word' id='word_1_302' title='bbox 379 3324 708 3366; x_wconf 78' lang='lat' dir='ltr'><strong>sermonem.</strong></span> <span class='ocrx_word' id='word_1_303' title='bbox 741 3308 856 3365; x_wconf 85' lang='lat' dir='ltr'><strong>Hoc</strong></span> <span class='ocrx_word' id='word_1_304' title='bbox 885 3311 1064 3377; x_wconf 86' lang='lat' dir='ltr'><strong>itaque</strong></span> <span class='ocrx_word' id='word_1_305' title='bbox 1105 3306 1303 3362; x_wconf 86' lang='lat' dir='ltr'><strong>factum</strong></span> <span class='ocrx_word' id='word_1_306' title='bbox 1338 3307 1702 3376; x_wconf 86' lang='lat' dir='ltr'><strong>petulantibus</strong></span> <span class='ocrx_word' id='word_1_307' title='bbox 1749 3305 1964 3374; x_wconf 87' lang='lat' dir='ltr'><strong>quidem</strong></span> 
     </span>
    </p>
   </div>
   <div class='ocr_carea' id='block_1_52' title="bbox 385 3395 1962 3470">
    <p class='ocr_par' dir='ltr' id='par_1_52' title="bbox 385 3395 1962 3470">
     <span class='ocr_line' id='line_1_52' title="bbox 385 3395 1962 3470; baseline -0.004 -15"><span class='ocrx_word' id='word_1_308' title='bbox 385 3406 442 3455; x_wconf 84' lang='lat' dir='ltr'><strong>et</strong></span> <span class='ocrx_word' id='word_1_309' title='bbox 469 3399 765 3470; x_wconf 86' lang='lat' dir='ltr'><strong>simplicem</strong></span> <span class='ocrx_word' id='word_1_310' title='bbox 821 3397 1117 3454; x_wconf 89' lang='lat' dir='ltr'><strong>scientibus</strong></span> <span class='ocrx_word' id='word_1_311' title='bbox 1164 3397 1528 3452; x_wconf 82' lang='lat' dir='ltr'><strong>confessorem</strong></span> <span class='ocrx_word' id='word_1_312' title='bbox 1568 3397 1732 3451; x_wconf 88' lang='lat' dir='ltr'><strong>risum</strong></span> <span class='ocrx_word' id='word_1_313' title='bbox 1777 3395 1962 3462; x_wconf 88' lang='lat' dir='ltr'><strong>movit,</strong></span> 
     </span>
    </p>
   </div>
   <div class='ocr_carea' id='block_1_53' title="bbox 382 3490 1968 3562">
    <p class='ocr_par' dir='ltr' id='par_1_53' title="bbox 382 3490 1968 3562">
     <span class='ocr_line' id='line_1_53' title="bbox 382 3490 1968 3562; baseline -0.004 -13"><span class='ocrx_word' id='word_1_314' title='bbox 382 3493 769 3549; x_wconf 88' lang='lat' dir='ltr'><strong>maturioribus</strong></span> <span class='ocrx_word' id='word_1_315' title='bbox 810 3506 940 3547; x_wconf 88' lang='lat' dir='ltr'><strong>vero</strong></span> <span class='ocrx_word' id='word_1_316' title='bbox 991 3490 1329 3546; x_wconf 88' lang='lat' dir='ltr'><strong>iormidinem</strong></span> <span class='ocrx_word' id='word_1_317' title='bbox 1364 3508 1376 3544; x_wconf 93' lang='lat'>:</span> <span class='ocrx_word' id='word_1_318' title='bbox 1411 3490 1816 3562; x_wconf 89' lang='lat' dir='ltr'><strong>providentibus</strong></span> <span class='ocrx_word' id='word_1_319' title='bbox 1840 3504 1908 3545; x_wconf 91' lang='lat' dir='ltr'><strong>ne</strong></span> <span class='ocrx_word' id='word_1_320' title='bbox 1936 3504 1968 3542; x_wconf 91' lang='lat' dir='ltr'><strong>a</strong></span> 
     </span>
    </p>
   </div>
   <div class='ocr_carea' id='block_1_54' title="bbox 385 3580 1966 3646">
    <p class='ocr_par' dir='ltr' id='par_1_54' title="bbox 385 3580 1966 3646">
     <span class='ocr_line' id='line_1_54' title="bbox 385 3580 1966 3646; baseline -0.002 -10"><span class='ocrx_word' id='word_1_321' title='bbox 385 3582 502 3638; x_wconf 84' lang='lat' dir='ltr'><strong>viro</strong></span> <span class='ocrx_word' id='word_1_322' title='bbox 530 3583 708 3638; x_wconf 88' lang='lat' dir='ltr'><strong>verbis</strong></span> <span class='ocrx_word' id='word_1_323' title='bbox 735 3581 943 3637; x_wconf 84' lang='lat' dir='ltr'><strong>artifice</strong></span> <span class='ocrx_word' id='word_1_324' title='bbox 982 3581 1340 3636; x_wconf 85' lang='lat' dir='ltr'><strong>deduceretur</strong></span> <span class='ocrx_word' id='word_1_325' title='bbox 1367 3580 1434 3634; x_wconf 92' lang='lat' dir='ltr'><strong>ad</strong></span> <span class='ocrx_word' id='word_1_326' title='bbox 1463 3581 1664 3646; x_wconf 89' lang='lat' dir='ltr'><strong>risum;</strong></span> <span class='ocrx_word' id='word_1_327' title='bbox 1691 3587 1966 3634; x_wconf 87' lang='lat' dir='ltr'><strong>verumta-</strong></span> 
     </span>
    </p>
   </div>
   <div class='ocr_carea' id='block_1_55' title="bbox 383 3671 1966 3742">
    <p class='ocr_par' dir='ltr' id='par_1_55' title="bbox 383 3671 1966 3742">
     <span class='ocr_line' id='line_1_55' title="bbox 383 3671 1966 3742; baseline -0.003 -12"><span class='ocrx_word' id='word_1_328' title='bbox 383 3691 509 3730; x_wconf 86' lang='lat' dir='ltr'><strong>men</strong></span> <span class='ocrx_word' id='word_1_329' title='bbox 540 3673 852 3731; x_wconf 84' lang='lat' dir='ltr'><strong>cedentibus</strong></span> <span class='ocrx_word' id='word_1_330' title='bbox 875 3715 890 3741; x_wconf 97' lang='lat'><strong>,</strong></span> <span class='ocrx_word' id='word_1_331' title='bbox 925 3683 982 3728; x_wconf 92' lang='lat' dir='ltr'><strong>ut</strong></span> <span class='ocrx_word' id='word_1_332' title='bbox 1028 3674 1172 3742; x_wconf 92' lang='lat' dir='ltr'><strong>quod</strong></span> <span class='ocrx_word' id='word_1_333' title='bbox 1201 3673 1362 3728; x_wconf 90' lang='lat' dir='ltr'><strong>vellet</strong></span> <span class='ocrx_word' id='word_1_334' title='bbox 1403 3671 1671 3738; x_wconf 87' lang='lat' dir='ltr'><strong>ediceret;</strong></span> <span class='ocrx_word' id='word_1_335' title='bbox 1716 3672 1966 3726; x_wconf 86' lang='lat' dir='ltr'><strong>resistere</strong></span> 
     </span>
    </p>
   </div>
   <div class='ocr_carea' id='block_1_56' title="bbox 383 3761 1968 3835">
    <p class='ocr_par' dir='ltr' id='par_1_56' title="bbox 383 3761 1968 3835">
     <span class='ocr_line' id='line_1_56' title="bbox 383 3761 1968 3835; baseline -0.004 -14"><span class='ocrx_word' id='word_1_336' title='bbox 383 3781 621 3835; x_wconf 85' lang='lat' dir='ltr'><strong>namque</strong></span> <span class='ocrx_word' id='word_1_337' title='bbox 659 3767 710 3821; x_wconf 89' lang='lat' dir='ltr'><strong>ei</strong></span> <span class='ocrx_word' id='word_1_338' title='bbox 737 3781 860 3821; x_wconf 90' lang='lat' dir='ltr'><strong>cum</strong></span> <span class='ocrx_word' id='word_1_339' title='bbox 909 3765 1030 3819; x_wconf 90' lang='lat' dir='ltr'><strong>talis</strong></span> <span class='ocrx_word' id='word_1_340' title='bbox 1059 3772 1232 3828; x_wconf 88' lang='lat' dir='ltr'><strong>esset,</strong></span> <span class='ocrx_word' id='word_1_341' title='bbox 1262 3763 1483 3817; x_wconf 90' lang='lat' dir='ltr'><strong>nimium</strong></span> <span class='ocrx_word' id='word_1_342' title='bbox 1536 3763 1880 3816; x_wconf 89' lang='lat' dir='ltr'><strong>verebantur.</strong></span> <span class='ocrx_word' id='word_1_343' title='bbox 1909 3761 1968 3815; x_wconf 88' lang='lat' dir='ltr'><strong>In</strong></span> 
     </span>
    </p>
   </div>
   <div class='ocr_carea' id='block_1_57' title="bbox 384 3851 1969 3926">
    <p class='ocr_par' dir='ltr' id='par_1_57' title="bbox 384 3851 1969 3926">
     <span class='ocr_line' id='line_1_57' title="bbox 384 3851 1969 3926; baseline -0.006 -12"><span class='ocrx_word' id='word_1_344' title='bbox 384 3859 628 3926; x_wconf 89' lang='lat' dir='ltr'><strong>nomine,</strong></span> <span class='ocrx_word' id='word_1_345' title='bbox 687 3857 881 3926; x_wconf 90' lang='lat' dir='ltr'><strong>inquit,</strong></span> <span class='ocrx_word' id='word_1_346' title='bbox 925 3854 1052 3911; x_wconf 79' lang='lat' dir='ltr'><strong>Jesu</strong></span> <span class='ocrx_word' id='word_1_347' title='bbox 1082 3853 1325 3917; x_wconf 84' lang='lat' dir='ltr'><strong>Christi,</strong></span> <span class='ocrx_word' id='word_1_348' title='bbox 1369 3867 1403 3907; x_wconf 90' lang='grc' dir='ltr'>ο</span> <span class='ocrx_word' id='word_1_349' title='bbox 1448 3851 1791 3923; x_wconf 77' lang='lat' dir='ltr'><strong>pliilOSOphe,</strong></span> <span class='ocrx_word' id='word_1_350' title='bbox 1845 3851 1969 3905; x_wconf 89' lang='lat' dir='ltr'><strong>audi</strong></span> 
     </span>
    </p>
   </div>
   <div class='ocr_carea' id='block_1_58' title="bbox 387 3943 1973 4018">
    <p class='ocr_par' dir='ltr' id='par_1_58' title="bbox 387 3943 1973 4018">
     <span class='ocr_line' id='line_1_58' title="bbox 387 3943 1973 4018; baseline -0.008 -12"><span class='ocrx_word' id='word_1_351' title='bbox 387 3951 639 4018; x_wconf 85' lang='lat' dir='ltr'><strong>dogmata</strong></span> <span class='ocrx_word' id='word_1_352' title='bbox 669 3948 945 4002; x_wconf 77' lang='lat' dir='ltr'><strong>veritatis:</strong></span> <span class='ocrx_word' id='word_1_353' title='bbox 973 3945 1122 4000; x_wconf 89' lang='lat' dir='ltr'><strong>Unus</strong></span> <span class='ocrx_word' id='word_1_354' title='bbox 1145 3955 1227 4000; x_wconf 86' lang='lat' dir='ltr'><strong>est</strong></span> <span class='ocrx_word' id='word_1_355' title='bbox 1254 3945 1392 3998; x_wconf 89' lang='lat' dir='ltr'><strong>Deus</strong></span> <span class='ocrx_word' id='word_1_356' title='bbox 1417 3943 1536 3999; x_wconf 72' lang='grc' dir='ltr'><strong>εωιί</strong></span> <span class='ocrx_word' id='word_1_357' title='bbox 1564 3953 1619 3997; x_wconf 90' lang='lat' dir='ltr'><strong>et</strong></span> <span class='ocrx_word' id='word_1_358' title='bbox 1648 3951 1822 4004; x_wconf 84' lang='lat' dir='ltr'><strong>terrae,</strong></span> <span class='ocrx_word' id='word_1_359' title='bbox 1849 3957 1973 3995; x_wconf 90' lang='lat' dir='ltr'><strong>om-</strong></span> 
     </span>
    </p>
   </div>
   <div class='ocr_carea' id='block_1_59' title="bbox 385 4032 1973 4110">
    <p class='ocr_par' dir='ltr' id='par_1_59' title="bbox 385 4032 1973 4110">
     <span class='ocr_line' id='line_1_59' title="bbox 385 4032 1973 4110; baseline -0.008 -12"><span class='ocrx_word' id='word_1_360' title='bbox 385 4044 644 4110; x_wconf 88' lang='lat' dir='ltr'><strong>niumque</strong></span> <span class='ocrx_word' id='word_1_361' title='bbox 677 4039 959 4094; x_wconf 87' lang='lat' dir='ltr'><strong>visibilium</strong></span> <span class='ocrx_word' id='word_1_362' title='bbox 991 4046 1044 4092; x_wconf 92' lang='lat' dir='ltr'><strong>et</strong></span> <span class='ocrx_word' id='word_1_363' title='bbox 1071 4037 1415 4091; x_wconf 88' lang='lat' dir='ltr'><strong>invisibilium</strong></span> <span class='ocrx_word' id='word_1_364' title='bbox 1468 4034 1711 4096; x_wconf 88' lang='lat' dir='ltr'><strong>Creator,</strong></span> <span class='ocrx_word' id='word_1_365' title='bbox 1741 4032 1832 4102; x_wconf 90' lang='lat' dir='ltr'><strong>qui</strong></span> <span class='ocrx_word' id='word_1_366' title='bbox 1857 4033 1973 4087; x_wconf 73' lang='lat' dir='ltr'><strong>hzec</strong></span> 
     </span>
    </p>
   </div>
   <div class='ocr_carea' id='block_1_60' title="bbox 387 4124 1972 4196">
    <p class='ocr_par' dir='ltr' id='par_1_60' title="bbox 387 4124 1972 4196">
     <span class='ocr_line' id='line_1_60' title="bbox 387 4124 1972 4196; baseline -0.008 -7"><span class='ocrx_word' id='word_1_367' title='bbox 387 4133 567 4189; x_wconf 85' lang='lat' dir='ltr'><strong>omnia</strong></span> <span class='ocrx_word' id='word_1_368' title='bbox 589 4131 749 4187; x_wconf 83' lang='lat' dir='ltr'><strong>Verbi</strong></span> <span class='ocrx_word' id='word_1_369' title='bbox 793 4130 873 4184; x_wconf 92' lang='lat' dir='ltr'><strong>sui</strong></span> <span class='ocrx_word' id='word_1_370' title='bbox 899 4129 1095 4182; x_wconf 87' lang='lat' dir='ltr'><strong>virtute</strong></span> <span class='ocrx_word' id='word_1_371' title='bbox 1125 4127 1279 4194; x_wconf 90' lang='lat' dir='ltr'><strong>fecit,</strong></span> <span class='ocrx_word' id='word_1_372' title='bbox 1311 4135 1369 4181; x_wconf 90' lang='lat' dir='ltr'><strong>et</strong></span> <span class='ocrx_word' id='word_1_373' title='bbox 1397 4126 1629 4196; x_wconf 81' lang='lat' dir='ltr'><strong>Spiritus</strong></span> <span class='ocrx_word' id='word_1_374' title='bbox 1655 4125 1738 4178; x_wconf 88' lang='lat' dir='ltr'><strong>sui</strong></span> <span class='ocrx_word' id='word_1_375' title='bbox 1773 4124 1972 4177; x_wconf 88' lang='lat' dir='ltr'><strong>sancti-</strong></span> 
     </span>
    </p>
   </div>
   <div class='ocr_carea' id='block_1_61' title="bbox 387 4217 1972 4290">
    <p class='ocr_par' dir='ltr' id='par_1_61' title="bbox 387 4217 1972 4290">
     <span class='ocr_line' id='line_1_61' title="bbox 387 4217 1972 4290; baseline -0.006 -10"><span class='ocrx_word' id='word_1_376' title='bbox 387 4233 502 4280; x_wconf 84' lang='lat' dir='ltr'><strong>tate</strong></span> <span class='ocrx_word' id='word_1_377' title='bbox 531 4222 779 4276; x_wconf 86' lang='lat' dir='ltr'><strong>iirmavit.</strong></span> <span class='ocrx_word' id='word_1_378' title='bbox 814 4221 928 4277; x_wconf 81' lang='lat' dir='ltr'><strong>Hoc</strong></span> <span class='ocrx_word' id='word_1_379' title='bbox 958 4222 1138 4290; x_wconf 91' lang='lat' dir='ltr'><strong>itaque</strong></span> <span class='ocrx_word' id='word_1_380' title='bbox 1165 4219 1407 4274; x_wconf 83' lang='lat' dir='ltr'><strong>Verbum</strong></span> <span class='ocrx_word' id='word_1_381' title='bbox 1456 4217 1603 4288; x_wconf 90' lang='lat' dir='ltr'><strong>quod</strong></span> <span class='ocrx_word' id='word_1_382' title='bbox 1649 4233 1748 4273; x_wconf 90' lang='lat' dir='ltr'><strong>nos</strong></span> <span class='ocrx_word' id='word_1_383' title='bbox 1779 4217 1972 4271; x_wconf 84' lang='lat' dir='ltr'><strong>Filium</strong></span> 
     </span>
    </p>
   </div>
   <div class='ocr_carea' id='block_1_62' title="bbox 388 4308 1967 4379">
    <p class='ocr_par' dir='ltr' id='par_1_62' title="bbox 388 4308 1967 4379">
     <span class='ocr_line' id='line_1_62' title="bbox 388 4308 1967 4379; baseline -0.006 -8"><span class='ocrx_word' id='word_1_384' title='bbox 388 4315 486 4371; x_wconf 87' lang='lat' dir='ltr'><strong>Dei</strong></span> <span class='ocrx_word' id='word_1_385' title='bbox 517 4314 875 4378; x_wconf 87' lang='lat' dir='ltr'><strong>nominamus,</strong></span> <span class='ocrx_word' id='word_1_386' title='bbox 907 4313 1090 4367; x_wconf 87' lang='lat' dir='ltr'><strong>habita</strong></span> <span class='ocrx_word' id='word_1_387' title='bbox 1121 4309 1487 4366; x_wconf 87' lang='lat' dir='ltr'><strong>misericordia</strong></span> <span class='ocrx_word' id='word_1_388' title='bbox 1509 4323 1669 4379; x_wconf 89' lang='lat' dir='ltr'><strong>super</strong></span> <span class='ocrx_word' id='word_1_389' title='bbox 1695 4308 1967 4376; x_wconf 88' lang='lat' dir='ltr'><strong>homines,</strong></span> 
     </span>
    </p>
   </div>
   <div class='ocr_carea' id='block_1_63' title="bbox 388 4402 1972 4472">
    <p class='ocr_par' dir='ltr' id='par_1_63' title="bbox 388 4402 1972 4472">
     <span class='ocr_line' id='line_1_63' title="bbox 388 4402 1972 4472; baseline -0.007 -9"><span class='ocrx_word' id='word_1_390' title='bbox 388 4408 459 4463; x_wconf 86' lang='lat' dir='ltr'><strong>ab</strong></span> <span class='ocrx_word' id='word_1_391' title='bbox 488 4421 672 4461; x_wconf 90' lang='lat' dir='ltr'><strong>errore</strong></span> <span class='ocrx_word' id='word_1_392' title='bbox 695 4419 788 4460; x_wconf 88' lang='lat' dir='ltr'><strong>eos</strong></span> <span class='ocrx_word' id='word_1_393' title='bbox 810 4413 865 4458; x_wconf 91' lang='lat' dir='ltr'><strong>et</strong></span> <span class='ocrx_word' id='word_1_394' title='bbox 884 4403 1037 4459; x_wconf 86' lang='lat' dir='ltr'><strong>ferali</strong></span> <span class='ocrx_word' id='word_1_395' title='bbox 1075 4403 1336 4472; x_wconf 83' lang='lat' dir='ltr'><strong>religione</strong></span> <span class='ocrx_word' id='word_1_396' title='bbox 1377 4402 1654 4466; x_wconf 87' lang='lat' dir='ltr'><strong>liberavit,</strong></span> <span class='ocrx_word' id='word_1_397' title='bbox 1685 4414 1874 4471; x_wconf 89' lang='lat' dir='ltr'><strong>passus</strong></span> <span class='ocrx_word' id='word_1_398' title='bbox 1905 4415 1972 4453; x_wconf 81' lang='lat' dir='ltr'><strong>ex</strong></span> 
     </span>
    </p>
   </div>
   <div class='ocr_carea' id='block_1_64' title="bbox 2059 1805 3638 1876">
    <p class='ocr_par' dir='ltr' id='par_1_64' title="bbox 2059 1805 3638 1876">
     <span class='ocr_line' id='line_1_64' title="bbox 2059 1805 3638 1876; baseline -0.004 -11"><span class='ocrx_word' id='word_1_399' title='bbox 2059 1811 2202 1866; x_wconf 89' lang='lat' dir='ltr'><strong>enim</strong></span> <span class='ocrx_word' id='word_1_400' title='bbox 2231 1811 2314 1864; x_wconf 92' lang='lat' dir='ltr'><strong>vir</strong></span> <span class='ocrx_word' id='word_1_401' title='bbox 2353 1823 2577 1876; x_wconf 89' lang='lat' dir='ltr'><strong>magnus</strong></span> <span class='ocrx_word' id='word_1_402' title='bbox 2596 1848 2611 1873; x_wconf 91' lang='lat'><strong>,</strong></span> <span class='ocrx_word' id='word_1_403' title='bbox 2642 1815 2696 1862; x_wconf 89' lang='lat' dir='ltr'><strong>et</strong></span> <span class='ocrx_word' id='word_1_404' title='bbox 2723 1808 3130 1862; x_wconf 83' lang='lat' dir='ltr'><strong>conversatione</strong></span> <span class='ocrx_word' id='word_1_405' title='bbox 3160 1806 3452 1860; x_wconf 86' lang='lat' dir='ltr'><strong>mirandus.</strong></span> <span class='ocrx_word' id='word_1_406' title='bbox 3476 1805 3638 1860; x_wconf 85' lang='lat' dir='ltr'><strong>Cum-</strong></span> 
     </span>
    </p>
   </div>
   <div class='ocr_carea' id='block_1_65' title="bbox 2057 1897 3635 1970">
    <p class='ocr_par' dir='ltr' id='par_1_65' title="bbox 2057 1897 3635 1970">
     <span class='ocr_line' id='line_1_65' title="bbox 2057 1897 3635 1970; baseline -0.003 -16"><span class='ocrx_word' id='word_1_407' title='bbox 2057 1915 2165 1970; x_wconf 83' lang='lat' dir='ltr'><strong>quo</strong></span> <span class='ocrx_word' id='word_1_408' title='bbox 2176 1908 2448 1956; x_wconf 87' lang='lat' dir='ltr'><strong>certamen</strong></span> <span class='ocrx_word' id='word_1_409' title='bbox 2467 1901 2788 1967; x_wconf 88' lang='lat' dir='ltr'><strong>imperatore</strong></span> <span class='ocrx_word' id='word_1_410' title='bbox 2801 1897 3142 1967; x_wconf 60' lang='lat' dir='ltr'><strong>praecipiente</strong></span> <span class='ocrx_word' id='word_1_411' title='bbox 3157 1897 3496 1966; x_wconf 78' lang='lat' dir='ltr'><strong>suscepisset,</strong></span> <span class='ocrx_word' id='word_1_412' title='bbox 3513 1913 3635 1950; x_wconf 82' lang='lat' dir='ltr'><strong>con-</strong></span> 
     </span>
    </p>
   </div>
   <div class='ocr_carea' id='block_1_66' title="bbox 2058 1985 3635 2060">
    <p class='ocr_par' dir='ltr' id='par_1_66' title="bbox 2058 1985 3635 2060">
     <span class='ocr_line' id='line_1_66' title="bbox 2058 1985 3635 2060; baseline -0.006 -13"><span class='ocrx_word' id='word_1_413' title='bbox 2058 1993 2436 2060; x_wconf 83' lang='lat' dir='ltr'><strong>venissentque</strong></span> <span class='ocrx_word' id='word_1_414' title='bbox 2465 1988 2804 2058; x_wconf 80' lang='lat' dir='ltr'><strong>philosophi,</strong></span> <span class='ocrx_word' id='word_1_415' title='bbox 2839 1987 3086 2041; x_wconf 91' lang='lat' dir='ltr'><strong>omnibus</strong></span> <span class='ocrx_word' id='word_1_416' title='bbox 3113 1986 3261 2054; x_wconf 83' lang='lat' dir='ltr'><strong>loqui</strong></span> <span class='ocrx_word' id='word_1_417' title='bbox 3309 1985 3635 2046; x_wconf 85' lang='lat' dir='ltr'><strong>volentibus,</strong></span> 
     </span>
    </p>
   </div>
   <div class='ocr_carea' id='block_1_67' title="bbox 2060 2075 3642 2146">
    <p class='ocr_par' dir='ltr' id='par_1_67' title="bbox 2060 2075 3642 2146">
     <span class='ocr_line' id='line_1_67' title="bbox 2060 2075 3642 2146; baseline -0.006 -10"><span class='ocrx_word' id='word_1_418' title='bbox 2060 2090 2122 2136; x_wconf 93' lang='lat' dir='ltr'><strong>ut</strong></span> <span class='ocrx_word' id='word_1_419' title='bbox 2167 2095 2331 2135; x_wconf 84' lang='lat' dir='ltr'><strong>unum</strong></span> <span class='ocrx_word' id='word_1_420' title='bbox 2375 2094 2442 2134; x_wconf 80' lang='lat' dir='ltr'><strong>ex</strong></span> <span class='ocrx_word' id='word_1_421' title='bbox 2471 2094 2530 2133; x_wconf 88' lang='lat' dir='ltr'><strong>se</strong></span> <span class='ocrx_word' id='word_1_422' title='bbox 2574 2092 2734 2146; x_wconf 90' lang='lat' dir='ltr'><strong>quem</strong></span> <span class='ocrx_word' id='word_1_423' title='bbox 2783 2076 2985 2135; x_wconf 69' lang='lat' dir='ltr'><strong>vellent</strong></span> <span class='ocrx_word' id='word_1_424' title='bbox 3029 2077 3320 2143; x_wconf 85' lang='lat' dir='ltr'><strong>eligerent,</strong></span> <span class='ocrx_word' id='word_1_425' title='bbox 3352 2075 3642 2144; x_wconf 80' lang='lat' dir='ltr'><strong>postulavit</strong></span> 
     </span>
    </p>
   </div>
   <div class='ocr_carea' id='block_1_68' title="bbox 2059 2167 3644 2237">
    <p class='ocr_par' dir='ltr' id='par_1_68' title="bbox 2059 2167 3644 2237">
     <span class='ocr_line' id='line_1_68' title="bbox 2059 2167 3644 2237; baseline -0.005 -11"><span class='ocrx_word' id='word_1_426' title='bbox 2059 2179 2261 2226; x_wconf 71' lang='lat' dir='ltr'><strong>sancta:</strong></span> <span class='ocrx_word' id='word_1_427' title='bbox 2305 2169 2584 2223; x_wconf 68' lang='lat' dir='ltr'><strong>memoriae</strong></span> <span class='ocrx_word' id='word_1_428' title='bbox 2610 2176 2765 2237; x_wconf 88' lang='lat' dir='ltr'><strong>pater</strong></span> <span class='ocrx_word' id='word_1_429' title='bbox 2812 2176 3000 2221; x_wconf 82' lang='lat' dir='ltr'><strong>noster</strong></span> <span class='ocrx_word' id='word_1_430' title='bbox 3025 2167 3331 2220; x_wconf 78' lang='lat' dir='ltr'><strong>Alexander</strong></span> <span class='ocrx_word' id='word_1_431' title='bbox 3360 2184 3374 2218; x_wconf 81' lang='grc' dir='ltr'><strong><em>τ</em></strong></span> <span class='ocrx_word' id='word_1_432' title='bbox 3421 2174 3644 2220; x_wconf 63' lang='lat' dir='ltr'><strong>cieterus</strong></span> 
     </span>
    </p>
   </div>
   <div class='ocr_carea' id='block_1_69' title="bbox 2059 2257 3644 2328">
    <p class='ocr_par' dir='ltr' id='par_1_69' title="bbox 2059 2257 3644 2328">
     <span class='ocr_line' id='line_1_69' title="bbox 2059 2257 3644 2328; baseline -0.006 -11"><span class='ocrx_word' id='word_1_433' title='bbox 2059 2277 2212 2326; x_wconf 82' lang='lat' dir='ltr'><strong>vero,</strong></span> <span class='ocrx_word' id='word_1_434' title='bbox 2243 2261 2550 2328; x_wconf 87' lang='lat' dir='ltr'><strong>quicunque</strong></span> <span class='ocrx_word' id='word_1_435' title='bbox 2571 2265 2757 2312; x_wconf 88' lang='lat' dir='ltr'><strong>essent</strong></span> <span class='ocrx_word' id='word_1_436' title='bbox 2779 2298 2793 2320; x_wconf 91' lang='lat'><strong>,</strong></span> <span class='ocrx_word' id='word_1_437' title='bbox 2819 2257 3090 2310; x_wconf 89' lang='lat' dir='ltr'><strong>silentium</strong></span> <span class='ocrx_word' id='word_1_438' title='bbox 3115 2265 3327 2320; x_wconf 87' lang='lat' dir='ltr'><strong>tenere;</strong></span> <span class='ocrx_word' id='word_1_439' title='bbox 3361 2257 3644 2324; x_wconf 74' lang='lat' dir='ltr'><strong>pmcepit-</strong></span> 
     </span>
    </p>
   </div>
   <div class='ocr_carea' id='block_1_70' title="bbox 2060 2346 3643 2421">
    <p class='ocr_par' dir='ltr' id='par_1_70' title="bbox 2060 2346 3643 2421">
     <span class='ocr_line' id='line_1_70' title="bbox 2060 2346 3643 2421; baseline -0.006 -15"><span class='ocrx_word' id='word_1_440' title='bbox 2060 2366 2168 2421; x_wconf 89' lang='lat' dir='ltr'><strong>que</strong></span> <span class='ocrx_word' id='word_1_441' title='bbox 2197 2358 2254 2404; x_wconf 93' lang='lat' dir='ltr'><strong>ut</strong></span> <span class='ocrx_word' id='word_1_442' title='bbox 2278 2347 2652 2404; x_wconf 84' lang='lat' dir='ltr'><strong>tantummodo</strong></span> <span class='ocrx_word' id='word_1_443' title='bbox 2692 2348 2777 2400; x_wconf 88' lang='lat' dir='ltr'><strong>bis</strong></span> <span class='ocrx_word' id='word_1_444' title='bbox 2803 2361 2922 2414; x_wconf 73' lang='lat' dir='ltr'><strong>qua:</strong></span> <span class='ocrx_word' id='word_1_445' title='bbox 2961 2347 3028 2400; x_wconf 89' lang='lat' dir='ltr'><strong>ab</strong></span> <span class='ocrx_word' id='word_1_446' title='bbox 3053 2354 3283 2413; x_wconf 84' lang='lat' dir='ltr'><strong>utroque</strong></span> <span class='ocrx_word' id='word_1_447' title='bbox 3312 2346 3643 2411; x_wconf 81' lang='lat' dir='ltr'><strong>dicerentur,</strong></span> 
     </span>
    </p>
   </div>
   <div class='ocr_carea' id='block_1_71' title="bbox 2061 2436 3645 2507">
    <p class='ocr_par' dir='ltr' id='par_1_71' title="bbox 2061 2436 3645 2507">
     <span class='ocr_line' id='line_1_71' title="bbox 2061 2436 3645 2507; baseline -0.007 -10"><span class='ocrx_word' id='word_1_448' title='bbox 2061 2441 2424 2497; x_wconf 82' lang='lat' dir='ltr'><strong>intenderent.</strong></span> <span class='ocrx_word' id='word_1_449' title='bbox 2455 2438 2794 2507; x_wconf 84' lang='lat' dir='ltr'><strong>Suscipiente</strong></span> <span class='ocrx_word' id='word_1_450' title='bbox 2819 2436 3078 2505; x_wconf 85' lang='lat' dir='ltr'><strong>siquidem</strong></span> <span class='ocrx_word' id='word_1_451' title='bbox 3110 2451 3217 2489; x_wconf 91' lang='lat' dir='ltr'><strong>uno</strong></span> <span class='ocrx_word' id='word_1_452' title='bbox 3247 2451 3435 2488; x_wconf 84' lang='lat' dir='ltr'><strong>eorum</strong></span> <span class='ocrx_word' id='word_1_453' title='bbox 3464 2436 3645 2503; x_wconf 66' lang='grc' dir='ltr'><strong>ὀίενυν</strong></span> 
     </span>
    </p>
   </div>
   <div class='ocr_carea' id='block_1_72' title="bbox 2066 2525 3646 2596">
    <p class='ocr_par' dir='ltr' id='par_1_72' title="bbox 2066 2525 3646 2596">
     <span class='ocr_line' id='line_1_72' title="bbox 2066 2525 3646 2596; baseline -0.006 -8"><span class='ocrx_word' id='word_1_454' title='bbox 2066 2531 2284 2588; x_wconf 78' lang='lat' dir='ltr'><strong>talionis</strong></span> <span class='ocrx_word' id='word_1_455' title='bbox 2311 2530 2574 2584; x_wconf 78' lang='lat' dir='ltr'><strong>universa:</strong></span> <span class='ocrx_word' id='word_1_456' title='bbox 2597 2528 2902 2596; x_wconf 82' lang='lat' dir='ltr'><strong>negotium.</strong></span> <span class='ocrx_word' id='word_1_457' title='bbox 2932 2525 2998 2580; x_wconf 88' lang='lat' dir='ltr'><strong>ad</strong></span> <span class='ocrx_word' id='word_1_458' title='bbox 3027 2525 3404 2594; x_wconf 86' lang='lat' dir='ltr'><strong>philosophum</strong></span> <span class='ocrx_word' id='word_1_459' title='bbox 3431 2533 3646 2580; x_wconf 86' lang='lat' dir='ltr'><strong>sanctus</strong></span> 
     </span>
    </p>
   </div>
   <div class='ocr_carea' id='block_1_73' title="bbox 2064 2616 3646 2686">
    <p class='ocr_par' dir='ltr' id='par_1_73' title="bbox 2064 2616 3646 2686">
     <span class='ocr_line' id='line_1_73' title="bbox 2064 2616 3646 2686; baseline -0.006 -7"><span class='ocrx_word' id='word_1_460' title='bbox 2064 2623 2406 2679; x_wconf 77' lang='lat' dir='ltr'><strong>Alexander:</strong></span> <span class='ocrx_word' id='word_1_461' title='bbox 2434 2621 2492 2676; x_wconf 87' lang='lat' dir='ltr'><strong>in</strong></span> <span class='ocrx_word' id='word_1_462' title='bbox 2523 2621 2757 2683; x_wconf 85' lang='lat' dir='ltr'><strong>nomine,</strong></span> <span class='ocrx_word' id='word_1_463' title='bbox 2791 2619 3003 2686; x_wconf 88' lang='lat' dir='ltr'><strong>inquit,</strong></span> <span class='ocrx_word' id='word_1_464' title='bbox 3035 2616 3160 2671; x_wconf 84' lang='lat' dir='ltr'><strong>.lesu</strong></span> <span class='ocrx_word' id='word_1_465' title='bbox 3209 2616 3410 2671; x_wconf 84' lang='lat' dir='ltr'><strong>Christi</strong></span> <span class='ocrx_word' id='word_1_466' title='bbox 3443 2617 3646 2686; x_wconf 83' lang='lat' dir='ltr'><strong>hupero</strong></span> 
     </span>
    </p>
   </div>
   <div class='ocr_carea' id='block_1_74' title="bbox 2063 2708 3647 2782">
    <p class='ocr_par' dir='ltr' id='par_1_74' title="bbox 2063 2708 3647 2782">
     <span class='ocr_line' id='line_1_74' title="bbox 2063 2708 3647 2782; baseline -0.005 -12"><span class='ocrx_word' id='word_1_467' title='bbox 2063 2715 2160 2770; x_wconf 80' lang='lat' dir='ltr'><strong>tibi</strong></span> <span class='ocrx_word' id='word_1_468' title='bbox 2188 2712 2446 2782; x_wconf 84' lang='lat' dir='ltr'><strong>imprimis</strong></span> <span class='ocrx_word' id='word_1_469' title='bbox 2476 2727 2545 2766; x_wconf 87' lang='lat' dir='ltr'><strong>ne</strong></span> <span class='ocrx_word' id='word_1_470' title='bbox 2584 2709 2844 2778; x_wconf 84' lang='lat' dir='ltr'><strong>loquaris.</strong></span> <span class='ocrx_word' id='word_1_471' title='bbox 2875 2708 2944 2762; x_wconf 85' lang='lat' dir='ltr'><strong>Et</strong></span> <span class='ocrx_word' id='word_1_472' title='bbox 2972 2723 3074 2762; x_wconf 87' lang='lat' dir='ltr'><strong>una</strong></span> <span class='ocrx_word' id='word_1_473' title='bbox 3104 2723 3227 2762; x_wconf 88' lang='lat' dir='ltr'><strong>cum</strong></span> <span class='ocrx_word' id='word_1_474' title='bbox 3255 2709 3371 2775; x_wconf 90' lang='lat' dir='ltr'><strong>ejus</strong></span> <span class='ocrx_word' id='word_1_475' title='bbox 3399 2723 3647 2762; x_wconf 86' lang='lat' dir='ltr'><strong>sennone</strong></span> 
     </span>
    </p>
   </div>
   <div class='ocr_carea' id='block_1_75' title="bbox 2065 2799 3647 2874">
    <p class='ocr_par' dir='ltr' id='par_1_75' title="bbox 2065 2799 3647 2874">
     <span class='ocr_line' id='line_1_75' title="bbox 2065 2799 3647 2874; baseline -0.003 -16"><span class='ocrx_word' id='word_1_476' title='bbox 2065 2820 2202 2874; x_wconf 90' lang='lat' dir='ltr'><strong>opus</strong></span> <span class='ocrx_word' id='word_1_477' title='bbox 2229 2803 2510 2872; x_wconf 89' lang='lat' dir='ltr'><strong>impletum</strong></span> <span class='ocrx_word' id='word_1_478' title='bbox 2559 2809 2662 2856; x_wconf 87' lang='lat' dir='ltr'><strong>est.</strong></span> <span class='ocrx_word' id='word_1_479' title='bbox 2706 2799 2950 2870; x_wconf 86' lang='lat' dir='ltr'><strong>Repente</strong></span> <span class='ocrx_word' id='word_1_480' title='bbox 2976 2813 3207 2867; x_wconf 87' lang='lat' dir='ltr'><strong>namque</strong></span> <span class='ocrx_word' id='word_1_481' title='bbox 3241 2799 3332 2853; x_wconf 91' lang='lat' dir='ltr'><strong>ille</strong></span> <span class='ocrx_word' id='word_1_482' title='bbox 3361 2799 3523 2852; x_wconf 87' lang='lat' dir='ltr'><strong>homo</strong></span> <span class='ocrx_word' id='word_1_483' title='bbox 3544 2839 3560 2864; x_wconf 90' lang='lat'><strong>,</strong></span> <span class='ocrx_word' id='word_1_484' title='bbox 3591 2808 3647 2853; x_wconf 88' lang='lat' dir='ltr'><strong>ut</strong></span> 
     </span>
    </p>
   </div>
   <div class='ocr_carea' id='block_1_76' title="bbox 2063 2887 3648 2959">
    <p class='ocr_par' dir='ltr' id='par_1_76' title="bbox 2063 2887 3648 2959">
     <span class='ocr_line' id='line_1_76' title="bbox 2063 2887 3648 2959; baseline -0.005 -9"><span class='ocrx_word' id='word_1_485' title='bbox 2063 2908 2370 2950; x_wconf 88' lang='lat' dir='ltr'><strong>sermonem</strong></span> <span class='ocrx_word' id='word_1_486' title='bbox 2423 2891 2642 2953; x_wconf 79' lang='lat' dir='ltr'><strong>audivit,</strong></span> <span class='ocrx_word' id='word_1_487' title='bbox 2691 2890 2928 2959; x_wconf 78' lang='lat' dir='ltr'><strong>obligato</strong></span> <span class='ocrx_word' id='word_1_488' title='bbox 2970 2903 3065 2944; x_wconf 85' lang='lat' dir='ltr'><strong>ore</strong></span> <span class='ocrx_word' id='word_1_489' title='bbox 3103 2889 3380 2944; x_wconf 81' lang='lat' dir='ltr'><strong>conticuit.</strong></span> <span class='ocrx_word' id='word_1_490' title='bbox 3415 2887 3648 2942; x_wconf 85' lang='lat' dir='ltr'><strong>Putasne</strong></span> 
     </span>
    </p>
   </div>
   <div class='ocr_carea' id='block_1_77' title="bbox 2061 2981 3643 3057">
    <p class='ocr_par' dir='ltr' id='par_1_77' title="bbox 2061 2981 3643 3057">
     <span class='ocr_line' id='line_1_77' title="bbox 2061 2981 3643 3057; baseline -0.006 -16"><span class='ocrx_word' id='word_1_491' title='bbox 2061 2986 2267 3057; x_wconf 89' lang='lat' dir='ltr'><strong>justum</strong></span> <span class='ocrx_word' id='word_1_492' title='bbox 2287 2985 2387 3043; x_wconf 88' lang='lat' dir='ltr'><strong>fuit</strong></span> <span class='ocrx_word' id='word_1_493' title='bbox 2409 2984 2754 3043; x_wconf 74' lang='lat' dir='ltr'><strong>considerem</strong></span> <span class='ocrx_word' id='word_1_494' title='bbox 2780 2991 2961 3038; x_wconf 89' lang='lat' dir='ltr'><strong>utrum</strong></span> <span class='ocrx_word' id='word_1_495' title='bbox 3002 2981 3177 3049; x_wconf 88' lang='lat' dir='ltr'><strong>majus</strong></span> <span class='ocrx_word' id='word_1_496' title='bbox 3200 2981 3305 3036; x_wconf 88' lang='lat' dir='ltr'><strong>hoc</strong></span> <span class='ocrx_word' id='word_1_497' title='bbox 3326 2981 3643 3035; x_wconf 85' lang='lat' dir='ltr'><strong>miraculum</strong></span> 
     </span>
    </p>
   </div>
   <div class='ocr_carea' id='block_1_78' title="bbox 2065 3072 3650 3146">
    <p class='ocr_par' dir='ltr' id='par_1_78' title="bbox 2065 3072 3650 3146">
     <span class='ocr_line' id='line_1_78' title="bbox 2065 3072 3650 3146; baseline -0.006 -13"><span class='ocrx_word' id='word_1_498' title='bbox 2065 3079 2359 3146; x_wconf 88' lang='lat' dir='ltr'><strong>videretur,</strong></span> <span class='ocrx_word' id='word_1_499' title='bbox 2389 3086 2449 3134; x_wconf 90' lang='lat' dir='ltr'><strong>ut</strong></span> <span class='ocrx_word' id='word_1_500' title='bbox 2475 3077 2658 3142; x_wconf 85' lang='lat' dir='ltr'><strong>homo,</strong></span> <span class='ocrx_word' id='word_1_501' title='bbox 2683 3083 2736 3131; x_wconf 88' lang='lat' dir='ltr'><strong>et</strong></span> <span class='ocrx_word' id='word_1_502' title='bbox 2760 3073 2978 3138; x_wconf 83' lang='lat' dir='ltr'><strong>quidem</strong></span> <span class='ocrx_word' id='word_1_503' title='bbox 3001 3073 3373 3144; x_wconf 75' lang='lat' dir='ltr'><strong>phil050phus,</strong></span> <span class='ocrx_word' id='word_1_504' title='bbox 3398 3073 3475 3126; x_wconf 87' lang='lat' dir='ltr'><strong>sic</strong></span> <span class='ocrx_word' id='word_1_505' title='bbox 3498 3072 3650 3125; x_wconf 89' lang='lat' dir='ltr'><strong>facile</strong></span> 
     </span>
    </p>
   </div>
   <div class='ocr_carea' id='block_1_79' title="bbox 2069 3160 3650 3232">
    <p class='ocr_par' dir='ltr' id='par_1_79' title="bbox 2069 3160 3650 3232">
     <span class='ocr_line' id='line_1_79' title="bbox 2069 3160 3650 3232; baseline -0.009 -6"><span class='ocrx_word' id='word_1_506' title='bbox 2069 3169 2304 3226; x_wconf 83' lang='lat' dir='ltr'><strong>oilicium</strong></span> <span class='ocrx_word' id='word_1_507' title='bbox 2353 3167 2639 3224; x_wconf 83' lang='lat' dir='ltr'><strong>locutionis</strong></span> <span class='ocrx_word' id='word_1_508' title='bbox 2683 3168 2988 3232; x_wconf 85' lang='lat' dir='ltr'><strong>amitteret,</strong></span> <span class='ocrx_word' id='word_1_509' title='bbox 3011 3178 3081 3218; x_wconf 86' lang='lat' dir='ltr'><strong>au</strong></span> <span class='ocrx_word' id='word_1_510' title='bbox 3108 3172 3261 3218; x_wconf 82' lang='lat' dir='ltr'><strong>certe</strong></span> <span class='ocrx_word' id='word_1_511' title='bbox 3290 3171 3349 3214; x_wconf 86' lang='lat' dir='ltr'><strong>ut</strong></span> <span class='ocrx_word' id='word_1_512' title='bbox 3373 3160 3506 3230; x_wconf 88' lang='lat' dir='ltr'><strong>lapis</strong></span> <span class='ocrx_word' id='word_1_513' title='bbox 3536 3160 3650 3213; x_wconf 88' lang='lat' dir='ltr'><strong>vio-</strong></span> 
     </span>
    </p>
   </div>
   <div class='ocr_carea' id='block_1_80' title="bbox 2067 3252 3650 3323">
    <p class='ocr_par' dir='ltr' id='par_1_80' title="bbox 2067 3252 3650 3323">
     <span class='ocr_line' id='line_1_80' title="bbox 2067 3252 3650 3323; baseline -0.009 -5"><span class='ocrx_word' id='word_1_514' title='bbox 2067 3263 2229 3318; x_wconf 89' lang='lat' dir='ltr'><strong>lentia</strong></span> <span class='ocrx_word' id='word_1_515' title='bbox 2279 3260 2426 3318; x_wconf 81' lang='lat' dir='ltr'><strong>verbi</strong></span> <span class='ocrx_word' id='word_1_516' title='bbox 2453 3274 2616 3320; x_wconf 82' lang='lat' dir='ltr'><strong>manu</strong></span> <span class='ocrx_word' id='word_1_517' title='bbox 2641 3257 3001 3322; x_wconf 86' lang='lat' dir='ltr'><strong>divideretur,</strong></span> <span class='ocrx_word' id='word_1_518' title='bbox 3039 3253 3184 3323; x_wconf 89' lang='lat' dir='ltr'><strong>quod</strong></span> <span class='ocrx_word' id='word_1_519' title='bbox 3232 3254 3446 3323; x_wconf 89' lang='lat' dir='ltr'><strong>quidam</strong></span> <span class='ocrx_word' id='word_1_520' title='bbox 3499 3252 3650 3305; x_wconf 85' lang='lat' dir='ltr'><strong>aiunt</strong></span> 
     </span>
    </p>
   </div>
   <div class='ocr_carea' id='block_1_81' title="bbox 2066 3344 3651 3414">
    <p class='ocr_par' dir='ltr' id='par_1_81' title="bbox 2066 3344 3651 3414">
     <span class='ocr_line' id='line_1_81' title="bbox 2066 3344 3651 3414; baseline -0.008 -6"><span class='ocrx_word' id='word_1_521' title='bbox 2066 3353 2333 3408; x_wconf 76' lang='lat' dir='ltr'><strong>lulianum</strong></span> <span class='ocrx_word' id='word_1_522' title='bbox 2364 3350 2553 3406; x_wconf 88' lang='lat' dir='ltr'><strong>fecisse</strong></span> <span class='ocrx_word' id='word_1_523' title='bbox 2575 3348 2922 3406; x_wconf 83' lang='lat' dir='ltr'><strong>Chaldaeum?</strong></span> <span class='ocrx_word' id='word_1_524' title='bbox 2944 3346 3010 3400; x_wconf 84' lang='lat' dir='ltr'><strong>Et</strong></span> <span class='ocrx_word' id='word_1_525' title='bbox 3038 3347 3153 3400; x_wconf 70' lang='lat' dir='ltr'><strong>haec</strong></span> <span class='ocrx_word' id='word_1_526' title='bbox 3179 3345 3395 3414; x_wconf 84' lang='lat' dir='ltr'><strong>quidem</strong></span> <span class='ocrx_word' id='word_1_527' title='bbox 3421 3344 3500 3397; x_wconf 89' lang='lat' dir='ltr'><strong>sic</strong></span> <span class='ocrx_word' id='word_1_528' title='bbox 3528 3349 3651 3396; x_wconf 88' lang='lat' dir='ltr'><strong>acta</strong></span> 
     </span>
    </p>
   </div>
   <div class='ocr_carea' id='block_1_82' title="bbox 2066 3435 3652 3510">
    <p class='ocr_par' dir='ltr' id='par_1_82' title="bbox 2066 3435 3652 3510">
     <span class='ocr_line' id='line_1_82' title="bbox 2066 3435 3652 3510; baseline -0.008 -8"><span class='ocrx_word' id='word_1_529' title='bbox 2066 3454 2189 3502; x_wconf 87' lang='lat' dir='ltr'><strong>sunt</strong></span> <span class='ocrx_word' id='word_1_530' title='bbox 2218 3453 2277 3501; x_wconf 87' lang='lat' dir='ltr'><strong>ut</strong></span> <span class='ocrx_word' id='word_1_531' title='bbox 2317 3442 2643 3501; x_wconf 81' lang='lat' dir='ltr'><strong>referantur.</strong></span> <span class='ocrx_word' id='word_1_532' title='bbox 2672 3442 2944 3497; x_wconf 73' lang='lat' dir='ltr'><strong>Sozoueu.</strong></span> <span class='ocrx_word' id='word_1_533' title='bbox 2971 3481 2987 3506; x_wconf 92' lang='lat'><strong>,</strong></span> <span class='ocrx_word' id='word_1_534' title='bbox 3011 3439 3101 3494; x_wconf 87' lang='lat' dir='ltr'><strong>lib.</strong></span> <span class='ocrx_word' id='word_1_535' title='bbox 3135 3456 3172 3506; x_wconf 89' lang='grc' dir='ltr'>ι,</span> <span class='ocrx_word' id='word_1_536' title='bbox 3221 3456 3336 3510; x_wconf 84' lang='lat' dir='ltr'><strong>cap.</strong></span> <span class='ocrx_word' id='word_1_537' title='bbox 3366 3438 3448 3493; x_wconf 75' lang='lat' dir='ltr'><strong>i7.</strong></span> <span class='ocrx_word' id='word_1_538' title='bbox 3503 3435 3652 3490; x_wconf 85' lang='lat' dir='ltr'><strong>Edit.</strong></span> 
     </span>
    </p>
   </div>
   <div class='ocr_carea' id='block_1_83' title="bbox 2067 3532 2986 3605">
    <p class='ocr_par' dir='ltr' id='par_1_83' title="bbox 2067 3532 2986 3605">
     <span class='ocr_line' id='line_1_83' title="bbox 2067 3532 2986 3605; baseline -0.007 -12"><span class='ocrx_word' id='word_1_539' title='bbox 2067 3537 2261 3594; x_wconf 75' lang='lat' dir='ltr'><strong>Christ.</strong></span> <span class='ocrx_word' id='word_1_540' title='bbox 2301 3537 2478 3592; x_wconf 76' lang='lat' dir='ltr'><strong>Vales.</strong></span> <span class='ocrx_word' id='word_1_541' title='bbox 2506 3551 2623 3605; x_wconf 86' lang='lat' dir='ltr'><strong>cap.</strong></span> <span class='ocrx_word' id='word_1_542' title='bbox 2654 3533 2740 3600; x_wconf 80' lang='grc'><strong>18,</strong></span> <span class='ocrx_word' id='word_1_543' title='bbox 2775 3549 2828 3604; x_wconf 92' lang='lat' dir='ltr'><strong>p.</strong></span> <span class='ocrx_word' id='word_1_544' title='bbox 2859 3532 2986 3587; x_wconf 69' lang='grc'><strong>452.</strong></span> 
     </span>
    </p>
   </div>
   <div class='ocr_carea' id='block_1_84' title="bbox 2692 3665 3024 3722">
    <p class='ocr_par' dir='ltr' id='par_1_84' title="bbox 2692 3665 3024 3722">
     <span class='ocr_line' id='line_1_84' title="bbox 2692 3665 3024 3722; baseline -0.012 0"><span class='ocrx_word' id='word_1_545' title='bbox 2692 3665 2920 3722; x_wconf 80' lang='lat' dir='ltr'><strong>CAPUT</strong></span> <span class='ocrx_word' id='word_1_546' title='bbox 2963 3665 3024 3718; x_wconf 84' lang='lat' dir='ltr'><strong>V.</strong></span> 
     </span>
    </p>
   </div>
   <div class='ocr_carea' id='block_1_85' title="bbox 2070 3754 3651 3837">
    <p class='ocr_par' dir='ltr' id='par_1_85' title="bbox 2070 3754 3651 3837">
     <span class='ocr_line' id='line_1_85' title="bbox 2070 3754 3651 3837; baseline -0.01 -16"><span class='ocrx_word' id='word_1_547' title='bbox 2070 3765 2149 3820; x_wconf 84' lang='lat' dir='ltr'><strong>De</strong></span> <span class='ocrx_word' id='word_1_548' title='bbox 2170 3765 2336 3837; x_wconf 83' lang='lat' dir='ltr'><strong>prima</strong></span> <span class='ocrx_word' id='word_1_549' title='bbox 2373 3764 2596 3837; x_wconf 73' lang='lat' dir='ltr'><strong>sessione</strong></span> <span class='ocrx_word' id='word_1_550' title='bbox 2615 3760 2988 3837; x_wconf 52' lang='lat' dir='ltr'><strong>episcOporunt</strong></span> <span class='ocrx_word' id='word_1_551' title='bbox 3009 3757 3063 3810; x_wconf 86' lang='lat' dir='ltr'><strong>in</strong></span> <span class='ocrx_word' id='word_1_552' title='bbox 3093 3754 3313 3808; x_wconf 71' lang='lat' dir='ltr'><strong>Nicazno</strong></span> <span class='ocrx_word' id='word_1_553' title='bbox 3355 3754 3579 3823; x_wconf 89' lang='lat' dir='ltr'><strong>palatio,</strong></span> <span class='ocrx_word' id='word_1_554' title='bbox 3599 3760 3651 3806; x_wconf 92' lang='lat' dir='ltr'><strong>et</strong></span> 
     </span>
    </p>
   </div>
   <div class='ocr_carea' id='block_1_86' title="bbox 2429 3828 3007 3886">
    <p class='ocr_par' dir='ltr' id='par_1_86' title="bbox 2429 3828 3007 3886">
     <span class='ocr_line' id='line_1_86' title="bbox 2429 3828 3007 3886; baseline -0.01 0"><span class='ocrx_word' id='word_1_555' title='bbox 2429 3834 2492 3886; x_wconf 88' lang='lat' dir='ltr'><strong>de</strong></span> <span class='ocrx_word' id='word_1_556' title='bbox 2523 3830 2849 3884; x_wconf 81' lang='lat' dir='ltr'><strong>abdicatione</strong></span> <span class='ocrx_word' id='word_1_557' title='bbox 2875 3828 3007 3880; x_wconf 79' lang='lat' dir='ltr'><strong>Arii.</strong></span> 
     </span>
    </p>
   </div>
   <div class='ocr_carea' id='block_1_87' title="bbox 2141 3931 3657 4008">
    <p class='ocr_par' dir='ltr' id='par_1_87' title="bbox 2141 3931 3657 4008">
     <span class='ocr_line' id='line_1_87' title="bbox 2141 3931 3657 4008; baseline -0.009 -10"><span class='ocrx_word' id='word_1_558' title='bbox 2141 3952 2346 3999; x_wconf 80' lang='lat' dir='ltr'><strong>Interea</strong></span> <span class='ocrx_word' id='word_1_559' title='bbox 2379 3939 2686 3995; x_wconf 84' lang='lat' dir='ltr'><strong>sacerdotes</strong></span> <span class='ocrx_word' id='word_1_560' title='bbox 2709 3952 2853 4008; x_wconf 59' lang='lat' dir='ltr'><strong>saepe</strong></span> <span class='ocrx_word' id='word_1_561' title='bbox 2903 3935 3320 3996; x_wconf 85' lang='lat' dir='ltr'><strong>convenientes,</strong></span> <span class='ocrx_word' id='word_1_562' title='bbox 3355 3933 3538 3987; x_wconf 81' lang='lat' dir='ltr'><strong>Arium</strong></span> <span class='ocrx_word' id='word_1_563' title='bbox 3588 3931 3657 3984; x_wconf 89' lang='lat' dir='ltr'><strong>ad</strong></span> 
     </span>
    </p>
   </div>
   <div class='ocr_carea' id='block_1_88' title="bbox 2070 4022 3658 4096">
    <p class='ocr_par' dir='ltr' id='par_1_88' title="bbox 2070 4022 3658 4096">
     <span class='ocr_line' id='line_1_88' title="bbox 2070 4022 3658 4096; baseline -0.009 -6"><span class='ocrx_word' id='word_1_564' title='bbox 2070 4035 2304 4091; x_wconf 87' lang='lat' dir='ltr'><strong>medium</strong></span> <span class='ocrx_word' id='word_1_565' title='bbox 2327 4031 2685 4095; x_wconf 87' lang='lat' dir='ltr'><strong>deducebant,</strong></span> <span class='ocrx_word' id='word_1_566' title='bbox 2718 4028 3077 4096; x_wconf 70' lang='lat' dir='ltr'><strong>subtilemque</strong></span> <span class='ocrx_word' id='word_1_567' title='bbox 3106 4024 3560 4079; x_wconf 81' lang='lat' dir='ltr'><strong>examinationem</strong></span> <span class='ocrx_word' id='word_1_568' title='bbox 3589 4022 3658 4076; x_wconf 89' lang='lat' dir='ltr'><strong>de</strong></span> 
     </span>
    </p>
   </div>
   <div class='ocr_carea' id='block_1_89' title="bbox 2072 4113 3661 4192">
    <p class='ocr_par' dir='ltr' id='par_1_89' title="bbox 2072 4113 3661 4192">
     <span class='ocr_line' id='line_1_89' title="bbox 2072 4113 3661 4192; baseline -0.011 -14"><span class='ocrx_word' id='word_1_569' title='bbox 2072 4123 2188 4192; x_wconf 87' lang='lat' dir='ltr'><strong>ejus</strong></span> <span class='ocrx_word' id='word_1_570' title='bbox 2229 4119 2684 4192; x_wconf 89' lang='lat' dir='ltr'><strong>propositionibus</strong></span> <span class='ocrx_word' id='word_1_571' title='bbox 2723 4115 3022 4184; x_wconf 84' lang='lat' dir='ltr'><strong>agitabant.</strong></span> <span class='ocrx_word' id='word_1_572' title='bbox 3054 4113 3365 4173; x_wconf 67' lang='lat' dir='ltr'><strong>Petulaner</strong></span> <span class='ocrx_word' id='word_1_573' title='bbox 3393 4122 3572 4165; x_wconf 88' lang='lat' dir='ltr'><strong>autem</strong></span> <span class='ocrx_word' id='word_1_574' title='bbox 3607 4114 3661 4166; x_wconf 67' lang='lat' dir='ltr'><strong>In</strong></span> 
     </span>
    </p>
   </div>
   <div class='ocr_carea' id='block_1_90' title="bbox 2072 4207 3663 4287">
    <p class='ocr_par' dir='ltr' id='par_1_90' title="bbox 2072 4207 3663 4287">
     <span class='ocr_line' id='line_1_90' title="bbox 2072 4207 3663 4287; baseline -0.008 -15"><span class='ocrx_word' id='word_1_575' title='bbox 2072 4216 2368 4286; x_wconf 89' lang='lat' dir='ltr'><strong>quamlibet</strong></span> <span class='ocrx_word' id='word_1_576' title='bbox 2414 4224 2621 4285; x_wconf 90' lang='lat' dir='ltr'><strong>partem</strong></span> <span class='ocrx_word' id='word_1_577' title='bbox 2673 4212 2987 4267; x_wconf 89' lang='lat' dir='ltr'><strong>metuebant</strong></span> <span class='ocrx_word' id='word_1_578' title='bbox 3034 4207 3277 4287; x_wconf 83' lang='lat' dir='ltr'><strong>proferre</strong></span> <span class='ocrx_word' id='word_1_579' title='bbox 3315 4207 3663 4263; x_wconf 84' lang='lat' dir='ltr'><strong>sententiam.</strong></span> 
     </span>
    </p>
   </div>
   <div class='ocr_carea' id='block_1_91' title="bbox 2073 4287 3664 4376">
    <p class='ocr_par' dir='ltr' id='par_1_91' title="bbox 2073 4287 3664 4376">
     <span class='ocr_line' id='line_1_91' title="bbox 2073 4287 3664 4376; baseline -0.009 -12"><span class='ocrx_word' id='word_1_580' title='bbox 2073 4308 2202 4364; x_wconf 77' lang='lat' dir='ltr'><strong>Haec</strong></span> <span class='ocrx_word' id='word_1_581' title='bbox 2228 4309 2409 4376; x_wconf 90' lang='lat' dir='ltr'><strong>itaque</strong></span> <span class='ocrx_word' id='word_1_582' title='bbox 2437 4320 2591 4360; x_wconf 84' lang='lat' dir='ltr'><strong>sacra</strong></span> <span class='ocrx_word' id='word_1_583' title='bbox 2634 4313 2690 4360; x_wconf 94' lang='lat' dir='ltr'><strong>et</strong></span> <span class='ocrx_word' id='word_1_584' title='bbox 2713 4302 3033 4358; x_wconf 88' lang='lat' dir='ltr'><strong>venerabilis</strong></span> <span class='ocrx_word' id='word_1_585' title='bbox 3061 4287 3214 4354; x_wconf 86' lang='lat' dir='ltr'><strong>turba</strong></span> <span class='ocrx_word' id='word_1_586' title='bbox 3247 4314 3278 4352; x_wconf 90' lang='lat' dir='ltr'><strong>a</strong></span> <span class='ocrx_word' id='word_1_587' title='bbox 3305 4297 3664 4370; x_wconf 81' lang='lat' dir='ltr'><strong>permixtione</strong></span> 
     </span>
    </p>
   </div>
   <div class='ocr_carea' id='block_1_92' title="bbox 2076 4387 3667 4455">
    <p class='ocr_par' dir='ltr' id='par_1_92' title="bbox 2076 4387 3667 4455">
     <span class='ocr_line' id='line_1_92' title="bbox 2076 4387 3667 4455; baseline -0.011 0"><span class='ocrx_word' id='word_1_588' title='bbox 2076 4400 2507 4455; x_wconf 87' lang='lat' dir='ltr'><strong>adversariorum</strong></span> <span class='ocrx_word' id='word_1_589' title='bbox 2537 4413 2645 4452; x_wconf 92' lang='lat' dir='ltr'><strong>non</strong></span> <span class='ocrx_word' id='word_1_590' title='bbox 2678 4395 2960 4449; x_wconf 88' lang='lat' dir='ltr'><strong>videbatur</strong></span> <span class='ocrx_word' id='word_1_591' title='bbox 2989 4392 3184 4446; x_wconf 89' lang='lat' dir='ltr'><strong>aliena.</strong></span> <span class='ocrx_word' id='word_1_592' title='bbox 3216 4388 3383 4443; x_wconf 89' lang='lat' dir='ltr'><strong>Erant</strong></span> <span class='ocrx_word' id='word_1_593' title='bbox 3411 4389 3556 4442; x_wconf 91' lang='lat' dir='ltr'><strong>enim</strong></span> <span class='ocrx_word' id='word_1_594' title='bbox 3582 4387 3667 4440; x_wconf 84' lang='lat' dir='ltr'><strong>in-</strong></span> 
     </span>
    </p>
   </div>
   <div class='ocr_carea' id='block_1_93' title="bbox 387 4477 3666 4566">
    <p class='ocr_par' dir='ltr' id='par_1_93' title="bbox 387 4477 3666 4566">
     <span class='ocr_line' id='line_1_93' title="bbox 387 4477 3666 4566; baseline -0.009 -8"><span class='ocrx_word' id='word_1_595' title='bbox 387 4503 616 4558; x_wconf 86' lang='lat' dir='ltr'><strong>muliere</strong></span> <span class='ocrx_word' id='word_1_596' title='bbox 639 4499 806 4566; x_wconf 89' lang='lat' dir='ltr'><strong>nasci,</strong></span> <span class='ocrx_word' id='word_1_597' title='bbox 840 4509 896 4554; x_wconf 91' lang='lat' dir='ltr'><strong>et</strong></span> <span class='ocrx_word' id='word_1_598' title='bbox 921 4515 1044 4555; x_wconf 90' lang='lat' dir='ltr'><strong>cum</strong></span> <span class='ocrx_word' id='word_1_599' title='bbox 1066 4498 1372 4554; x_wconf 87' lang='lat' dir='ltr'><strong>hominibus</strong></span> <span class='ocrx_word' id='word_1_600' title='bbox 1391 4495 1696 4550; x_wconf 85' lang='lat' dir='ltr'><strong>conversari</strong></span> <span class='ocrx_word' id='word_1_601' title='bbox 1716 4536 1732 4563; x_wconf 93' lang='lat'><strong>,</strong></span> <span class='ocrx_word' id='word_1_602' title='bbox 1758 4502 1814 4549; x_wconf 91' lang='lat' dir='ltr'><strong>et</strong></span> <span class='ocrx_word' id='word_1_603' title='bbox 1835 4493 1970 4549; x_wconf 87' lang='lat' dir='ltr'><strong>mori</strong></span> <span class='ocrx_word' id='word_1_604' title='bbox 2005 4497 2050 4556; x_wconf 89' lang='lat' dir='ltr'>D</span> <span class='ocrx_word' id='word_1_605' title='bbox 2077 4501 2158 4547; x_wconf 91' lang='lat' dir='ltr'><strong>ter</strong></span> <span class='ocrx_word' id='word_1_606' title='bbox 2180 4507 2275 4546; x_wconf 89' lang='lat' dir='ltr'><strong>eos</strong></span> <span class='ocrx_word' id='word_1_607' title='bbox 2295 4489 2508 4558; x_wconf 89' lang='lat' dir='ltr'><strong>quidam</strong></span> <span class='ocrx_word' id='word_1_608' title='bbox 2533 4528 2547 4553; x_wconf 91' lang='lat'><strong>,</strong></span> <span class='ocrx_word' id='word_1_609' title='bbox 2594 4485 2750 4557; x_wconf 91' lang='lat' dir='ltr'><strong>pauci</strong></span> <span class='ocrx_word' id='word_1_610' title='bbox 2779 4483 3018 4553; x_wconf 85' lang='lat' dir='ltr'><strong>quidem,</strong></span> <span class='ocrx_word' id='word_1_611' title='bbox 3051 4481 3143 4536; x_wconf 90' lang='lat' dir='ltr'><strong>sed</strong></span> <span class='ocrx_word' id='word_1_612' title='bbox 3167 4479 3365 4545; x_wconf 89' lang='lat' dir='ltr'><strong>callidi,</strong></span> <span class='ocrx_word' id='word_1_613' title='bbox 3395 4488 3449 4533; x_wconf 90' lang='lat' dir='ltr'><strong>et</strong></span> <span class='ocrx_word' id='word_1_614' title='bbox 3478 4477 3666 4531; x_wconf 86' lang='lat' dir='ltr'><strong>brevia</strong></span> 
     </span>
    </p>
   </div>
   <div class='ocr_carea' id='block_1_94' title="bbox 388 4589 1968 4667">
    <p class='ocr_par' dir='ltr' id='par_1_94' title="bbox 388 4589 1968 4667">
     <span class='ocr_line' id='line_1_94' title="bbox 388 4589 1968 4667; baseline -0.004 -19"><span class='ocrx_word' id='word_1_615' title='bbox 388 4610 489 4667; x_wconf 88' lang='lat' dir='ltr'><strong>pro</strong></span> <span class='ocrx_word' id='word_1_616' title='bbox 533 4593 630 4658; x_wconf 90' lang='lat' dir='ltr'><strong>eis,</strong></span> <span class='ocrx_word' id='word_1_617' title='bbox 679 4596 967 4663; x_wconf 86' lang='lat' dir='ltr'><strong>venietque</strong></span> <span class='ocrx_word' id='word_1_618' title='bbox 1023 4593 1202 4648; x_wconf 91' lang='lat' dir='ltr'><strong>denuo</strong></span> <span class='ocrx_word' id='word_1_619' title='bbox 1251 4590 1589 4660; x_wconf 87' lang='lat' dir='ltr'><strong>judicaturus</strong></span> <span class='ocrx_word' id='word_1_620' title='bbox 1639 4589 1968 4658; x_wconf 85' lang='lat' dir='ltr'><strong>singulorum</strong></span> 
     </span>
    </p>
   </div>
   <div class='ocr_carea' id='block_1_95' title="bbox 389 4678 1972 4752">
    <p class='ocr_par' dir='ltr' id='par_1_95' title="bbox 389 4678 1972 4752">
     <span class='ocr_line' id='line_1_95' title="bbox 389 4678 1972 4752; baseline -0.007 -10"><span class='ocrx_word' id='word_1_621' title='bbox 389 4686 575 4742; x_wconf 89' lang='lat' dir='ltr'><strong>vitam.</strong></span> <span class='ocrx_word' id='word_1_622' title='bbox 621 4684 750 4740; x_wconf 72' lang='lat' dir='ltr'><strong>Hmc</strong></span> <span class='ocrx_word' id='word_1_623' title='bbox 778 4686 850 4739; x_wconf 90' lang='lat' dir='ltr'><strong>ita</strong></span> <span class='ocrx_word' id='word_1_624' title='bbox 880 4699 937 4738; x_wconf 90' lang='lat' dir='ltr'><strong>se</strong></span> <span class='ocrx_word' id='word_1_625' title='bbox 967 4684 1166 4739; x_wconf 87' lang='lat' dir='ltr'><strong>habere</strong></span> <span class='ocrx_word' id='word_1_626' title='bbox 1200 4683 1317 4738; x_wconf 92' lang='lat' dir='ltr'><strong>sine</strong></span> <span class='ocrx_word' id='word_1_627' title='bbox 1345 4681 1774 4752; x_wconf 88' lang='lat' dir='ltr'><strong>perscrutatione</strong></span> <span class='ocrx_word' id='word_1_628' title='bbox 1800 4678 1972 4734; x_wconf 84' lang='lat' dir='ltr'><strong>credi-</strong></span> 
     </span>
    </p>
   </div>
   <div class='ocr_carea' id='block_1_96' title="bbox 389 4775 1975 4847">
    <p class='ocr_par' dir='ltr' id='par_1_96' title="bbox 389 4775 1975 4847">
     <span class='ocr_line' id='line_1_96' title="bbox 389 4775 1975 4847; baseline -0.006 -11"><span class='ocrx_word' id='word_1_629' title='bbox 389 4795 530 4836; x_wconf 88' lang='lat' dir='ltr'><strong>mus.</strong></span> <span class='ocrx_word' id='word_1_630' title='bbox 563 4778 680 4834; x_wconf 87' lang='lat' dir='ltr'><strong>Noli</strong></span> <span class='ocrx_word' id='word_1_631' title='bbox 706 4779 868 4847; x_wconf 89' lang='lat' dir='ltr'><strong>igitur</strong></span> <span class='ocrx_word' id='word_1_632' title='bbox 896 4778 1129 4832; x_wconf 90' lang='lat' dir='ltr'><strong>inaniter</strong></span> <span class='ocrx_word' id='word_1_633' title='bbox 1148 4778 1414 4841; x_wconf 88' lang='lat' dir='ltr'><strong>laborare,</strong></span> <span class='ocrx_word' id='word_1_634' title='bbox 1434 4792 1681 4846; x_wconf 81' lang='lat' dir='ltr'><strong>quaerens</strong></span> <span class='ocrx_word' id='word_1_635' title='bbox 1695 4775 1975 4830; x_wconf 85' lang='lat' dir='ltr'><strong>destruere</strong></span> 
     </span>
    </p>
   </div>
   <div class='ocr_carea' id='block_1_97' title="bbox 391 4865 1975 4941">
    <p class='ocr_par' dir='ltr' id='par_1_97' title="bbox 391 4865 1975 4941">
     <span class='ocr_line' id='line_1_97' title="bbox 391 4865 1975 4941; baseline -0.006 -13"><span class='ocrx_word' id='word_1_636' title='bbox 391 4885 457 4928; x_wconf 84' lang='lat' dir='ltr'><strong>ea</strong></span> <span class='ocrx_word' id='word_1_637' title='bbox 485 4885 604 4941; x_wconf 60' lang='lat' dir='ltr'><strong>quae</strong></span> <span class='ocrx_word' id='word_1_638' title='bbox 642 4869 746 4924; x_wconf 81' lang='lat' dir='ltr'><strong>ﬁde</strong></span> <span class='ocrx_word' id='word_1_639' title='bbox 793 4869 1148 4940; x_wconf 87' lang='lat' dir='ltr'><strong>percepimus.</strong></span> <span class='ocrx_word' id='word_1_640' title='bbox 1207 4867 1327 4923; x_wconf 85' lang='lat' dir='ltr'><strong>Noli</strong></span> <span class='ocrx_word' id='word_1_641' title='bbox 1380 4867 1701 4936; x_wconf 86' lang='lat' dir='ltr'><strong>investigare</strong></span> <span class='ocrx_word' id='word_1_642' title='bbox 1757 4865 1975 4920; x_wconf 88' lang='lat' dir='ltr'><strong>modum</strong></span> 
     </span>
    </p>
   </div>
   <div class='ocr_carea' id='block_1_98' title="bbox 392 4956 1977 5032">
    <p class='ocr_par' dir='ltr' id='par_1_98' title="bbox 392 4956 1977 5032">
     <span class='ocr_line' id='line_1_98' title="bbox 392 4956 1977 5032; baseline -0.005 -14"><span class='ocrx_word' id='word_1_643' title='bbox 392 4976 502 5032; x_wconf 90' lang='lat' dir='ltr'><strong>quo</strong></span> <span class='ocrx_word' id='word_1_644' title='bbox 532 4961 649 5017; x_wconf 81' lang='lat' dir='ltr'><strong>ﬁeri</strong></span> <span class='ocrx_word' id='word_1_645' title='bbox 704 4961 818 5016; x_wconf 86' lang='lat' dir='ltr'><strong>haec</strong></span> <span class='ocrx_word' id='word_1_646' title='bbox 853 4969 947 5015; x_wconf 88' lang='lat' dir='ltr'><strong>aut</strong></span> <span class='ocrx_word' id='word_1_647' title='bbox 983 4976 1091 5014; x_wconf 91' lang='lat' dir='ltr'><strong>non</strong></span> <span class='ocrx_word' id='word_1_648' title='bbox 1124 4957 1238 5015; x_wconf 84' lang='lat' dir='ltr'><strong>ﬁeri</strong></span> <span class='ocrx_word' id='word_1_649' title='bbox 1267 4968 1577 5031; x_wconf 88' lang='lat' dir='ltr'><strong>potuerunt.</strong></span> <span class='ocrx_word' id='word_1_650' title='bbox 1603 4957 1660 5011; x_wconf 92' lang='lat' dir='ltr'><strong>Si</strong></span> <span class='ocrx_word' id='word_1_651' title='bbox 1690 4956 1836 5010; x_wconf 91' lang='lat' dir='ltr'><strong>enim</strong></span> <span class='ocrx_word' id='word_1_652' title='bbox 1865 4971 1977 5010; x_wconf 87' lang='lat' dir='ltr'><strong>cre-</strong></span> 
     </span>
    </p>
   </div>
   <div class='ocr_carea' id='block_1_99' title="bbox 391 5048 1975 5122">
    <p class='ocr_par' dir='ltr' id='par_1_99' title="bbox 391 5048 1975 5122">
     <span class='ocr_line' id='line_1_99' title="bbox 391 5048 1975 5122; baseline -0.004 -10"><span class='ocrx_word' id='word_1_653' title='bbox 391 5056 476 5112; x_wconf 89' lang='lat' dir='ltr'><strong>dis</strong></span> <span class='ocrx_word' id='word_1_654' title='bbox 503 5055 802 5111; x_wconf 89' lang='lat' dir='ltr'><strong>consulenti</strong></span> <span class='ocrx_word' id='word_1_655' title='bbox 834 5055 984 5121; x_wconf 78' lang='lat' dir='ltr'><strong>milii,</strong></span> <span class='ocrx_word' id='word_1_656' title='bbox 1018 5053 1083 5106; x_wconf 88' lang='lat' dir='ltr'><strong>ad</strong></span> <span class='ocrx_word' id='word_1_657' title='bbox 1115 5054 1216 5106; x_wconf 86' lang='lat' dir='ltr'><strong>ista</strong></span> <span class='ocrx_word' id='word_1_658' title='bbox 1247 5050 1530 5122; x_wconf 83' lang='lat' dir='ltr'><strong>responde.</strong></span> <span class='ocrx_word' id='word_1_659' title='bbox 1562 5048 1975 5119; x_wconf 87' lang='lat' dir='ltr'><strong>Obstupefactus</strong></span> 
     </span>
    </p>
   </div>
   <div class='ocr_carea' id='block_1_100' title="bbox 391 5139 1975 5218">
    <p class='ocr_par' dir='ltr' id='par_1_100' title="bbox 391 5139 1975 5218">
     <span class='ocr_line' id='line_1_100' title="bbox 391 5139 1975 5218; baseline -0.006 -14"><span class='ocrx_word' id='word_1_660' title='bbox 391 5163 525 5204; x_wconf 88' lang='lat' dir='ltr'><strong>vero</strong></span> <span class='ocrx_word' id='word_1_661' title='bbox 567 5147 920 5218; x_wconf 88' lang='lat' dir='ltr'><strong>philosophus</strong></span> <span class='ocrx_word' id='word_1_662' title='bbox 944 5163 956 5197; x_wconf 94' lang='lat'><strong>:</strong></span> <span class='ocrx_word' id='word_1_663' title='bbox 982 5143 1184 5206; x_wconf 89' lang='lat' dir='ltr'><strong>Credo,</strong></span> <span class='ocrx_word' id='word_1_664' title='bbox 1246 5142 1435 5211; x_wconf 79' lang='lat' dir='ltr'><strong>inquit.</strong></span> <span class='ocrx_word' id='word_1_665' title='bbox 1469 5140 1620 5196; x_wconf 88' lang='lat' dir='ltr'><strong>Tunc</strong></span> <span class='ocrx_word' id='word_1_666' title='bbox 1646 5139 1848 5210; x_wconf 81' lang='lat' dir='ltr'><strong>gratias</strong></span> <span class='ocrx_word' id='word_1_667' title='bbox 1876 5155 1975 5209; x_wconf 85' lang='lat' dir='ltr'><strong>pro</strong></span> 
     </span>
    </p>
   </div>
   <div class='ocr_carea' id='block_1_101' title="bbox 393 5223 1980 5309">
    <p class='ocr_par' dir='ltr' id='par_1_101' title="bbox 393 5223 1980 5309">
     <span class='ocr_line' id='line_1_101' title="bbox 393 5223 1980 5309; baseline -0.008 -13"><span class='ocrx_word' id='word_1_668' title='bbox 393 5239 699 5296; x_wconf 87' lang='lat' dir='ltr'><strong>devictione</strong></span> <span class='ocrx_word' id='word_1_669' title='bbox 728 5238 1043 5309; x_wconf 87' lang='lat' dir='ltr'><strong>persolvens</strong></span> <span class='ocrx_word' id='word_1_670' title='bbox 1063 5277 1075 5298; x_wconf 84' lang='lat'><em>.</em></span> <span class='ocrx_word' id='word_1_671' title='bbox 1122 5223 1309 5288; x_wconf 78' lang='lat' dir='ltr'><strong>eadem</strong></span> <span class='ocrx_word' id='word_1_672' title='bbox 1338 5247 1457 5302; x_wconf 73' lang='lat' dir='ltr'><strong>qua:</strong></span> <span class='ocrx_word' id='word_1_673' title='bbox 1503 5233 1686 5287; x_wconf 88' lang='lat' dir='ltr'><strong>senior</strong></span> <span class='ocrx_word' id='word_1_674' title='bbox 1711 5246 1867 5300; x_wconf 79' lang='lat' dir='ltr'><strong>aeque</strong></span> <span class='ocrx_word' id='word_1_675' title='bbox 1895 5244 1980 5284; x_wconf 86' lang='lat' dir='ltr'><strong>se-</strong></span> 
     </span>
    </p>
   </div>
   <div class='ocr_carea' id='block_1_102' title="bbox 394 5320 1980 5403">
    <p class='ocr_par' dir='ltr' id='par_1_102' title="bbox 394 5320 1980 5403">
     <span class='ocr_line' id='line_1_102' title="bbox 394 5320 1980 5403; baseline -0.008 -17"><span class='ocrx_word' id='word_1_676' title='bbox 394 5339 571 5387; x_wconf 86' lang='lat' dir='ltr'><strong>ctatus</strong></span> <span class='ocrx_word' id='word_1_677' title='bbox 594 5329 716 5403; x_wconf 76' lang='grc' dir='ltr'><strong>[ιηε.</strong></span> <span class='ocrx_word' id='word_1_678' title='bbox 748 5328 874 5400; x_wconf 83' lang='lat' dir='ltr'><strong>Lyr.</strong></span> <span class='ocrx_word' id='word_1_679' title='bbox 907 5369 923 5398; x_wconf 90' lang='lat'><strong>,</strong></span> <span class='ocrx_word' id='word_1_680' title='bbox 971 5327 1153 5382; x_wconf 91' lang='lat' dir='ltr'><strong>senior</strong></span> <span class='ocrx_word' id='word_1_681' title='bbox 1180 5323 1426 5380; x_wconf 85' lang='lat' dir='ltr'><strong>testatusl</strong></span> <span class='ocrx_word' id='word_1_682' title='bbox 1465 5331 1582 5392; x_wconf 89' lang='lat' dir='ltr'><strong>est,</strong></span> <span class='ocrx_word' id='word_1_683' title='bbox 1615 5332 1670 5379; x_wconf 92' lang='lat' dir='ltr'><strong>et</strong></span> <span class='ocrx_word' id='word_1_684' title='bbox 1709 5320 1980 5392; x_wconf 86' lang='lat' dir='ltr'><strong>prioribus</strong></span> 
     </span>
    </p>
   </div>
   <div class='ocr_carea' id='block_1_103' title="bbox 395 5417 1980 5486">
    <p class='ocr_par' dir='ltr' id='par_1_103' title="bbox 395 5417 1980 5486">
     <span class='ocr_line' id='line_1_103' title="bbox 395 5417 1980 5486; baseline -0.008 -8"><span class='ocrx_word' id='word_1_685' title='bbox 395 5423 876 5486; x_wconf 86' lang='lat' dir='ltr'><strong>consectatoribus,</strong></span> <span class='ocrx_word' id='word_1_686' title='bbox 906 5435 963 5473; x_wconf 84' lang='lat' dir='ltr'><strong>ut</strong></span> <span class='ocrx_word' id='word_1_687' title='bbox 983 5419 1261 5472; x_wconf 84' lang='lat' dir='ltr'><strong>unanimes</strong></span> <span class='ocrx_word' id='word_1_688' title='bbox 1287 5417 1496 5472; x_wconf 89' lang='lat' dir='ltr'><strong>sibimet</strong></span> <span class='ocrx_word' id='word_1_689' title='bbox 1519 5421 1719 5475; x_wconf 87' lang='lat' dir='ltr'><strong>essent,</strong></span> <span class='ocrx_word' id='word_1_690' title='bbox 1753 5426 1980 5482; x_wconf 81' lang='lat' dir='ltr'><strong>persua-</strong></span> 
     </span>
    </p>
   </div>
   <div class='ocr_carea' id='block_1_104' title="bbox 397 5500 1982 5582">
    <p class='ocr_par' dir='ltr' id='par_1_104' title="bbox 397 5500 1982 5582">
     <span class='ocr_line' id='line_1_104' title="bbox 397 5500 1982 5582; baseline -0.011 -12"><span class='ocrx_word' id='word_1_691' title='bbox 397 5513 559 5569; x_wconf 88' lang='lat' dir='ltr'><strong>debat</strong></span> <span class='ocrx_word' id='word_1_692' title='bbox 585 5532 598 5566; x_wconf 91' lang='lat'>:</span> <span class='ocrx_word' id='word_1_693' title='bbox 632 5529 742 5567; x_wconf 86' lang='lat' dir='ltr'><strong>non</strong></span> <span class='ocrx_word' id='word_1_694' title='bbox 767 5511 1066 5582; x_wconf 88' lang='lat' dir='ltr'><strong>improvide</strong></span> <span class='ocrx_word' id='word_1_695' title='bbox 1097 5516 1357 5566; x_wconf 85' lang='lat' dir='ltr'><strong>mutatum</strong></span> <span class='ocrx_word' id='word_1_696' title='bbox 1387 5521 1445 5560; x_wconf 91' lang='lat' dir='ltr'><strong>se</strong></span> <span class='ocrx_word' id='word_1_697' title='bbox 1462 5506 1671 5573; x_wconf 89' lang='lat' dir='ltr'><strong>juraus,</strong></span> <span class='ocrx_word' id='word_1_698' title='bbox 1698 5501 1791 5555; x_wconf 91' lang='lat' dir='ltr'><strong>sed</strong></span> <span class='ocrx_word' id='word_1_699' title='bbox 1823 5500 1982 5572; x_wconf 76' lang='lat'><strong>226</strong></span> 
     </span>
    </p>
   </div>
   <div class='ocr_carea' id='block_1_105' title="bbox 396 5592 1984 5674">
    <p class='ocr_par' dir='ltr' id='par_1_105' title="bbox 396 5592 1984 5674">
     <span class='ocr_line' id='line_1_105' title="bbox 396 5592 1984 5674; baseline -0.012 -11"><span class='ocrx_word' id='word_1_700' title='bbox 396 5603 650 5663; x_wconf 78' lang='lat' dir='ltr'><strong>ineffabili</strong></span> <span class='ocrx_word' id='word_1_701' title='bbox 671 5603 898 5674; x_wconf 84' lang='lat' dir='ltr'><strong>quadam</strong></span> <span class='ocrx_word' id='word_1_702' title='bbox 926 5601 1126 5656; x_wconf 86' lang='lat' dir='ltr'><strong>virtute</strong></span> <span class='ocrx_word' id='word_1_703' title='bbox 1157 5599 1220 5654; x_wconf 86' lang='lat' dir='ltr'><strong>ad</strong></span> <span class='ocrx_word' id='word_1_704' title='bbox 1246 5595 1704 5654; x_wconf 80' lang='lat' dir='ltr'><strong>Christianitatem</strong></span> <span class='ocrx_word' id='word_1_705' title='bbox 1737 5592 1984 5661; x_wconf 90' lang='lat' dir='ltr'><strong>protinus</strong></span> 
     </span>
    </p>
   </div>
   <div class='ocr_carea' id='block_1_106' title="bbox 398 5681 1979 5760">
    <p class='ocr_par' dir='ltr' id='par_1_106' title="bbox 398 5681 1979 5760">
     <span class='ocr_line' id='line_1_106' title="bbox 398 5681 1979 5760; baseline -0.012 -8"><span class='ocrx_word' id='word_1_706' title='bbox 398 5696 702 5756; x_wconf 84' lang='lat' dir='ltr'><strong>invitatum.</strong></span> <span class='ocrx_word' id='word_1_707' title='bbox 751 5693 1050 5754; x_wconf 60' lang='lat' dir='ltr'><strong>Somnum,</strong></span> <span class='ocrx_word' id='word_1_708' title='bbox 1085 5690 1174 5744; x_wconf 87' lang='lat' dir='ltr'><strong>lib.</strong></span> <span class='ocrx_word' id='word_1_709' title='bbox 1226 5706 1264 5753; x_wconf 84' lang='grc' dir='ltr'>ι,</span> <span class='ocrx_word' id='word_1_710' title='bbox 1321 5705 1438 5760; x_wconf 85' lang='lat' dir='ltr'><strong>cap.</strong></span> <span class='ocrx_word' id='word_1_711' title='bbox 1475 5685 1559 5740; x_wconf 81' lang='lat' dir='ltr'><strong>l7.</strong></span> <span class='ocrx_word' id='word_1_712' title='bbox 1612 5681 1758 5737; x_wconf 81' lang='lat' dir='ltr'><strong>Edit.</strong></span> <span class='ocrx_word' id='word_1_713' title='bbox 1792 5681 1979 5735; x_wconf 77' lang='lat' dir='ltr'><strong>Christ.</strong></span> 
     </span>
    </p>
   </div>
   <div class='ocr_carea' id='block_1_107' title="bbox 408 5783 1070 5854">
    <p class='ocr_par' dir='ltr' id='par_1_107' title="bbox 408 5783 1070 5854">
     <span class='ocr_line' id='line_1_107' title="bbox 408 5783 1070 5854; baseline -0.006 -15"><span class='ocrx_word' id='word_1_714' title='bbox 408 5786 584 5840; x_wconf 69' lang='lat' dir='ltr'><strong>Vales.</strong></span> <span class='ocrx_word' id='word_1_715' title='bbox 611 5802 725 5854; x_wconf 79' lang='lat' dir='ltr'><strong>cap.</strong></span> <span class='ocrx_word' id='word_1_716' title='bbox 762 5784 846 5845; x_wconf 85' lang='lat' dir='ltr'><strong>i8,</strong></span> <span class='ocrx_word' id='word_1_717' title='bbox 875 5801 924 5854; x_wconf 85' lang='lat' dir='ltr'><strong>p.</strong></span> <span class='ocrx_word' id='word_1_718' title='bbox 955 5783 1070 5840; x_wconf 66' lang='grc'><strong>451.</strong></span> 
     </span>
    </p>
   </div>
   <div class='ocr_carea' id='block_1_108' title="bbox 2076 4567 3666 4648">
    <p class='ocr_par' dir='ltr' id='par_1_108' title="bbox 2076 4567 3666 4648">
     <span class='ocr_line' id='line_1_108' title="bbox 2076 4567 3666 4648; baseline -0.009 -11"><span class='ocrx_word' id='word_1_719' title='bbox 2076 4581 2366 4648; x_wconf 88' lang='lat' dir='ltr'><strong>imitantes,</strong></span> <span class='ocrx_word' id='word_1_720' title='bbox 2398 4579 2746 4646; x_wconf 85' lang='lat' dir='ltr'><strong>celantcsque</strong></span> <span class='ocrx_word' id='word_1_721' title='bbox 2775 4574 3122 4629; x_wconf 81' lang='lat' dir='ltr'><strong>calliditatem</strong></span> <span class='ocrx_word' id='word_1_722' title='bbox 3145 4614 3160 4639; x_wconf 91' lang='lat'><strong>,</strong></span> <span class='ocrx_word' id='word_1_723' title='bbox 3192 4579 3246 4624; x_wconf 90' lang='lat' dir='ltr'><strong>et</strong></span> <span class='ocrx_word' id='word_1_724' title='bbox 3267 4569 3376 4623; x_wconf 87' lang='lat' dir='ltr'><strong>Arii</strong></span> <span class='ocrx_word' id='word_1_725' title='bbox 3409 4567 3666 4636; x_wconf 87' lang='lat' dir='ltr'><strong>blasphe-</strong></span> 
     </span>
    </p>
   </div>
   <div class='ocr_carea' id='block_1_109' title="bbox 2077 4658 3670 4734">
    <p class='ocr_par' dir='ltr' id='par_1_109' title="bbox 2077 4658 3670 4734">
     <span class='ocr_line' id='line_1_109' title="bbox 2077 4658 3670 4734; baseline -0.011 -7"><span class='ocrx_word' id='word_1_726' title='bbox 2077 4673 2240 4728; x_wconf 88' lang='lat' dir='ltr'><strong>miam</strong></span> <span class='ocrx_word' id='word_1_727' title='bbox 2270 4686 2375 4725; x_wconf 89' lang='lat' dir='ltr'><strong>non</strong></span> <span class='ocrx_word' id='word_1_728' title='bbox 2405 4667 2754 4723; x_wconf 87' lang='lat' dir='ltr'><strong>defendentes</strong></span> <span class='ocrx_word' id='word_1_729' title='bbox 2783 4674 2990 4734; x_wconf 88' lang='lat' dir='ltr'><strong>aperte.</strong></span> <span class='ocrx_word' id='word_1_730' title='bbox 3018 4659 3477 4717; x_wconf 85' lang='lat' dir='ltr'><strong>Convenicntibus</strong></span> <span class='ocrx_word' id='word_1_731' title='bbox 3503 4658 3670 4726; x_wconf 81' lang='lat' dir='ltr'><strong>igitur</strong></span> 
     </span>
    </p>
   </div>
   <div class='ocr_carea' id='block_1_110' title="bbox 2081 4749 3671 4826">
    <p class='ocr_par' dir='ltr' id='par_1_110' title="bbox 2081 4749 3671 4826">
     <span class='ocr_line' id='line_1_110' title="bbox 2081 4749 3671 4826; baseline -0.011 -10"><span class='ocrx_word' id='word_1_732' title='bbox 2081 4762 2373 4826; x_wconf 87' lang='lat' dir='ltr'><strong>universis,</strong></span> <span class='ocrx_word' id='word_1_733' title='bbox 2405 4759 2694 4814; x_wconf 84' lang='lat' dir='ltr'><strong>maximam</strong></span> <span class='ocrx_word' id='word_1_734' title='bbox 2717 4757 2934 4812; x_wconf 91' lang='lat' dir='ltr'><strong>domum</strong></span> <span class='ocrx_word' id='word_1_735' title='bbox 2964 4751 3283 4823; x_wconf 68' lang='lat' dir='ltr'><strong>praeparavit</strong></span> <span class='ocrx_word' id='word_1_736' title='bbox 3313 4750 3366 4803; x_wconf 91' lang='lat' dir='ltr'><strong>in</strong></span> <span class='ocrx_word' id='word_1_737' title='bbox 3397 4749 3671 4816; x_wconf 82' lang='lat' dir='ltr'><strong>regalibus</strong></span> 
     </span>
    </p>
   </div>
   <div class='ocr_carea' id='block_1_111' title="bbox 2083 4841 3671 4924">
    <p class='ocr_par' dir='ltr' id='par_1_111' title="bbox 2083 4841 3671 4924">
     <span class='ocr_line' id='line_1_111' title="bbox 2083 4841 3671 4924; baseline -0.009 -15"><span class='ocrx_word' id='word_1_738' title='bbox 2083 4855 2396 4924; x_wconf 89' lang='lat' dir='ltr'><strong>imperator,</strong></span> <span class='ocrx_word' id='word_1_739' title='bbox 2451 4850 2606 4904; x_wconf 85' lang='lat' dir='ltr'><strong>sedes</strong></span> <span class='ocrx_word' id='word_1_740' title='bbox 2634 4857 2686 4903; x_wconf 91' lang='lat' dir='ltr'><strong>et</strong></span> <span class='ocrx_word' id='word_1_741' title='bbox 2715 4847 2966 4902; x_wconf 83' lang='lat' dir='ltr'><strong>subsellia</strong></span> <span class='ocrx_word' id='word_1_742' title='bbox 3022 4846 3073 4898; x_wconf 86' lang='lat' dir='ltr'><strong>in</strong></span> <span class='ocrx_word' id='word_1_743' title='bbox 3105 4861 3166 4899; x_wconf 87' lang='lat' dir='ltr'><strong>ea</strong></span> <span class='ocrx_word' id='word_1_744' title='bbox 3193 4843 3321 4914; x_wconf 89' lang='lat' dir='ltr'><strong>poni</strong></span> <span class='ocrx_word' id='word_1_745' title='bbox 3349 4841 3671 4912; x_wconf 62' lang='lat' dir='ltr'><strong>praecipiens</strong></span> 
     </span>
    </p>
   </div>
   <div class='ocr_carea' id='block_1_112' title="bbox 2081 4933 3669 5016">
    <p class='ocr_par' dir='ltr' id='par_1_112' title="bbox 2081 4933 3669 5016">
     <span class='ocr_line' id='line_1_112' title="bbox 2081 4933 3669 5016; baseline -0.011 -14"><span class='ocrx_word' id='word_1_746' title='bbox 2081 4962 2200 5016; x_wconf 65' lang='lat' dir='ltr'><strong>quae</strong></span> <span class='ocrx_word' id='word_1_747' title='bbox 2243 4945 2552 5000; x_wconf 76' lang='lat' dir='ltr'><strong>sufﬁcerent</strong></span> <span class='ocrx_word' id='word_1_748' title='bbox 2600 4939 2774 4996; x_wconf 88' lang='lat' dir='ltr'><strong>ordini</strong></span> <span class='ocrx_word' id='word_1_749' title='bbox 2828 4937 3168 4994; x_wconf 87' lang='lat' dir='ltr'><strong>sacerdotum</strong></span> <span class='ocrx_word' id='word_1_750' title='bbox 3215 4953 3228 4988; x_wconf 90' lang='lat'><strong>:</strong></span> <span class='ocrx_word' id='word_1_751' title='bbox 3275 4935 3346 4987; x_wconf 89' lang='lat' dir='ltr'><strong>ita</strong></span> <span class='ocrx_word' id='word_1_752' title='bbox 3386 4933 3669 4987; x_wconf 84' lang='lat' dir='ltr'><strong>decentem</strong></span> 
     </span>
    </p>
   </div>
   <div class='ocr_carea' id='block_1_113' title="bbox 2082 5021 3670 5108">
    <p class='ocr_par' dir='ltr' id='par_1_113' title="bbox 2082 5021 3670 5108">
     <span class='ocr_line' id='line_1_113' title="bbox 2082 5021 3670 5108; baseline -0.011 -15"><span class='ocrx_word' id='word_1_753' title='bbox 2082 5051 2392 5108; x_wconf 64' lang='lat' dir='ltr'><strong>praeparans</strong></span> <span class='ocrx_word' id='word_1_754' title='bbox 2413 5033 2489 5088; x_wconf 90' lang='lat' dir='ltr'><strong>eis</strong></span> <span class='ocrx_word' id='word_1_755' title='bbox 2518 5033 2807 5096; x_wconf 82' lang='lat' dir='ltr'><strong>honorem,</strong></span> <span class='ocrx_word' id='word_1_756' title='bbox 2839 5029 3086 5083; x_wconf 86' lang='lat' dir='ltr'><strong>invitavit</strong></span> <span class='ocrx_word' id='word_1_757' title='bbox 3117 5025 3338 5094; x_wconf 84' lang='lat' dir='ltr'><strong>ingredi,</strong></span> <span class='ocrx_word' id='word_1_758' title='bbox 3372 5034 3426 5078; x_wconf 88' lang='lat' dir='ltr'><strong>et</strong></span> <span class='ocrx_word' id='word_1_759' title='bbox 3455 5021 3524 5076; x_wconf 86' lang='lat' dir='ltr'><strong>de</strong></span> <span class='ocrx_word' id='word_1_760' title='bbox 3546 5038 3670 5092; x_wconf 73' lang='lat' dir='ltr'><strong>pra:-</strong></span> 
     </span>
    </p>
   </div>
   <div class='ocr_carea' id='block_1_114' title="bbox 2083 5113 3670 5192">
    <p class='ocr_par' dir='ltr' id='par_1_114' title="bbox 2083 5113 3670 5192">
     <span class='ocr_line' id='line_1_114' title="bbox 2083 5113 3670 5192; baseline -0.011 -10"><span class='ocrx_word' id='word_1_761' title='bbox 2083 5127 2322 5183; x_wconf 89' lang='lat' dir='ltr'><strong>sentibus</strong></span> <span class='ocrx_word' id='word_1_762' title='bbox 2341 5125 2542 5179; x_wconf 89' lang='lat' dir='ltr'><strong>habere</strong></span> <span class='ocrx_word' id='word_1_763' title='bbox 2571 5121 2855 5178; x_wconf 89' lang='lat' dir='ltr'><strong>consilium</strong></span> <span class='ocrx_word' id='word_1_764' title='bbox 2882 5119 2985 5192; x_wconf 81' lang='grc' dir='ltr'><strong>[εά.</strong></span> <span class='ocrx_word' id='word_1_765' title='bbox 3021 5116 3071 5172; x_wconf 86' lang='grc' dir='ltr'><strong><em>Ν</em></strong></span> <span class='ocrx_word' id='word_1_766' title='bbox 3079 5120 3141 5171; x_wconf 84' lang='lat' dir='ltr'><strong>iv.</strong></span> <span class='ocrx_word' id='word_1_767' title='bbox 3170 5127 3217 5170; x_wconf 89' lang='lat' dir='ltr'><strong>et</strong></span> <span class='ocrx_word' id='word_1_768' title='bbox 3247 5113 3414 5169; x_wconf 77' lang='lat' dir='ltr'><strong>Frob.</strong></span> <span class='ocrx_word' id='word_1_769' title='bbox 3438 5154 3452 5178; x_wconf 90' lang='lat'><strong>,</strong></span> <span class='ocrx_word' id='word_1_770' title='bbox 3485 5113 3670 5167; x_wconf 87' lang='lat' dir='ltr'><strong>conci-</strong></span> 
     </span>
    </p>
   </div>
   <div class='ocr_carea' id='block_1_115' title="bbox 2080 5209 3670 5290">
    <p class='ocr_par' dir='ltr' id='par_1_115' title="bbox 2080 5209 3670 5290">
     <span class='ocr_line' id='line_1_115' title="bbox 2080 5209 3670 5290; baseline -0.009 -17"><span class='ocrx_word' id='word_1_771' title='bbox 2080 5217 2254 5290; x_wconf 88' lang='lat' dir='ltr'><strong>lium].</strong></span> <span class='ocrx_word' id='word_1_772' title='bbox 2286 5217 2510 5271; x_wconf 87' lang='lat' dir='ltr'><strong>Iutravit</strong></span> <span class='ocrx_word' id='word_1_773' title='bbox 2555 5223 2734 5268; x_wconf 89' lang='lat' dir='ltr'><strong>autem</strong></span> <span class='ocrx_word' id='word_1_774' title='bbox 2776 5222 2831 5268; x_wconf 92' lang='lat' dir='ltr'><strong>et</strong></span> <span class='ocrx_word' id='word_1_775' title='bbox 2878 5212 2990 5286; x_wconf 86' lang='lat' dir='ltr'><strong>ipse</strong></span> <span class='ocrx_word' id='word_1_776' title='bbox 3022 5213 3270 5281; x_wconf 86' lang='lat' dir='ltr'><strong>princeps</strong></span> <span class='ocrx_word' id='word_1_777' title='bbox 3297 5209 3516 5262; x_wconf 89' lang='lat' dir='ltr'><strong>ultimus</strong></span> <span class='ocrx_word' id='word_1_778' title='bbox 3546 5223 3670 5259; x_wconf 86' lang='lat' dir='ltr'><strong>cum</strong></span> 
     </span>
    </p>
   </div>
   <div class='ocr_carea' id='block_1_116' title="bbox 2081 5301 3670 5384">
    <p class='ocr_par' dir='ltr' id='par_1_116' title="bbox 2081 5301 3670 5384">
     <span class='ocr_line' id='line_1_116' title="bbox 2081 5301 3670 5384; baseline -0.008 -18"><span class='ocrx_word' id='word_1_779' title='bbox 2081 5313 2266 5384; x_wconf 87' lang='lat' dir='ltr'><strong>paucis</strong></span> <span class='ocrx_word' id='word_1_780' title='bbox 2289 5351 2302 5375; x_wconf 93' lang='lat'><strong>,</strong></span> <span class='ocrx_word' id='word_1_781' title='bbox 2334 5310 2489 5368; x_wconf 89' lang='lat' dir='ltr'><strong>laude</strong></span> <span class='ocrx_word' id='word_1_782' title='bbox 2516 5310 2728 5377; x_wconf 78' lang='lat' dir='ltr'><strong>dignam</strong></span> <span class='ocrx_word' id='word_1_783' title='bbox 2776 5307 2856 5363; x_wconf 89' lang='lat' dir='ltr'><strong>sui</strong></span> <span class='ocrx_word' id='word_1_784' title='bbox 2889 5303 3310 5373; x_wconf 78' lang='lat' dir='ltr'><strong>magnitudinem</strong></span> <span class='ocrx_word' id='word_1_785' title='bbox 3338 5301 3542 5355; x_wconf 88' lang='lat' dir='ltr'><strong>habens</strong></span> <span class='ocrx_word' id='word_1_786' title='bbox 3567 5339 3583 5364; x_wconf 89' lang='lat'><strong>,</strong></span> <span class='ocrx_word' id='word_1_787' title='bbox 3616 5309 3670 5356; x_wconf 86' lang='lat' dir='ltr'><strong>et</strong></span> 
     </span>
    </p>
   </div>
   <div class='ocr_carea' id='block_1_117' title="bbox 2086 5393 3661 5473">
    <p class='ocr_par' dir='ltr' id='par_1_117' title="bbox 2086 5393 3661 5473">
     <span class='ocr_line' id='line_1_117' title="bbox 2086 5393 3661 5473; baseline -0.01 -13"><span class='ocrx_word' id='word_1_788' title='bbox 2086 5406 2385 5462; x_wconf 86' lang='lat' dir='ltr'><strong>mirabilem</strong></span> <span class='ocrx_word' id='word_1_789' title='bbox 2413 5404 2646 5473; x_wconf 86' lang='lat' dir='ltr'><strong>speciem</strong></span> <span class='ocrx_word' id='word_1_790' title='bbox 2671 5441 2688 5466; x_wconf 80' lang='lat'><strong>,</strong></span> <span class='ocrx_word' id='word_1_791' title='bbox 2720 5400 3208 5465; x_wconf 84' lang='lat' dir='ltr'><strong>mirabiliurcmque</strong></span> <span class='ocrx_word' id='word_1_792' title='bbox 3227 5408 3421 5464; x_wconf 83' lang='lat' dir='ltr'><strong>gerens</strong></span> <span class='ocrx_word' id='word_1_793' title='bbox 3441 5393 3661 5460; x_wconf 81' lang='lat' dir='ltr'><strong>dignita-</strong></span> 
     </span>
    </p>
   </div>
   <div class='ocr_carea' id='block_1_118' title="bbox 2085 5483 3675 5566">
    <p class='ocr_par' dir='ltr' id='par_1_118' title="bbox 2085 5483 3675 5566">
     <span class='ocr_line' id='line_1_118' title="bbox 2085 5483 3675 5566; baseline -0.008 -19"><span class='ocrx_word' id='word_1_794' title='bbox 2085 5503 2193 5551; x_wconf 89' lang='lat' dir='ltr'><strong>tem</strong></span> <span class='ocrx_word' id='word_1_795' title='bbox 2226 5494 2444 5566; x_wconf 86' lang='lat' dir='ltr'><strong>pudoris</strong></span> <span class='ocrx_word' id='word_1_796' title='bbox 2472 5494 2523 5548; x_wconf 89' lang='lat' dir='ltr'><strong>in</strong></span> <span class='ocrx_word' id='word_1_797' title='bbox 2558 5491 2752 5546; x_wconf 85' lang='lat' dir='ltr'><strong>fronte.</strong></span> <span class='ocrx_word' id='word_1_798' title='bbox 2789 5491 2991 5547; x_wconf 79' lang='lat' dir='ltr'><strong>Minnre</strong></span> <span class='ocrx_word' id='word_1_799' title='bbox 3019 5503 3146 5543; x_wconf 81' lang='lat' dir='ltr'><strong>vero</strong></span> <span class='ocrx_word' id='word_1_800' title='bbox 3172 5487 3298 5541; x_wconf 90' lang='lat' dir='ltr'><strong>sede</strong></span> <span class='ocrx_word' id='word_1_801' title='bbox 3328 5501 3487 5554; x_wconf 89' lang='lat' dir='ltr'><strong>quam</strong></span> <span class='ocrx_word' id='word_1_802' title='bbox 3518 5483 3675 5548; x_wconf 83' lang='lat' dir='ltr'><strong>aliis,</strong></span> 
     </span>
    </p>
   </div>
   <div class='ocr_carea' id='block_1_119' title="bbox 2087 5579 3675 5657">
    <p class='ocr_par' dir='ltr' id='par_1_119' title="bbox 2087 5579 3675 5657">
     <span class='ocr_line' id='line_1_119' title="bbox 2087 5579 3675 5657; baseline -0.006 -19"><span class='ocrx_word' id='word_1_803' title='bbox 2087 5588 2284 5657; x_wconf 87' lang='lat' dir='ltr'><strong>posita,</strong></span> <span class='ocrx_word' id='word_1_804' title='bbox 2331 5587 2381 5639; x_wconf 90' lang='lat' dir='ltr'><strong>in</strong></span> <span class='ocrx_word' id='word_1_805' title='bbox 2413 5585 2593 5640; x_wconf 88' lang='lat' dir='ltr'><strong>medio</strong></span> <span class='ocrx_word' id='word_1_806' title='bbox 2622 5597 2807 5638; x_wconf 88' lang='lat' dir='ltr'><strong>eorum</strong></span> <span class='ocrx_word' id='word_1_807' title='bbox 2856 5581 2995 5635; x_wconf 80' lang='lat' dir='ltr'><strong>sedit</strong></span> <span class='ocrx_word' id='word_1_808' title='bbox 3027 5597 3039 5630; x_wconf 89' lang='lat'>:</span> <span class='ocrx_word' id='word_1_809' title='bbox 3073 5579 3247 5649; x_wconf 87' lang='lat' dir='ltr'><strong>primo</strong></span> <span class='ocrx_word' id='word_1_810' title='bbox 3278 5586 3457 5631; x_wconf 87' lang='lat' dir='ltr'><strong>tamen</strong></span> <span class='ocrx_word' id='word_1_811' title='bbox 3481 5583 3675 5645; x_wconf 73' lang='lat' dir='ltr'><strong>petens</strong></span> 
     </span>
    </p>
   </div>
   <div class='ocr_carea' id='block_1_120' title="bbox 2086 5667 3674 5746">
    <p class='ocr_par' dir='ltr' id='par_1_120' title="bbox 2086 5667 3674 5746">
     <span class='ocr_line' id='line_1_120' title="bbox 2086 5667 3674 5746; baseline -0.011 -13"><span class='ocrx_word' id='word_1_812' title='bbox 2086 5683 2190 5733; x_wconf 87' lang='lat' dir='ltr'><strong>hoc</strong></span> <span class='ocrx_word' id='word_1_813' title='bbox 2213 5679 2312 5734; x_wconf 81' lang='lat' dir='ltr'><strong>sibi</strong></span> <span class='ocrx_word' id='word_1_814' title='bbox 2342 5679 2714 5746; x_wconf 80' lang='lat' dir='ltr'><strong>episcoporum</strong></span> <span class='ocrx_word' id='word_1_815' title='bbox 2741 5673 2984 5742; x_wconf 80' lang='lat' dir='ltr'><strong>jussionc</strong></span> <span class='ocrx_word' id='word_1_816' title='bbox 3007 5667 3254 5724; x_wconf 82' lang='lat' dir='ltr'><strong>concedi.</strong></span> <span class='ocrx_word' id='word_1_817' title='bbox 3288 5667 3421 5721; x_wconf 87' lang='lat' dir='ltr'><strong>Tum</strong></span> <span class='ocrx_word' id='word_1_818' title='bbox 3452 5680 3574 5720; x_wconf 91' lang='lat' dir='ltr'><strong>cum</strong></span> <span class='ocrx_word' id='word_1_819' title='bbox 3603 5679 3674 5716; x_wconf 86' lang='lat' dir='ltr'><strong>eo</strong></span> 
     </span>
    </p>
   </div>
   <div class='ocr_carea' id='block_1_121' title="bbox 2088 5760 3672 5846">
    <p class='ocr_par' dir='ltr' id='par_1_121' title="bbox 2088 5760 3672 5846">
     <span class='ocr_line' id='line_1_121' title="bbox 2088 5760 3672 5846; baseline -0.012 -19"><span class='ocrx_word' id='word_1_820' title='bbox 2088 5773 2285 5827; x_wconf 82' lang='lat' dir='ltr'><strong>resedit</strong></span> <span class='ocrx_word' id='word_1_821' title='bbox 2331 5768 2696 5846; x_wconf 78' lang='lat' dir='ltr'><strong>sanctissimus</strong></span> <span class='ocrx_word' id='word_1_822' title='bbox 2741 5767 2826 5819; x_wconf 88' lang='lat' dir='ltr'><strong>illc</strong></span> <span class='ocrx_word' id='word_1_823' title='bbox 2849 5765 3066 5820; x_wconf 78' lang='lat' dir='ltr'><strong>chorus.</strong></span> <span class='ocrx_word' id='word_1_824' title='bbox 3112 5761 3321 5816; x_wconf 79' lang='lat' dir='ltr'><strong>Primus</strong></span> <span class='ocrx_word' id='word_1_825' title='bbox 3347 5760 3527 5828; x_wconf 86' lang='lat' dir='ltr'><strong>itaque</strong></span> <span class='ocrx_word' id='word_1_826' title='bbox 3555 5772 3672 5810; x_wconf 60' lang='lat' dir='ltr'><strong>meo</strong></span> 
     </span>
    </p>
   </div>
  </div>
