3990 6170
364 262 470 318 πὸ

1471 255 1787 314 ΠῘΞΤΟΜᾹ
1826 255 2264 313 Tiill‘AR'l’lTA.
2309 253 2506 312 LIBER
2544 257 2611 312 ll.

3550 255 3654 314 926

360 391 498 447 guns
520 374 827 432 Eustathius
851 376 1199 432 Antiochensi
1224 377 1445 432 sortitus
1465 376 1541 431 Ec
1562 377 1721 432 leuia:
1752 391 1952 446 prmsu-
1994 379 2022 431 ἢ
2058 371 2146 425 ubi
2178 371 2307 427 illud
2337 374 2498 428 etiam
2525 371 2868 442 proverbiale
2913 371 3300 443 interpretatur
3321 371 3600 443 eloquium
3632 391 3649 429 :

363 471 564 536 latum;
599 485 722 524 nam
765 467 1119 538 Pliilogonius
1142 512 1158 537 ,
1187 469 1340 539 cujus
1367 469 1567 525 dudum
1591 471 1954 537 meminimus,

361 564 431 617 ad
459 562 738 617 meliorem
764 561 877 628 jam
922 562 1211 620 transierat
1238 562 1434 623 vitam;
1473 570 1527 616 et
1567 562 1710 617 hunc
1739 561 1956 616 mirabi-

364 655 473 709 lem
497 654 690 715 virum,
723 654 887 708 etiam
921 653 1192 708 nolentem
1221 693 1236 717 ,
1267 653 1335 707 ad
1359 654 1600 720 regimen
1623 654 1739 722 ejus
1760 652 1948 708 Eccle-

363 748 458 801 εἰῶ
485 745 706 800 decreto
733 745 1006 800 communi
1029 745 1311 814 pontilices
1334 759 1398 799 ac
1423 745 1736 800 sacerdotes
1766 753 1821 799 et
1844 762 1954 798 υηις

369 838 452 894 nis
482 836 713 908 populus
757 835 1092 892 Christianus
1132 837 1318 890 venire
1345 836 1706 906 compulerat.
1734 835 1785 891 ls
1826 851 1956 904 ergo

362 929 754 998 praeconiorum
785 926 1007 984 ﬂoribus
1045 937 1211 999 caput
1241 928 1498 998 principis
1545 929 1870 995 exornavit,
1901 935 1956 982 et

363 1021 543 1076 studio
569 1020 706 1090 ejus,
737 1020 880 1090 quod
908 1020 1142 1097 habebat
1170 1021 1313 1076 circa
1353 1035 1528 1086 sacra,
1550 1020 1958 1077 benedictiones

363 1109 627 1166 exhibuit.
657 1107 788 1165 Post
815 1110 958 1165 hunc
981 1120 1166 1166 autem
1185 1107 1446 1164 Eusebius
1469 1109 1792 1178 cognomine
1811 1107 1959 1162 Pam-

363 1198 515 1268 phili.
547 1197 755 1266 Quibus
780 1199 892 1265 jam
921 1200 1287 1255 residentibus
1312 1239 1327 1264 ,
1361 1200 1754 1255 famosissimas
1782 1200 1957 1269 impe-

364 1298 516 1343 rator
559 1289 785 1358 protulit
829 1289 900 1344 de
943 1291 1297 1345 unanimitate
1323 1290 1722 1360 concordiaque
1749 1305 1959 1345 sermo-

365 1395 484 1449 nes,
531 1388 884 1450 tyrannorum
933 1381 1314 1436 crudelitatem
1357 1382 1438 1436 eis
1465 1395 1870 1446 rememorans,
1902 1387 1958 1434 et

367 1471 740 1526 honorabilem
765 1485 972 1541 pacem,
997 1487 1120 1541 quas
1140 1473 1240 1527 sub
1265 1487 1331 1527 eo
1343 1471 1538 1527 collata
1569 1482 1654 1526 est
1682 1471 1956 1536 divinitus;

366 1561 523 1616 simul
571 1568 627 1617 et
651 1561 777 1631 quia
807 1563 1098 1632 pessimum
1127 1571 1182 1618 et
1211 1561 1365 1618 valde
1404 1563 1621 1618 crudele
1649 1562 1921 1617 videretur
1940 1604 1955 1628 ,

369 1661 427 1707 ut
451 1652 738 1708 destructis
754 1653 1018 1722 hostibus,
1035 1655 1290 1723 nulloque
1310 1661 1670 1724 prazsumente
1685 1653 1956 1718 resistere,

2069 460 2320 516 Dominus
2339 462 2780 517 creavitmeinitio
2799 462 2932 534 [ed.,
2947 461 3279 534 principium]
3307 463 3504 517 viarum
3529 479 3654 518 sua-

2065 571 2177 610 rum
2193 555 2245 608 in
2260 572 2414 624 opera
2429 573 2525 612 sua
2546 555 2964 626 (Prav.vm,22).
2986 554 3155 624 Pergo
3177 556 3358 624 itaque
3377 556 3482 624 iam
3501 556 3650 626 hinc,

2062 649 2196 702 etad
2215 664 2276 705 ea
2304 663 2422 715 qua:
2451 657 2598 718 gesta
2626 656 2770 704 sunt.
2786 648 2917 702 Cum
2939 648 3096 716 igitur
3117 656 3337 717 propter
3351 648 3466 702 haec
3494 663 3654 719 syno-

2062 740 2162 795 dus
2176 741 2406 798 maxima
2423 743 2474 796 in
2496 742 2724 798 Nicaeam
2752 743 2991 798 venisset
3007 743 3189 798 urbem
3208 782 3223 806 ,
3246 751 3300 795 ct
3321 752 3654 810 quaereretur

2062 831 2182 885 lidei
2237 832 2470 896 modus,
2526 841 2713 900 aperta
2762 831 2979 900 quidem
3029 829 3360 901 impudentia
3392 830 3653 888 Eusebius

2061 926 2379 993 scripturam
2411 926 2631 996 protulit
2656 924 3026 994 blasphemize,
3053 939 3172 993 quc
3195 939 3377 978 coram
3404 923 3654 979 omnibus

2062 1016 2199 1070 lecta
2219 1057 2234 1080 ,
2262 1025 2486 1085 repente
2525 1015 2729 1070 cladem
2761 1015 3155 1083 importabilem
3185 1029 3346 1069 causa
3376 1013 3654 1068 divisionis

2063 1107 2402 1161 audientibus
2430 1106 2688 1174 irrogavit
2720 1124 2732 1158 :
2765 1105 3135 1162 confusionem
3166 1112 3348 1159 tamen
3383 1103 3652 1158 incurabi-

2061 1198 2170 1254 lem
2196 1214 2293 1252 suo
2317 1198 2558 1267 providit.
2578 1199 2807 1253 auctori.
2840 1197 3083 1266 Cumque
3113 1197 3329 1254 ofﬁcina
3350 1206 3508 1265 capta
3531 1194 3653 1250 fuis-

2061 1297 2164 1353 set,
2187 1288 2548 1342 indubitanter
2563 1287 2794 1352 Eusebii,
2820 1289 2870 1342 di
2895 1297 3060 1356 rupta
3078 1287 3372 1356 iniquitatis
3389 1287 3651 1356 scriptura

2061 1378 2114 1432 in
2160 1386 2449 1446 conspectu
2481 1378 2756 1444 omnium,
2797 1377 3014 1446 quidam
3053 1392 3122 1430 ex
3173 1385 3401 1430 tractatu
3455 1390 3650 1429 nomen

2061 1477 2394 1536 exponentes
2449 1466 2598 1536 pacis
2643 1475 3097 1535 compescuerunt
3128 1507 3143 1529 ,
3204 1480 3394 1520 omnes
3447 1465 3651 1533 justam

2061 1558 2452 1628 querimoniam
2498 1556 2778 1613 facientes.
2825 1557 3005 1612 Ariani
3043 1565 3222 1611 autem
3255 1564 3556 1610 metuentes
3583 1570 3649 1609 ne

2061 1655 2387 1716 congregato
2430 1648 2627 1704 ibidem
2668 1657 2817 1702 tanto
2849 1648 3076 1703 concilio
3107 1647 3433 1716 pellerentur
3454 1685 3471 1709 ,
3504 1644 3649 1700 exsi-

366 1743 686 1799 sacerdoses
716 1744 1008 1799 alterutros
1043 1743 1415 1814 iacularentur
1462 1753 1626 1812 atque
1656 1741 1956 1798 confunde-
1989 1759 2036 1817 Β
2062 1740 2255 1796 lientes
2281 1738 2870 1796 anathematizaverunt
2905 1738 3246 1795 interdictum
3277 1737 3391 1790 Arii
3415 1737 3607 1806 dogma
3632 1775 3648 1803 ,

366 1843 530 1900 rent,
559 1842 614 1890 et
644 1835 820 1904 impiis
851 1843 1016 1904 atque
1060 1833 1178 1888 sine
1207 1833 1319 1888 Deo
1359 1834 1606 1904 personis
1631 1831 1953 1886 delectatio.

369 1940 496 1981 nem
537 1925 812 1994 risumque
866 1925 1170 1994 praeberent
1199 1943 1211 1977 :
1245 1939 1368 1978 cum
1418 1923 1605 1991 utique
1645 1923 1714 1977 de
1763 1922 1956 1980 divinis

369 2024 667 2070 tractarent
718 2016 916 2082 rebus,
971 2022 1029 2074 et.
1074 2015 1247 2070 sancti
1297 2013 1530 2084 Spiritus
1569 2012 1872 2068 doctrinam
1901 2012 1955 2066 in

366 2107 582 2177 scriptis
609 2108 892 2162 baberent.
928 2105 1235 2176 Evangelici
1264 2107 1408 2162 enim
1435 2107 1555 2160 libri
1583 2114 1729 2168 sunt,
1761 2105 1952 2175 inquit,

366 2209 425 2254 et
451 2199 729 2269 apostolici
757 2241 773 2266 ,
801 2200 1253 2267 antiquorumque
1296 2198 1686 2267 prophetarum
1717 2198 1952 2252 sanctio-

368 2304 466 2344 nes
485 2330 500 2358 ,
528 2303 650 2358 quae
678 2303 776 2343 nos
805 2288 1056 2342 erudiunt
1080 2287 1207 2355 quid
1231 2287 1298 2341 de
1325 2302 1482 2342 sacra
1513 2286 1632 2354 lege
1659 2287 1952 2355 sapiamus.

369 2377 714 2449 Expellentes
743 2379 904 2447 igitur
930 2378 1125 2432 hostile
1162 2385 1436 2431 certamen
1464 2392 1532 2431 ex
1561 2376 1739 2431 verbis
1765 2375 1956 2429 divini-

369 2480 456 2526 tus
484 2471 758 2542 inspiratis
785 2510 802 2536 ,
832 2470 1157 2526 solutiOnem
1185 2471 1540 2538 quaestionum
1572 2477 1750 2539 mente
1783 2468 1957 2537 perci—

367 2564 597 2635 piamus.
649 2563 774 2618 Hmc
821 2571 874 2616 et
918 2562 1000 2617 his
1029 2561 1220 2617 similia
1247 2601 1262 2626 ,
1297 2574 1551 2630 tanquam
1582 2558 1958 2614 filius'amator

369 2657 558 2728 patris,
589 2655 959 2712 sacerdotibus
985 2654 1147 2710 veluti
1168 2653 1406 2724 patribus
1426 2650 1708 2715 offerebat,
1738 2660 1958 2721 aposto-

369 2749 596 2805 licorum
651 2748 963 2817 dogmatum
1017 2747 1240 2802 studens
1295 2744 1584 2816 proﬂigare
1634 2743 1955 2798 discordiam

369 2839 502 2912 lat,
549 2835 669 2894 Nic.
693 2847 743 2892 et
794 2835 977 2903 Frob.,
1009 2835 1300 2892 conciliare
1319 2830 1708 2903 concordiam].
1734 2831 1957 2887 Coneilii

369 2946 503 2988 vero
529 2930 756 3000 plurima
788 2945 912 2999 pars
942 2930 1025 2984 his
1054 2944 1171 3000 quae
1199 2928 1515 2984 dicebantur
1555 2925 1872 2991 obediebat;
1904 2934 1960 2980 et

370 3021 513 3077 inter
538 3022 827 3076 alterutros
855 3021 1262 3075 unanimitatem
1284 3027 1341 3074 et
1382 3021 1693 3087 dogmatum
1725 3015 1958 3072 salubri-

370 3120 538 3167 tatem
568 3111 798 3167 libenter
823 3111 1304 3180 amplectebantur.
1356 3110 1514 3163 Pauci
1545 3124 1673 3164 vero
1704 3108 1952 3176 quidam,
1987 3143 2032 3205 Ο

370 3218 600 3273 quorum
625 3201 735 3270 jam
779 3202 1139 3270 meminimus,
1168 3212 1222 3256 et
1243 3217 1407 3270 super
1432 3201 1550 3256 illos
1580 3199 1957 3270 Minophantus

371 3292 637 3365 Ephesius
657 3333 671 3359 ,
699 3300 754 3346 et
778 3290 1179 3362 Scytbopolites
1205 3291 1547 3361 Patrophilus
1570 3332 1585 3356 ,
1616 3290 1960 3358 Theogonius

371 3385 616 3442 Nicenus
641 3384 953 3456 episcopus,
984 3393 1039 3438 et
1060 3383 1337 3440 Narcissus
1363 3382 1679 3437 Neroniadis
1697 3424 1710 3446 ,
1733 3397 1853 3450 quae
1875 3390 1958 3436 est

371 3475 622 3533 secundae
649 3475 847 3530 Ciliciae
871 3517 887 3542 ,
918 3489 1080 3544 quam
1110 3490 1252 3530 nunc
1277 3473 1598 3543 lrenopolim
1629 3479 1826 3526 vocant
1858 3514 1872 3537 ,
1903 3481 1951 3525 et

372 3579 495 3621 cum
523 3566 608 3620 his
625 3564 872 3620 Theonas
892 3564 1326 3630 Marmaricenus,
1352 3571 1404 3618 et
1433 3562 1776 3618 l’tolemaidis
1800 3560 1958 3633 Egy-

374 3658 452 3729 pti
501 3657 781 3713 Secundus
843 3655 1154 3725 apostolicis
1204 3655 1516 3710 resistentes
1569 3656 1910 3723 dogmatibus
1939 3698 1952 3722 ,

375 3748 559 3804 Arium
611 3745 1015 3802 defendebant:
1063 3746 1331 3801 dictantes
1377 3747 1519 3800 enim
1571 3745 1690 3800 lidei
1745 3747 1959 3815 petitio-

377 3855 521 3906 nem,
548 3839 710 3894 οωιυί
733 3837 1002 3892 communi
1031 3836 1313 3891 dederunt.
1347 3835 1477 3902 Qum
1507 3851 1627 3891 cum
1657 3837 1791 3891 lecta
1826 3837 1957 3889 fuis-

376 3937 458 3986 set
485 3929 552 3984 ab
580 3928 844 3983 universis
870 3969 886 3995 ,
936 3935 1158 3997 repente
1205 3925 1443 3996 disrupta
1471 3934 1552 3980 est
1578 3967 1593 3992 ,
1622 3935 1677 3980 et
1716 3925 1956 3979 adultera

378 4018 822 4088 traudulentaque
877 4017 1244 4087 pronuntiata.
1299 4016 1475 4071 Turba
1507 4016 1768 4085 siquidem
1797 4025 1852 4071 et
1881 4025 1960 4070 tu-

377 4111 548 4167 multu
577 4119 762 4166 contra
785 4125 881 4165 eos
900 4109 967 4164 ab
991 4109 1241 4163 omnibus
1265 4108 1467 4173 habito,
1499 4110 1812 4177 cunctisque
1835 4124 1959 4178 pro-

378 4202 636 4258 ditionem
668 4201 736 4255 ab
758 4201 837 4256 eis
866 4200 1059 4254 factam
1088 4199 1465 4253 accusantibus
1485 4199 1703 4267 pietatis
1726 4241 1740 4265 ,
1774 4198 1960 4254 formi-

378 4293 567 4349 dantes
607 4299 992 4358 surrexerunt,
1039 4299 1096 4345 et
1125 4291 1282 4360 primi
1322 4291 1505 4345 Arium
1534 4293 1958 4362 abdicaverunt,

377 4393 605 4455 excepto
631 4383 882 4440 Secundo
911 4391 968 4438 et
1009 4381 1250 4437 Thoona.
1285 4379 1421 4436 Cum
1469 4397 1598 4452 ergo
1630 4381 1820 4438 fuisset
1859 4384 1959 4438 im-

375 4477 497 4548 pius
520 4475 610 4530 ille
637 4474 940 4530 destructus
962 4515 977 4538 ,
1009 4472 1358 4528 concorditer
1379 4473 1612 4528 universi
1644 4472 1802 4528 tidem
1851 4474 1962 4540 glo-

359 4568 620 4636 'riamque
647 4565 931 4630 dictantes,
961 4579 1080 4634 quae
1108 4564 1369 4618 hactenus
1389 4564 1440 4617 in
1471 4563 1726 4619 Ecclesiis
1747 4578 1962 4633 perma-

375 4661 509 4720 net,
541 4661 597 4709 et
640 4651 1124 4721 subscriptionibus
1149 4651 1472 4706 roborantes
1498 4689 1511 4714 ,
1544 4651 1758 4706 solvere
1777 4651 1960 4706 conci-

372 4748 524 4804 lium.
555 4746 752 4802 Dolose
775 4753 952 4801 tamen
984 4752 1039 4799 et
1067 4760 1174 4799 non
1203 4744 1492 4800 salubriter
1513 4744 1755 4813 praedicti
1783 4744 1882 4798 viri
1905 4743 1959 4798 in

373 4839 497 4894 lidei
549 4837 779 4894 termino
833 4845 1254 4901 consenserunt;
1303 4845 1364 4890 ut
1405 4843 1673 4890 testantur
1703 4843 1811 4888 tam
1841 4849 1958 4902 qua:

374 4939 561 5004 postea
591 4929 658 4986 ab
685 4929 763 4985 eis
793 4928 1095 4983 machinata
1135 4939 1258 4983 sunt
1298 4936 1484 4983 contra
1516 4927 1730 4997 pietatis
1760 4941 1957 4995 prope-

374 5029 657 5090 gnatores,
703 5035 864 5090 quam
894 5035 1012 5088 qua:
1040 5019 1107 5073 ab
1138 5019 1265 5088 ipsis
1297 5019 1604 5088 conscripta
1633 5025 1954 5072 noscuntur.

374 5111 790 5177 Tnsonone'rus,
820 5112 910 5166 lib.
937 5127 983 5176 ι,
1008 5129 1121 5181 cap.
1155 5111 1209 5174 7,
1239 5130 1291 5180 ρ.
1324 5109 1416 5164 24.

987 5270 1218 5328 CAPUT
1261 5272 1348 5326 Vl.

446 5382 652 5439 Reietio
702 5380 964 5437 Eustathii
999 5383 1286 5437 Autiochiw
1317 5384 1540 5454 episcom'
1574 5385 1636 5437 de
1668 5382 1718 5436 Ν
1725 5386 1887 5438 icwno

1049 5453 1293 5508 concilio.

446 5565 753 5624 Eustathius
799 5567 980 5635 itaque
1036 5566 1403 5623 Autiocbenus
1452 5567 1759 5638 cpiscopus,
1810 5567 1962 5633 cujus

372 5657 620 5726 primitus
668 5657 886 5711 memini
911 5696 926 5716 ,
960 5657 1074 5712 lucc.
1103 5658 1168 5712 de
1198 5659 1276 5711 eis
1322 5659 1503 5713 ntulit
1523 5699 1538 5722 ,
1570 5660 1769 5715 docens
1795 5663 1956 5734 221

371 5774 494 5826 qua;
523 5750 660 5804 facta
686 5758 812 5804 sunt
836 5789 852 5807 .
882 5763 1175 5812 eorumque
1206 5748 1533 5817 rcdargucns
1562 5750 1919 5814 blasnhcinias
1944 5793 1958 5818 .

1993 4517 2040 4574 D

2061 1830 2399 1888 concorditer
2429 1830 2832 1890 subscribentes
2852 1831 3075 1900 litteris,
3099 1846 3304 1900 suaque
3333 1845 3495 1884 manu
3521 1844 3650 1884 con-

2060 1919 2378 1984 sentientes,
2412 1928 2468 1975 et
2507 1920 2755 1980 similiter
2777 1936 2856 1988 se,
2888 1921 3025 1976 sicut
3053 1921 3228 1977 omnis
3256 1919 3494 1990 synodus
3514 1959 3530 1983 ,
3561 1933 3649 1972 sa-

2060 2026 2196 2081 pere
2219 2009 2558 2080 protitentes.
2604 2011 2847 2082 Cumque
2875 2012 3188 2082 praesulibus
3211 2050 3227 2073 ,
3259 2020 3318 2065 ut
3348 2011 3420 2064 ita
3450 2009 3644 2072 dicam,

2059 2103 2204 2157 mala
2234 2101 2538 2157 calliditatis
2585 2111 2704 2158 arte
2751 2103 3154 2172 prmvaluissent
3178 2143 3192 2168 ,
3224 2103 3316 2172 qui
3355 2102 3525 2168 magis
3553 2100 3650 2154 de-

2059 2192 2290 2250 buerant
2315 2206 2477 2260 agere
2524 2195 2921 2263 ptenitentiam,
2954 2203 3083 2250 tunc
3129 2195 3344 2263 quidem
3398 2194 3648 2252 latenter.

2059 2289 2249 2350 postea
2275 2296 2404 2336 vero
2433 2283 2582 2342 clare
2624 2283 2905 2342 damnatas
2935 2294 3215 2355 cmpertmt
3245 2285 3483 2352 allegare
3528 2298 3648 2338 sen-

2062 2372 2256 2430 tentias
2288 2390 2298 2422 :
2354 2387 2498 2442 saepe
2526 2383 2794 2442 ponentes
2840 2375 3062 2432 insidias
3091 2375 3169 2430 eis
3223 2391 3252 2428 a
3284 2374 3478 2444 quibus
3508 2373 3648 2428 vide-

2058 2463 2255 2516 bantur
2275 2477 2394 2522 esse
2414 2465 2670 2532 convicti,
2691 2466 3043 2534 volentesque
3065 2467 3391 2523 zizaniorum
3412 2467 3649 2536 germina

2057 2555 2321 2610 radicare.
2354 2554 2419 2610 Et
2461 2565 2589 2618 tunc
2623 2559 2877 2618 timentes
2903 2559 3344 2628 declinantesque
3373 2559 3505 2612 tanti
3531 2572 3649 2613 con-

2059 2649 2169 2702 cilii
2196 2649 2499 2716 cognitores
2524 2691 2538 2713 ,
2576 2651 2786 2710 occulte
2816 2659 3002 2720 postea
3035 2652 3248 2721 pictatis
3279 2650 3651 2720 praedicatores

2060 2739 2334 2795 debellare
2364 2742 2666 2797 tentabant.
2699 2741 2805 2798 Sed
2835 2759 2942 2798 non
2965 2744 3236 2798 credimus
3259 2743 3505 2798 homines
3533 2741 3650 2795 sine

2061 2830 2174 2885 Deo
2203 2846 2359 2900 posse
2408 2833 2698 2900 praevalere
2739 2841 2930 2890 contra
2975 2847 3182 2888 sacram
3211 2831 3649 2900 adorandamque

2061 2918 2233 2987 legem
2290 2921 2762 2992 evangelicamque
2815 2922 3136 2982 doctrinam.
3193 2922 3325 2976 Nam
3373 2923 3498 2982 licet
3553 2919 3650 2972 ad-

2060 3009 2278 3063 modum
2341 3010 2698 3076 roborentur,
2761 3027 2945 3066 rursus
3011 3012 3218 3067 fortiter
3271 3021 3327 3065 et
3373 3009 3651 3079 magniﬁce

2061 3096 2430 3164 devincuntur,
2474 3100 2768 3160 secundum
2819 3101 3192 3171 propheticam
3216 3100 3434 3169 gloriosi
3463 3114 3649 3155 vocem

2063 3188 2230 3244 Isaiae.
2294 3189 2420 3245 limo
2482 3190 2662 3259 itaque
2713 3206 2937 3259 magnus
2993 3191 3323 3248 Eustathius.
3395 3190 3645 3246 Tusono-

2061 3297 2252 3344 unus,
2285 3283 2375 3336 lib.
2412 3297 2450 3345 ι,
2480 3300 2577 3351 cap
2631 3284 2685 3338 8.
2716 3283 2857 3340 Edit.
2891 3282 3186 3353 ClaristOpk.
3220 3293 3268 3337 et
3303 3283 3472 3340 Vates.
3525 3297 3644 3348 cap.

2066 3371 2118 3432 Ἰ.
2154 3389 2206 3440 p.
2242 3371 2330 3426 26..

2667 3505 2893 3562 CAPUT
2933 3506 3039 3562 Vll.

2461 3622 2662 3677 Relatio
2685 3623 2961 3680 Athanasii
2984 3623 3052 3677 ad
3079 3623 3256 3696 Afros.

2135 3756 2302 3824 Hujus
2325 3767 2504 3811 autem
2528 3766 2891 3823 concertator,
2918 3768 2971 3812 ct
2996 3757 3238 3813 veritatis
3258 3755 3650 3825 propugnaculi

2063 3849 2225 3902 turris
2255 3849 2598 3916 Athanasius,
2651 3863 2928 3902 successor
2975 3846 3264 3902 Alexandri
3309 3844 3651 3899 famosissimi

2061 3939 2323 4008 praesulis,
2357 3937 2574 4008 quando
2600 3938 2815 4006 scripsit
2842 3938 2906 3990 ad
2945 3935 3122 3999 Afros,
3173 3935 3334 3990 etiam
3364 3935 3477 3988 hanc
3505 3933 3648 4001 adje-

2062 4028 2135 4082 cit
2180 4047 2192 4080 :
2239 4028 2636 4082 Convenientes
2685 4030 2826 4082 enim
2870 4013 3108 4097 episcopi
3138 4027 3458 4081 studuerunt
3487 4024 3648 4078 verba

2061 4117 2276 4187 quidem
2306 4117 2599 4187 impietatis
2627 4117 2696 4172 ab
2727 4117 2941 4172 Arianis
2972 4117 3189 4171 inventa
3232 4115 3515 4184 perimere.
3547 4115 3649 4168 hoc

2061 4218 2164 4274 est,
2195 4224 2260 4263 ex
2295 4224 2402 4264 non
2445 4209 2817 4273 existentibus,
2854 4217 2910 4262 et
2957 4207 3101 4278 quod
3133 4207 3402 4268 dicebant,
3432 4212 3646 4260 creatu-

2062 4316 2176 4354 ram
2203 4310 2258 4354 et
2284 4301 2548 4354 facturam
2588 4300 2812 4365 Filium;
2862 4309 2936 4360 et,
2971 4300 3068 4353 fuit
3117 4298 3403 4366 aliquando
3433 4295 3649 4364 quando

2061 4403 2171 4442 non
2202 4389 2328 4454 fuit;
2353 4399 2428 4453 et,
2461 4391 2584 4458 quia
2615 4390 2982 4443 mutabilisest
3009 4387 3649 4455 naturtc.Scripturarum

2061 4493 2194 4533 vero
2221 4477 2530 4532 manifestas
2571 4493 2803 4548 posuere
2833 4478 3097 4531 dictiones
3129 4495 3142 4529 :
3175 4478 3298 4545 quia
3329 4492 3397 4530 ex
3429 4475 3538 4529 Deo
3563 4473 3649 4528 Fi-

2066 4568 2168 4622 lius
2192 4569 2506 4623 naturaliter
2535 4569 2841 4637 unigenitus
2879 4577 2981 4628 est.
3018 4568 3274 4635 Verbum,
3305 4567 3488 4622 Virtus
3508 4608 3522 4632 ,
3551 4564 3649 4621 Sa-

2066 4659 2265 4730 pientia
2288 4659 2402 4713 sola
2433 4657 2627 4725 Patris,
2652 4658 2792 4712 Deus
2824 4674 2998 4722 verus,
3031 4658 3169 4713 sicut
3197 4657 3434 4713 Joannes
3462 4657 3565 4718 ait;
3594 4664 3648 4710 et

2066 4754 2204 4807 sicut
2251 4753 2462 4822 scripsit
2492 4752 2706 4813 Paulus,
2739 4752 3065 4822 splendorem
3102 4753 3312 4821 gloriw,
3343 4761 3393 4804 et
3427 4751 3647 4820 ﬁguram

2065 4845 2367 4900 substantia:
2392 4846 2578 4912 (Hebr.
2612 4861 2646 4910 I,
2717 4845 2797 4912 '5),
2827 4845 3030 4900 docens
3063 4861 3184 4899 esse
3213 4843 3404 4898 Filium
3451 4840 3646 4894 Patris.

2065 4937 2166 5004 Qui
2195 4953 2326 4992 vero
2355 4939 2500 4992 circa
2543 4936 2834 4992 Eusebium
2883 4948 3036 4992 erant
3059 4977 3073 5002 ,
3127 4935 3344 5005 propria
3375 4932 3530 4987 tracti
3555 4947 3648 4986 ve—

2066 5028 2218 5083 sania
2248 5029 2605 5099 loquebantur
2627 5028 2993 5088 alterutris,et
3013 5028 3260 5081 dicebant
3293 5043 3305 5078 :
3331 5024 3648 5080 Consentia-

2064 5134 2202 5184 mus,
2232 5133 2354 5172 nam
2385 5127 2438 5172 et
2467 5133 2565 5172 nos
2587 5133 2652 5172 ex
2686 5118 2797 5172 Deo
2826 5134 3027 5172 sumus.
3055 5115 3203 5171 Unus
3231 5115 3372 5169 enim
3404 5115 3561 5178 Deus,
3580 5128 3645 5168 ex

2065 5224 2172 5278 quo
2201 5208 2380 5263 omnia
2417 5226 2430 5261 :
2459 5215 2533 5272 et,
2575 5206 2764 5260 Vetera
2791 5207 3106 5259 transierunt
3137 5221 3155 5258 :
3184 5219 3299 5258 ecce
3323 5205 3498 5256 omnia
3517 5219 3647 5257 nova

2066 5316 2132 5352 ex
2157 5297 2266 5352 Deo
2297 5309 2416 5352 sunt
2461 5301 2600 5369 facta
2626 5297 2714 5369 (11
2739 5296 2857 5351 Cor.
2893 5313 2946 5362 ν,
2984 5295 3090 5365 Π).
3122 5295 3442 5360 Cogitabam
3468 5304 3648 5349 autem

2068 5398 2124 5444 et
2152 5389 2282 5443 illud
2311 5390 2453 5459 quod
2504 5391 2555 5444 in
2599 5389 2823 5444 Pastore
2847 5389 3210 5457 conscriptum
3255 5398 3338 5442 est
3369 5406 3382 5441 :
3412 5387 3648 5441 Primum

2067 5481 2305 5534 omnium
2334 5481 2515 5545 crede,
2541 5479 2666 5551 quia
2698 5494 2834 5532 unus
2863 5487 2945 5532 est
2977 5477 3138 5542 Deus,
3169 5478 3259 5547 qui
3300 5477 3504 5532 creavit
3529 5477 3648 5531 uni-

2064 5587 2220 5627 versa
2257 5583 2418 5643 atque
2448 5572 2692 5644 perfecit,
2727 5581 2782 5625 et
2814 5569 3092 5624 constituit
3119 5585 3184 5623 ex
3231 5584 3336 5622 non
3380 5575 3648 5631 exstante,

2064 5671 2122 5715 ut
2148 5663 2275 5717 sint.
2299 5661 2468 5716 Porro
2499 5663 2586 5717 alii
2615 5659 2854 5733 episcopi
2879 5660 3136 5714 malitiam
3151 5658 3650 5722 videntesillorum,

2065 5763 2114 5809 et
2145 5756 2431 5825 pessimam
2463 5754 2754 5826 impietatis
2800 5760 2988 5808 artem.
3019 5749 3256 5822 apertius
3283 5758 3358 5809 et.
3381 5760 3440 5804 ut
3465 5749 3539 5803 ita
3559 5747 3644 5802 di-
