3990 6170
369 299 476 365 99!

373 519 596 580 pserunt
624 525 690 564 ex
719 507 1014 562 substantia
1032 505 1203 560 Patris
1223 521 1342 561 esse
1361 505 1587 569 Filium;
1619 513 1674 558 ut
1699 513 1960 558 creatura:

374 599 615 670 quidem,
647 615 713 653 eo
737 597 881 666 quod
911 613 1016 650 non
1042 597 1279 650 habeant
1327 611 1358 650 a
1409 593 1714 663 semetipsis
1745 603 1803 646 ut
1830 593 1955 656 sint,

375 691 469 746 sed
496 689 725 744 habeant
775 687 1092 758 principium
1140 686 1426 750 existendi,
1473 685 1774 740 dicantura
1805 683 1957 746 Deo;

373 781 543 836 Filius
573 789 749 833 autem
779 779 927 834 solus
967 778 1215 847 proprius
1261 792 1329 831 ex
1358 775 1658 830 substantia
1708 772 1961 829 credatur

376 872 569 927 Patris.
625 869 742 926 Hoc
789 871 930 924 enim
983 867 1252 938 Unigeniti
1302 870 1578 938 proprium
1627 875 1710 921 est
1764 872 1820 920 et
1845 865 1959 918 veri

376 963 537 1018 Verbi
568 961 759 1016 Patris.
776 961 904 1016 Haec
929 961 1111 1030 itaque
1134 961 1232 1014 fuit
1256 959 1471 1014 occasio
1495 967 1554 1013 ut
1572 973 1640 1013 ex
1663 955 1961 1014 substantia

376 1049 650 1104 diceretur
676 1047 870 1102 Patris.
899 1047 1101 1102 Rursus
1122 1055 1300 1102 autem
1327 1045 1724 1115 requirentibus
1750 1044 1962 1114 episco-

377 1141 460 1210 pis
481 1153 685 1210 paucos
712 1154 898 1194 eorum
926 1139 1018 1208 qui
1048 1139 1231 1193 Ariani
1266 1153 1385 1194 esse
1413 1139 1754 1207 putabantur,
1804 1137 1850 1191 si
1875 1137 1960 1190 di-

379 1237 566 1286 cerent
595 1229 784 1284 Filium
826 1244 933 1284 non
965 1243 1086 1284 esse
1125 1238 1425 1284 creaturam
1451 1267 1466 1291 ,
1499 1228 1594 1283 sed
1623 1227 1871 1281 virtutem
1907 1235 1964 1282 et

379 1324 696 1394 sapientiam
737 1323 907 1377 solam
939 1321 1133 1386 Patris,
1166 1331 1215 1376 et
1249 1322 1533 1391 imaginem
1555 1321 1959 1390 sempiternam,

382 1424 437 1472 et
469 1415 837 1471 indissimilem
861 1429 958 1482 per
982 1414 1160 1468 omnia
1189 1413 1331 1468 Patri
1351 1454 1364 1477 ,
1415 1429 1478 1469 ac
1504 1412 1671 1467 Deum
1700 1427 1886 1467 verum
1943 1429 1957 1464 :

379 1506 522 1576 capti
553 1513 675 1561 sunt
701 1505 790 1573 qui
823 1506 964 1559 circa
1009 1504 1298 1560 Eusebium
1330 1506 1614 1559 innuentes
1662 1505 1956 1568 alterutris,

379 1596 504 1666 quia
536 1605 592 1651 et
620 1597 734 1650 haec
760 1596 980 1650 veniunt
1026 1597 1186 1650 etiam
1216 1597 1284 1650 ad
1313 1612 1442 1660 nos;
1475 1611 1597 1650 nam
1641 1603 1697 1650 ct
1727 1610 1844 1660 nos,
1879 1595 1960 1648 in-

379 1685 589 1754 quiunt,
627 1685 801 1753 imago
829 1694 883 1740 et
907 1685 1078 1754 gloria
1104 1686 1333 1741 dicimur
1356 1686 1470 1741 Dei.
1513 1686 1589 1742 De
1625 1687 1778 1740 nobis
1816 1685 1959 1740 enim

1592 290 1639 352 Μ
1649 339 1662 352 .
1706 289 1982 350 AURELII
2018 291 2424 352 CASS‘IODORI

373 427 547 485 eatur,
579 417 908 474 manifestius
941 410 1194 471 dixerunt
1219 423 1286 470 ex
1327 413 1458 480 Deo,
1493 415 1545 470 id
1572 423 1677 482 est,
1718 413 1960 470 conscri-
1994 417 2031 468 A

2655 410 2880 467 CAPUT
2921 410 3055 468 VIII.

2293 500 2374 556 De
2403 500 2601 556 Sabino
2631 501 3128 557 Macedonianorum
3155 503 3414 574 episcopo.

2133 593 2335 650 Sabino
2377 595 2558 663 itaque
2584 610 2691 648 non
2737 593 3036 660 credamus,
3063 594 3153 664 qui
3183 610 3278 650 eos
3323 595 3520 652 idiotas
3547 612 3648 653 vo-

2063 686 2208 740 cavit
2252 695 2308 740 et
2354 686 2652 755 imperitos.
2704 683 2935 740 Sabinus
2973 684 3117 738 enim
3162 683 3438 740 Heracleae
3479 683 3649 742 Thra-

2063 775 2238 828 censis
2283 774 2790 830 Macedonianorum
2833 774 3153 842 episcopus,
3222 774 3404 828 habita
3451 790 3651 845 conge-

2063 866 2242 921 stione
2269 881 2458 922 eorum
2485 881 2603 936 qua:
2641 881 2738 935 per
2765 865 2976 919 diversa
3017 866 3244 920 concilia
3274 869 3438 938 228
3467 883 3650 924 sacer-

2063 959 2250 1013 dotum
2272 974 2341 1014 ex
2368 959 2570 1028 scripto
2595 957 2802 1026 prolata
2827 965 2972 1020 sunt,
3015 958 3093 1011 eis
3135 959 3226 1026 qui
3257 957 3487 1013 Nicmam
3513 975 3648 1014 con-

2063 1056 2347 1116 venerunt,
2371 1049 2519 1103 velut
2545 1048 2724 1102 idiotis
2743 1056 2801 1102 et
2828 1047 3163 1116 simplicibus
3184 1048 3464 1117 derogavit
3495 1067 3510 1102 :
3539 1065 3653 1104 non

2063 1141 2301 1196 sentiens
2327 1141 2580 1209 quoniam
2619 1149 2677 1194 et
2717 1139 2816 1209 ipsi
2845 1137 3076 1195 Eusebio
3103 1154 3226 1194 cum
3251 1139 3420 1195 multa
3447 1142 3649 1211 proba-

2065 1235 2210 1288 tione
2237 1233 2520 1287 conﬁtenti
2565 1232 2756 1298 ﬁdem,
2785 1229 2930 1286 velut
2971 1231 3171 1296 idiota,
3220 1231 3463 1287 noscitur
3489 1233 3650 1289 dero-

2063 1340 2209 1395 gare.
2242 1323 2311 1378 Et
2335 1324 2512 1394 aliqua
2535 1323 2752 1393 quidem
2783 1324 2968 1380 volens
2997 1325 3274 1392 prazteriit,
3316 1325 3494 1395 aliqua
3515 1342 3648 1382 vero

2065 1415 2356 1485 mitigavit;
2389 1423 2585 1469 cuncta
2607 1422 2786 1469 tamen
2809 1414 3105 1470 secundum
3127 1417 3400 1486 propriam
3419 1420 3650 1488 sumpsit

2063 1505 2438 1560 intentionem.
2473 1504 2538 1558 Et
2567 1504 2746 1558 laudat
2773 1504 2989 1573 quidem
3019 1513 3270 1574 tanquam
3304 1506 3407 1563 ﬁde
3429 1509 3646 1577 dignum

2065 1605 2256 1652 testem
2282 1595 2568 1651 Eusebium
2619 1594 2914 1665 Pamphili;
2963 1595 3147 1652 laudat
3173 1598 3331 1652 simul
3360 1607 3415 1653 et
3443 1600 3646 1668 princi-

2065 1703 2211 1758 pem,
2237 1695 2490 1755 tanquam
2521 1701 2583 1740 ea
2611 1700 2730 1754 quae
2766 1693 2891 1741 sunt
2931 1685 3354 1741 Christianorum
3383 1687 3648 1756 dogmati-

377 1785 436 1830 et
465 1775 678 1840 dicitur,
710 1787 765 1830 et
793 1777 997 1832 dictmn
1026 1787 1107 1833 est
1139 1796 1152 1832 :
1185 1777 1414 1848 Semper
1439 1779 1582 1832 enim
1631 1793 1728 1832 nos
1755 1779 1846 1847 qui
1881 1777 1957 1831 vi-
1993 1774 2032 1831 Β
2060 1785 2291 1832 tantem.
2337 1775 2531 1844 Culpat
2579 1783 2758 1828 autem
2797 1775 3098 1843 expositam
3147 1775 3200 1830 in
3241 1776 3414 1831 Nicma
3464 1777 3645 1842 ﬁdem,

377 1867 576 1932 vimus,
606 1874 661 1921 et
681 1868 909 1922 virtutes
939 1868 1116 1923 multa:
1136 1878 1286 1934 sunt;
1315 1877 1370 1924 et
1391 1883 1604 1938 egressa
1633 1867 1847 1938 quidem
1876 1877 1960 1921 est

379 1962 553 2016 omnis
583 1961 752 2017 virtus
799 1963 891 2016 Dei
921 1978 988 2017 ex
1038 1970 1178 2017 terra
1229 1961 1449 2034 Egypti
1483 1981 1496 2015 :
1525 1977 1713 2031 campa
1744 1976 1960 2031 quoque

373 2059 432 2104 et
461 2050 663 2106 locusta
689 2052 882 2107 dicitur
908 2053 1079 2108 virtus
1104 2066 1329 2120 magna;
1361 2061 1417 2107 et
1443 2067 1628 2107 rursus
1660 2068 1674 2104 :
1709 2050 1959 2105 Dominus

374 2142 618 2196 uirtutum
648 2143 912 2198 nobiscum
934 2145 951 2214 (
972 2143 1118 2198 Psat.
1141 2160 1263 2211 ην,
1292 2143 1324 2197 8
1348 2144 1388 2212 ).
1414 2141 1520 2198 Sed
1549 2144 1712 2197 etiam
1741 2143 1959 2213 proprie

374 2245 475 2286 nos
500 2231 592 2286 Dei
621 2233 1108 2288 sumus.Habemus
1132 2233 1237 2289 hoc
1261 2249 1368 2288 non
1395 2233 1957 2303 simpliciter,quandn

373 2330 428 2376 et
454 2321 648 2378 fratres
675 2324 889 2379 vocavit
928 2339 1046 2378 nos.
1090 2322 1146 2378 Si
1173 2331 1354 2378 autem
1385 2331 1442 2378 et
1469 2338 1652 2377 verum
1679 2323 1847 2376 Deum
1878 2321 1958 2376 di-

371 2424 498 2468 cunt
525 2411 716 2468 Filium
735 2454 753 2480 ,
784 2429 888 2468 non
919 2430 1018 2470 nos
1045 2415 1348 2470 contristat.
1393 2413 1588 2470 Factus
1620 2413 1762 2467 enim
1794 2429 1957 2468 verus

370 2512 473 2559 est.
511 2503 637 2558 Hmc
677 2513 762 2560 est
791 2504 1110 2560 Arianorum
1157 2511 1411 2573 corrupta
1453 2518 1624 2558 mens.
1659 2501 1764 2556 Sed
1795 2503 1955 2556 etiam

370 2591 472 2660 ipsi
500 2593 737 2662 episcopi
765 2593 1008 2648 videntes
1051 2609 1240 2649 eorum
1269 2593 1473 2656 dolum,
1515 2592 1849 2661 collegerunt
1889 2608 1956 2647 ex

369 2681 660 2752 Scripturis
681 2682 1037 2752 splendorem,
1073 2683 1295 2750 fontem,
1317 2691 1371 2736 et
1397 2682 1633 2746 ﬂuvium,
1659 2691 1712 2736 et
1733 2681 1952 2748 ﬁguram

371 2771 442 2826 ad
465 2772 816 2827 substantiam
849 2775 1134 2843 pertinere.
1168 2772 1235 2826 Et
1257 2771 1387 2827 illud
1420 2789 1432 2825 :
1461 2770 1526 2825 In
1545 2772 1738 2826 tantine
1763 2780 1847 2826 tuo
1875 2771 1952 2826 ri-

369 2861 600 2918 debimus
641 2864 810 2918 lumen
843 2865 1025 2935 (Paal.
1061 2881 1221 2928 xxxv,
1256 2861 1401 2932 10);
1449 2871 1544 2916 et:
1580 2861 1687 2934 Ego
1713 2872 1762 2916 et
1798 2863 1954 2916 Pater

371 2971 532 3010 unum
553 2971 727 3011 sumus
751 2956 928 3026 (Joan.
955 2974 1010 3024 x,
1042 2958 1152 3026 50).
1177 2955 1242 3010 Et
1262 2955 1461 3010 clarius
1487 2955 1597 3022 jam
1627 2969 1688 3009 ac
1719 2955 1954 3010 breviter

369 3047 806 3116 conscripserunt
824 3047 1338 3104 consubstantialem
1363 3047 1504 3101 Patri
1527 3046 1737 3100 Filium.
1760 3046 1949 3100 Omnia

368 3149 599 3204 namque
625 3137 874 3206 praedicta
904 3138 1042 3194 hanc
1068 3138 1510 3207 signiﬁcationem
1550 3138 1768 3192 habent.
1802 3137 1946 3191 Mur-
1976 3136 2024 3200 ρ

368 3228 600 3282 muratio
629 3227 892 3297 siquidem
922 3244 1134 3296 eorum,
1163 3228 1312 3298 quasi
1343 3229 1507 3284 verba
1551 3228 1666 3284 haec
1691 3243 1796 3282 non
1830 3228 1952 3282 fuis-

367 3324 490 3370 sent
535 3331 603 3372 ex
639 3317 1037 3387 Scripturarnm
1084 3320 1410 3375 auctoritate
1457 3318 1698 3389 prolata,
1731 3333 1828 3389 per
1857 3333 1952 3376 eos

369 3418 585 3474 quoque
635 3405 809 3461 inanis
862 3421 983 3463 esse
1031 3408 1389 3464 convincitur.
1445 3407 1526 3463 Ex
1587 3424 1693 3464 non
1749 3409 1950 3480 scripto

367 3513 601 3569 namque
630 3500 728 3570 ipsi
750 3502 910 3571 impie
923 3499 1491 3574 proferentes,quippe
1515 3503 1659 3574 quod
1687 3519 1950 3572 nusquam

367 3591 581 3660 penitus
602 3591 892 3662 invenitur,
935 3610 1003 3648 ex
1051 3610 1156 3649 non
1205 3595 1574 3660 exstantibus;
1607 3603 1681 3660 et,
1725 3595 1825 3648 fuit
1853 3595 1951 3648 ali-

367 3679 585 3748 quando
631 3681 847 3751 quando
878 3699 984 3738 non
1037 3683 1157 3751 fuit,
1188 3684 1324 3740 alios
1354 3685 1575 3754 culpant
1618 3702 1631 3737 :
1663 3695 1950 3755 propterea

368 3783 439 3822 cx
485 3784 592 3824 non
637 3772 850 3841 scriptis
880 3774 1253 3837 sermonibus,
1303 3775 1390 3844 pie
1425 3782 1615 3838 tamen
1663 3775 1950 3829 intellectis

366 3857 606 3914 damnati
634 3871 778 3915 sunt.
811 3861 914 3930 Ipsi
958 3878 1190 3933 namque
1219 3863 1388 3919 veluti
1427 3863 1494 3919 de
1515 3871 1752 3918 stercore
1793 3879 1951 3932 repe-

367 3948 570 4002 rientes
599 3949 739 4019 [ed.,
774 3949 897 4004 Niv.
937 3961 985 4006 et
1014 3951 1199 4017 Frob.,
1229 3952 1536 4026 repentes],
1589 3954 1704 4008 haec
1727 3969 1854 4009 vere
1882 3954 1950 4009 de

369 4044 516 4092 terra
547 4038 707 4092 locuti
739 4050 881 4094 sunt.
911 4041 1106 4096 Verum
1130 4045 1370 4113 episcopi
1421 4060 1526 4099 non
1553 4045 1769 4100 sibimet
1794 4046 1947 4100 adin-

365 4127 645 4183 venientes
664 4130 848 4195 verba,
895 4132 991 4187 sed
1021 4133 1282 4188 habentes
1313 4135 1425 4190 haac
1446 4151 1475 4188 a
1499 4135 1762 4199 Patribus,
1796 4138 1948 4192 testi-

366 4218 546 4273 monia
577 4221 1031 4288 conscripserunt.
1056 4222 1277 4278 Veteres
1317 4225 1459 4278 enim
1488 4227 1796 4281 sacerdotes
1823 4235 1949 4281 ante

365 4323 462 4364 eos
503 4325 640 4380 pene
667 4320 884 4366 centum
914 4313 1128 4380 triginta
1161 4329 1368 4382 magna:
1399 4313 1582 4370 Romtn
1608 4316 1948 4388 civitatisque

367 4405 565 4454 nostra:
592 4411 978 4457 accusaverunt
1007 4419 1195 4458 omnes
1220 4405 1311 4473 qui
1343 4406 1524 4461 dicunt
1552 4406 1810 4461 facturam
1853 4417 1946 4464 aut

2061 1877 2314 1938 tanquam
2361 1869 2429 1922 ab
2458 1868 2637 1921 idiotis
2684 1875 2739 1921 et
2767 1866 2898 1920 nihil
2937 1867 3232 1922 scientibus
3276 1868 3560 1934 traditam;
3591 1878 3645 1924 et

2057 1975 2217 2030 quem
2245 1960 2394 2013 velut
2421 1959 2720 2027 sapientem
2761 1967 2818 2012 et
2863 1958 2978 2012 sine
3019 1958 3296 2013 mendacio
3327 1967 3520 2014 testem
3547 1975 3644 2013 vo-

2059 2065 2186 2105 care
2229 2050 2541 2115 consuevit,
2590 2047 2706 2118 ejus
2734 2063 2895 2104 voces
2943 2056 3137 2118 sponte
3183 2051 3504 2104 contemnit.
3556 2051 3646 2106 Ait

2057 2141 2200 2196 enim
2234 2139 2496 2194 Eusebius
2531 2157 2544 2191 :
2579 2139 2714 2204 Quia
2763 2155 2831 2194 ex
2859 2139 2991 2194 viris
3036 2138 3132 2195 Dei
3170 2139 3400 2196 Niczeam
3449 2156 3644 2197 conve-

2057 2230 2350 2296 nientibus,
2380 2229 2470 2282 alii
2497 2229 2714 2298 quidem
2741 2229 3019 2298 sapientiae
3041 2243 3292 2285 sermone
3320 2231 3640 2298 micuerunt,

2056 2321 2147 2374 alii
2174 2319 2510 2374 continentia
2533 2319 2656 2373 vita:
2679 2319 2882 2373 laudati
2910 2329 3070 2387 sunt;
3111 2331 3166 2376 et
3193 2323 3444 2390 quoniam
3474 2324 3644 2393 impe-

2057 2417 2208 2464 rator
2229 2423 2464 2478 praesens
2493 2424 2682 2464 omnes
2708 2410 2772 2463 ad
2805 2411 3064 2465 unitatem
3090 2427 3241 2466 suam
3265 2415 3560 2470 concordes
3589 2424 3642 2470 et

2055 2507 2456 2554 consectatores
2483 2514 2602 2554 esse
2629 2501 2940 2568 perstruxit.
2966 2501 3058 2556 Sic
3096 2515 3225 2569 ergo
3254 2505 3522 2558 contraria
3561 2507 3642 2559 di-

2054 2597 2141 2644 cta
2169 2588 2376 2652 Sabini,
2408 2604 2507 2644 nec
2531 2606 2638 2644 non
2669 2589 2902 2657 Eusebii,
2928 2602 3088 2662 atque
3116 2605 3425 2648 consertum
3455 2611 3639 2652 eorum

2055 2679 2269 2735 sibimet
2289 2689 2672 2749 agnoscuntur.
2687 2680 2752 2734 Et
2770 2682 2813 2737 si
2836 2682 3052 2750 quidem
3077 2684 3271 2739 alicubi
3295 2702 3431 2755 opus
3459 2685 3637 2751 inerit,

2054 2771 2123 2828 de
2177 2772 2378 2828 Sabino
2428 2774 2871 2830 memorabimus.
2924 2774 3227 2832 Concordia
3284 2794 3414 2848 ergo
3461 2779 3580 2836 ﬁdei
3609 2797 3637 2837 a

2055 2876 2250 2931 magno
2279 2863 2331 2916 in
2371 2861 2545 2918 Nicaea
2595 2865 2807 2932 prolata
2850 2867 3102 2933 concilio,
3125 2868 3193 2922 ab
3234 2867 3470 2925 Eusebio
3496 2872 3637 2927 clara

2053 2967 2188 3006 voce
2215 2952 2450 3020 laudata,
2492 2953 2608 3008 haec
2635 2962 2738 3008 est.
2761 2954 3060 3023 Socnnss,
3084 2957 3175 3010 tib.
3202 2975 3235 3020 ι,
3264 2975 3380 3013 cao.
3407 2959 3458 3014 5.
3492 2959 3634 3016 Edit.

2055 3040 2245 3095 Christ.
2285 3040 2458 3097 Vales.
2490 3059 2607 3113 cap.
2639 3043 2692 3107 8,
2722 3061 2775 3114 ρ.
2807 3044 2896 3099 22.

2681 3174 2909 3231 CAPUT
2947 3178 3036 3236 IX.

2498 3285 2576 3341 De
2601 3287 2707 3358 ﬁde
2735 3287 2940 3344 Nicwni
2963 3293 3185 3347 concilii.

2119 3395 2398 3451 Credimus
2430 3398 2479 3450 in
2511 3414 2672 3452 unum
2715 3399 2900 3466 Deum,
2935 3402 3149 3458 Patrem
3186 3406 3636 3476 omnipotentem,

2050 3489 2288 3541 omnium
2315 3489 2599 3543 visibilium
2645 3491 3099 3562 invisubiliumque
3139 3492 3420 3551 factorem.
3476 3497 3541 3551 Et
3581 3499 3635 3554 in

2051 3595 2212 3633 unum
2245 3581 2526 3634 Dominum
2552 3579 2734 3635 Jesum
2760 3583 3052 3652 Christum,
3089 3585 3281 3642 Filium
3311 3588 3426 3652 Dei,
3453 3599 3635 3644 natum

2050 3687 2117 3726 ex
2142 3670 2321 3734 Patre,
2357 3673 2708 3741 unigenitum,
2733 3674 2840 3729 hoc
2861 3684 2963 3742 est,
2995 3691 3060 3731 ex
3091 3680 3387 3734 substantia
3420 3680 3634 3750 Patris;

2050 3759 2218 3815 Deun
2239 3775 2305 3815 ex
2337 3762 2464 3828 Deo,
2495 3765 2670 3818 lumen
2693 3779 2761 3818 ex
2787 3763 3010 3833 lumine,
3033 3767 3199 3822 Deum
3221 3784 3403 3823 verum
3427 3785 3492 3824 ex
3523 3771 3637 3827 Deo

2049 3868 2199 3917 vero,
2227 3861 2410 3908 natum
2440 3871 2542 3910 non
2570 3855 2789 3920 factum,
2820 3857 3332 3912 consubstantialem
3356 3858 3521 3926 Patri,
3539 3878 3638 3931 per

2049 3959 2208 4014 quem
2251 3947 2428 4000 omnia
2460 3945 2602 4002 facta
2632 3955 2777 4014 sunt,
2819 3956 2876 4003 et
2925 3964 3044 4018 qua:
3074 3951 3125 4003 in
3155 3951 3314 4017 curio,
3355 3960 3410 4007 et
3435 3968 3552 4023 quae
3582 3955 3636 4008 in

2051 4045 2212 4090 terra.
2242 4036 2341 4103 Qui
2383 4047 2604 4107 propter
2629 4054 2729 4094 nos
2759 4041 3024 4108 homines,
3063 4050 3120 4096 et
3150 4052 3367 4112 propter
3396 4053 3636 4100 nostram

2049 4127 2276 4182 salutem
2323 4117 2633 4194 descendit,
2680 4137 2737 4185 et
2785 4130 3093 4187 incarnatus
3145 4144 3200 4188 et
3259 4133 3423 4190 homo
3463 4133 3637 4192 factus

2050 4223 2153 4282 est,
2203 4231 2415 4286 passus,
2442 4226 2498 4272 et
2524 4221 2820 4274 resurrexit
2865 4222 3022 4276 tertia
3078 4222 3182 4288 die,
3216 4232 3270 4278 et
3307 4227 3553 4281 ascendit
3582 4227 3635 4282 in

2050 4307 2236 4372 cmlos,
2265 4317 2321 4361 et
2346 4317 2604 4363 venturus
2623 4319 2706 4364 est
2741 4309 2986 4379 judicare
3013 4313 3167 4368 vivos
3196 4322 3250 4367 et
3283 4325 3542 4370 mortuos.
3571 4315 3636 4372 Et

2049 4401 2102 4456 in
2129 4401 2384 4472 Spiritum
2414 4413 2680 4459 sanctum.
2709 4403 2958 4460 Dicentes
2987 4414 3164 4460 autem
3217 4425 3230 4460 :
3267 4406 3395 4461 Erat
3416 4410 3636 4478 quando

367 4497 668 4544 creaturam
695 4505 813 4546 esse
842 4491 1052 4558 Filium,
1083 4503 1138 4548 et
1168 4510 1272 4549 non
1301 4498 1811 4552 consubstantialem
1841 4495 1942 4551 Pa-
1977 4501 2030 4560 D
2053 4509 2158 4547 non
2186 4501 2334 4560 erat;
2365 4505 2476 4560 aut,
2522 4511 2628 4549 non
2660 4503 2780 4550 erat
2826 4503 3118 4565 antequam
3150 4497 3335 4564 ﬁeret;
3367 4507 3478 4565 aut,
3507 4502 3635 4570 quia

367 4576 454 4630 tri.
489 4577 557 4631 Et
599 4579 700 4634 hoc
728 4581 934 4636 sciebat
961 4582 1224 4641 Eusebius
1269 4585 1614 4643 Cazsariensis
1643 4590 1946 4658 episcopus,

364 4667 458 4738 qui
485 4668 714 4737 primum
730 4671 1051 4728 defendebat
1073 4676 1393 4732 Arianorum
1419 4690 1643 4747 sectam,
1658 4679 1948 4735 novissime

369 4772 498 4813 vero
527 4760 842 4830 subscripsit
886 4761 1101 4818 Nicaeno
1141 4766 1392 4820 concilio.
1426 4767 1654 4836 Scripsit
1683 4776 1863 4823 autem
1891 4776 1948 4824 et

366 4849 573 4903 civibus
593 4851 726 4915 suis,
755 4851 1098 4917 conﬁrmans,
1127 4856 1251 4923 quia
1285 4865 1340 4909 et
1361 4857 1704 4927 antiquorum
1735 4859 1945 4928 aliquos

367 4940 558 4998 doctos
586 4952 642 4996 et
669 4943 905 5000 illustres
943 4945 1229 5015 episcopos
1257 4955 1312 5000 et
1341 4947 1736 5016 conscriptores
1774 4963 1941 5018 agno-

367 5031 534 5087 visset
575 5035 794 5088 nomine
823 5037 1398 5092 consubstantialitatis
1431 5054 1558 5094 usos
1587 5039 1638 5092 in
1681 5038 1854 5094 Patris
1892 5049 1950 5098 et

367 5116 488 5172 Filii
517 5119 735 5176 deitate.
765 5121 854 5176 Isti
876 5137 1004 5192 ergo
1031 5124 1318 5179 concilium
1350 5130 1946 5199 metuentes,exposit:e

369 5205 494 5262 ﬁdei
522 5220 954 5278 consenserunt,
985 5212 1280 5267 secundum
1315 5216 1591 5284 prophetae
1621 5218 1946 5289 incrcpatio-

368 5311 515 5362 nem,
547 5298 774 5354 dicentis
823 5319 836 5353 :
881 5300 1111 5372 Populus
1153 5304 1233 5358 hic
1271 5305 1423 5360 labiis
1450 5324 1531 5361 me
1577 5309 1818 5376 honorat,
1859 5327 1948 5366 cor

369 5395 541 5442 autem
561 5405 733 5443 eorum
759 5392 908 5462 longe
935 5403 1010 5448 est
1039 5411 1072 5447 a
1101 5413 1180 5449 me
1203 5395 1358 5466 (Isai.
1389 5414 1535 5464 χιιι,
1565 5399 1674 5468 15).
1701 5401 1948 5459 Theonas

369 5484 548 5533 autem
572 5487 624 5532 et
646 5479 926 5538 Secundus
951 5487 1194 5540 nolentes
1211 5488 1578 5557 acquiescere.
1605 5491 1948 5548 condemnati

369 5577 513 5622 sunt.
558 5567 752 5627 Postea
800 5589 930 5628 vero
980 5575 1032 5630 in
1093 5577 1377 5632 concilium
1413 5581 1725 5648 venientes,
1758 5585 1948 5652 viginti

366 5659 809 5728 conscripserunt
843 5661 910 5716 de
954 5665 1366 5720 conversatione
1411 5669 1772 5726 ecclesiastica
1819 5687 1947 5728 san-

369 5743 600 5805 ctiones.
623 5747 1046 5819 Tusononsrus,
1079 5754 1170 5809 lib.
1226 5772 1260 5822 ι,
1297 5772 1412 5824 cap.
1440 5757 1502 5824 8,
1525 5777 1579 5827 ν.
1605 5760 1688 5813 ‘27.

2055 4599 2120 4640 ex
2154 4600 2260 4640 non
2305 4587 2642 4641 exstantibus
2682 4585 2854 4642 factus
2902 4598 3011 4653 est;
3044 4597 3163 4652 aut,
3198 4603 3262 4644 ex
3306 4589 3475 4645 altera
3508 4593 3637 4647 sub-

2054 4677 2251 4730 stantia
2280 4676 2364 4729 vcl
2391 4677 2624 4731 essentia
2646 4676 2884 4731 dicentes
2911 4693 3066 4744 esse;
3099 4685 3213 4740 aut,
3243 4691 3501 4746 creatum,
3541 4693 3639 4738 aut

2053 4765 2459 4820 convertibilem
2510 4765 2701 4820 Filium
2739 4766 2852 4831 Dei,
2895 4766 2999 4822 hos
3036 4768 3171 4823 tales
3220 4769 3639 4826 anathematizat

2052 4855 2316 4911 catholica
2357 4864 2413 4910 et
2457 4856 2752 4925 apostolica
2799 4855 3059 4912 Ecclesia.
3102 4856 3251 4912 Hanc
3273 4861 3639 4915 venerabilem

2052 4943 2208 5000 ﬁdem
2238 4945 2466 5000 trecenti
2496 4946 2714 5014 quidem
2743 4946 2931 5002 decem
2969 4957 3021 5002 et
3052 4957 3179 5004 octo
3215 4957 3272 5003 et
3299 4961 3638 5018 agnoverunt

2047 5044 2105 5091 et
2125 5036 2356 5106 amplexi
2381 5043 2539 5102 sunt;
2570 5044 2657 5104 et,
2682 5035 2822 5091 sicut
2847 5037 2920 5090 ait
2951 5035 3232 5101 Eusebius,
3273 5051 3636 5096 consonantes

2049 5134 2105 5181 et
2129 5127 2408 5182 unanimes
2449 5127 2501 5181 in
2525 5127 2739 5197 scriptis
2760 5128 3203 5197 explanaverunt.
3231 5128 3480 5201 Quinque
3504 5147 3635 5187 vero

2048 5217 2384 5274 solummodo
2415 5234 2521 5272 non
2551 5228 2905 5289 receperunt,
2932 5221 3157 5274 verbum
3201 5225 3635 5278 consubstantia-

2049 5310 2217 5365 litatis
2244 5310 2703 5380 reprehendentes
2723 5353 2738 5380 ,
2769 5309 3030 5367 Eusebius
3061 5311 3385 5368 Nicomediae
3416 5317 3631 5384 prazsul,

2052 5400 2393 5468 Theogonius
2409 5401 2672 5468 Nicaanus,
2697 5401 2873 5457 Mares
2893 5402 3362 5469 Chalcedonensis,
3382 5404 3636 5462 Theonas

2051 5491 2488 5558 Marmaricenus,
2521 5490 2800 5547 Secundus
2831 5492 3196 5558 Ptolemaidis,
3231 5495 3474 5552 dicentes
3500 5512 3637 5552 con-

2051 5578 2404 5635 substantiale
2425 5595 2563 5644 esse,
2595 5581 2739 5649 quod
2768 5596 2834 5635 ex
2881 5582 3062 5650 aliquo
3091 5591 3193 5645 est,
3219 5592 3314 5638 aut
3352 5599 3418 5638 ex
3457 5588 3629 5659 parti-

2051 5669 2218 5732 tione,
2270 5680 2361 5724 aut
2405 5686 2468 5724 ex
2500 5672 2836 5739 decursione,
2895 5682 2988 5728 aut
3037 5690 3102 5729 ex
3147 5676 3498 5744 plantatione.
3551 5680 3634 5737 Ex

2052 5757 2382 5837 plantatione
2409 5761 2644 5828 quidem,
2669 5763 2810 5818 sicut
2839 5779 2904 5818 ex
2934 5765 3113 5820 radice
3140 5779 3396 5836 germen;
3446 5784 3510 5822 ex
3536 5769 3633 5827 de-
