3990 6170
304 289 428 347 92‘.)

1399 272 1719 332 HISTORIA
1745 269 2183 329 TRIPARTITA.
2228 268 2430 323 LIBER
2469 267 2532 323 ll.

3493 261 3598 321 930

313 404 570 463 cursione
594 397 895 462 vero,sicut
914 394 1123 466 paterni
1150 393 1360 460 lilii;~ex
1390 390 1683 461 partitione
1706 397 1904 448 autem,
1939 385 1986 444 A
2017 383 2112 452 pit,
2146 399 2254 438 uno
2281 379 2621 436 solummodo
2645 377 2901 449 inscripto
2937 385 2993 432 et
3023 376 3224 432 inserto
3247 376 3600 432 consubstan-

320 499 458 554 sicut
479 509 545 549 ex
577 505 748 546 massa
776 502 938 544 aurea
961 486 1143 540 annuli
1171 484 1298 550 duo,
1326 482 1410 537 vel
1442 490 1569 535 tres.
1597 478 1904 534 Secundum

325 593 538 648 nullum
568 598 746 644 autem
771 587 985 649 horum,
1019 585 1283 652 inquiunt,
1318 589 1400 636 est
1437 581 1602 634 Filius
1629 578 1746 633 Dei.
1775 576 1903 632 Pro-

323 691 507 753 ptcrea
530 693 659 747 ergo
687 677 937 732 dicebant
967 676 1019 730 in
1045 672 1269 728 ﬁdcnon
1299 686 1417 727 esse
1438 668 1907 726 consentiendum.

327 772 617 825 Plurimum
646 768 910 838 siquidem
934 766 1100 820 verbo
1145 762 1723 818 consubstantialitatis
1751 761 1912 815 dero-

326 873 515 931 gantes
544 858 785 930 praedicti
811 858 906 910 viri
932 897 950 922 ,
983 857 1034 910 in
1068 855 1177 909 Arii
1206 853 1545 922 depositione
1574 852 1914 906 subscribere

329 955 636 1009 noluerunt.
667 950 899 1018 Ideoque
928 949 1163 1019 synodus
1198 946 1380 999 Arium
1411 953 1468 999 et
1507 951 1917 998 consectatores

329 1047 445 1116 ejus
469 1043 939 1100 anathematizavit
966 1056 1153 1095 omnes
1179 1059 1190 1092 :
1225 1039 1536 1108 adjicientes
1561 1051 1736 1106 neque
1761 1050 1916 1090 acce-

331 1137 461 1193 dere
482 1152 602 1192 eum
635 1135 686 1189 in
738 1133 1142 1187 Alexandriam.
1187 1129 1630 1198 Prmceptumque
1659 1127 1919 1198 principis

332 1238 555 1300 repente
593 1225 840 1282 eumdem
869 1225 1076 1289 Arium,
1120 1231 1178 1278 et
1216 1222 1306 1290 qui
1336 1223 1481 1277 circa
1509 1221 1816 1283 Eusebium,
1863 1228 1919 1275 et

334 1319 727 1388 Theogonium,
757 1326 813 1372 et
859 1315 950 1385 qui
979 1331 1103 1370 cum
1132 1314 1212 1369 eis
1239 1321 1424 1374 erant,
1453 1312 1647 1367 exsilio
1672 1313 1921 1380 deporta-

335 1411 430 1465 vit.
460 1409 756 1474 Socanes,
779 1405 870 1461 lib.
895 1421 933 1474 ι,
964 1421 1079 1474 cap.
1108 1402 1160 1459 5.
1193 1402 1340 1457 Edit.
1367 1403 1561 1458 Christ.
1595 1402 1768 1457 Vales.
1797 1419 1916 1472 cap.

337 1500 391 1567 8,
421 1517 474 1570 p.
506 1497 595 1552 22.

966 1626 1194 1683 CAPUT
1235 1626 1300 1682 X.

2011 475 2254 530 tialitatis
2280 474 2467 528 verbo.
2493 471 2646 539 Quod
2677 471 2837 526 etiam
2877 470 2991 540 ipse
3014 469 3487 539 interpretabatur,
3515 469 3602 524 di-

2011 581 2139 621 cens
2171 584 2184 620 :
2214 566 2337 635 quia
2368 580 2473 620 non
2503 563 2794 619 secundum
2823 577 3114 633 curporeas
3161 563 3439 631 passiones
3467 578 3603 618 cou-

2014 655 2366 710 substantiale
2407 653 2624 718 dicitur,
2679 666 2854 720 neque
2905 651 3198 707 secundum
3245 651 3605 720 divisionem,

2014 760 2189 812 neque
2216 743 2511 799 secundum
2541 741 2826 811 quamdam
2852 740 3179 796 decisionem
3203 756 3267 794 ex
3299 739 3457 795 Patre
3479 742 3605 796 sub-

2013 837 2220 890 sistere.
2247 835 2359 889 Non
2391 835 2533 888 enim
2565 849 2722 903 posse
2751 841 2995 888 naturam
3027 834 3140 888 sine
3167 833 3391 888 materia
3442 834 3604 888 intel—

2015 926 2271 994 ligibilem
2303 927 2788 994 iucorporeamque
2809 925 3076 993 corporali
3107 925 3282 992 aliqua
3312 924 3606 979 subsistere

2017 1015 2290 1082 passione,
2324 1014 2417 1068 sed
2465 1015 2631 1068 sacris
2659 1013 2978 1082 quibusdam
3019 1013 3476 1082 ineﬁ‘abilibusque
3515 1029 3606 1067 ra-

2019 1105 2254 1159 tionibus
2284 1105 2451 1172 magis
2476 1105 2895 1174 intelligendam.
2927 1103 2988 1157 Et
3014 1105 3438 1174 sapientissimus
3484 1103 3608 1174 qui-

2020 1195 2144 1248 dem
2167 1204 2329 1264 atque
2352 1195 2623 1265 piissimus
2651 1196 2944 1267 imperator
2972 1198 3134 1266 229
3163 1195 3234 1249 ita
3263 1196 3610 1265 philosopha-

2020 1287 2198 1340 batur.
2233 1286 2379 1341 Fidei
2409 1300 2538 1354 ergo
2568 1287 2946 1356 explanatione
2990 1287 3212 1352 dictata,
3259 1284 3610 1355 quemadmo-

2023 1376 2148 1429 dum
2177 1378 2246 1430 ab
2273 1377 2351 1430 eis
2375 1377 2576 1430 dictum
2607 1377 2694 1442 sit,
2727 1391 2794 1431 ex
2821 1377 3118 1431 substantia
3156 1374 3348 1438 Patris,
3381 1385 3436 1430 et
3467 1374 3610 1430 Patri

2022 1468 2552 1533 consubstantialem,
2593 1483 2698 1521 non
2729 1477 2812 1521 est
2833 1469 2950 1521 sine
2978 1466 3375 1522 examinatione
3415 1466 3614 1520 dereli-

2024 1571 2187 1614 ctum.
2219 1558 2658 1615 Consultationes
2709 1560 2851 1613 enim
2899 1567 2956 1614 et
3001 1559 3378 1628 responsiones
3419 1557 3615 1612 deinde

2024 1650 2401 1715 movebantur,
2438 1657 2493 1704 et
2535 1665 2688 1704 mens
2715 1648 3154 1720 perscrutabatur
3179 1647 3441 1702 dictorum
3486 1662 3614 1702 sen-

342 1741 610 1808 Quomodo
649 1739 900 1812 Eusebius
947 1749 996 1812 et
1045 1739 1400 1810 Theogonius,
1452 1740 1574 1794 dato
1613 1741 1928 1809 ρωηὶιεηιὶω
1961 1747 2003 1804 Β
2031 1758 2168 1797 sum.
2195 1741 2262 1796 Et
2290 1743 2393 1797 hoc
2418 1755 2547 1810 ergo
2593 1744 2737 1812 quod
2783 1743 3000 1796 aiebant
3027 1740 3094 1797 de
3138 1739 3457 1806 substantia,
3486 1753 3617 1794 con-

835 1809 1026 1875 libello,
1055 1809 1244 1879 recepti
1282 1820 1422 1864 sunt.

418 1923 678 1979 Eusebius
700 1923 860 1992 igitur
888 1930 943 1976 et
977 1921 1320 1989 Theogonius
1348 1929 1470 1991 post
1496 1921 1762 1976 modicum
1793 1931 1926 1976 tem-

346 2031 445 2085 pus
473 2013 666 2076 exsilii,
700 2012 935 2066 libellum
966 2010 1296 2080 paenitentia:
1339 2011 1693 2080 porrigentes,
1737 2011 1790 2064 in
1824 2010 1928 2064 ﬁde

346 2101 918 2159 consubstantialitatis
937 2109 1346 2164 consenserunt,
1363 2101 1506 2168 quod
1535 2100 1929 2155 declarabimus

347 2193 719 2265 procedentes.
746 2191 895 2247 Tunc
921 2199 1102 2246 autem
1131 2190 1184 2244 in
1209 2189 1416 2262 synodo
1436 2189 1701 2268 Eusebius
1729 2204 1930 2259 cogno-

349 2284 493 2338 mine
521 2281 786 2352 Pamphili
827 2280 1085 2336 Caasareae
1115 2279 1406 2336 Palaestina:
1448 2283 1671 2337 sortitus
1715 2284 1930 2352 episco-

349 2383 554 2446 patum,
586 2372 857 2442 paululum
906 2370 1340 2426 animadvertens
1370 2379 1533 2439 atque
1562 2371 1926 2439 considerans,

351 2474 528 2520 utrum
558 2471 836 2533 oporteret
882 2461 1079 2530 suscipi
1126 2463 1409 2516 terminum
1460 2461 1604 2530 ﬁdei,
1660 2479 1764 2517 una
1809 2478 1932 2518 cum

353 2557 474 2611 aliis
502 2555 772 2618 omnibus,
793 2555 897 2609 hoc
922 2561 1006 2608 est
1021 2568 1142 2608 cum
1165 2553 1413 2608 universa
1443 2554 1782 2607 multitudine
1803 2571 1934 2609 eon-

353 2645 521 2700 sensit
548 2654 708 2712 atque
737 2643 1072 2712 subscripsit,
1105 2655 1206 2696 nec
1233 2657 1337 2694 non
1369 2650 1422 2695 et
1467 2641 1667 2710 populo
1694 2643 1794 2698 sub
1837 2659 1930 2698 sua

353 2736 573 2792 ditecesi
593 2734 888 2790 constituto
917 2733 1132 2802 scripsit
1161 2733 1444 2786 terminum
1489 2730 1633 2797 ﬁdei,
1659 2741 1715 2787 et
1739 2733 1936 2802 ubique

354 2827 640 2882 destinavit
667 2839 970 2882 sermonem
1004 2841 1016 2876 :
1049 2823 1316 2878 subtiliter
1367 2823 1938 2878 consubstantialitatis

355 2934 553 2974 nomen
586 2920 997 2987 interpretatus;
1047 2922 1106 2969 ut
1132 2929 1472 2984 nequaquam
1522 2915 1736 2984 penitus
1766 2914 1938 2984 suspi-

355 3012 569 3067 cionem
618 3009 899 3063 adversam
935 3006 1002 3062 de
1054 3021 1122 3062 eo
1173 3006 1395 3076 quilibet
1426 3007 1625 3062 habere
1679 3008 1935 3077 potuerit.

2026 1837 2204 1891 stabat
2229 1835 2370 1905 apud
2399 1851 2495 1891 eos
2521 1835 2929 1903 signiﬁcativum
2950 1832 3162 1902 quidem
3191 1846 3310 1886 esse
3339 1847 3406 1887 ex
3435 1828 3616 1895 Patre,

2027 1942 2135 1980 non
2166 1933 2346 1980 tamen
2389 1933 2644 1993 tanquam
2674 1932 2880 1993 partem
2931 1938 3050 1977 esse
3097 1921 3288 1975 Patris.
3323 1919 3616 1990 Propterea

2028 2017 2184 2072 nobis
2221 2031 2436 2085 quoqi-e
2461 2016 2746 2070 videbatur
2788 2015 2926 2069 bene
2969 2029 3028 2069 se
3076 2014 3275 2068 habere
3301 2055 3316 2078 ,
3348 2022 3408 2066 ut
3436 2020 3620 2066 mente

2029 2107 2456 2161 consentiremus
2485 2106 2586 2174 pia:
2609 2104 2866 2160 doctrinae
2888 2102 3112 2158 dictanti
3139 2117 3206 2156 ex
3237 2099 3397 2154 Patre
3424 2099 3619 2153 Filium

2030 2214 2166 2264 esse,
2199 2214 2307 2252 non
2337 2208 2514 2252 tamen
2537 2205 2746 2267 partem
2786 2196 2904 2265 ejus
2949 2211 3069 2252 esse
3113 2194 3442 2249 substantiae.
3477 2193 3620 2260 Qua-

2030 2296 2253 2359 propter
2296 2297 2353 2344 et
2405 2305 2504 2344 nos
2554 2296 2736 2344 mente
2782 2287 3172 2351 consensimus,
3228 2299 3405 2355 neque
3431 2299 3620 2339 vocem

2031 2378 2603 2434 consubstantialitatis
2631 2377 2943 2441 refutantes,
2976 2376 3148 2445 posita
3177 2389 3286 2444 pra:
3313 2373 3486 2428 oculis
3519 2389 3622 2428 no-

2033 2470 2159 2524 Stris
2189 2469 2336 2538 pacis
2364 2469 2681 2532 intentione,
2711 2476 2767 2521 et
2795 2467 2862 2520 ab
2892 2465 3164 2520 intellectu
3189 2464 3487 2518 rectissimo
3518 2478 3624 2516 non

2034 2561 2308 2616 cadentes.
2340 2559 2647 2615 Secundum
2681 2559 2782 2613 boc
2809 2558 2970 2612 etiam
2996 2564 3200 2620 natum,
3223 2564 3278 2610 et
3297 2571 3404 2610 non
3427 2553 3624 2610 factum

2034 2649 2367 2719 suscepimus
2392 2667 2406 2703 :
2437 2649 2722 2718 quoniam,
2755 2647 2977 2713 factum,
3007 2659 3292 2701 commune
3332 2659 3452 2700 esse
3479 2643 3623 2698 dice—

2035 2739 2166 2794 bant
2193 2753 2329 2808 opus
2356 2739 2682 2808 reliquarum
2729 2745 3096 2792 creaturarum
3126 2735 3387 2790 factarum
3415 2749 3513 2804 per
3539 2733 3624 2788 Fi-

2038 2830 2190 2896 lium,
2214 2845 2439 2898 quarum
2482 2829 2612 2883 nihil
2641 2829 2813 2883 simile
2845 2827 3044 2882 habere
3087 2826 3277 2880 Filium
3308 2824 3624 2881 conﬁtemur

2038 2933 2094 2974 et
2122 2921 2492 2990 prmdicamus.
2529 2919 2681 2973 Unde
2725 2935 2831 2972 non
2876 2933 2998 2972 eum
3044 2932 3165 2972 esse
3203 2916 3462 2971 facturam
3491 2916 3626 2971 dici-

2040 3027 2176 3072 mus,
2202 3011 2345 3079 quod
2371 3010 2616 3078 congruit
2643 3010 2705 3062 iis
2733 3025 2852 3077 qum
2869 3023 2966 3078 per
2993 3023 3116 3062 eum
3139 3009 3276 3063 facta
3309 3017 3628 3076 noscuntur,

354 3102 494 3157 Sunt
519 3109 698 3156 autem
724 3115 842 3171 quae
871 3098 938 3152 ab
967 3098 1081 3168 ipso
1107 3096 1333 3153 Eusebio
1355 3099 1657 3168 conscripta
1683 3107 1807 3152 sunt
1835 3099 1935 3153 bu-
1964 3101 2012 3163 C
2041 3100 2134 3157 sed
2162 3100 2405 3169 superius
2428 3114 2589 3168 quam
2641 3098 2880 3161 facturae,
2927 3101 3092 3154 totius
3133 3112 3252 3153 esse
3297 3098 3629 3164 substantiae,

356 3194 587 3264 jusmodi
609 3194 791 3247 verba.
818 3191 1113 3256 Socmt'rss,
1145 3189 1234 3242 lib.
1263 3205 1299 3254 ι,
1320 3206 1436 3257 cap.
1473 3187 1524 3242 5.
1555 3188 1702 3244 Edit.
1746 3189 1936 3244 Christ.

367 3286 540 3341 Vales.
571 3302 686 3354 cup.
711 3282 766 3347 8,
795 3300 851 3353 p.
888 3281 977 3335 23.

977 3433 1202 3490 CAPUT
1243 3433 1329 3488 XI.

361 3552 602 3624 Epistola
630 3549 837 3604 Eusebii
870 3545 1362 3669 Purrzigjgsgﬁolide
1388 3542 1596 3598 Nicami
1625 3544 1829 3599 concilii
1876 3545 1945 3598 ad

1034 3617 1316 3670 altestinos.

435 3730 767 3784 Arbitramur
795 3736 848 3782 et
878 3743 1001 3791 vos,
1055 3723 1405 3786 dilectissimi,
1435 3722 1596 3778 etiam
1626 3725 1839 3780 aliunde
1867 3725 1948 3780 di-

365 3821 576 3885 dicisse,
609 3820 748 3874 fama
776 3827 1028 3872 consueta
1062 3832 1390 3886 praecurrere
1437 3793 1729 3886 perfectum
1769 3820 1835 3871 de
1866 3817 1949 3872 his

364 3930 484 3984 qua:
509 3922 657 3982 gesta
693 3919 815 3965 sunt
841 3925 1165 3964 sermonem.
1197 3909 1302 3963 Sed
1334 3924 1399 3962 ne
1427 3925 1494 3962 ex
1524 3908 1824 3977 bujusmodi
1854 3923 1950 3961 au-

367 4004 481 4059 ditu
509 4003 706 4056 veritas
733 4000 885 4054 vobis
905 4000 1058 4053 aliter
1088 3999 1377 4061 nuntietur,
1410 4000 1710 4052 necessario
1747 3998 1945 4051 direxi-

365 4092 650 4148 musvobis
679 4091 906 4160 primum
935 4089 1150 4157 quidem
1171 4090 1490 4158 scripturam
1521 4104 1549 4142 a
1579 4089 1731 4143 nobis
1757 4089 1824 4144 de
1847 4087 1952 4144 ﬁde

365 4183 719 4253 propositam.
751 4179 884 4233 Nam
907 4188 960 4231 et
989 4178 1240 4232 Dominus
1263 4188 1443 4233 uoster
1463 4179 1529 4232 ad
1558 4180 1951 4248 praedicandum

366 4273 657 4341 discipulos
685 4286 811 4326 suos
847 4271 1063 4323 mittens
1087 4308 1103 4333 ,
1135 4268 1209 4322 ait
1259 4287 1271 4320 :
1320 4266 1516 4322 Euutes
1555 4269 1730 4322 docete
1776 4287 1951 4324 omnes

365 4373 562 4435 gentes,
593 4362 910 4428 baptizantes
949 4375 1036 4412 eos
1070 4359 1124 4411 in
1154 4360 1359 4411 nomine
1387 4357 1582 4422 Patris,
1626 4368 1674 4411 et
1717 4356 1874 4423 Filii,
1905 4368 1952 4413 et

2042 3205 2202 3259 quam
2244 3205 2311 3244 ex
2359 3186 2521 3242 Patre
2565 3199 2746 3242 natam
2789 3189 2967 3244 divina
3020 3188 3219 3244 docere
3245 3189 3497 3244 videntur
3522 3189 3628 3244 elo-

2041 3283 2198 3350 quia;
2231 3281 2391 3336 modo
2416 3280 2612 3349 quippe
2640 3281 3003 3348 generationis
3029 3281 3370 3335 inenarrabili
3398 3291 3454 3336 et
3481 3281 3631 3336 inco-

2042 3371 2248 3439 gitabili
2285 3369 2548 3424 existente
2576 3371 2837 3424 universae
2867 3379 3068 3423 naturae
3096 3369 3297 3424 factore
3339 3370 3469 3442 [ed.,
3500 3367 3628 3423 Niv.

2045 3471 2094 3516 et
2121 3460 2305 3527 Frob.,
2337 3458 2535 3529 factae].
2583 3461 2673 3515 Sic
2700 3469 2879 3513 autem
2903 3468 2958 3513 et
2979 3459 3486 3514 consubStantialem
3515 3473 3633 3515 esse

2047 3553 2194 3608 Patri
2221 3553 2412 3608 Filium
2438 3555 2577 3608 ratio
2608 3553 2910 3608 exainioata
2951 3553 3266 3622 cognoscit,
3299 3568 3408 3606 non
3439 3567 3634 3608 secun-

2048 3645 2173 3698 dum
2203 3659 2490 3713 corporum
2531 3646 2778 3709 modum,
2811 3658 2987 3713 neque
3033 3643 3348 3697 mortalibus
3393 3643 3635 3697 animan-

2052 3734 2190 3788 tibus
2213 3734 2535 3803 proximum.
2564 3733 2693 3786 Nam
2727 3749 2900 3802 neque
2929 3747 3028 3802 per
3047 3733 3364 3787 divisionem
3390 3732 3632 3786 substan-

2052 3826 2156 3890 tiae,
2191 3840 2363 3892 neque
2387 3824 2742 3879 defectionem
2775 3825 2914 3897 [ed.,
2947 3821 3354 3894 perfectionem}
3394 3831 3488 3876 aut
3514 3837 3635 3877 mu-

2052 3915 2309 3969 tationem
2360 3924 2594 3983 paternzn
2635 3915 2945 3969 substantia:
2973 3914 3058 3970 vel
3093 3914 3324 3969 virtutis.
3373 3912 3468 3967 llis
3494 3913 3639 3966 enim

2052 4012 2301 4065 omnibus
2349 4011 2582 4079 ingenita
2627 4020 2814 4065 natura
2861 4008 3033 4064 Patris
3083 4019 3340 4065 extranea
3387 4017 3488 4063 est.
3534 4005 3638 4062 Sed

2055 4103 2446 4172 praedicandum
2460 4112 2544 4158 est
2563 4117 2682 4157 esse
2709 4101 3220 4158 consubstantialem
3249 4099 3394 4155 Patri
3424 4098 3640 4160 Filium,

2054 4213 2121 4251 eo
2148 4197 2294 4266 quod
2325 4197 2523 4250 nullam
2552 4197 2911 4266 aequalitatem
2948 4196 3014 4250 ad
3049 4204 3324 4250 creaturas
3350 4191 3517 4248 factas
3545 4191 3642 4246 Dei

2055 4283 2219 4342 Filius
2242 4285 2470 4348 habeat;
2497 4284 2590 4338 sed
2620 4284 2719 4340 soli
2743 4283 2884 4337 Patri
2915 4283 3144 4351 genitori
3175 4297 3272 4351 per
3290 4295 3504 4335 omnem
3526 4295 3641 4334 mo-

2057 4375 2182 4429 dum
2207 4375 2279 4428 sit
2301 4374 2505 4436 similis,
2537 4381 2592 4426 et
2618 4388 2726 4426 non
2752 4374 2822 4426 sit
2847 4388 2913 4426 ex
2938 4372 3041 4426 alia
3069 4371 3310 4439 qualibet
3336 4369 3642 4446 substantia

369 4453 598 4522 Spiritus
619 4452 784 4504 sancti
818 4448 1031 4512 (Matth.
1067 4465 1250 4512 xxvm,
1275 4447 1384 4519 19).
1419 4448 1493 4502 De
1521 4449 1712 4516 quibus
1733 4448 1949 4502 etalﬁr-
1979 4461 2030 4522 Ι)
2055 4469 2139 4524 νει
2167 4468 2422 4530 essentia,
2465 4465 2557 4521 sed
2603 4481 2667 4520 ex
2699 4465 2890 4520 patris.
2921 4463 3077 4530 Quod
3122 4463 3288 4517 “iam
3332 4462 3506 4530 ipsum
3536 4460 3644 4516 hoc

368 4558 580 4596 ruamus
607 4543 674 4595 ita
704 4557 762 4594 se
783 4541 981 4594 habere
1003 4550 1060 4594 et
1097 4542 1168 4593 ita
1190 4555 1413 4608 sapere;
1437 4540 1531 4593 sed
1560 4542 1718 4594 etiam
1750 4539 1947 4594 dudum

367 4633 448 4687 sic
495 4632 761 4700 habuisse,
793 4642 840 4685 et
893 4633 960 4685 ita
1012 4632 1271 4700 sapuisse,
1314 4641 1369 4685 et
1415 4647 1582 4700 usque
1610 4633 1675 4685 ad
1725 4642 1952 4688 mortem

370 4737 471 4792 pro
500 4722 600 4777 hac
640 4722 838 4777 instare
863 4721 963 4777 ﬁde
994 4739 1008 4776 :
1040 4725 1558 4779 anathematizantes
1586 4739 1798 4779 oinnem
1839 4725 1956 4780 sine

369 4811 486 4868 Deo
523 4811 787 4867 haeresim.
822 4811 945 4868 llazc
973 4815 1153 4868 omnia
1198 4829 1266 4868 ex
1300 4814 1465 4870 corde
1492 4815 1735 4885 sapuisse
1762 4824 1817 4870 et
1841 4815 1957 4868 ani-

369 4921 484 4973 nia,
505 4920 570 4960 ex
599 4922 706 4974 quo
732 4905 977 4961 novimus
1017 4907 1404 4976 nosmetipsos,
1439 4916 1493 4961 et
1521 4923 1664 4962 nunc
1690 4922 1879 4978 sapere
1907 4917 1964 4962 et

370 4998 552 5054 dicere
605 5013 784 5053 coram
832 4999 1200 5066 omnipotente
1247 4997 1357 5053 Deo
1405 5007 1460 5054 et
1508 4999 1733 5053 Domino
1776 5009 1962 5054 nostro

370 5090 500 5146 Jesu
528 5091 740 5146 Christo
787 5106 904 5145 cum
936 5093 1159 5146 veritate
1201 5101 1494 5147 testamur:
1527 5094 1793 5148 ostensuri
1837 5110 1963 5163 pro-

373 5182 720 5248 bationibus,
749 5191 804 5236 et
846 5180 1166 5236 satisfacturi
1196 5183 1362 5248 vobis,
1409 5183 1532 5251 quia
1582 5193 1638 5237 et
1677 5184 1962 5253 praeteritis

375 5275 710 5344 temporibus
741 5275 810 5328 ita
852 5273 1173 5330 credidimus
1224 5281 1276 5328 ct
1305 5273 1724 5343 praedicavimus.
1775 5273 1885 5330 Hac
1930 5290 1961 5328 a

376 5367 534 5421 nobis
563 5367 802 5436 exposita
835 5365 956 5430 ﬁde,
983 5366 1113 5420 nulli
1134 5367 1348 5423 relictus
1368 5374 1452 5422 est
1478 5367 1761 5422 resistendi
1790 5367 1964 5423 locus.

374 5456 485 5513 Sed
530 5467 586 5513 et
628 5458 742 5526 ipse
787 5458 989 5528 primus
1013 5456 1124 5513 Deo
1161 5461 1403 5515 amabilis
1451 5461 1740 5540 imperator
1784 5469 1969 5515 noster

376 5548 674 5602 rectissime
700 5565 816 5602 eam
866 5549 1064 5604 habere
1102 5557 1325 5603 testatus
1363 5558 1463 5615 est,
1497 5559 1550 5604 et
1597 5551 1675 5604 sic
1711 5549 1874 5603 etiam
1906 5564 1964 5604 se

378 5638 650 5710 professus
679 5649 762 5695 est
787 5657 1009 5710 sapere;
1039 5649 1094 5694 et
1131 5641 1181 5695 in
1211 5640 1310 5695 hac
1339 5656 1526 5696 onmes
1555 5639 1862 5695 consentire
1910 5645 1968 5694 et

379 5731 737 5800 subscribere,
767 5741 822 5788 et
847 5733 898 5788 in
929 5733 1011 5790 bis
1039 5734 1376 5806 dogmatibus
1402 5734 1735 5792 concordare
1759 5746 1961 5806 praece-

2058 4557 2218 4612 modo
2260 4557 2670 4625 interpretatum
2723 4555 2861 4609 bene
2907 4568 2968 4608 se
3013 4552 3213 4606 habere
3243 4551 3412 4606 visum
3442 4560 3526 4606 est
3574 4550 3646 4604 ad

2060 4646 2499 4705 consentiendum
2547 4662 2560 4698 :
2609 4645 2864 4713 quoniam
2915 4652 2970 4698 et
3015 4643 3311 4714 priscorum
3355 4641 3647 4711 episcopos

2061 4738 2287 4809 aliquos,
2316 4745 2370 4791 et
2397 4735 2795 4804 conscriptores
2821 4735 3138 4804 eloquentes
3163 4742 3219 4788 et
3244 4733 3451 4788 nobiles
3478 4744 3649 4799 agno-

2064 4827 2238 4882 vimus
2260 4827 2311 4880 iu
2342 4823 2414 4879 Pa
2447 4826 2519 4879 ris
2546 4835 2601 4880 et
2630 4823 2749 4878 Filii
2781 4825 3069 4892 theologia,
3091 4823 3141 4877 id
3163 4831 3245 4877 est
3270 4822 3448 4876 divina
3479 4821 3646 4874 ratio-

2062 4921 2350 4984 cinatione,
2366 4920 2584 4974 nomine
2607 4917 3178 4974 consubstantialitatis
3200 4930 3319 4969 esse
3345 4928 3497 4968 usos.
3520 4911 3650 4966 "ac

2067 5012 2249 5080 itaque
2277 5012 2344 5065 de
2372 5013 2616 5080 exposita
2668 5009 2771 5065 lide
2813 5010 2918 5063 sint
2962 5007 3125 5073 dicta,
3171 5008 3222 5059 in
3267 5020 3372 5074 qua
3411 5005 3649 5060 universi

2063 5103 2448 5164 consensimus,
2466 5117 2572 5156 non
2595 5102 2711 5155 sine
2737 5097 3219 5158 animadversione,
3234 5097 3330 5149 sed
3355 5093 3648 5149 secundum

2065 5208 2253 5247 sensus
2273 5191 2548 5260 expositos
2569 5206 2753 5246 coram
2781 5191 2897 5259 ipso
2921 5189 3035 5242 Deo
3062 5185 3272 5240 amabili
3301 5184 3651 5240 examinante

2067 5281 2412 5349 imperatore,
2461 5289 2515 5333 et
2559 5279 2830 5349 praedictis
2879 5274 3176 5329 rationibus
3220 5271 3650 5337 concordantes,

2071 5371 2574 5424 anathematismum
2606 5377 2730 5438 post
2757 5368 2911 5422 ﬁdem
2944 5367 2994 5419 in
3023 5365 3102 5419 eis
3127 5365 3392 5433 prolatum
3413 5362 3527 5416 sine
3558 5361 3652 5414 tri-

2071 5459 2216 5514 stitia
2245 5473 2365 5512 esse
2388 5458 2728 5518 credidimus,
2762 5472 2828 5511 eo
2855 5455 2998 5524 quod
3021 5471 3126 5508 non
3155 5453 3370 5522 scriptis
3399 5452 3476 5505 uti
3505 5450 3652 5504 voci-

2073 5551 2174 5606 bus
2195 5552 2560 5621 prohiberent.
2607 5549 2759 5606 Unde
2809 5561 2947 5620 pene
3001 5546 3176 5602 omnis
3229 5543 3363 5598 facta
3387 5549 3470 5597 est
3515 5556 3649 5596 con-

2075 5640 2213 5695 fusio
2235 5652 2288 5696 et
2317 5641 2730 5711 iudisciplinatio
2759 5639 2968 5699 cunctis
2993 5637 3266 5693 Ecclesiis.
3300 5633 3452 5687 Nulla
3481 5632 3649 5700 siqui-

2073 5735 2196 5794 dem
2221 5737 2488 5808 scriptura
2517 5735 2770 5796 divinitus
2797 5732 3053 5804 inspirata
3081 5730 3312 5794 dicente,
3335 5739 3410 5780 ex
3438 5739 3545 5779 non
3565 5737 3662 5777 es-
