3990 6170
256 5788 275 5814 ι

358 338 456 395 9M

1588 328 1665 388 Ι.
1704 327 1987 386 Αυκωι
2025 325 2423 385 (Ἀδδεί)ὒοΒᾶ

3536 318 3639 374 932

356 456 652 524 stantibus;
681 463 793 521 aut,
822 451 920 507 fuit
950 448 1238 521 aliquando
1261 447 1478 517 quando
1504 461 1609 501 non
1637 446 1755 513 fuit,
1776 454 1833 500 et
1862 458 1942 499 rc-
1970 446 2021 505 Α
2045 455 2229 499 eorum
2251 444 2344 513 qui
2363 443 2432 497 ab
2451 448 2663 497 eosent
2680 438 2934 505 ordinati,
2953 439 3113 494 etiam
3135 453 3201 492 ex
3222 437 3325 493 hac
3352 446 3641 509 partequa:

355 546 516 616 liquis
534 558 654 613 qum
682 538 1045 613 proferebant,
1071 536 1440 592 irrationabile
1479 534 1634 590 nobis
1662 535 1836 590 visum
1857 540 1940 589 est

355 638 470 693 haec
498 636 679 691 dicere
706 633 791 687 vel
821 631 1019 686 docere
1053 647 1067 682 :
1111 629 1366 698 quoniam
1398 643 1574 697 neque
1600 628 1768 698 priori
1816 636 1944 681 tem-

355 740 489 799 pore
533 722 831 794 hujusmodi
862 720 1240 778 consuevimus
1289 720 1367 774 uti
1414 720 1771 775 sermonibus.
1818 718 1943 774 Hzcc

355 817 509 873 vobis
534 815 842 870 necessario
883 812 1195 881 scripsimus
1219 852 1235 879 ,
1286 810 1639 874 dilectissimi,
1682 810 1942 880 judicium

357 919 554 965 nostrae
593 905 1006 962 examinationis
1056 910 1114 958 et
1160 916 1482 958 consensum
1524 903 1678 957 vobis
1733 902 1945 956 innote-

357 1006 591 1054 scentes.
625 996 689 1050 Et
716 997 840 1065 quia
863 994 1258 1051 rationabiliter
1287 1001 1413 1049 tunc
1440 993 1655 1062 quidem
1687 1005 1786 1047 nos
1805 992 1943 1047 scri-

361 1099 448 1160 pta
478 1088 718 1158 quaedam
744 1085 913 1138 modis
945 1084 1063 1138 aliis
1094 1081 1469 1148 ol'cndebanl;
1502 1091 1687 1152 postea
1716 1074 1845 1136 vero
1868 1082 1947 1135 in-

360 1180 601 1234 dubitate
627 1192 690 1232 ea
719 1193 838 1247 qua:
882 1182 1038 1229 erant
1082 1176 1200 1231 sine
1246 1175 1664 1230 contristatione
1709 1173 1947 1242 suscepi.

363 1285 499 1324 mus.
545 1268 887 1337 Quapropter
914 1266 1328 1333 magnanimiter
1370 1265 1530 1318 nobis
1576 1279 1794 1318 sensum
1826 1279 1947 1318 ver-

362 1361 551 1416 borum
575 1357 1009 1423 discutientibus,
1037 1356 1241 1425 placuit
1280 1356 1609 1411 concordare
1638 1355 1690 1409 in
1716 1354 1799 1409 his
1825 1368 1947 1423 qum

363 1466 394 1505 a
425 1450 579 1505 nobis
607 1448 736 1518 ipsis
764 1447 815 1502 in
841 1445 962 1501 ﬁdei
991 1447 1331 1515 expositione
1359 1444 1603 1501 confessa
1631 1454 1774 1499 sunt.

433 1539 559 1595 Haec
586 1540 765 1610 itaque
802 1537 1066 1592 Eusebius
1116 1535 1379 1606 Pamphili
1422 1536 1474 1589 in
1501 1533 1802 1589 Caesaream
1846 1534 1949 1589 Pa-

364 1633 583 1689 ltestime
627 1631 818 1686 litteris
866 1628 1173 1699 explanavit
1214 1646 1227 1680 :
1275 1626 1650 1682 Alexandrina:
1673 1642 1801 1683 vero
1846 1627 1950 1683 Ec-

364 1725 560 1788 clesiae,
604 1730 660 1778 ct
689 1720 1037 1792 IEgyptiaczc,
1073 1726 1128 1774 et
1165 1717 1368 1789 Libym,
1401 1726 1456 1771 et
1485 1717 1861 1784 Pentapoleos,
1891 1725 1949 1772 et

2046 534 2345 604 placuerint
2371 532 2599 605 synodo,
2631 532 2783 587 vobis
2817 531 3172 597 insinuamus,
3202 526 3499 584 charissimi
3536 525 3642 581 fra-

2047 633 2174 681 tres.
2203 624 2411 678 Placuit
2433 639 2564 692 ergo
2592 623 2862 677 Melctium
2891 620 3105 690 quidem
3134 620 3384 675 clementi
3411 617 3641 673 concilio

2048 716 2193 787 (dum
2223 715 2402 769 subtili
2432 730 2665 783 veraque
2696 714 2906 767 ratione
2935 711 3136 767 nullam
3163 712 3375 765 veniam
3407 724 3645 765 meiere-

2048 805 2154 875 tur)
2185 821 2405 860 manere
2427 805 2640 874 quidem
2673 805 2724 859 in
2757 805 2973 874 propria
3000 804 3246 867 civitate,
3279 803 3480 857 nullam
3512 817 3643 858 vero

2046 897 2370 951 omnimodis
2392 896 2589 951 habere
2616 902 2941 966 potestatem
2972 909 3145 965 neque
3173 892 3428 961 eligendi,
3469 907 3645 963 neque

2046 985 2350 1053 ordinandi,
2388 1002 2490 1042 nec
2528 987 2582 1041 in
2613 986 2918 1056 provincia,
2943 1001 3047 1041 nec
3085 986 3138 1040 in
3162 985 3396 1055 qualibet
3426 985 3649 1041 civitate

2046 1076 2235 1141 videri,
2263 1092 2565 1146 purumque
2591 1088 2790 1139 nomen
2819 1075 3191 1131 tantummodo
3215 1075 3509 1146 possidere.
3536 1073 3650 1130 Eos

2050 1177 2228 1221 autem
2258 1169 2347 1236 qui
2370 1170 2439 1222 ab
2468 1169 2584 1237 ipso
2611 1176 2737 1224 sunt
2765 1167 3063 1230 constituti,
3096 1168 3321 1239 mystica
3355 1167 3649 1223 ordinatio-

2049 1275 2119 1312 ne
2140 1259 2380 1317 firmatos
2416 1262 2618 1316 habere
2659 1262 2921 1316 honorem
2960 1269 3018 1317 et
3065 1261 3444 1325 ministerium,
3472 1269 3531 1316 ut
3561 1270 3647 1315 ta-

2051 1366 2171 1405 men
2215 1361 2503 1420 sequentes
2543 1352 2652 1407 sint
2689 1352 2861 1408 modis
2906 1354 3157 1409 omnibus
3196 1354 3563 1408 universorum
3591 1354 3645 1409 in

2049 1441 2270 1509 singulis
2298 1442 2568 1511 parochiis
2595 1450 2650 1496 et
2673 1443 2914 1498 ecclesiis
2934 1458 2966 1497 a
2994 1444 3310 1498 charissima
3334 1451 3391 1499 et
3414 1445 3642 1499 commi-

2051 1534 2220 1588 nistro
2268 1542 2452 1588 nostro
2499 1533 2804 1589 Alexandro
2850 1543 3319 1597 consecratorum;
3350 1543 3407 1590 et
3458 1544 3518 1589 ut
3565 1535 3649 1591 his

2054 1624 2195 1678 nulla
2222 1632 2459 1694 potestas
2485 1625 2554 1679 sit
2573 1624 2797 1695 placitos
2823 1626 2923 1681 sibi
2951 1626 3167 1694 eligere,
3192 1634 3286 1681 aut
3314 1626 3525 1681 nomina
3552 1640 3647 1679 co-

2057 1728 2175 1767 rum
2195 1716 2356 1785 23o
2376 1713 2648 1784 prmfcrre,
2673 1722 2766 1768 aut
2786 1713 3005 1769 omnino
3033 1715 3231 1784 aliquid
3263 1728 3423 1783 agere
3452 1725 3647 1786 prmter

364 1830 483 1886 quae
528 1814 718 1869 vicina:
760 1821 925 1880 sunt,
974 1811 1089 1866 lucc
1135 1810 1349 1879 scripsit
1404 1810 1672 1864 communi
1728 1809 1944 1865 decreto

2062 1805 2379 1859 voluntatem
2389 1803 2640 1860 Ecclesiae
2661 1803 3188 1874 catholicteprmsulis
3200 1802 3646 1869 Alexandri.Gra-

365 1904 669 1961 concilium.
726 1901 1004 1958 Socnnss
1072 1900 1163 1955 lib.
1210 1914 1260 1968 1,
1306 1914 1423 1970 cap.
1465 1898 1519 1952 5.
1563 1897 1707 1951 ﬁdit.
1753 1898 1944 1953 Christ.

379 1996 548 2050 Vates.
571 2010 687 2064 cap.
712 1992 767 2059 8,
790 2011 844 2063 ρ.
872 1990 963 2044 25.

946 2098 1174 2157 CAPUT
1228 2101 1333 2156 XII.

367 2195 605 2269 Epistola
632 2193 836 2251 Νίσαεηὶ
866 2195 1072 2318 conciti}
1095 2196 1162 2317 ald
1184 2194 1556 2317 Al‘exaudrimn
1585 2202 1634 2250 et
1661 2193 1949 2269 Egyptian

1063 2281 1115 2318 es
1141 2281 1227 2318 ma
1253 2281 1306 2318 α.

1063 2281 1306 2319 εειιηαια.

435 2359 646 2416 Sancta:
670 2372 978 2428 magnaeque
1001 2356 1093 2411 Dei
1116 2358 1281 2424 gratia
1310 2358 1679 2413 Alexandrinas
1702 2357 1954 2414 Ecclesia:

368 2458 424 2505 et
450 2449 808 2505 dilectissimis
836 2446 1084 2502 fratribus
1108 2462 1205 2517 per
1229 2446 1538 2517 IEgyptum,
1563 2456 1619 2503 et
1647 2447 1884 2520 Libyam,
1900 2455 1955 2503 et

368 2539 700 2609 Pentapolim
749 2537 1070 2601 constitutis,
1105 2540 1413 2605 congregati
1451 2546 1507 2592 et
1536 2552 1781 2607 magnam
1829 2553 1957 2593 san-

369 2638 616 2697 ctamque
644 2627 906 2697 synodum
929 2626 1115 2682 Nicaea
1140 2628 1476 2684 celebrantes
1495 2630 1751 2700 episcOpl,
1779 2629 1831 2684 in
1848 2628 1955 2687 Do-

370 2721 515 2775 mino
542 2720 768 2772 salutem
1598 2724 1603 2727 ‘

442 2808 704 2875 Quoniam
738 2807 828 2861 Dei
874 2806 1064 2876 gratia,
1094 2812 1151 2861 et
1175 2806 1286 2862 Deo
1324 2807 1676 2863 amantissimi
1702 2809 1958 2879 principis

371 2899 539 2954 nostri
583 2896 959 2962 Constantini,
1004 2899 1377 2967 congregantis
1412 2915 1509 2954 nos
1534 2900 1587 2954 in
1613 2900 1745 2955 urbe
1763 2899 1959 2971 prtedi-

373 2999 459 3045 cta
486 3005 551 3043 ex
580 2989 870 3058 provinciis
899 2989 1125 3044 diversis
1149 2997 1203 3043 et
1229 2989 1535 3046 civitatibus
1556 3032 1570 3055 ,
1602 3005 1791 3060 magna
1833 3006 1960 3046 san-

372 3089 563 3150 ctaque
582 3077 819 3150 synodus
845 3081 1111 3133 celebrata
1142 3087 1257 3143 est,
1287 3081 1610 3136 omnimodis
1653 3083 1959 3137 necessario

374 3173 545 3226 visum
599 3178 680 3224 est
723 3171 789 3223 ab
836 3170 940 3223 hoc
984 3185 1142 3224 sacro
1187 3180 1480 3241 sanctoque
1526 3172 1753 3227 concilio
1795 3173 1959 3228 etia-

2065 3166 2299 3219 tulantiaa
2350 3164 2684 3220 voluntatem
2728 3183 2741 3220 :

375 3260 440 3315 ad
468 3275 565 3316 vos
609 3260 814 3315 litteras
839 3254 1126 3325 destinare,
1178 3273 1235 3315 ut
1290 3264 1545 3318 noveritis
1593 3263 1967 3353 quaeguidem

377 3365 522 3411 mota
542 3364 598 3410 et
617 3356 1071 3423 examinata,qu1c
1089 3370 1215 3410 vero
1237 3356 1550 3426 placuerunt
1567 3366 1732 3426 atque
1758 3355 1968 3410 firmata

379 3455 522 3502 sunt.
539 3447 676 3500 Ante
691 3446 868 3500 omnia
893 3445 1152 3515 siquidem
1176 3446 1437 3514 exquisita
1463 3456 1589 3502 sunt
1617 3447 1779 3518 impia
1798 3456 1852 3501 et
1868 3446 1969 3501 ini-

377 3551 483 3608 qua
509 3546 563 3592 et
588 3537 703 3591 sine
726 3535 835 3590 Deo
863 3535 1111 3605 dogmata
1138 3536 1271 3600 Arii,
1312 3539 1360 3590 ci
1383 3553 1468 3603 gue
1492 3539 1963 3608 consentientium,

379 3630 481 3684 sub
530 3629 813 3698 praesentia
862 3627 972 3681 Deo
1020 3628 1371 3681 amantissimi
1411 3628 1750 3697 imperatoris
1797 3628 1967 3684 nostri

379 3721 759 3786 Constantini,
805 3716 860 3773 et
901 3720 1137 3772 omnium
1179 3718 1393 3773 decreto
1461 3719 1787 3787 complacuit
1840 3734 1970 3772 aua-

382 3812 720 3869 tbematizari
768 3811 981 3881 impiam
1038 3810 1155 3877 ejus
1213 3816 1417 3864 sectam
1477 3816 1533 3862 et
1579 3809 1853 3878 iniquam,
1884 3816 1969 3863 at-

379 3920 486 3973 que
508 3906 623 3959 sine
647 3902 759 3957 Deo
781 3902 960 3962 verba,
984 3900 1140 3954 simul
1166 3908 1221 3954 ct
1244 3899 1461 3954 nomina
1482 3900 1676 3968 quibus
1696 3900 1966 3967 utebatur,

380 3994 571 4049 Filium
599 3992 695 4046 Dei
722 3990 1173 4061 blasphemando,
1207 3998 1260 4044 et
1298 3989 1525 4044 dicendo
1554 4007 1567 4042 :
1597 4004 1665 4044 ex
1708 4005 1815 4043 non
1867 4005 1968 4045 ex-

377 4083 644 4138 stantibus
666 4096 813 4144 esse;
857 4088 913 4134 et
940 4081 1153 4144 iterum,
1185 4079 1281 4133 fuit
1307 4080 1593 4148 aliquando
1614 4080 1828 4148 quando
1859 4096 1969 4136 non

380 4172 498 4226 fuit.
530 4170 807 4237 Quomodo
848 4170 988 4223 enim
1038 4169 1152 4233 fuit,
1188 4180 1281 4224 aut
1327 4171 1598 4239 quomodo
1638 4165 1829 4225 iterum
1862 4185 1969 4226 non

380 4262 522 4318 fuit?
551 4261 617 4316 Et
646 4277 743 4331 pro
763 4262 930 4315 libero
958 4261 1180 4322 arbitrio
1211 4262 1428 4317 malitia,
1463 4270 1624 4331 atque
1643 4264 1855 4317 virtutis
1881 4278 1973 4318 ca-

378 4353 607 4424 pabtlem
641 4352 829 4406 Filium
872 4350 962 4406 Dci
1004 4368 1122 4407 esse
1150 4353 1419 4417 dicentes,
1447 4361 1744 4408 creaturam
1795 4356 1970 4411 nomi-

380 4447 580 4500 nabant
608 4457 728 4498 cum
760 4454 919 4512 atque
950 4444 1225 4499 facturam.
1260 4444 1384 4500 Hmc
1410 4446 1570 4514 igitur
1592 4446 1768 4499 omnia
1805 4447 1967 4511 fatua,

2056 1894 2125 1945 tia
2158 1907 2387 1962 namque
2433 1892 2528 1947 Dei
2567 1899 2622 1947 et
2652 1892 2983 1948 orationibus
3011 1894 3202 1948 vestris
3234 1895 3285 1948 in
3329 1894 3475 1949 nullo
3497 1897 3644 1950 schi-

2053 1993 2225 2036 smate
2250 1988 2523 2051 repertos;
2553 1983 2646 2037 sed
2684 1985 2800 2037 sine
2831 1982 3033 2038 macula
3064 1984 3116 2037 in
3145 1985 3409 2041 catholica
3436 1994 3493 2041 et
3514 2001 3646 2055 apo-

2053 2073 2243 2129 stolica
2273 2072 2512 2129 Ecclesia
2542 2084 2917 2143 permanentes
2935 2115 2950 2140 ,
2976 2076 3194 2144 dignum
3218 2084 3302 2132 est
3324 2085 3643 2147 potestatein

2056 2166 2253 2220 habere
2277 2173 2332 2219 et
2359 2165 2586 2235 eligendi
2613 2166 2928 2234 quemlibet,
2958 2175 3013 2222 et
3032 2168 3249 2222 nomina
3279 2184 3464 2223 eorum
3484 2165 3643 2222 dandi

2054 2256 2144 2324 qui
2172 2255 2317 2309 clero
2335 2262 2459 2309 sunt
2489 2254 2631 2323 digni
2651 2270 2666 2321 ;
2685 2264 2739 2310 et
2767 2254 3011 2310 absolute
3038 2253 3217 2312 facere
3245 2256 3421 2311 omnia
3447 2272 3643 2313 secun-

2055 2351 2180 2403 dum
2228 2350 2399 2417 legem
2446 2358 2501 2403 et
2543 2347 2854 2404 sanctiones
2901 2347 3174 2405 Ecclesiae.
3222 2347 3279 2404 Si
3327 2364 3485 2419 qqu
3517 2362 3645 2403 vero

2056 2438 2341 2507 contigerit
2385 2438 2722 2509 requiescere
2776 2439 2828 2494 iu
2871 2439 3130 2505 Ecclesia,
3161 2449 3289 2496 tunc
3331 2438 3552 2510 provehi
3594 2443 3651 2494 in

2057 2531 2318 2584 honorem
2338 2529 2574 2584 defuncti
2593 2545 2688 2585 eos
2708 2531 2801 2600 qui
2829 2545 2999 2599 nuper
3018 2532 3274 2601 assumpti
3295 2540 3436 2595 sunt,
3449 2531 3650 2586 solum.

2058 2617 2219 2673 modo
2246 2617 2292 2672 si
2318 2616 2598 2672 videantur
2617 2618 2783 2686 digni,
2808 2629 2864 2673 et
2892 2618 3119 2689 populus
3139 2634 3234 2674 eos
3256 2620 3496 2688 elegerit,
3520 2636 3649 2676 con-

2059 2708 2385 2763 decernente
2411 2709 2641 2763 simulet
2665 2710 3016 2779 consignante
3043 2712 3292 2766 maxima:
3319 2710 3649 2767 Alexandrini

2059 2802 2292 2856 civitatis
2319 2801 2591 2871 episcopo.
2620 2799 2735 2858 Hoc
2762 2802 2942 2873 itaque
2964 2803 3083 2858 aliis
3103 2803 3318 2876 quidem
3341 2817 3649 2859 concessum

2060 2902 2144 2948 est
2190 2894 2456 2948 omnibus.
2511 2893 2568 2948 In
2612 2909 2840 2963 persona
2871 2907 2999 2948 vero
3054 2893 3253 2950 Meietii
3308 2910 3646 2965 nequaquam

2062 2983 2248 3039 eadem
2293 2983 2628 3053 placuerunt,
2658 2992 2880 3053 propter
2927 2985 3159 3054 priorem
3210 2984 3651 3056 indisclplinatio-

2065 3088 2184 3128 nem
2240 3074 2356 3142 ejus
2383 3113 2397 3136 ,
2439 3083 2495 3129 et
2546 3085 2768 3144 propter
2817 3074 3198 3144 procacitatem
3252 3075 3402 3144 ejus,
3448 3089 3513 3130 ac
3559 3090 3651 3145 pe-

2795 3181 2862 3220 ne
2920 3167 3022 3219 ulla
3079 3165 3297 3220 daretur
3365 3167 3655 3220 auctoritas

2072 3258 2155 3312 vel
2215 3265 2456 3327 potestas
2520 3258 2724 3312 homini
2788 3258 2877 3327 qui
2957 3266 3138 3327 posset
3195 3273 3381 3312 rursus
3444 3258 3654 3313 easdem

2072 3348 2582 3418 indisciplinationes
2629 3349 2912 3403 instruere.
2960 3347 3083 3403 Hasc
3126 3358 3251 3403 sum
3291 3348 3556 3418 praecipua
3605 3356 3656 3403 et

2071 3441 2431 3510 competentia
2462 3439 2698 3510 Egypto
2727 3448 2781 3495 et
2807 3441 3154 3495 sanctissima:
3175 3439 3657 3496 Alexandrinorum

2071 3529 2342 3586 Ecclesim.
2375 3529 2433 3584 Si
2457 3529 2585 3599 quid
2606 3536 2781 3583 autem
2805 3528 2945 3584 aliud
2977 3529 3277 3584 ordinatum
3307 3537 3391 3583 est
3411 3538 3503 3583 aut
3529 3527 3659 3597 dog-

2070 3627 2404 3693 matizatum,
2435 3634 2701 3685 praesente
2729 3627 2950 3682 domino
2977 3636 3136 3696 atque
3164 3627 3480 3683 charissima
3509 3641 3659 3682 cem-

2072 3719 2314 3773 ministro
2341 3727 2396 3771 et
2416 3716 2579 3772 fratre
2609 3727 2794 3772 nostro
2821 3718 3144 3782 Alexandro,
3172 3720 3285 3790 ipse
3312 3734 3547 3790 praesens
3567 3734 3661 3775 vo-

2066 3808 2154 3864 bis
2199 3809 2442 3864 subtilius
2480 3811 2676 3879 poterit
2702 3811 2940 3880 aperire,
2971 3818 3221 3880 tanquam
3263 3821 3451 3866 auctor
3476 3821 3660 3880 gesto-

2072 3917 2188 3955 rum
2215 3911 2269 3955 et
2296 3901 2720 3955 communicatur
2740 3902 2995 3957 existens.
3021 3901 3451 3969 Evangelizamus
3472 3912 3654 3957 autem

2074 3993 2223 4048 vobis
2250 4001 2305 4047 et
2331 3992 2398 4047 de
2423 3993 2775 4047 consonantia
2803 3993 3124 4049 sanctissimi
3148 3994 3382 4059 Paschtc,
3412 3994 3536 4063 quia
3564 4008 3661 4049 ve-

2073 4083 2201 4137 stris
2226 4083 2560 4137 orationibus
2584 4091 2667 4138 est
2689 4095 2993 4147 correctum
3022 4084 3183 4139 etiam
3199 4084 3301 4139 hoc
3331 4085 3571 4154 opus,ita
3604 4094 3660 4139 ut

2072 4188 2259 4229 omnes
2287 4171 2586 4229 Orientales
2627 4174 2846 4239 fratres,
2872 4176 2962 4244 qui
3007 4191 3127 4230 cum
3166 4174 3363 4230 Judmis
3412 4178 3661 4246 primitus

2070 4266 2433 4331 celebrabant,
2461 4280 2699 4321 consone
2727 4281 2845 4321 cum
2876 4263 3164 4330 Romanis,
3197 4274 3253 4319 et
3280 4264 3574 4329 vobiscum,
3605 4275 3661 4320 et

2071 4369 2191 4409 cum
2216 4354 2464 4409 omnibus
2491 4354 2557 4408 ab
2588 4354 2739 4409 initio
2768 4352 2968 4408 Pascha
3000 4354 3441 4417 custodientibus,
3468 4370 3534 4408 ex
3557 4356 3662 4410 hoc

2070 4452 2317 4513 tempore
2345 4443 2576 4498 debeant
2602 4442 2890 4498 custodire.
2924 4441 3258 4498 Exsultantes
3288 4444 3467 4515 itaque
3496 4445 3547 4499 in
3578 4446 3662 4501 his

379 4545 437 4589 et
465 4537 641 4594 anilia.
671 4544 724 4589 et
774 4536 1082 4604 blaSphema
1125 4537 1593 4591 anathematizavit
1639 4546 1880 4592 sanctum
1910 4546 1966 4593 et
1997 4552 2045 4610 ι)
2071 4548 2191 4603 qua:
2213 4543 2360 4602 gesta
2385 4542 2529 4597 sunt,
2556 4541 2612 4587 et
2632 4533 2683 4586 in
2713 4532 2980 4587 communi
3004 4548 3134 4601 pace
3163 4541 3324 4601 atque
3343 4533 3657 4598 concordia,

381 4624 682 4678 universale
708 4624 1082 4689 concilium,et
1112 4638 1209 4680 nec
1239 4640 1405 4693 usque
1433 4626 1498 4680 ad
1522 4614 1757 4679 auditum
1785 4625 1962 4696 impias

376 4722 540 4771 secta:
579 4722 741 4782 atque
783 4713 977 4769 furoris
1006 4714 1180 4784 hujus.
1221 4722 1313 4768 aut
1354 4716 1681 4769 intellectum
1709 4728 1962 4769 sensuum

380 4809 684 4877 iniquorum
729 4808 1175 4862 accommodavit.
1226 4806 1300 4860 Ea
1338 4807 1551 4876 quidem
1582 4819 1702 4875 quae
1748 4807 1817 4860 de
1858 4806 1964 4861 illis

378 4907 527 4966 gesta
557 4903 701 4962 sunt,
732 4896 944 4967 qualem
989 4896 1268 4950 terminum
1314 4896 1619 4961 habuerint,
1645 4895 1823 4948 omnia
1847 4894 1962 4963 jam

379 4994 475 5040 aut
500 4986 737 5048 audistis,
767 4995 860 5038 aut
885 4984 1110 5039 audietis
1133 5002 1147 5037 :
1180 5000 1246 5039 ne
1269 4999 1369 5038 nos
1390 4985 1527 5039 forte
1551 4984 1831 5038 videamur
1851 4982 1964 5039 viro

382 5076 642 5145 obloqui,
670 5083 893 5144 prepter
936 5073 1187 5129 delictum
1232 5088 1388 5127 suum
1440 5072 1762 5142 improperia
1807 5072 1968 5141 digna

387 5168 641 5236 portanti.
659 5165 887 5239 Tantum
909 5165 1104 5220 etenim
1125 5164 1287 5218 valuit
1307 5165 1423 5234 ejus
1443 5165 1703 5234 impietas,
1730 5166 1970 5220 utetiam

389 5256 638 5311 Theonas
662 5254 1107 5320 Marmaricenus,
1139 5263 1195 5309 et
1231 5252 1509 5310 Secundus
1537 5255 1877 5312 Ptolemaidis
1904 5270 1968 5310 ea

389 5354 685 5400 uterentur.
716 5344 859 5400 Idem
883 5346 1025 5399 enim
1051 5353 1106 5399 et
1132 5344 1207 5398 illi
1234 5345 1469 5399 damnati
1498 5355 1638 5400 sunt.
1696 5343 1800 5399 Sed
1830 5361 1968 5415 quo-

378 5438 522 5492 niam
553 5436 831 5493 iuefl’abilis
858 5438 1027 5505 gratia
1054 5435 1143 5489 Dei
1176 5436 1292 5490 illas
1318 5436 1532 5505 quidem
1575 5436 1743 5491 malas
1770 5447 1963 5501 sectas,

376 5535 438 5583 et
457 5527 834 5597 blasphemias,
865 5537 920 5583 et
940 5528 1277 5592 discordiam,
1310 5536 1364 5582 et
1404 5527 1682 5581 audaciam
1707 5541 1960 5598 persona.

380 5630 520 5683 runt,
535 5625 591 5672 et
609 5617 942 5681 divisionem,
958 5617 1209 5687 przedicta
1234 5617 1791 5689 commonltione[ed.,
1816 5632 1967 5673 com-

381 5704 640 5778 motione]
659 5707 937 5763 destruens
961 5704 1205 5762 liberavit
1236 5704 1523 5778 Egyptian
1548 5723 1563 5773 ;
1591 5708 1968 5776 relinqueban-

372 5804 476 5853 των
503 5805 679 5853 autem
702 5813 819 5868 quae
844 5813 940 5869 per
968 5796 1313 5869 petulantiam
1346 5797 1537 5855 Meletii
1562 5810 1713 5869 gesta
1740 5810 1882 5869 sunt,
1914 5809 1970 5855 et

2069 4635 2125 4680 ct
2144 4627 2197 4681 in
2219 4640 2282 4681 eo
2313 4623 2458 4695 quod
2483 4624 2658 4678 omnis
2675 4621 2925 4678 radicitus
2949 4624 3168 4678 hmresis
3191 4624 3372 4679 avulsa
3403 4633 3485 4679 est
3503 4642 3518 4688 ;
3535 4642 3660 4681 cum

2068 4715 2261 4783 majori
2286 4713 2493 4768 honore
2511 4722 2566 4767 et
2585 4713 2833 4783 ampliori
2860 4714 3125 4768 charitate
3153 4715 3407 4785 suscipite
3433 4716 3662 4769 commi-

2069 4807 2295 4860 nistrum
2340 4811 2613 4871 nostrum,
2638 4802 2945 4873 pontificem
2988 4812 3224 4860 vestrum
3273 4804 3656 4870 Alexandrum,

2070 4895 2161 4964 qui
2185 4908 2283 4948 nos
2302 4893 2584 4962 praesentia
2610 4907 2706 4947 sua
2746 4892 3055 4957 lastitlcavit,
3081 4901 3393 4964 tantumque
3419 4894 3661 4949 laborem

2072 5000 2170 5053 pro
2196 4998 2326 5053 pace
2355 4991 2532 5038 vestra
2577 4983 2739 5038 etiam
2780 4984 2834 5038 in
2869 4984 2970 5039 hac
2995 4993 3154 5039 aetate
3186 4987 3454 5041 sustinuit.
3496 4987 3660 5043 Orate

2071 5076 2229 5130 simul
2257 5084 2312 5130 et
2334 5092 2430 5145 pro
2460 5075 2614 5130 nobis
2642 5075 2905 5141 omnibus,
2925 5083 2982 5129 ut
3009 5091 3127 5144 qua:
3155 5077 3292 5132 bene
3317 5078 3656 5148 placuerunt,

2071 5164 2221 5219 firma
2248 5176 2595 5235 permaneant
2616 5181 2713 5236 per
2733 5166 3016 5221 Dominum
3040 5176 3278 5223 nostrum
3305 5167 3484 5223 Jesum
3508 5170 3659 5224 Chri-

2071 5264 2233 5319 stum,
2267 5256 2556 5311 secundum
2580 5257 2779 5312 bonam
2805 5258 3134 5313 voluntatem
3165 5259 3300 5313 facta
3319 5300 3333 5324 ,
3365 5260 3518 5315 sicuti
3545 5276 3657 5316 cre-

2071 5345 2265 5411 dimus,
2293 5344 2383 5400 Dei
2417 5344 2591 5401 Patris
2621 5346 2673 5401 in
2704 5347 2903 5419 Spiritu
2932 5357 3138 5416 sancto,
3168 5351 3254 5405 cui
3284 5358 3360 5405 est
3392 5351 3560 5421 gloria
3599 5352 3654 5407 in

2068 5437 2281 5490 siccuia.
2316 5436 2503 5491 Amen.

2196 5540 2438 5580 TRISITAS
2467 5542 2967 5582 CONSUBSTAN'I‘IALIS
2995 5544 3220 5584 ETERNA
3252 5545 3382 5584 DEUS
3410 5546 3527 5584 EST.

2139 5615 2551 5683 Tnsonons'rvs,
2579 5616 2666 5671 lib.
2692 5633 2732 5681 ι,
2763 5634 2811 5673 c.
2834 5617 2884 5672 9.
2920 5618 3064 5673 Edit.
3097 5618 3287 5674 Christ.
3329 5620 3500 5673 Vates.
3523 5637 3570 5674 c.
3595 5618 3653 5687 6,

2064 5725 2120 5773 ν.
2142 5706 2621 5776 50.—Socnnss,
2654 5709 2743 5764 lib.
2777 5724 2816 5777 t,
2849 5725 2962 5781 cap.
2998 5709 3047 5762 6.
3085 5708 3227 5764 Edil.
3251 5709 3436 5765 Christ.
3474 5709 3651 5766 Vales.

2070 5815 2187 5871 cap.
2219 5799 2349 5868 9,p.
2385 5797 2472 5853 27.
