3990 6170
307 154 417 210 935

906 272 1133 328 CAPUT
1172 273 1307 329 XIII.

309 359 463 426 Quod
489 358 903 418 Novatinnorum
930 366 1226 434 episcopum
1250 366 1487 421 Acesium
1509 372 1734 423 evocari!
1763 370 1900 426 Con-

779 437 1036 488 stantinus
1058 436 1125 487 ad
1151 436 1443 491 concilium.

380 562 458 619 Ex
497 564 600 621 hac
627 564 784 633 igitur
803 567 1031 635 epistola
1054 566 1241 636 synodi
1287 565 1623 622 ntanifestum
1655 578 1739 625 est
1776 572 1899 639 quia

309 671 414 710 non
445 655 616 710 solum
644 657 829 711 Arium
871 666 923 711 et
946 666 1228 714 consortes
1271 660 1387 723 ejus
1412 659 1903 716 anathematizave-

308 757 451 812 ruut,
482 748 576 802 sed
598 749 759 803 etiam
784 750 946 803 verba
976 756 1135 804 sectae
1166 749 1363 817 ipsius;
1385 757 1441 803 et
1458 750 1583 818 quia
1605 750 1671 805 de
1698 750 1900 806 Pascha

307 839 721 907 calumniantes,
762 841 1168 896 hrcresiarcham
1211 839 1478 895 Meletium
1527 851 1898 912 susceperunt.

309 927 487 983 Movet
514 937 693 983 autem
714 943 801 983 me
823 931 1001 983 fervor
1022 928 1380 998 imperatoris,
1410 930 1572 984 etiam
1598 945 1668 984 ex
1712 931 1815 985 alia
1845 946 1902 986 re

306 1019 422 1087 ejus
450 1019 740 1073 voluntatis
768 1019 968 1095 habere
1002 1021 1339 1087 memoriam,
1367 1029 1425 1074 et
1449 1022 1901 1090 quemadmodum

309 1125 407 1178 pro
438 1109 729 1164 concordia
757 1109 1050 1177 cogitabat.
1098 1108 1315 1164 llabens
1343 1110 1485 1164 enim
1512 1110 1901 1180 providentiam

310 1199 456 1268 pacis
488 1197 870 1266 Ecclesiarum,
905 1199 1115 1253 vocavit
1152 1197 1219 1250 ad
1266 1199 1530 1269 synodum
1571 1207 1624 1252 et
1652 1200 1899 1255 Acesium

308 1288 730 1343 Novatianorum
761 1288 1035 1357 religionis
1072 1288 1403 1357 episcopum.
1460 1287 1745 1356 Postquam
1774 1303 1902 1357 ergo

307 1384 505 1451 scripta
536 1391 591 1437 et
611 1382 910 1452 subscripta
938 1390 1021 1436 cst
1049 1396 1080 1434 a
1104 1380 1334 1435 concilio
1365 1379 1484 1436 fidei
1513 1380 1781 1444 deﬁnitio,
1813 1397 1900 1436 re-

307 1472 525 1541 quisivit
553 1471 844 1542 imperator
872 1471 1155 1537 Acesium,
1186 1470 1230 1524 si
1257 1477 1312 1523 et
1333 1470 1449 1539 ipse
1489 1470 1822 1525 consentiret
1846 1469 1899 1524 in

312 1561 418 1617 iide
466 1569 522 1617 et
550 1561 819 1633 paschalis
863 1560 1176 1616 deﬁnitione
1203 1560 1524 1615 festivitatis.
1557 1560 1628 1615 At
1654 1561 1779 1616 ille:
1809 1559 1902 1615 Ni-

1406 164 1721 222 llISTOIiIA
1764 169 2199 228 TiilPAIITI'I'A.
2234 172 2442 230 LIBER
2472 174 2530 233 II.

1937 294 1974 346 Α
2005 284 2091 338 via
2118 285 2401 355 synodum,
2433 294 2489 340 et
2508 284 2670 341 donis
2692 290 3123 359 competentibus
3143 292 3450 349 honoravit.
3475 294 3590 351 Ad-

3488 176 3597 238 924

2005 378 2330 446 monitisque
2372 377 2442 432 de
2484 380 2773 435 concordia
2822 380 2983 450 ﬁdei,
3030 392 3085 437 et.
3128 384 3400 439 connuuni
3455 386 3591 443 inter

2002 471 2290 525 aitet-utros
2314 485 2467 541 pace,
2497 472 2664 540 petita
2702 472 2770 527 ab
2794 474 2875 528 eis
2900 475 3165 539 oratione,
3195 476 3445 533 valedixit
3471 478 3591 535 uni-

1997 563 2170 618 versis
2199 563 2250 616 in
2296 562 2472 617 Nicaea
2502 580 2516 617 :
2545 563 2788 620 scribens
2814 566 3127 625 absentibus
3166 583 3287 636 quise
3316 567 3514 625 fuerint
3536 570 3594 627 in

2001 653 2229 708 concilio
2276 654 2563 719 celebrata,
2592 664 2647 710 et
2672 654 2908 712 invitans
2948 662 3014 711 ut‘
3055 660 3125 714 ab
3151 661 3299 714 omni
3327 661 3594 729 discordia

2001 744 2334 808 recedentes,
2367 746 2761 801 concordarent
2806 749 2859 801 in
2906 750 3148 818 exposita
3195 752 3408 806 concilii
3458 752 3593 821 ilde;

2001 848 2121 902 qua:
2149 834 2276 889 nihil
2304 835 2449 889 aliud
2480 837 2577 890 nisi
2621 836 2716 891 Dei
2760 840 3024 892 sententia
3064 840 3336 896 videretur
3360 856 3426 897 ex
3457 858 3592 899 con-

2005 925 2255 979 sonantia
2286 933 2556 979 tantorum
2579 937 2635 980 et
2677 928 2859 981 talium
2889 931 3228 985 sacerdotum
3257 941 3446 988 sancto
3475 932 3598 1006 Spi-

2004 1015 2111 1070 ritu
2165 1018 2497 1083 eonstituta,
2549 1027 2601 1073 et
2658 1027 2780 1088 post
2848 1020 3243 1089 inquisitionem
3309 1025 3593 1081 subtilissi-

2002 1123 2183 1170 mam,
2234 1116 2292 1163 et
2332 1110 2848 1165 animadversionem
2908 1111 3300 1168 dubitationum
3352 1119 3593 1173 omnium

2002 1200 2370 1267 comprobata.
2412 1199 2715 1263 Somnum,
2750 1200 2840 1255 lib.
2891 1218 2937 1267 ι,
2963 1220 3078 1274 cap.
3105 1204 3194 1260 23.
3228 1205 3371 1264 Edit.
3400 1208 3592 1265 Christ.

2012 1288 2186 1343 Vates.
2214 1307 2330 1358 cap.
2360 1290 2452 1359 ‘25,
2481 1309 2531 1362 ρ.
2559 1290 2684 1347 458.

2506 1422 2660 1492 231
2702 1421 2929 1480 CAPUT
2968 1424 3075 1479 xv,

2145 1534 2387 1607 Epistola
2418 1506 2748 1592 Constantini
2773 1538 2837 1594 de
2861 1541 2984 1595 Aria
3012 1551 3062 1596 et
3090 1546 3296 1613 scriptis
3320 1545 3452 1615 ejus.

308 1649 402 1712 hil,
437 1650 628 1721 inquit,
658 1650 802 1716 novi,
834 1665 867 1705 ο
895 1651 1204 1719 imperator,
1247 1649 1483 1720 synodus
1521 1650 1780 1704 definivit.
1810 1648 1901 1704 Sic
1935 1652 1978 1712 Β
2075 1648 2264 1703 Victor
2291 1648 2676 1705 Constantinus
2705 1654 2991 1719 maximus,
3022 1654 3308 1724 Augustus,
3330 1658 3596 1730 episcopis

308 1742 450 1796 enim
480 1742 605 1794 olim
627 1750 681 1795 et
708 1756 737 1795 a
761 1740 1091 1810 temporibus
1121 1741 1488 1809 apostolorum
1522 1740 1638 1809 ipse
1680 1740 1902 1809 percepi

307 1841 365 1888 et
411 1832 695 1886 terminum
740 1829 881 1894 ildel,
918 1838 974 1883 et
1001 1836 1214 1899 tempus
1262 1829 1535 1897 paschalis
1578 1828 1898 1883 festivitatis.

309 1920 478 1975 Porro
515 1921 691 1975 denuo
723 1921 1047 1989 imperatore
1095 1918 1407 1988 requirente
1435 1935 1449 1972 :
1482 1917 1590 1973 Cur
1617 1931 1746 1986 ergo
1771 1925 1824 1973 te
1870 1933 1900 1972 a

306 2011 682 2066 conununioxre
721 2008 976 2079 separas?
1000 2008 1093 2062 ille
1132 2024 1197 2063 ea
1233 2023 1353 2077 quae
1398 2008 1496 2062 sub
1535 2008 1701 2063 Decio
1751 2016 1900 2076 ge:ta

306 2110 432 2157 snut
461 2101 848 2171 persecutionis
876 2109 1119 2169 tempore
1148 2100 1444 2168 replieavit,
1467 2109 1523 2154 et
1552 2100 1901 2154 subtilitatem

305 2193 667 2249 acerbissima:
720 2193 918 2260 regula:
965 2191 1186 2246 deduxit
1213 2189 1280 2243 ad
1324 2191 1558 2244 medium
1588 2208 1600 2243 :
1628 2191 1754 2260 quia
1793 2206 1899 2246 non

305 2292 556 2353 oporteat
583 2298 680 2338 eos
724 2284 815 2354 qui
858 2291 981 2353 post
1026 2281 1288 2350 baptisma
1330 2289 1556 2350 peccant
1619 2289 1901 2350 peccatum

303 2375 448 2446 quod
474 2374 541 2429 ad
570 2382 800 2430 mortem
827 2388 948 2428 esse
991 2368 1285 2440 Scriptura:
1312 2370 1503 2425 divinae
1528 2372 1900 2441 pronuntiant,

303 2464 791 2520 communicatione
817 2473 1277 2517 sacramentorum
1299 2460 1414 2516 fieri
1437 2462 1625 2529 dignos
1650 2477 1667 2528 ;
1694 2462 1787 2516 sed
1820 2462 1899 2516 in-

301 2556 551 2611 vitandos
593 2556 810 2625 quidem
855 2554 921 2609 ad
951 2554 1344 2623 paenitentiam,
1377 2568 1526 2623 spem
1546 2555 1899 2609 vero'remis-

302 2644 471 2700 sionis
486 2661 591 2700 non
622 2660 652 2700 a
673 2644 1063 2710 sacerdotibus,
1083 2643 1178 2698 sed
1193 2642 1349 2698 aDeo
1377 2644 1716 2700 solummodo
1737 2647 1895 2700 susti-

302 2749 455 2798 nere,
473 2736 565 2804 qui
578 2743 905 2805 potestatem
920 2735 1081 2789 habet
1094 2742 1313 2804 peccata
1329 2736 1620 2789 remittere.
1639 2735 1767 2791 Haec
1778 2752 1899 2792 eum

311 2824 537 2884 dixisset
564 2827 810 2892 Aeesius,
840 2826 1130 2896 imperator
1175 2826 1250 2879 ait
1280 2842 1294 2878 :
1324 2824 1369 2880 Ο
1413 2825 1590 2891 Aeesi,
1621 2841 1760 2897 pone
1784 2842 1903 2882 sca-

306 2915 437 2978 lam,
457 2925 531 2980 et,
562 2917 606 2972 si
633 2925 812 2988 potes,
843 2914 1074 2971 ascende
1117 2916 1264 2971 solus
1306 2915 1358 2969 in
1399 2917 1611 2971 ctelum.
1645 2913 1772 2971 Htec
1803 2933 1901 2971 nec

2004 1750 2058 1795 et
2086 1742 2305 1811 populo.

2074 1831 2337 1899 Malignos
2370 1841 2426 1885 et
2466 1831 2658 1901 impios
2689 1832 2845 1886 Arius
2884 1832 3150 1898 imitatus,
3180 1835 3398 1904 dignum
3427 1849 3509 1893 est
3537 1849 3596 1897 ut

2001 1921 2212 1975 illorum
2243 1936 2458 1991 quoque
2484 1922 2740 1991 suscipiat
2767 1924 3047 1978 ultionem.
3094 1925 3248 1980 Sicut
3282 1941 3411 1996 ergo
3455 1928 3591 1985 Por-

2005 2011 2227 2081 phyrius
2272 2010 2464 2064 divinte
2509 2012 2727 2081 pietatis
2776 2013 3061 2079 inimicus,
3105 2016 3284 2085 iniqua
3321 2019 3594 2079 volumina

2001 2112 2189 2156 contra
2219 2102 2529 2169 religionem
2557 2102 2857 2172 proferens,
2880 2104 3093 2172 dignam
3126 2109 3419 2175 promeruit
3445 2111 3592 2166 inve-

2004 2192 2118 2245 nire
2143 2191 2463 2255 mercedem,
2491 2200 2543 2247 et
2568 2192 2727 2246 talem
2759 2208 2856 2263 per
2882 2210 3042 2263 quam
3073 2195 3124 2249 in
3156 2208 3427 2264 posterum
3450 2210 3591 2256 esset

2001 2283 2314 2352 opprobrio,
2357 2292 2412 2335 et
2441 2282 2666 2352 plurima
2695 2284 3060 2352 eompleretur
3084 2285 3318 2341 infamia.
3352 2287 3420 2341 Et
3449 2306 3591 2347 nunc

1999 2373 2200 2443 pineuit
2229 2373 2412 2427 Arium
2448 2381 2504 2427 et
2540 2383 2946 2431 consectatores
2984 2374 3102 2444 ejus
3136 2380 3318 2433 vocari
3348 2379 3591 2454 Porphy.

1998 2463 2208 2527 rianos;
2252 2470 2314 2516 ut
2339 2477 2569 2533 quorum
2599 2478 2778 2518 mores
2805 2464 2996 2520 imitati
3027 2475 3179 2531 sunt,
3210 2483 3397 2523 eorum
3427 2486 3591 2526 voca-

1998 2550 2128 2606 bule
2155 2550 2521 2621 perfruantur.
2561 2551 2735 2623 Super
2763 2554 2878 2610 haec
2905 2564 3107 2624 autem,
3138 2559 3180 2612 si
3217 2574 3321 2629 qua
3349 2563 3590 2617 conscri-

2002 2642 2116 2711 ptio
2162 2642 2228 2695 alt
2267 2643 2395 2698 Ario
2424 2643 2559 2698 facta
2600 2644 2887 2713 reperitur,
2918 2647 3024 2714 igni
3065 2648 3339 2717 tradatur;
3379 2659 3439 2707 ut
3482 2668 3592 2709 non

2000 2730 2174 2786 solum
2205 2747 2368 2802 prava
2412 2731 2531 2801 ejus
2565 2734 2811 2789 doctrina
2841 2735 3126 2806 depereat,
3158 2739 3252 2795 sed
3278 2755 3454 2810 neque
3482 2743 3589 2800 ulla

2008 2821 2125 2890 ejus
2152 2822 2359 2890 possint
2388 2838 2670 2878 remanere
2697 2835 3022 2880 commenta.
3073 2827 3189 2883 Hoc
3216 2831 3379 2887 etiam
3404 2835 3582 2901 praci-

2005 2911 2127 2980 pio,
2162 2911 2209 2964 si
2245 2911 2365 2978 quis
2402 2913 2833 2982 conscriptiones
2875 2914 2986 2969 Arii
3033 2917 3237 2973 celasse
3281 2931 3589 2990 coinpertus

302 3004 569 3063 Eusebius
595 3005 879 3077 Pamphili,
902 3018 1004 3061 nec
1023 3006 1115 3061 alii
1136 3007 1410 3063 dixerunt.
1432 3006 1546 3075 Ego
1572 3022 1704 3063 vero
1724 3009 1898 3062 audivi
1930 2998 1973 3060 C
2005 2998 2164 3053 fuerit
2181 3038 2196 3064 9
2229 3008 2284 3053 ει
2313 3016 2419 3054 non
2447 3010 2672 3070 repente
2708 3003 2988 3072 proferens
3016 3008 3138 3075 igne
3173 3013 3591 3080 consumpserit,

297 3112 328 3152 a
343 3098 460 3153 viro
486 3111 823 3166 nequaquam
845 3095 1137 3151 mentiente
1153 3133 1168 3157 ,
1197 3096 1287 3166 qui
1317 3105 1374 3151 et
1405 3098 1560 3152 valde
1577 3113 1742 3154 senex
1761 3109 1895 3164 erat,

297 3198 352 3244 et
380 3198 630 3258 tanquam
661 3188 749 3257 qui
778 3185 986 3240 viderat
1010 3201 1073 3240 ea
1099 3200 1218 3255 qua:
1240 3187 1450 3241 fuerant
1475 3188 1529 3240 in
1558 3189 1787 3243 concilio
1807 3202 1899 3255 ge-

295 3289 376 3336 sta
410 3280 696 3336 referebat.
728 3279 1028 3344 Socanss,
1077 3278 1170 3332 lib.
1202 3293 1251 3344 ι,
1289 3293 1404 3342 cap.
1437 3278 1490 3331 6.
1514 3277 1659 3333 Edit.
1701 3278 1894 3335 Christ.

304 3369 481 3424 Vales.
505 3386 623 3439 cap.
651 3368 703 3435 9,
731 3384 785 3439 ρ.
820 3366 911 3423 29.

891 3506 1121 3564 CAPUT
1160 3506 1294 3562 XIV.

297 3619 449 3686 Quod
470 3638 691 3679 canones
707 3624 1123 3693 ceclesiasticiin
1162 3620 1347 3693 Merra
1376 3624 1657 3693 conscripti
1697 3623 1820 3689 sint,
1843 3633 1892 3678 et

676 3695 740 3747 de
776 3691 1139 3747 Vicennnlibus
1163 3692 1516 3747 Constantini.

365 3825 611 3896 Synodus
637 3835 817 3882 autem
848 3828 1116 3896 corrigere
1142 3827 1328 3882 volens
1371 3827 1647 3882 hominum
1696 3828 1885 3893 vitam,

293 3925 349 3971 et
375 3917 426 3969 in
453 3917 690 3971 ecclesiis
716 3917 1188 3983 eommorantium,
1220 3918 1399 3986 posuit
1441 3916 1592 3985 leges
1632 3931 1766 3987 quas
1807 3932 1890 3971 ea.

267 3994 464 4063 nones
490 4009 843 4078 appellamus.
880 4008 935 4062 In
977 4009 1206 4077 quorum
1237 4015 1465 4063 tractatu
1484 4008 1764 4063 videbatur
1790 4010 1888 4063 ali-

292 4100 486 4168 quibus
539 4098 879 4154 introducere
928 4099 1097 4167 legem
1125 4136 1139 4159 .
1173 4106 1232 4153 ut
1274 4098 1531 4169 episcopi,
1565 4100 1882 4169 presbyteri,

291 4188 505 4243 diaconi
534 4197 584 4243 et
607 4189 923 4244 subdiaconi
953 4204 1073 4243 eum
1102 4188 1422 4257 conjugibus
1449 4202 1584 4257 quas
1604 4197 1728 4243 ante
1756 4204 1885 4244 con-

291 4279 646 4333 secrationem
670 4280 953 4344 duxerant,
975 4294 1082 4332 non
1108 4277 1423 4345 dormirent.
1446 4276 1681 4345 Surgens
1707 4286 1884 4331 autem

2003 3092 2191 3145 mortis
2218 3091 2477 3159 supplicio
2504 3091 2821 3160 subjacebit.
2850 3093 2972 3149 Mox
3004 3097 3146 3150 enim
3176 3106 3236 3151 ut
3262 3099 3314 3152 in
3343 3099 3447 3155 hoc
3473 3101 3583 3157 fue-

2000 3184 2071 3237 rit
2113 3192 2323 3254 captus,
2354 3184 2641 3252 capitalem
2686 3186 2943 3257 suscipiet
2991 3188 3270 3243 ultionem.
3325 3190 3462 3245 Deus
3489 3207 3588 3249 vos

1998 3274 2283 3329 custodiat.
2339 3274 2529 3330 Amen.
2579 3276 2896 3343 Securus,
2945 3279 3035 3333 tib.
3081 3297 3116 3345 ι,
3165 3297 3280 3351 cap.
3321 3282 3379 3340 6.
3440 3283 3587 3340 Edit.

2000 3362 2190 3419 Christ.
2236 3363 2410 3418 Vales.
2440 3382 2558 3434 cap.
2590 3365 2678 3431 I5,
2710 3386 2762 3438 p.
2790 3367 2881 3423 52.

2581 3499 2814 3555 CAPUT
2849 3500 2987 3556 XVI.

1996 3584 2246 3668 Ejusdem
2277 3591 2494 3661 epistola
2538 3593 2616 3668 ad
2640 3592 2914 3647 Eusebium
2960 3592 3257 3668 Pulwstinw
3284 3595 3363 3668 ide
3406 3599 3582 3668 confe~

2066 3662 2235 3736 ctione
2263 3678 2530 3736 sacrorum
2558 3662 2827 3727 librorum,
2857 3674 2906 3717 et
2932 3664 2998 3716 de
3028 3667 3394 3736 repurgatione
3419 3662 3575 3721 donti-

2065 3732 2166 3784 nici
2196 3732 2434 3799 sepulcri.

2063 3819 2251 3876 Victor
2276 3820 2666 3879 Constantinus
2690 3825 2975 3889 maximus,
3008 3824 3151 3889 Pius,
3184 3825 3446 3883 Eusebio.

2068 3907 2138 3965 Ut
2165 3908 2218 3963 in
2258 3912 2429 3966 nostri
2476 3914 2705 3968 nominis
2743 3914 2957 3968 civitate
2990 3917 3369 3984 cognovimus,
3400 3919 3580 3973 Salva-

1993 4001 2126 4057 toris
2156 4001 2247 4056 Dei
2280 4003 2446 4056 nostri
2491 4004 2855 4073 prospiciente
2899 4005 3117 4074 solatio,
3148 4007 3380 4062 maxima
3411 4007 3581 4062 homi-

1992 4106 2117 4144 num
2147 4091 2433 4147 multitudo
2458 4092 2813 4148 sanctissinnc
2857 4108 2917 4147 se
2954 4093 3154 4148 dicavit
3188 4094 3481 4161 Ecclesitn;
3523 4107 3577 4151 ut

1992 4178 2097 4233 hoc
2126 4189 2406 4235 cremento
2438 4182 2593 4235 valde
2631 4181 2974 4251 proficiente,
3008 4182 3224 4250 dignum
3253 4198 3372 4238 εεξθ
3400 4185 3580 4239 videa-

1994 4276 2079 4320 tur
2106 4268 2267 4321 etiam
2297 4268 2554 4322 ecclesias
2600 4271 2652 4321 in
2691 4284 2753 4321 ea
2794 4269 2975 4337 plures
3016 4270 3288 4324 aedificari.
3333 4269 3578 4340 Quapro-

292 4368 348 4423 3"
377 4369 556 4424 medio
602 4368 932 4440 papbnuuus
959 4368 1237 4425 confessor
1264 4367 1625 4432 ροηιι-ειαίχίι,
1656 4367 1890 4421 honora-
1920 4375 1964 4432 υ
1990 4368 2133 4428 pter,
2151 4358 2295 4426 quod
2315 4359 2487 4412 visum
2508 4368 2593 4413 est
2614 4369 2809 4412 nostra:
2841 4359 3116 4423 voluntati,
3140 4359 3320 4414 decuit
3345 4374 3446 4416 nos
3472 4369 3577 4415 tum

291 4456 381 4512 hil.
400 4472 428 4511 s
454 4457 732 4513 confessus
759 4459 1062 4528 nuptias.et
1086 4458 1387 4514 castitatem
1409 4471 1526 4511 esse
1546 4456 1729 4511 dicens
1755 4471 1886 4511 cono

292 4546 531 4600 cubitum
560 4560 682 4601 cum
709 4548 928 4616 propria
956 4547 1206 4616 conjuge.
1241 4546 1530 4614 Suasitque
1557 4545 1786 4601 concilio
1814 4561 1883 4600 ne

293 4634 457 4691 talem
487 4647 715 4705 poneret
758 4637 930 4705 legem
956 4655 971 4691 :
998 4651 1214 4707 gravem
1247 4652 1497 4693 asserens
1522 4653 1644 4693 esse
1673 4653 1887 4692 causam

293 4742 417 4798 quat
443 4738 538 4782 aut
556 4728 684 4797 ipsis
708 4736 804 4782 aut
830 4744 1017 4784 eorum
1048 4730 1320 4799 jugalibus
1338 4730 1553 4784 occasio
1581 4728 1891 4784 fornicatio-

289 4817 375 4872 nis
400 4818 677 4873 existeret.
697 4817 765 4872 Et
779 4818 893 4874 haec
916 4819 1133 4887 quidem
1154 4818 1510 4889 Paphnutius,
1528 4819 1650 4875 licet
1676 4821 1889 4888 nuptia-

285 4922 407 4963 rum
438 4916 581 4963 esset
608 4909 940 4979 inexpertus,
968 4911 1236 4978 exposuit.
1270 4908 1622 4981 Synodusque
1651 4909 1887 4966 laudavit

282 4998 606 5053 sententiam
653 4998 793 5067 ejus,
819 5010 878 5055 et
923 4998 1055 5055 nihil
1094 5012 1163 5054 ex
1193 5000 1294 5055 hac
1330 5006 1483 5069 parte
1510 4999 1766 5066 sancivit;
1791 5001 1883 5056 sed

283 5086 389 5142 hoc
417 5087 469 5142 in
512 5088 932 5158 uniuscujusque
974 5090 1282 5155 voluntate,
1311 5105 1419 5144 non
1464 5090 1516 5144 in
1562 5091 1887 5146 necessitate

282 5175 504 5232 dimisit.
532 5175 828 5244 Scaeuae,
860 5178 952 5233 lib.
978 5196 1017 5247 I,
1037 5196 1155 5248 cap.
1178 5177 1427 5233 22.134“.
1455 5177 1647 5234 Christ.
1681 5179 1880 5250 ναίει,

282 5284 330 5322 c.
358 5266 450 5334 '25,
480 5287 532 5339 p.
556 5268 774 5326 4'57.—
798 5269 895 5327 ﬂis
922 5286 952 5325 a
981 5271 1210 5327 concilio
1237 5272 1313 5326 ita
1339 5271 1634 5341 dispositis,
1662 5273 1886 5343 contigit

280 5360 580 5416 vicennalia
600 5360 938 5419 Constantini
963 5364 1220 5434 principis
1242 5363 1546 5433 provenire.
1578 5362 1644 5418 Et
1662 5372 1745 5419 est
1760 5379 1886 5419 con.

279 5454 509 5506 suetudn
541 5452 929 5522 Romanorum,
960 5456 1380 5525 unumquodque
1426 5455 1745 5510 decennium
1776 5457 1880 5509 im-

281 5554 590 5612 peratorum
619 5543 831 5615 publica
855 5544 1148 5602 devotione
1174 5546 1471 5602 celebrare.
1503 5545 1877 5616 Opportunum

283 5648 410 5705 ergo
434 5632 679 5704 judicans
703 5633 1085 5694 Constantinus
1106 5678 1122 5708 ,
1154 5635 1396 5693 invitavit
1427 5642 1554 5691 tunc
1598 5634 1664 5690 ad
1691 5634 1877 5693 convi-

1990 4461 2174 4508 notum
2197 4452 2374 4507 facere
2390 4452 2688 4521 sapientiar,
2723 4460 2986 4520 quatenus
3005 4451 3388 4522 quinquaginta
3406 4467 3575 4508 mem-

1991 4545 2295 4599 branaceos
2320 4543 2539 4598 codices
2566 4543 2705 4612 bene
2731 4540 3035 4607 coniectos,
3065 4551 3123 4598 et
3145 4542 3211 4597 ad
3244 4559 3394 4599 usum
3425 4544 3577 4601 habi-

1988 4636 2085 4701 les,
2111 4638 2178 4690 ab
2197 4635 2491 4691 artificibus
2511 4635 2845 4705 antiquariis,
2867 4644 2923 4689 et
2950 4634 3182 4705 perfecte
3210 4645 3381 4691 artem
3403 4636 3577 4691 scien-

1992 4729 2134 4785 tibus
2155 4729 2317 4784 scribi
2353 4729 2667 4797 prsecipias,
2707 4726 3004 4782 divinarum
3044 4728 3243 4797 quippe
3269 4726 3575 4796 Scriptura-

1989 4834 2139 4883 rum,
2171 4834 2397 4888 quarum
2429 4820 2662 4874 maxime
2695 4817 3088 4874 coniectionem
3120 4825 3177 4871 et
3204 4834 3356 4873 usum
3385 4833 3574 4874 neces-

1987 4910 2186 4965 sarium
2210 4908 2463 4965 Eeclesiis
2482 4924 2602 4964 esse
2625 4909 2786 4965 nosti.
2817 4907 3042 4963 Directse
3061 4915 3188 4962 sunt
3211 4907 3353 4960 enim
3384 4906 3579 4963 littera:

1988 5014 2020 5055 a
2049 5008 2229 5056 nostra
2258 4999 2644 5068 tranquillitate
2670 4999 2737 5053 ad
2767 4997 3054 5067 provincia:
3075 4995 3308 5065 judicem
3331 5037 3350 5064 ,
3387 5005 3575 5066 quate-

1990 5106 2090 5144 nus
2137 5089 2318 5144 omnia
2366 5087 2690 5144 confectioni
2747 5102 2935 5142 eorum
2984 5086 3286 5141 necessaria
3333 5086 3578 5156 praebere

1986 5190 2160 5237 curet.
2194 5178 2262 5236 Ut
2285 5182 2426 5236 enim
2457 5181 2616 5235 citius
2640 5179 2855 5236 codices
2879 5178 3169 5249 conscripti
3198 5178 3577 5247 conﬁciantur,

1986 5272 2090 5327 erit
2108 5286 2245 5341 opus
2261 5271 2551 5339 diligentia!
2577 5280 2702 5325 tae.
2733 5270 2863 5323 Nam
2885 5277 2942 5325 et
2962 5270 3071 5325 duo
3098 5269 3308 5339 publica
3330 5268 3576 5324 vehicula

1985 5362 2051 5416 ad
2078 5360 2394 5417 deferendos
2425 5377 2521 5417 eos
2548 5376 2616 5415 ex
2656 5360 2977 5417 auctoritate
3014 5360 3261 5431 rescripti
3302 5359 3475 5416 nostri
3518 5367 3579 5415 te

1983 5451 2263 5522 percipere
2288 5450 2561 5506 convenit.
2610 5449 2701 5505 Sic
2742 5450 2885 5506 enim
2927 5458 2984 5505 et
3010 5449 3246 5505 maxime
3274 5449 3413 5506 bene
3440 5462 3573 5505 cou-

1981 5542 2165 5613 scripti
2189 5557 2357 5613 usque
2382 5540 2447 5596 ad
2477 5552 2717 5598 nostrum
2745 5542 3105 5615 perducentur
3131 5550 3431 5611 aspectum,
3457 5553 3575 5596 uno

1979 5631 2177 5703 quippe
2211 5641 2318 5691 tua:
2344 5628 2596 5690 Ecclesia:
2642 5632 2748 5691 hoc
2788 5641 3118 5702 cxsequeute
3162 5632 3431 5699 diacono;
3474 5630 3572 5701 Qui
