  <div class='ocr_page' id='page_1' title='image "/cluster/home/n/w/nwhite01/storage/ocr_20150623/69/hvd.32044054758727/495.png"; bbox 0 0 3990 6170; ppageno 0'>
   <div class='ocr_carea' id='block_1_1' title="bbox 325 339 439 398">
    <p class='ocr_par' dir='ltr' id='par_1_1' title="bbox 325 339 439 398">
     <span class='ocr_line' id='line_1_1' title="bbox 325 339 439 398; baseline 0 0"><span class='ocrx_word' id='word_1_1' title='bbox 325 339 439 398; x_wconf 74' lang='lat'><strong>935</strong></span> 
     </span>
    </p>
   </div>
   <div class='ocr_carea' id='block_1_2' title="bbox 1578 332 2395 393">
    <p class='ocr_par' dir='ltr' id='par_1_2' title="bbox 1578 332 2395 393">
     <span class='ocr_line' id='line_1_2' title="bbox 1578 332 2395 393; baseline -0.005 -2"><span class='ocrx_word' id='word_1_2' title='bbox 1578 336 1647 391; x_wconf 68' lang='lat' dir='ltr'><strong>II.</strong></span> <span class='ocrx_word' id='word_1_3' title='bbox 1688 335 1964 393; x_wconf 72' lang='lat' dir='ltr'><strong>AURE’LII</strong></span> <span class='ocrx_word' id='word_1_4' title='bbox 2003 332 2395 390; x_wconf 76' lang='lat' dir='ltr'><strong>CASSIODORI</strong></span> 
     </span>
    </p>
   </div>
   <div class='ocr_carea' id='block_1_3' title="bbox 3508 326 3622 387">
    <p class='ocr_par' dir='ltr' id='par_1_3' title="bbox 3508 326 3622 387">
     <span class='ocr_line' id='line_1_3' title="bbox 3508 326 3622 387; baseline 0 -3"><span class='ocrx_word' id='word_1_5' title='bbox 3508 326 3622 387; x_wconf 65' lang='grc' dir='ltr'><strong>πη</strong></span> 
     </span>
    </p>
   </div>
   <div class='ocr_carea' id='block_1_4' title="bbox 329 439 3628 518">
    <p class='ocr_par' dir='ltr' id='par_1_4' title="bbox 329 439 3628 518">
     <span class='ocr_line' id='line_1_4' title="bbox 329 439 3628 518; baseline -0.003 -15"><span class='ocrx_word' id='word_1_6' title='bbox 329 452 455 505; x_wconf 85' lang='lat' dir='ltr'><strong>dum</strong></span> <span class='ocrx_word' id='word_1_7' title='bbox 482 449 551 505; x_wconf 87' lang='lat' dir='ltr'><strong>ad</strong></span> <span class='ocrx_word' id='word_1_8' title='bbox 582 465 683 506; x_wconf 88' lang='lat' dir='ltr'><strong>nos</strong></span> <span class='ocrx_word' id='word_1_9' title='bbox 729 450 993 514; x_wconf 39' lang='lat' dir='ltr'><strong>venerit,‘</strong></span> <span class='ocrx_word' id='word_1_10' title='bbox 1012 448 1322 518; x_wconf 75' lang='lat' dir='ltr'><strong>experietur</strong></span> <span class='ocrx_word' id='word_1_11' title='bbox 1363 455 1562 502; x_wconf 64' lang='lat' dir='ltr'><strong>nostrae</strong></span> <span class='ocrx_word' id='word_1_12' title='bbox 1599 446 1914 502; x_wconf 81' lang='lat' dir='ltr'><strong>munificen-</strong></span> <span class='ocrx_word' id='word_1_13' title='bbox 1944 449 1994 508; x_wconf 76' lang='grc' dir='ltr'>Α</span> <span class='ocrx_word' id='word_1_14' title='bbox 2095 444 2193 501; x_wconf 77' lang='lat' dir='ltr'><strong>llic</strong></span> <span class='ocrx_word' id='word_1_15' title='bbox 2214 445 2429 514; x_wconf 81' lang='lat' dir='ltr'><strong>quidem</strong></span> <span class='ocrx_word' id='word_1_16' title='bbox 2451 443 2663 497; x_wconf 85' lang='lat' dir='ltr'><strong>libellus</strong></span> <span class='ocrx_word' id='word_1_17' title='bbox 2682 450 2766 498; x_wconf 62' lang='lat' dir='ltr'><strong>est</strong></span> <span class='ocrx_word' id='word_1_18' title='bbox 2786 443 3110 499; x_wconf 78' lang='lat' dir='ltr'><strong>reversionis</strong></span> <span class='ocrx_word' id='word_1_19' title='bbox 3134 439 3346 496; x_wconf 84' lang='lat' dir='ltr'><strong>Eusebii</strong></span> <span class='ocrx_word' id='word_1_20' title='bbox 3369 449 3425 496; x_wconf 82' lang='lat' dir='ltr'><strong>et</strong></span> <span class='ocrx_word' id='word_1_21' title='bbox 3449 439 3628 495; x_wconf 62' lang='grc' dir='ltr'><strong>’Πιθο-</strong></span> 
     </span>
    </p>
   </div>
   <div class='ocr_carea' id='block_1_5' title="bbox 337 539 1856 611">
    <p class='ocr_par' dir='ltr' id='par_1_5' title="bbox 337 539 1856 611">
     <span class='ocr_line' id='line_1_5' title="bbox 337 539 1856 611; baseline -0.003 -16"><span class='ocrx_word' id='word_1_22' title='bbox 337 541 461 595; x_wconf 89' lang='lat' dir='ltr'><strong>tiam</strong></span> <span class='ocrx_word' id='word_1_23' title='bbox 492 542 723 611; x_wconf 80' lang='lat' dir='ltr'><strong>pictatis.</strong></span> <span class='ocrx_word' id='word_1_24' title='bbox 757 541 895 595; x_wconf 85' lang='lat' dir='ltr'><strong>Deus</strong></span> <span class='ocrx_word' id='word_1_25' title='bbox 922 539 1196 595; x_wconf 88' lang='lat' dir='ltr'><strong>custodiat</strong></span> <span class='ocrx_word' id='word_1_26' title='bbox 1227 548 1299 602; x_wconf 89' lang='lat' dir='ltr'><strong>te,</strong></span> <span class='ocrx_word' id='word_1_27' title='bbox 1334 539 1499 593; x_wconf 90' lang='lat' dir='ltr'><strong>frater</strong></span> <span class='ocrx_word' id='word_1_28' title='bbox 1520 539 1856 594; x_wconf 89' lang='lat' dir='ltr'><strong>eharissime.</strong></span> 
     </span>
    </p>
   </div>
   <div class='ocr_carea' id='block_1_6' title="bbox 403 627 1934 697">
    <p class='ocr_par' dir='ltr' id='par_1_6' title="bbox 403 627 1934 697">
     <span class='ocr_line' id='line_1_6' title="bbox 403 627 1934 697; baseline -0.002 -13"><span class='ocrx_word' id='word_1_29' title='bbox 403 628 687 685; x_wconf 85' lang='lat' dir='ltr'><strong>Sufficiunt</strong></span> <span class='ocrx_word' id='word_1_30' title='bbox 713 628 933 697; x_wconf 85' lang='lat' dir='ltr'><strong>quidem</strong></span> <span class='ocrx_word' id='word_1_31' title='bbox 964 629 1076 683; x_wconf 64' lang='lat' dir='ltr'><strong>haec</strong></span> <span class='ocrx_word' id='word_1_32' title='bbox 1102 628 1171 684; x_wconf 88' lang='lat' dir='ltr'><strong>ad</strong></span> <span class='ocrx_word' id='word_1_33' title='bbox 1191 628 1616 696; x_wconf 88' lang='lat' dir='ltr'><strong>conjiciendum,</strong></span> <span class='ocrx_word' id='word_1_34' title='bbox 1646 627 1816 696; x_wconf 89' lang='lat' dir='ltr'><strong>magis</strong></span> <span class='ocrx_word' id='word_1_35' title='bbox 1836 643 1934 681; x_wconf 89' lang='lat' dir='ltr'><strong>au-</strong></span> 
     </span>
    </p>
   </div>
   <div class='ocr_carea' id='block_1_7' title="bbox 335 718 1933 791">
    <p class='ocr_par' dir='ltr' id='par_1_7' title="bbox 335 718 1933 791">
     <span class='ocr_line' id='line_1_7' title="bbox 335 718 1933 791; baseline -0.003 -14"><span class='ocrx_word' id='word_1_36' title='bbox 335 730 445 777; x_wconf 89' lang='lat' dir='ltr'><strong>tem</strong></span> <span class='ocrx_word' id='word_1_37' title='bbox 472 729 659 789; x_wconf 88' lang='lat' dir='ltr'><strong>aperte</strong></span> <span class='ocrx_word' id='word_1_38' title='bbox 689 721 1038 781; x_wconf 86' lang='lat' dir='ltr'><strong>noscendum,</strong></span> <span class='ocrx_word' id='word_1_39' title='bbox 1061 719 1514 791; x_wconf 86' lang='lat' dir='ltr'><strong>quemadmodum</strong></span> <span class='ocrx_word' id='word_1_40' title='bbox 1546 718 1933 775; x_wconf 89' lang='lat' dir='ltr'><strong>famosissimus</strong></span> 
     </span>
    </p>
   </div>
   <div class='ocr_carea' id='block_1_8' title="bbox 336 810 1930 880">
    <p class='ocr_par' dir='ltr' id='par_1_8' title="bbox 336 810 1930 880">
     <span class='ocr_line' id='line_1_8' title="bbox 336 810 1930 880; baseline -0.003 -15"><span class='ocrx_word' id='word_1_41' title='bbox 336 811 629 880; x_wconf 71' lang='lat' dir='ltr'><strong>imperator</strong></span> <span class='ocrx_word' id='word_1_42' title='bbox 678 825 833 864; x_wconf 83' lang='lat' dir='ltr'><strong>suum</strong></span> <span class='ocrx_word' id='word_1_43' title='bbox 887 810 1122 864; x_wconf 88' lang='lat' dir='ltr'><strong>studium</strong></span> <span class='ocrx_word' id='word_1_44' title='bbox 1175 810 1337 865; x_wconf 76' lang='lat' dir='ltr'><strong>circa</strong></span> <span class='ocrx_word' id='word_1_45' title='bbox 1371 825 1524 864; x_wconf 86' lang='lat' dir='ltr'><strong>sacra</strong></span> <span class='ocrx_word' id='word_1_46' title='bbox 1570 810 1930 865; x_wconf 88' lang='lat' dir='ltr'><strong>constituerit.</strong></span> 
     </span>
    </p>
   </div>
   <div class='ocr_carea' id='block_1_9' title="bbox 336 900 1936 970">
    <p class='ocr_par' dir='ltr' id='par_1_9' title="bbox 336 900 1936 970">
     <span class='ocr_line' id='line_1_9' title="bbox 336 900 1936 970; baseline 0.001 -16"><span class='ocrx_word' id='word_1_47' title='bbox 336 900 585 956; x_wconf 81' lang='lat' dir='ltr'><strong>Attamen</strong></span> <span class='ocrx_word' id='word_1_48' title='bbox 642 900 892 970; x_wconf 83' lang='lat' dir='ltr'><strong>adjiciam</strong></span> <span class='ocrx_word' id='word_1_49' title='bbox 934 915 1053 969; x_wconf 76' lang='lat' dir='ltr'><strong>quae</strong></span> <span class='ocrx_word' id='word_1_50' title='bbox 1091 900 1257 956; x_wconf 90' lang='lat' dir='ltr'><strong>etiam</strong></span> <span class='ocrx_word' id='word_1_51' title='bbox 1300 901 1444 955; x_wconf 89' lang='lat' dir='ltr'><strong>circa</strong></span> <span class='ocrx_word' id='word_1_52' title='bbox 1492 901 1730 955; x_wconf 86' lang='lat' dir='ltr'><strong>salutare</strong></span> <span class='ocrx_word' id='word_1_53' title='bbox 1756 901 1936 970; x_wconf 89' lang='lat' dir='ltr'><strong>sepul-</strong></span> 
     </span>
    </p>
   </div>
   <div class='ocr_carea' id='block_1_10' title="bbox 335 994 760 1061">
    <p class='ocr_par' dir='ltr' id='par_1_10' title="bbox 335 994 760 1061">
     <span class='ocr_line' id='line_1_10' title="bbox 335 994 760 1061; baseline -0.005 -15"><span class='ocrx_word' id='word_1_54' title='bbox 335 1009 485 1046; x_wconf 86' lang='lat' dir='ltr'><strong>crum</strong></span> <span class='ocrx_word' id='word_1_55' title='bbox 513 994 760 1061; x_wconf 83' lang='lat' dir='ltr'><strong>gesserit.</strong></span> 
     </span>
    </p>
   </div>
   <div class='ocr_carea' id='block_1_11' title="bbox 411 1083 1934 1155">
    <p class='ocr_par' dir='ltr' id='par_1_11' title="bbox 411 1083 1934 1155">
     <span class='ocr_line' id='line_1_11' title="bbox 411 1083 1934 1155; baseline -0.002 -16"><span class='ocrx_word' id='word_1_56' title='bbox 411 1086 722 1155; x_wconf 83' lang='lat' dir='ltr'><strong>Agnoscens</strong></span> <span class='ocrx_word' id='word_1_57' title='bbox 751 1086 893 1140; x_wconf 91' lang='lat' dir='ltr'><strong>enim</strong></span> <span class='ocrx_word' id='word_1_58' title='bbox 921 1086 1176 1153; x_wconf 90' lang='lat' dir='ltr'><strong>quoniam</strong></span> <span class='ocrx_word' id='word_1_59' title='bbox 1206 1084 1365 1149; x_wconf 89' lang='lat' dir='ltr'><strong>elati,</strong></span> <span class='ocrx_word' id='word_1_60' title='bbox 1410 1092 1466 1138; x_wconf 91' lang='lat' dir='ltr'><strong>et</strong></span> <span class='ocrx_word' id='word_1_61' title='bbox 1494 1084 1638 1139; x_wconf 89' lang='lat' dir='ltr'><strong>circa</strong></span> <span class='ocrx_word' id='word_1_62' title='bbox 1666 1083 1934 1138; x_wconf 79' lang='lat' dir='ltr'><strong>culturam</strong></span> 
     </span>
    </p>
   </div>
   <div class='ocr_carea' id='block_1_12' title="bbox 338 1170 1936 1241">
    <p class='ocr_par' dir='ltr' id='par_1_12' title="bbox 338 1170 1936 1241">
     <span class='ocr_line' id='line_1_12' title="bbox 338 1170 1936 1241; baseline -0.004 -10"><span class='ocrx_word' id='word_1_63' title='bbox 338 1177 663 1231; x_wconf 84' lang='lat' dir='ltr'><strong>bacchantes</strong></span> <span class='ocrx_word' id='word_1_64' title='bbox 709 1174 1014 1237; x_wconf 87' lang='lat' dir='ltr'><strong>idolorum,</strong></span> <span class='ocrx_word' id='word_1_65' title='bbox 1065 1172 1374 1241; x_wconf 85' lang='lat' dir='ltr'><strong>sepulcrum</strong></span> <span class='ocrx_word' id='word_1_66' title='bbox 1427 1170 1636 1226; x_wconf 89' lang='lat' dir='ltr'><strong>Domini</strong></span> <span class='ocrx_word' id='word_1_67' title='bbox 1686 1170 1936 1225; x_wconf 85' lang='lat' dir='ltr'><strong>sordibus</strong></span> 
     </span>
    </p>
   </div>
   <div class='ocr_carea' id='block_1_13' title="bbox 340 1262 1937 1336">
    <p class='ocr_par' dir='ltr' id='par_1_13' title="bbox 340 1262 1937 1336">
     <span class='ocr_line' id='line_1_13' title="bbox 340 1262 1937 1336; baseline -0.006 -14"><span class='ocrx_word' id='word_1_68' title='bbox 340 1274 665 1336; x_wconf 78' lang='lat' dir='ltr'><strong>operuerunt</strong></span> <span class='ocrx_word' id='word_1_69' title='bbox 698 1282 710 1318; x_wconf 86' lang='lat'><strong>:</strong></span> <span class='ocrx_word' id='word_1_70' title='bbox 745 1265 999 1319; x_wconf 87' lang='lat' dir='ltr'><strong>oblivioni</strong></span> <span class='ocrx_word' id='word_1_71' title='bbox 1047 1264 1261 1319; x_wconf 85' lang='lat' dir='ltr'><strong>tradere</strong></span> <span class='ocrx_word' id='word_1_72' title='bbox 1308 1262 1702 1318; x_wconf 72' lang='lat' dir='ltr'><strong>contendentes</strong></span> <span class='ocrx_word' id='word_1_73' title='bbox 1730 1277 1937 1317; x_wconf 86' lang='lat' dir='ltr'><strong>memo-</strong></span> 
     </span>
    </p>
   </div>
   <div class='ocr_carea' id='block_1_14' title="bbox 341 1353 1936 1422">
    <p class='ocr_par' dir='ltr' id='par_1_14' title="bbox 341 1353 1936 1422">
     <span class='ocr_line' id='line_1_14' title="bbox 341 1353 1936 1422; baseline -0.004 -11"><span class='ocrx_word' id='word_1_74' title='bbox 341 1359 475 1412; x_wconf 86' lang='lat' dir='ltr'><strong>riam</strong></span> <span class='ocrx_word' id='word_1_75' title='bbox 502 1356 794 1411; x_wconf 84' lang='lat' dir='ltr'><strong>salutarem</strong></span> <span class='ocrx_word' id='word_1_76' title='bbox 824 1371 839 1419; x_wconf 87' lang='lat'><strong>;</strong></span> <span class='ocrx_word' id='word_1_77' title='bbox 885 1363 939 1407; x_wconf 89' lang='lat' dir='ltr'><strong>et</strong></span> <span class='ocrx_word' id='word_1_78' title='bbox 976 1354 1207 1422; x_wconf 84' lang='lat' dir='ltr'><strong>desuper</strong></span> <span class='ocrx_word' id='word_1_79' title='bbox 1247 1354 1503 1422; x_wconf 88' lang='lat' dir='ltr'><strong>templum</strong></span> <span class='ocrx_word' id='word_1_80' title='bbox 1540 1353 1936 1407; x_wconf 63' lang='lat' dir='ltr'><strong>sedilieaverant</strong></span> 
     </span>
    </p>
   </div>
   <div class='ocr_carea' id='block_1_15' title="bbox 342 1440 1938 1509">
    <p class='ocr_par' dir='ltr' id='par_1_15' title="bbox 342 1440 1938 1509">
     <span class='ocr_line' id='line_1_15' title="bbox 342 1440 1938 1509; baseline -0.005 -7"><span class='ocrx_word' id='word_1_81' title='bbox 342 1446 783 1502; x_wconf 69' lang='lat' dir='ltr'><strong>luxuriosissime</strong></span> <span class='ocrx_word' id='word_1_82' title='bbox 810 1444 1095 1509; x_wconf 65' lang='lat' dir='ltr'><strong>daemonis,</strong></span> <span class='ocrx_word' id='word_1_83' title='bbox 1135 1443 1185 1496; x_wconf 90' lang='lat' dir='ltr'><strong>id</strong></span> <span class='ocrx_word' id='word_1_84' title='bbox 1222 1451 1305 1497; x_wconf 90' lang='lat' dir='ltr'><strong>est</strong></span> <span class='ocrx_word' id='word_1_85' title='bbox 1332 1442 1574 1507; x_wconf 81' lang='lat' dir='ltr'><strong>Veneris,</strong></span> <span class='ocrx_word' id='word_1_86' title='bbox 1606 1451 1667 1496; x_wconf 88' lang='lat' dir='ltr'><strong>ut</strong></span> <span class='ocrx_word' id='word_1_87' title='bbox 1695 1442 1804 1497; x_wconf 89' lang='lat' dir='ltr'><strong>illic</strong></span> <span class='ocrx_word' id='word_1_88' title='bbox 1827 1440 1938 1495; x_wconf 90' lang='lat' dir='ltr'><strong>vir-</strong></span> 
     </span>
    </p>
   </div>
   <div class='ocr_carea' id='block_1_16' title="bbox 343 1530 1934 1605">
    <p class='ocr_par' dir='ltr' id='par_1_16' title="bbox 343 1530 1934 1605">
     <span class='ocr_line' id='line_1_16' title="bbox 343 1530 1934 1605; baseline -0.006 -13"><span class='ocrx_word' id='word_1_89' title='bbox 343 1540 526 1605; x_wconf 87' lang='lat' dir='ltr'><strong>ginum</strong></span> <span class='ocrx_word' id='word_1_90' title='bbox 553 1535 800 1591; x_wconf 89' lang='lat' dir='ltr'><strong>cantibus</strong></span> <span class='ocrx_word' id='word_1_91' title='bbox 833 1534 1187 1599; x_wconf 86' lang='lat' dir='ltr'><strong>insultarent;</strong></span> <span class='ocrx_word' id='word_1_92' title='bbox 1227 1533 1480 1605; x_wconf 71' lang='lat' dir='ltr'><strong>prtecepit</strong></span> <span class='ocrx_word' id='word_1_93' title='bbox 1517 1532 1721 1587; x_wconf 89' lang='lat' dir='ltr'><strong>destrui</strong></span> <span class='ocrx_word' id='word_1_94' title='bbox 1760 1530 1934 1585; x_wconf 83' lang='lat' dir='ltr'><strong>scele-</strong></span> 
     </span>
    </p>
   </div>
   <div class='ocr_carea' id='block_1_17' title="bbox 342 1620 1937 1696">
    <p class='ocr_par' dir='ltr' id='par_1_17' title="bbox 342 1620 1937 1696">
     <span class='ocr_line' id='line_1_17' title="bbox 342 1620 1937 1696; baseline -0.004 -14"><span class='ocrx_word' id='word_1_95' title='bbox 342 1627 670 1682; x_wconf 89' lang='lat' dir='ltr'><strong>ratissimum</strong></span> <span class='ocrx_word' id='word_1_96' title='bbox 713 1625 1009 1696; x_wconf 86' lang='lat' dir='ltr'><strong>templum,</strong></span> <span class='ocrx_word' id='word_1_97' title='bbox 1055 1626 1335 1693; x_wconf 87' lang='lat' dir='ltr'><strong>ipsumque</strong></span> <span class='ocrx_word' id='word_1_98' title='bbox 1383 1623 1658 1692; x_wconf 79' lang='lat' dir='ltr'><strong>pulverem</strong></span> <span class='ocrx_word' id='word_1_99' title='bbox 1710 1620 1937 1676; x_wconf 79' lang='lat' dir='ltr'><strong>funestis</strong></span> 
     </span>
    </p>
   </div>
   <div class='ocr_carea' id='block_1_18' title="bbox 341 1711 1933 1782">
    <p class='ocr_par' dir='ltr' id='par_1_18' title="bbox 341 1711 1933 1782">
     <span class='ocr_line' id='line_1_18' title="bbox 341 1711 1933 1782; baseline -0.005 -11"><span class='ocrx_word' id='word_1_100' title='bbox 341 1716 620 1772; x_wconf 81' lang='lat' dir='ltr'><strong>sacrificiis</strong></span> <span class='ocrx_word' id='word_1_101' title='bbox 639 1714 895 1769; x_wconf 89' lang='lat' dir='ltr'><strong>violatum</strong></span> <span class='ocrx_word' id='word_1_102' title='bbox 917 1713 1061 1782; x_wconf 89' lang='lat' dir='ltr'><strong>ejici,</strong></span> <span class='ocrx_word' id='word_1_103' title='bbox 1083 1722 1137 1767; x_wconf 90' lang='lat' dir='ltr'><strong>et</strong></span> <span class='ocrx_word' id='word_1_104' title='bbox 1159 1712 1345 1782; x_wconf 86' lang='lat' dir='ltr'><strong>procul</strong></span> <span class='ocrx_word' id='word_1_105' title='bbox 1369 1727 1398 1766; x_wconf 90' lang='lat' dir='ltr'><strong>a</strong></span> <span class='ocrx_word' id='word_1_106' title='bbox 1426 1711 1645 1767; x_wconf 86' lang='lat' dir='ltr'><strong>civitate</strong></span> <span class='ocrx_word' id='word_1_107' title='bbox 1665 1711 1933 1780; x_wconf 80' lang='lat' dir='ltr'><strong>dispergi;</strong></span> 
     </span>
    </p>
   </div>
   <div class='ocr_carea' id='block_1_19' title="bbox 2040 531 3631 604">
    <p class='ocr_par' dir='ltr' id='par_1_19' title="bbox 2040 531 3631 604">
     <span class='ocr_line' id='line_1_19' title="bbox 2040 531 3631 604; baseline -0.003 -14"><span class='ocrx_word' id='word_1_108' title='bbox 2040 536 2205 601; x_wconf 82' lang='lat' dir='ltr'><strong>genii.</strong></span> <span class='ocrx_word' id='word_1_109' title='bbox 2231 535 2309 591; x_wconf 81' lang='lat' dir='ltr'><strong>Ex</strong></span> <span class='ocrx_word' id='word_1_110' title='bbox 2327 536 2508 592; x_wconf 82' lang='lat' dir='ltr'><strong>verbis</strong></span> <span class='ocrx_word' id='word_1_111' title='bbox 2536 544 2714 590; x_wconf 87' lang='lat' dir='ltr'><strong>autem</strong></span> <span class='ocrx_word' id='word_1_112' title='bbox 2742 535 2858 604; x_wconf 91' lang='lat' dir='ltr'><strong>ejus</strong></span> <span class='ocrx_word' id='word_1_113' title='bbox 2887 535 3116 603; x_wconf 86' lang='lat' dir='ltr'><strong>conjiciu</strong></span> <span class='ocrx_word' id='word_1_114' title='bbox 3144 534 3268 604; x_wconf 84' lang='lat' dir='ltr'><strong>quia</strong></span> <span class='ocrx_word' id='word_1_115' title='bbox 3299 533 3386 588; x_wconf 82' lang='lat' dir='ltr'><strong>isti</strong></span> <span class='ocrx_word' id='word_1_116' title='bbox 3414 531 3631 602; x_wconf 84' lang='lat' dir='ltr'><strong>quidem</strong></span> 
     </span>
    </p>
   </div>
   <div class='ocr_carea' id='block_1_20' title="bbox 2039 622 3632 697">
    <p class='ocr_par' dir='ltr' id='par_1_20' title="bbox 2039 622 3632 697">
     <span class='ocr_line' id='line_1_20' title="bbox 2039 622 3632 697; baseline -0.001 -18"><span class='ocrx_word' id='word_1_117' title='bbox 2039 625 2255 680; x_wconf 76' lang='lat' dir='ltr'><strong>dictata:</strong></span> <span class='ocrx_word' id='word_1_118' title='bbox 2306 625 2427 681; x_wconf 81' lang='lat' dir='ltr'><strong>fidei</strong></span> <span class='ocrx_word' id='word_1_119' title='bbox 2475 625 2946 697; x_wconf 82' lang='lat' dir='ltr'><strong>subscripserunt,</strong></span> <span class='ocrx_word' id='word_1_120' title='bbox 2978 623 3308 679; x_wconf 79' lang='lat' dir='ltr'><strong>dantnationi</strong></span> <span class='ocrx_word' id='word_1_121' title='bbox 3347 638 3475 678; x_wconf 85' lang='lat' dir='ltr'><strong>vero</strong></span> <span class='ocrx_word' id='word_1_122' title='bbox 3517 622 3632 678; x_wconf 89' lang='lat' dir='ltr'><strong>Arii</strong></span> 
     </span>
    </p>
   </div>
   <div class='ocr_carea' id='block_1_21' title="bbox 2039 712 3635 785">
    <p class='ocr_par' dir='ltr' id='par_1_21' title="bbox 2039 712 3635 785">
     <span class='ocr_line' id='line_1_21' title="bbox 2039 712 3635 785; baseline -0.003 -13"><span class='ocrx_word' id='word_1_123' title='bbox 2039 718 2347 773; x_wconf 87' lang='lat' dir='ltr'><strong>consentire</strong></span> <span class='ocrx_word' id='word_1_124' title='bbox 2378 718 2684 773; x_wconf 90' lang='lat' dir='ltr'><strong>noluerunt.</strong></span> <span class='ocrx_word' id='word_1_125' title='bbox 2718 715 2793 769; x_wconf 75' lang='lat' dir='ltr'><strong>Ex</strong></span> <span class='ocrx_word' id='word_1_126' title='bbox 2826 731 2933 785; x_wconf 92' lang='lat' dir='ltr'><strong>quo</strong></span> <span class='ocrx_word' id='word_1_127' title='bbox 2961 724 3017 770; x_wconf 90' lang='lat' dir='ltr'><strong>et</strong></span> <span class='ocrx_word' id='word_1_128' title='bbox 3046 716 3204 770; x_wconf 80' lang='lat' dir='ltr'><strong>Arius</strong></span> <span class='ocrx_word' id='word_1_129' title='bbox 3230 723 3356 770; x_wconf 84' lang='lat' dir='ltr'><strong>ante</strong></span> <span class='ocrx_word' id='word_1_130' title='bbox 3386 712 3519 768; x_wconf 89' lang='lat' dir='ltr'><strong>istos</strong></span> <span class='ocrx_word' id='word_1_131' title='bbox 3544 727 3635 767; x_wconf 85' lang='lat' dir='ltr'><strong>te-</strong></span> 
     </span>
    </p>
   </div>
   <div class='ocr_carea' id='block_1_22' title="bbox 2041 804 3633 878">
    <p class='ocr_par' dir='ltr' id='par_1_22' title="bbox 2041 804 3633 878">
     <span class='ocr_line' id='line_1_22' title="bbox 2041 804 3633 878; baseline -0.004 -13"><span class='ocrx_word' id='word_1_132' title='bbox 2041 817 2260 866; x_wconf 86' lang='lat' dir='ltr'><strong>vocatus</strong></span> <span class='ocrx_word' id='word_1_133' title='bbox 2282 811 2609 878; x_wconf 86' lang='lat' dir='ltr'><strong>agnoscitur.</strong></span> <span class='ocrx_word' id='word_1_134' title='bbox 2641 808 2747 865; x_wconf 88' lang='lat' dir='ltr'><strong>Sed</strong></span> <span class='ocrx_word' id='word_1_135' title='bbox 2774 809 2899 864; x_wconf 87' lang='lat' dir='ltr'><strong>licet</strong></span> <span class='ocrx_word' id='word_1_136' title='bbox 2922 808 3025 863; x_wconf 86' lang='lat' dir='ltr'><strong>hoc</strong></span> <span class='ocrx_word' id='word_1_137' title='bbox 3048 809 3122 861; x_wconf 89' lang='lat' dir='ltr'><strong>ita</strong></span> <span class='ocrx_word' id='word_1_138' title='bbox 3147 822 3206 862; x_wconf 91' lang='lat' dir='ltr'><strong>se</strong></span> <span class='ocrx_word' id='word_1_139' title='bbox 3228 806 3430 861; x_wconf 87' lang='lat' dir='ltr'><strong>habere</strong></span> <span class='ocrx_word' id='word_1_140' title='bbox 3452 804 3633 859; x_wconf 81' lang='lat' dir='ltr'><strong>videa-</strong></span> 
     </span>
    </p>
   </div>
   <div class='ocr_carea' id='block_1_23' title="bbox 2038 893 3633 967">
    <p class='ocr_par' dir='ltr' id='par_1_23' title="bbox 2038 893 3633 967">
     <span class='ocr_line' id='line_1_23' title="bbox 2038 893 3633 967; baseline -0.004 -12"><span class='ocrx_word' id='word_1_141' title='bbox 2038 909 2144 965; x_wconf 91' lang='lat' dir='ltr'><strong>tur,</strong></span> <span class='ocrx_word' id='word_1_142' title='bbox 2171 910 2349 956; x_wconf 92' lang='lat' dir='ltr'><strong>tamen</strong></span> <span class='ocrx_word' id='word_1_143' title='bbox 2374 899 2754 954; x_wconf 83' lang='lat' dir='ltr'><strong>Alexandriam</strong></span> <span class='ocrx_word' id='word_1_144' title='bbox 2783 893 3043 953; x_wconf 84' lang='lat' dir='ltr'><strong>aecedere</strong></span> <span class='ocrx_word' id='word_1_145' title='bbox 3065 897 3366 967; x_wconf 87' lang='lat' dir='ltr'><strong>prohibitus</strong></span> <span class='ocrx_word' id='word_1_146' title='bbox 3384 905 3485 950; x_wconf 90' lang='lat' dir='ltr'><strong>est.</strong></span> <span class='ocrx_word' id='word_1_147' title='bbox 3517 893 3633 949; x_wconf 80' lang='lat' dir='ltr'><strong>Huc</strong></span> 
     </span>
    </p>
   </div>
   <div class='ocr_carea' id='block_1_24' title="bbox 2037 989 3634 1059">
    <p class='ocr_par' dir='ltr' id='par_1_24' title="bbox 2037 989 3634 1059">
     <span class='ocr_line' id='line_1_24' title="bbox 2037 989 3634 1059; baseline -0.004 -13"><span class='ocrx_word' id='word_1_148' title='bbox 2037 1000 2219 1047; x_wconf 89' lang='lat' dir='ltr'><strong>autem</strong></span> <span class='ocrx_word' id='word_1_149' title='bbox 2245 992 2546 1047; x_wconf 89' lang='lat' dir='ltr'><strong>ostenditur</strong></span> <span class='ocrx_word' id='word_1_150' title='bbox 2567 1006 2632 1046; x_wconf 84' lang='lat' dir='ltr'><strong>ex</strong></span> <span class='ocrx_word' id='word_1_151' title='bbox 2659 990 2775 1059; x_wconf 82' lang='lat' dir='ltr'><strong>ejus</strong></span> <span class='ocrx_word' id='word_1_152' title='bbox 2804 989 3219 1059; x_wconf 77' lang='lat' dir='ltr'><strong>cogitationibus</strong></span> <span class='ocrx_word' id='word_1_153' title='bbox 3236 1028 3251 1049; x_wconf 90' lang='lat'><strong>,</strong></span> <span class='ocrx_word' id='word_1_154' title='bbox 3282 1001 3415 1058; x_wconf 87' lang='lat' dir='ltr'><strong>quas</strong></span> <span class='ocrx_word' id='word_1_155' title='bbox 3444 997 3634 1057; x_wconf 89' lang='lat' dir='ltr'><strong>postea</strong></span> 
     </span>
    </p>
   </div>
   <div class='ocr_carea' id='block_1_25' title="bbox 2039 1077 3635 1151">
    <p class='ocr_par' dir='ltr' id='par_1_25' title="bbox 2039 1077 3635 1151">
     <span class='ocr_line' id='line_1_25' title="bbox 2039 1077 3635 1151; baseline -0.003 -15"><span class='ocrx_word' id='word_1_156' title='bbox 2039 1082 2259 1138; x_wconf 91' lang='lat' dir='ltr'><strong>molitus</strong></span> <span class='ocrx_word' id='word_1_157' title='bbox 2306 1084 2614 1148; x_wconf 91' lang='lat' dir='ltr'><strong>invenitur,</strong></span> <span class='ocrx_word' id='word_1_158' title='bbox 2654 1082 2910 1150; x_wconf 81' lang='lat' dir='ltr'><strong>figmento</strong></span> <span class='ocrx_word' id='word_1_159' title='bbox 2948 1098 3056 1135; x_wconf 71' lang='lat' dir='ltr'><strong>sua:</strong></span> <span class='ocrx_word' id='word_1_160' title='bbox 3098 1079 3423 1151; x_wconf 72' lang='lat' dir='ltr'><strong>pcenitentia:</strong></span> <span class='ocrx_word' id='word_1_161' title='bbox 3447 1117 3463 1143; x_wconf 92' lang='lat'><strong>,</strong></span> <span class='ocrx_word' id='word_1_162' title='bbox 3493 1077 3635 1132; x_wconf 90' lang='lat' dir='ltr'><strong>sicut</strong></span> 
     </span>
    </p>
   </div>
   <div class='ocr_carea' id='block_1_26' title="bbox 2038 1166 3627 1244">
    <p class='ocr_par' dir='ltr' id='par_1_26' title="bbox 2038 1166 3627 1244">
     <span class='ocr_line' id='line_1_26' title="bbox 2038 1166 3627 1244; baseline -0.004 -15"><span class='ocrx_word' id='word_1_163' title='bbox 2038 1184 2342 1244; x_wconf 87' lang='lat' dir='ltr'><strong>opportune</strong></span> <span class='ocrx_word' id='word_1_164' title='bbox 2369 1172 2606 1240; x_wconf 80' lang='lat' dir='ltr'><strong>pateﬁet.</strong></span> <span class='ocrx_word' id='word_1_165' title='bbox 2651 1172 2951 1236; x_wconf 68' lang='lat' dir='ltr'><strong>Socnnss,</strong></span> <span class='ocrx_word' id='word_1_166' title='bbox 2984 1173 3073 1226; x_wconf 84' lang='lat' dir='ltr'><strong>lib.</strong></span> <span class='ocrx_word' id='word_1_167' title='bbox 3109 1190 3159 1239; x_wconf 87' lang='grc' dir='ltr'><strong>ι,</strong></span> <span class='ocrx_word' id='word_1_168' title='bbox 3194 1189 3309 1241; x_wconf 83' lang='lat' dir='ltr'><strong>cap.</strong></span> <span class='ocrx_word' id='word_1_169' title='bbox 3347 1169 3430 1225; x_wconf 79' lang='grc'><strong>10,</strong></span> <span class='ocrx_word' id='word_1_170' title='bbox 3482 1166 3627 1222; x_wconf 82' lang='lat' dir='ltr'><strong>Edit.</strong></span> 
     </span>
    </p>
   </div>
   <div class='ocr_carea' id='block_1_27' title="bbox 2038 1262 3029 1335">
    <p class='ocr_par' dir='ltr' id='par_1_27' title="bbox 2038 1262 3029 1335">
     <span class='ocr_line' id='line_1_27' title="bbox 2038 1262 3029 1335; baseline -0.003 -17"><span class='ocrx_word' id='word_1_171' title='bbox 2038 1263 2330 1335; x_wconf 78' lang='lat' dir='ltr'><strong>ChristOph.</strong></span> <span class='ocrx_word' id='word_1_172' title='bbox 2375 1264 2546 1319; x_wconf 82' lang='lat' dir='ltr'><strong>Vales.</strong></span> <span class='ocrx_word' id='word_1_173' title='bbox 2580 1280 2697 1332; x_wconf 87' lang='lat' dir='ltr'><strong>cap.</strong></span> <span class='ocrx_word' id='word_1_174' title='bbox 2731 1262 2826 1327; x_wconf 72' lang='lat' dir='ltr'><strong>M,</strong></span> <span class='ocrx_word' id='word_1_175' title='bbox 2857 1282 2909 1333; x_wconf 83' lang='lat' dir='ltr'><strong>p.</strong></span> <span class='ocrx_word' id='word_1_176' title='bbox 2941 1263 3029 1316; x_wconf 65' lang='grc'><strong>45.</strong></span> 
     </span>
    </p>
   </div>
   <div class='ocr_carea' id='block_1_28' title="bbox 2502 1396 3149 1470">
    <p class='ocr_par' dir='ltr' id='par_1_28' title="bbox 2502 1396 3149 1470">
     <span class='ocr_line' id='line_1_28' title="bbox 2502 1396 3149 1470; baseline -0.006 -16"><span class='ocrx_word' id='word_1_177' title='bbox 2502 1401 2662 1470; x_wconf 74' lang='lat'><strong>232</strong></span> <span class='ocrx_word' id='word_1_178' title='bbox 2697 1396 2925 1453; x_wconf 75' lang='lat' dir='ltr'><strong>CAPUT</strong></span> <span class='ocrx_word' id='word_1_179' title='bbox 2964 1396 3149 1451; x_wconf 85' lang='lat' dir='ltr'><strong>xvnt.</strong></span> 
     </span>
    </p>
   </div>
   <div class='ocr_carea' id='block_1_29' title="bbox 2038 1486 3628 1554">
    <p class='ocr_par' dir='ltr' id='par_1_29' title="bbox 2038 1486 3628 1554">
     <span class='ocr_line' id='line_1_29' title="bbox 2038 1486 3628 1554; baseline -0.002 -10"><span class='ocrx_word' id='word_1_180' title='bbox 2038 1490 2118 1544; x_wconf 87' lang='lat' dir='ltr'><strong>De</strong></span> <span class='ocrx_word' id='word_1_181' title='bbox 2144 1490 2468 1545; x_wconf 81' lang='lat' dir='ltr'><strong>dedicatione</strong></span> <span class='ocrx_word' id='word_1_182' title='bbox 2502 1500 2553 1543; x_wconf 86' lang='lat' dir='ltr'><strong>ct</strong></span> <span class='ocrx_word' id='word_1_183' title='bbox 2581 1491 2897 1544; x_wconf 80' lang='lat' dir='ltr'><strong>ornamentis</strong></span> <span class='ocrx_word' id='word_1_184' title='bbox 2924 1490 3168 1554; x_wconf 70' lang='lat' dir='ltr'><strong>civitatis,</strong></span> <span class='ocrx_word' id='word_1_185' title='bbox 3198 1496 3245 1542; x_wconf 86' lang='lat' dir='ltr'><strong>et</strong></span> <span class='ocrx_word' id='word_1_186' title='bbox 3276 1486 3340 1540; x_wconf 82' lang='lat' dir='ltr'><strong>de</strong></span> <span class='ocrx_word' id='word_1_187' title='bbox 3367 1487 3503 1541; x_wconf 80' lang='lat' dir='ltr'><strong>cultu</strong></span> <span class='ocrx_word' id='word_1_188' title='bbox 3532 1486 3628 1541; x_wconf 83' lang='lat' dir='ltr'><strong>Je-</strong></span> 
     </span>
    </p>
   </div>
   <div class='ocr_carea' id='block_1_30' title="bbox 2107 1557 3631 1631">
    <p class='ocr_par' dir='ltr' id='par_1_30' title="bbox 2107 1557 3631 1631">
     <span class='ocr_line' id='line_1_30' title="bbox 2107 1557 3631 1631; baseline -0.004 -16"><span class='ocrx_word' id='word_1_189' title='bbox 2107 1563 2517 1631; x_wconf 81' lang='lat' dir='ltr'><strong>rosolymorum,</strong></span> <span class='ocrx_word' id='word_1_190' title='bbox 2540 1569 2607 1631; x_wconf 83' lang='lat' dir='ltr'><strong>_et</strong></span> <span class='ocrx_word' id='word_1_191' title='bbox 2648 1562 2789 1630; x_wconf 84' lang='lat' dir='ltr'><strong>ligno</strong></span> <span class='ocrx_word' id='word_1_192' title='bbox 2829 1561 3026 1624; x_wconf 87' lang='lat' dir='ltr'><strong>crucis,</strong></span> <span class='ocrx_word' id='word_1_193' title='bbox 3064 1571 3217 1630; x_wconf 82' lang='lat' dir='ltr'><strong>atque</strong></span> <span class='ocrx_word' id='word_1_194' title='bbox 3253 1557 3410 1612; x_wconf 78' lang='lat' dir='ltr'><strong>clavis</strong></span> <span class='ocrx_word' id='word_1_195' title='bbox 3449 1557 3631 1627; x_wconf 78' lang='lat' dir='ltr'><strong>quibus</strong></span> 
     </span>
    </p>
   </div>
   <div class='ocr_carea' id='block_1_31' title="bbox 2111 1629 2802 1700">
    <p class='ocr_par' dir='ltr' id='par_1_31' title="bbox 2111 1629 2802 1700">
     <span class='ocr_line' id='line_1_31' title="bbox 2111 1629 2802 1700; baseline 0 -17"><span class='ocrx_word' id='word_1_196' title='bbox 2111 1629 2399 1700; x_wconf 74' lang='lat' dir='ltr'><strong>transﬁxus</strong></span> <span class='ocrx_word' id='word_1_197' title='bbox 2422 1639 2498 1684; x_wconf 79' lang='lat' dir='ltr'><strong>est</strong></span> <span class='ocrx_word' id='word_1_198' title='bbox 2527 1629 2802 1684; x_wconf 86' lang='lat' dir='ltr'><strong>Dominus.</strong></span> 
     </span>
    </p>
   </div>
   <div class='ocr_carea' id='block_1_32' title="bbox 2110 1718 3630 1790">
    <p class='ocr_par' dir='ltr' id='par_1_32' title="bbox 2110 1718 3630 1790">
     <span class='ocr_line' id='line_1_32' title="bbox 2110 1718 3630 1790; baseline -0.003 -15"><span class='ocrx_word' id='word_1_199' title='bbox 2110 1720 2411 1790; x_wconf 89' lang='lat' dir='ltr'><strong>Imperator</strong></span> <span class='ocrx_word' id='word_1_200' title='bbox 2450 1720 2654 1774; x_wconf 91' lang='lat' dir='ltr'><strong>interea</strong></span> <span class='ocrx_word' id='word_1_201' title='bbox 2702 1729 2824 1789; x_wconf 86' lang='lat' dir='ltr'><strong>post</strong></span> <span class='ocrx_word' id='word_1_202' title='bbox 2861 1719 3145 1775; x_wconf 90' lang='lat' dir='ltr'><strong>concilium</strong></span> <span class='ocrx_word' id='word_1_203' title='bbox 3190 1718 3418 1788; x_wconf 81' lang='lat' dir='ltr'><strong>degebat</strong></span> <span class='ocrx_word' id='word_1_204' title='bbox 3458 1726 3630 1772; x_wconf 57' lang='lat' dir='ltr'><strong>laetus.</strong></span> 
     </span>
    </p>
   </div>
   <div class='ocr_carea' id='block_1_33' title="bbox 343 1802 1941 1881">
    <p class='ocr_par' dir='ltr' id='par_1_33' title="bbox 343 1802 1936 1871">
     <span class='ocr_line' id='line_1_33' title="bbox 343 1802 1936 1871; baseline -0.004 -11"><span class='ocrx_word' id='word_1_205' title='bbox 343 1805 538 1862; x_wconf 87' lang='lat' dir='ltr'><strong>deinde</strong></span> <span class='ocrx_word' id='word_1_206' title='bbox 561 1804 858 1859; x_wconf 86' lang='lat' dir='ltr'><strong>sacrarium</strong></span> <span class='ocrx_word' id='word_1_207' title='bbox 885 1803 1137 1857; x_wconf 79' lang='lat' dir='ltr'><strong>:edilicari</strong></span> <span class='ocrx_word' id='word_1_208' title='bbox 1166 1802 1279 1858; x_wconf 83' lang='lat' dir='ltr'><strong>Deo</strong></span> <span class='ocrx_word' id='word_1_209' title='bbox 1307 1802 1599 1856; x_wconf 86' lang='lat' dir='ltr'><strong>maximum</strong></span> <span class='ocrx_word' id='word_1_210' title='bbox 1627 1817 1790 1870; x_wconf 82' lang='lat' dir='ltr'><strong>a.que</strong></span> <span class='ocrx_word' id='word_1_211' title='bbox 1818 1802 1936 1871; x_wconf 82' lang='lat' dir='ltr'><strong>pul-</strong></span> 
     </span>
    </p>
   </div>
   <div class='ocr_carea' id='block_1_34' title="bbox 2054 1802 3633 1881">
    <p class='ocr_par' dir='ltr' id='par_1_34' title="bbox 2054 1808 3633 1879">
     <span class='ocr_line' id='line_1_34' title="bbox 2054 1808 3633 1879; baseline -0.002 -14"><span class='ocrx_word' id='word_1_212' title='bbox 2054 1809 2327 1866; x_wconf 81' lang='lat' dir='ltr'><strong>Celcbrata</strong></span> <span class='ocrx_word' id='word_1_213' title='bbox 2357 1825 2487 1879; x_wconf 89' lang='lat' dir='ltr'><strong>ergo</strong></span> <span class='ocrx_word' id='word_1_214' title='bbox 2526 1808 2815 1865; x_wconf 80' lang='lat' dir='ltr'><strong>festivitate</strong></span> <span class='ocrx_word' id='word_1_215' title='bbox 2849 1810 3059 1878; x_wconf 87' lang='lat' dir='ltr'><strong>publica</strong></span> <span class='ocrx_word' id='word_1_216' title='bbox 3099 1809 3467 1864; x_wconf 84' lang='lat' dir='ltr'><strong>Vioennalium</strong></span> <span class='ocrx_word' id='word_1_217' title='bbox 3502 1822 3633 1864; x_wconf 56' lang='lat' dir='ltr'><strong>suo.</strong></span> 
     </span>
    </p>
   </div>
   <div class='ocr_carea' id='block_1_35' title="bbox 347 1894 1939 1965">
    <p class='ocr_par' dir='ltr' id='par_1_35' title="bbox 347 1894 1939 1965">
     <span class='ocr_line' id='line_1_35' title="bbox 347 1894 1939 1965; baseline -0.003 -12"><span class='ocrx_word' id='word_1_218' title='bbox 347 1897 691 1961; x_wconf 84' lang='lat' dir='ltr'><strong>eberritnum,</strong></span> <span class='ocrx_word' id='word_1_219' title='bbox 721 1897 859 1951; x_wconf 87' lang='lat' dir='ltr'><strong>sicut</strong></span> <span class='ocrx_word' id='word_1_220' title='bbox 887 1895 1198 1963; x_wconf 76' lang='lat' dir='ltr'><strong>designatur</strong></span> <span class='ocrx_word' id='word_1_221' title='bbox 1229 1911 1296 1949; x_wconf 84' lang='lat' dir='ltr'><strong>ex</strong></span> <span class='ocrx_word' id='word_1_222' title='bbox 1326 1894 1445 1965; x_wconf 90' lang='lat' dir='ltr'><strong>ejus</strong></span> <span class='ocrx_word' id='word_1_223' title='bbox 1472 1895 1699 1965; x_wconf 92' lang='lat' dir='ltr'><strong>epistola</strong></span> <span class='ocrx_word' id='word_1_224' title='bbox 1728 1895 1794 1949; x_wconf 88' lang='lat' dir='ltr'><strong>ad</strong></span> <span class='ocrx_word' id='word_1_225' title='bbox 1825 1895 1939 1948; x_wconf 83' lang='lat' dir='ltr'><strong>Ma-</strong></span> 
     </span>
    </p>
   </div>
   <div class='ocr_carea' id='block_1_36' title="bbox 348 1987 1942 2059">
    <p class='ocr_par' dir='ltr' id='par_1_36' title="bbox 348 1987 1942 2059">
     <span class='ocr_line' id='line_1_36' title="bbox 348 1987 1942 2059; baseline -0.001 -15"><span class='ocrx_word' id='word_1_226' title='bbox 348 1989 554 2045; x_wconf 86' lang='lat' dir='ltr'><strong>carium</strong></span> <span class='ocrx_word' id='word_1_227' title='bbox 601 1989 770 2058; x_wconf 84' lang='lat' dir='ltr'><strong>ipsius</strong></span> <span class='ocrx_word' id='word_1_228' title='bbox 799 1988 1028 2043; x_wconf 87' lang='lat' dir='ltr'><strong>civitatis</strong></span> <span class='ocrx_word' id='word_1_229' title='bbox 1075 1988 1387 2059; x_wconf 79' lang='lat' dir='ltr'><strong>episcopum</strong></span> <span class='ocrx_word' id='word_1_230' title='bbox 1422 1987 1710 2043; x_wconf 90' lang='lat' dir='ltr'><strong>destinata.</strong></span> <span class='ocrx_word' id='word_1_231' title='bbox 1761 1987 1942 2043; x_wconf 73' lang='grc' dir='ltr'><strong>Τειεο-</strong></span> 
     </span>
    </p>
   </div>
   <div class='ocr_carea' id='block_1_37' title="bbox 344 2077 1278 2150">
    <p class='ocr_par' dir='ltr' id='par_1_37' title="bbox 344 2077 1278 2150">
     <span class='ocr_line' id='line_1_37' title="bbox 344 2077 1278 2150; baseline -0.006 -12"><span class='ocrx_word' id='word_1_232' title='bbox 344 2096 607 2148; x_wconf 73' lang='lat' dir='ltr'><strong>noueras,</strong></span> <span class='ocrx_word' id='word_1_233' title='bbox 637 2081 727 2135; x_wconf 89' lang='lat' dir='ltr'><strong>lib.</strong></span> <span class='ocrx_word' id='word_1_234' title='bbox 760 2097 797 2146; x_wconf 88' lang='grc' dir='ltr'><strong>ι,</strong></span> <span class='ocrx_word' id='word_1_235' title='bbox 829 2096 946 2148; x_wconf 86' lang='lat' dir='ltr'><strong>cap.</strong></span> <span class='ocrx_word' id='word_1_236' title='bbox 985 2080 1072 2145; x_wconf 84' lang='lat' dir='ltr'><strong>l6,</strong></span> <span class='ocrx_word' id='word_1_237' title='bbox 1104 2097 1157 2150; x_wconf 86' lang='lat' dir='ltr'><strong>p.</strong></span> <span class='ocrx_word' id='word_1_238' title='bbox 1189 2077 1278 2133; x_wconf 79' lang='grc'><strong>45.</strong></span> 
     </span>
    </p>
   </div>
   <div class='ocr_carea' id='block_1_38' title="bbox 936 2208 1367 2265">
    <p class='ocr_par' dir='ltr' id='par_1_38' title="bbox 936 2208 1367 2265">
     <span class='ocr_line' id='line_1_38' title="bbox 936 2208 1367 2265; baseline -0.002 -1"><span class='ocrx_word' id='word_1_239' title='bbox 936 2208 1167 2265; x_wconf 83' lang='lat' dir='ltr'><strong>CAPUT</strong></span> <span class='ocrx_word' id='word_1_240' title='bbox 1203 2209 1367 2264; x_wconf 80' lang='lat' dir='ltr'><strong>XVII.</strong></span> 
     </span>
    </p>
   </div>
   <div class='ocr_carea' id='block_1_39' title="bbox 385 2321 1903 2396">
    <p class='ocr_par' dir='ltr' id='par_1_39' title="bbox 385 2321 1903 2396">
     <span class='ocr_line' id='line_1_39' title="bbox 385 2321 1903 2396; baseline -0.004 -16"><span class='ocrx_word' id='word_1_241' title='bbox 385 2325 609 2380; x_wconf 81' lang='lat' dir='ltr'><strong>Libellus</strong></span> <span class='ocrx_word' id='word_1_242' title='bbox 636 2325 954 2396; x_wconf 70' lang='lat' dir='ltr'><strong>paenitentia:</strong></span> <span class='ocrx_word' id='word_1_243' title='bbox 982 2322 1045 2376; x_wconf 92' lang='lat' dir='ltr'><strong>ab</strong></span> <span class='ocrx_word' id='word_1_244' title='bbox 1077 2321 1299 2376; x_wconf 79' lang='lat' dir='ltr'><strong>Eusebio</strong></span> <span class='ocrx_word' id='word_1_245' title='bbox 1326 2330 1377 2377; x_wconf 87' lang='lat' dir='ltr'><strong>et</strong></span> <span class='ocrx_word' id='word_1_246' title='bbox 1408 2321 1703 2394; x_wconf 82' lang='lat' dir='ltr'><strong>Tlteogonio</strong></span> <span class='ocrx_word' id='word_1_247' title='bbox 1732 2322 1903 2375; x_wconf 80' lang='lat' dir='ltr'><strong>datus.</strong></span> 
     </span>
    </p>
   </div>
   <div class='ocr_carea' id='block_1_40' title="bbox 420 2435 1943 2508">
    <p class='ocr_par' dir='ltr' id='par_1_40' title="bbox 420 2435 1943 2508">
     <span class='ocr_line' id='line_1_40' title="bbox 420 2435 1943 2508; baseline -0.004 -13"><span class='ocrx_word' id='word_1_248' title='bbox 420 2441 683 2496; x_wconf 83' lang='lat' dir='ltr'><strong>Eusebius</strong></span> <span class='ocrx_word' id='word_1_249' title='bbox 706 2439 868 2508; x_wconf 79' lang='lat' dir='ltr'><strong>igitur</strong></span> <span class='ocrx_word' id='word_1_250' title='bbox 908 2448 963 2492; x_wconf 89' lang='lat' dir='ltr'><strong>et</strong></span> <span class='ocrx_word' id='word_1_251' title='bbox 985 2436 1331 2505; x_wconf 84' lang='lat' dir='ltr'><strong>Theogonius</strong></span> <span class='ocrx_word' id='word_1_252' title='bbox 1352 2437 1683 2507; x_wconf 62' lang='lat' dir='ltr'><strong>patuitentize</strong></span> <span class='ocrx_word' id='word_1_253' title='bbox 1704 2435 1943 2491; x_wconf 89' lang='lat' dir='ltr'><strong>libellum</strong></span> 
     </span>
    </p>
   </div>
   <div class='ocr_carea' id='block_1_41' title="bbox 349 2528 1946 2599">
    <p class='ocr_par' dir='ltr' id='par_1_41' title="bbox 349 2528 1946 2599">
     <span class='ocr_line' id='line_1_41' title="bbox 349 2528 1946 2599; baseline -0.004 -12"><span class='ocrx_word' id='word_1_254' title='bbox 349 2533 575 2588; x_wconf 88' lang='lat' dir='ltr'><strong>sunnnis</strong></span> <span class='ocrx_word' id='word_1_255' title='bbox 602 2530 871 2599; x_wconf 90' lang='lat' dir='ltr'><strong>episcopis</strong></span> <span class='ocrx_word' id='word_1_256' title='bbox 899 2529 1211 2597; x_wconf 81' lang='lat' dir='ltr'><strong>dirigentes,</strong></span> <span class='ocrx_word' id='word_1_257' title='bbox 1239 2529 1308 2583; x_wconf 88' lang='lat' dir='ltr'><strong>ab</strong></span> <span class='ocrx_word' id='word_1_258' title='bbox 1336 2528 1526 2584; x_wconf 87' lang='lat' dir='ltr'><strong>exsilio</strong></span> <span class='ocrx_word' id='word_1_259' title='bbox 1551 2528 1790 2584; x_wconf 89' lang='lat' dir='ltr'><strong>revocati</strong></span> <span class='ocrx_word' id='word_1_260' title='bbox 1817 2534 1946 2583; x_wconf 90' lang='lat' dir='ltr'><strong>sunt</strong></span> 
     </span>
    </p>
   </div>
   <div class='ocr_carea' id='block_1_42' title="bbox 351 2616 1945 2692">
    <p class='ocr_par' dir='ltr' id='par_1_42' title="bbox 351 2616 1945 2692">
     <span class='ocr_line' id='line_1_42' title="bbox 351 2616 1945 2692; baseline -0.003 -15"><span class='ocrx_word' id='word_1_261' title='bbox 351 2622 615 2692; x_wconf 88' lang='lat' dir='ltr'><strong>imperiali</strong></span> <span class='ocrx_word' id='word_1_262' title='bbox 645 2629 932 2690; x_wconf 74' lang='lat' dir='ltr'><strong>prmceptO,</strong></span> <span class='ocrx_word' id='word_1_263' title='bbox 961 2628 1016 2673; x_wconf 88' lang='lat' dir='ltr'><strong>et</strong></span> <span class='ocrx_word' id='word_1_264' title='bbox 1040 2635 1167 2674; x_wconf 87' lang='lat' dir='ltr'><strong>suas</strong></span> <span class='ocrx_word' id='word_1_265' title='bbox 1188 2616 1459 2674; x_wconf 78' lang='lat' dir='ltr'><strong>Ecclesias</strong></span> <span class='ocrx_word' id='word_1_266' title='bbox 1486 2625 1829 2689; x_wconf 88' lang='lat' dir='ltr'><strong>receperunt,</strong></span> <span class='ocrx_word' id='word_1_267' title='bbox 1849 2632 1945 2673; x_wconf 86' lang='lat' dir='ltr'><strong>ex-</strong></span> 
     </span>
    </p>
   </div>
   <div class='ocr_carea' id='block_1_43' title="bbox 352 2706 1940 2782">
    <p class='ocr_par' dir='ltr' id='par_1_43' title="bbox 352 2706 1940 2782">
     <span class='ocr_line' id='line_1_43' title="bbox 352 2706 1940 2782; baseline -0.003 -17"><span class='ocrx_word' id='word_1_268' title='bbox 352 2713 612 2782; x_wconf 85' lang='lat' dir='ltr'><strong>pellentes</strong></span> <span class='ocrx_word' id='word_1_269' title='bbox 641 2726 737 2765; x_wconf 88' lang='lat' dir='ltr'><strong>eos</strong></span> <span class='ocrx_word' id='word_1_270' title='bbox 774 2710 864 2779; x_wconf 91' lang='lat' dir='ltr'><strong>qui</strong></span> <span class='ocrx_word' id='word_1_271' title='bbox 913 2710 965 2762; x_wconf 92' lang='lat' dir='ltr'><strong>in</strong></span> <span class='ocrx_word' id='word_1_272' title='bbox 1011 2710 1246 2779; x_wconf 87' lang='lat' dir='ltr'><strong>ipsorum</strong></span> <span class='ocrx_word' id='word_1_273' title='bbox 1289 2709 1421 2764; x_wconf 91' lang='lat' dir='ltr'><strong>locis</strong></span> <span class='ocrx_word' id='word_1_274' title='bbox 1450 2708 1661 2763; x_wconf 86' lang='lat' dir='ltr'><strong>fuerant</strong></span> <span class='ocrx_word' id='word_1_275' title='bbox 1688 2706 1940 2773; x_wconf 87' lang='lat' dir='ltr'><strong>ordinati,</strong></span> 
     </span>
    </p>
   </div>
   <div class='ocr_carea' id='block_1_44' title="bbox 351 2799 1945 2871">
    <p class='ocr_par' dir='ltr' id='par_1_44' title="bbox 351 2799 1945 2871">
     <span class='ocr_line' id='line_1_44' title="bbox 351 2799 1945 2871; baseline -0.001 -14"><span class='ocrx_word' id='word_1_276' title='bbox 351 2802 406 2857; x_wconf 90' lang='lat' dir='ltr'><strong>id</strong></span> <span class='ocrx_word' id='word_1_277' title='bbox 433 2810 515 2857; x_wconf 86' lang='lat' dir='ltr'><strong>est</strong></span> <span class='ocrx_word' id='word_1_278' title='bbox 542 2802 802 2856; x_wconf 82' lang='lat' dir='ltr'><strong>Eusebius</strong></span> <span class='ocrx_word' id='word_1_279' title='bbox 827 2801 1209 2871; x_wconf 85' lang='lat' dir='ltr'><strong>Amphionem,</strong></span> <span class='ocrx_word' id='word_1_280' title='bbox 1232 2800 1515 2855; x_wconf 88' lang='lat' dir='ltr'><strong>Chrestnm</strong></span> <span class='ocrx_word' id='word_1_281' title='bbox 1540 2815 1670 2856; x_wconf 83' lang='lat' dir='ltr'><strong>vero</strong></span> <span class='ocrx_word' id='word_1_282' title='bbox 1696 2799 1945 2871; x_wconf 81' lang='lat' dir='ltr'><strong>Theogo—</strong></span> 
     </span>
    </p>
   </div>
   <div class='ocr_carea' id='block_1_45' title="bbox 351 2891 1447 2962">
    <p class='ocr_par' dir='ltr' id='par_1_45' title="bbox 351 2891 1447 2962">
     <span class='ocr_line' id='line_1_45' title="bbox 351 2891 1447 2962; baseline -0.005 -13"><span class='ocrx_word' id='word_1_283' title='bbox 351 2893 490 2949; x_wconf 88' lang='lat' dir='ltr'><strong>nius.</strong></span> <span class='ocrx_word' id='word_1_284' title='bbox 523 2891 689 2962; x_wconf 89' lang='lat' dir='ltr'><strong>Cujus</strong></span> <span class='ocrx_word' id='word_1_285' title='bbox 718 2891 881 2947; x_wconf 90' lang='lat' dir='ltr'><strong>libelli</strong></span> <span class='ocrx_word' id='word_1_286' title='bbox 911 2892 1189 2961; x_wconf 76' lang='lat' dir='ltr'><strong>exemplar</strong></span> <span class='ocrx_word' id='word_1_287' title='bbox 1216 2894 1320 2947; x_wconf 85' lang='lat' dir='ltr'><strong>hoc</strong></span> <span class='ocrx_word' id='word_1_288' title='bbox 1344 2898 1447 2946; x_wconf 91' lang='lat' dir='ltr'><strong>est.</strong></span> 
     </span>
    </p>
   </div>
   <div class='ocr_carea' id='block_1_46' title="bbox 422 2981 1919 3052">
    <p class='ocr_par' dir='ltr' id='par_1_46' title="bbox 422 2981 1919 3052">
     <span class='ocr_line' id='line_1_46' title="bbox 422 2981 1919 3052; baseline 0 -15"><span class='ocrx_word' id='word_1_289' title='bbox 422 2983 634 3039; x_wconf 87' lang='lat' dir='ltr'><strong>Dudum</strong></span> <span class='ocrx_word' id='word_1_290' title='bbox 663 2983 879 3052; x_wconf 89' lang='lat' dir='ltr'><strong>quidem</strong></span> <span class='ocrx_word' id='word_1_291' title='bbox 909 2993 1034 3039; x_wconf 86' lang='lat' dir='ltr'><strong>ante</strong></span> <span class='ocrx_word' id='word_1_292' title='bbox 1057 2983 1317 3052; x_wconf 89' lang='lat' dir='ltr'><strong>judicium</strong></span> <span class='ocrx_word' id='word_1_293' title='bbox 1357 2981 1702 3039; x_wconf 90' lang='lat' dir='ltr'><strong>condemnati</strong></span> <span class='ocrx_word' id='word_1_294' title='bbox 1732 2996 1763 3036; x_wconf 91' lang='lat' dir='ltr'><strong>a</strong></span> <span class='ocrx_word' id='word_1_295' title='bbox 1790 2995 1919 3038; x_wconf 88' lang='lat' dir='ltr'><strong>reve</strong></span> 
     </span>
    </p>
   </div>
   <div class='ocr_carea' id='block_1_47' title="bbox 353 3077 1944 3148">
    <p class='ocr_par' dir='ltr' id='par_1_47' title="bbox 353 3077 1944 3148">
     <span class='ocr_line' id='line_1_47' title="bbox 353 3077 1944 3148; baseline -0.002 -13"><span class='ocrx_word' id='word_1_296' title='bbox 353 3080 527 3136; x_wconf 90' lang='lat' dir='ltr'><strong>rentia</strong></span> <span class='ocrx_word' id='word_1_297' title='bbox 572 3088 752 3134; x_wconf 88' lang='lat' dir='ltr'><strong>vestra</strong></span> <span class='ocrx_word' id='word_1_298' title='bbox 776 3116 791 3142; x_wconf 87' lang='lat'><strong>,</strong></span> <span class='ocrx_word' id='word_1_299' title='bbox 822 3080 1094 3148; x_wconf 89' lang='lat' dir='ltr'><strong>patienter</strong></span> <span class='ocrx_word' id='word_1_300' title='bbox 1140 3077 1281 3132; x_wconf 87' lang='lat' dir='ltr'><strong>ferre</strong></span> <span class='ocrx_word' id='word_1_301' title='bbox 1316 3092 1437 3148; x_wconf 80' lang='lat' dir='ltr'><strong>qua:</strong></span> <span class='ocrx_word' id='word_1_302' title='bbox 1484 3077 1701 3133; x_wconf 88' lang='lat' dir='ltr'><strong>decreta</strong></span> <span class='ocrx_word' id='word_1_303' title='bbox 1749 3085 1876 3132; x_wconf 89' lang='lat' dir='ltr'><strong>sunt</strong></span> <span class='ocrx_word' id='word_1_304' title='bbox 1912 3092 1944 3132; x_wconf 91' lang='lat' dir='ltr'><strong>a</strong></span> 
     </span>
    </p>
   </div>
   <div class='ocr_carea' id='block_1_48' title="bbox 2044 1898 3630 1970">
    <p class='ocr_par' dir='ltr' id='par_1_48' title="bbox 2044 1898 3630 1970">
     <span class='ocr_line' id='line_1_48' title="bbox 2044 1898 3630 1970; baseline -0.004 -13"><span class='ocrx_word' id='word_1_305' title='bbox 2044 1917 2199 1967; x_wconf 90' lang='lat' dir='ltr'><strong>rum,</strong></span> <span class='ocrx_word' id='word_1_306' title='bbox 2232 1918 2361 1956; x_wconf 83' lang='lat' dir='ltr'><strong>mox</strong></span> <span class='ocrx_word' id='word_1_307' title='bbox 2401 1901 2468 1955; x_wconf 90' lang='lat' dir='ltr'><strong>ad</strong></span> <span class='ocrx_word' id='word_1_308' title='bbox 2507 1901 2785 1970; x_wconf 84' lang='lat' dir='ltr'><strong>erigendas</strong></span> <span class='ocrx_word' id='word_1_309' title='bbox 2828 1900 3085 1957; x_wconf 86' lang='lat' dir='ltr'><strong>ecclesias</strong></span> <span class='ocrx_word' id='word_1_310' title='bbox 3123 1899 3347 1955; x_wconf 88' lang='lat' dir='ltr'><strong>festinus</strong></span> <span class='ocrx_word' id='word_1_311' title='bbox 3387 1898 3630 1956; x_wconf 85' lang='lat' dir='ltr'><strong>accessit.</strong></span> 
     </span>
    </p>
   </div>
   <div class='ocr_carea' id='block_1_49' title="bbox 2048 1990 3636 2063">
    <p class='ocr_par' dir='ltr' id='par_1_49' title="bbox 2048 1990 3636 2063">
     <span class='ocr_line' id='line_1_49' title="bbox 2048 1990 3636 2063; baseline -0.003 -15"><span class='ocrx_word' id='word_1_312' title='bbox 2048 1994 2162 2049; x_wconf 86' lang='lat' dir='ltr'><strong>lloc</strong></span> <span class='ocrx_word' id='word_1_313' title='bbox 2191 1994 2373 2063; x_wconf 90' lang='lat' dir='ltr'><strong>itaque</strong></span> <span class='ocrx_word' id='word_1_314' title='bbox 2401 1992 2633 2048; x_wconf 88' lang='lat' dir='ltr'><strong>faciebat</strong></span> <span class='ocrx_word' id='word_1_315' title='bbox 2662 2008 2762 2062; x_wconf 89' lang='lat' dir='ltr'><strong>per</strong></span> <span class='ocrx_word' id='word_1_316' title='bbox 2792 1992 3032 2061; x_wconf 88' lang='lat' dir='ltr'><strong>singulas</strong></span> <span class='ocrx_word' id='word_1_317' title='bbox 3060 1991 3307 2047; x_wconf 89' lang='lat' dir='ltr'><strong>civitates</strong></span> <span class='ocrx_word' id='word_1_318' title='bbox 3334 1999 3391 2046; x_wconf 91' lang='lat' dir='ltr'><strong>et</strong></span> <span class='ocrx_word' id='word_1_319' title='bbox 3418 1991 3471 2044; x_wconf 91' lang='lat' dir='ltr'><strong>in</strong></span> <span class='ocrx_word' id='word_1_320' title='bbox 3503 1990 3636 2045; x_wconf 89' lang='lat' dir='ltr'><strong>urbe</strong></span> 
     </span>
    </p>
   </div>
   <div class='ocr_carea' id='block_1_50' title="bbox 2043 2070 3631 2154">
    <p class='ocr_par' dir='ltr' id='par_1_50' title="bbox 2043 2070 3631 2154">
     <span class='ocr_line' id='line_1_50' title="bbox 2043 2070 3631 2154; baseline -0.003 -16"><span class='ocrx_word' id='word_1_321' title='bbox 2043 2082 2381 2154; x_wconf 76' lang='lat' dir='ltr'><strong>cognominis</strong></span> <span class='ocrx_word' id='word_1_322' title='bbox 2433 2082 2539 2137; x_wconf 92' lang='lat' dir='ltr'><strong>sui.</strong></span> <span class='ocrx_word' id='word_1_323' title='bbox 2600 2070 2916 2148; x_wconf 69' lang='lat' dir='ltr'><strong>Sdcnuss,</strong></span> <span class='ocrx_word' id='word_1_324' title='bbox 2958 2080 3046 2136; x_wconf 86' lang='lat' dir='ltr'><strong>lib.</strong></span> <span class='ocrx_word' id='word_1_325' title='bbox 3090 2097 3141 2144; x_wconf 84' lang='grc' dir='ltr'><strong>ι,</strong></span> <span class='ocrx_word' id='word_1_326' title='bbox 3184 2098 3300 2149; x_wconf 78' lang='lat' dir='ltr'><strong>rap.</strong></span> <span class='ocrx_word' id='word_1_327' title='bbox 3346 2078 3455 2146; x_wconf 81' lang='lat' dir='ltr'><strong>l2,</strong></span> <span class='ocrx_word' id='word_1_328' title='bbox 3505 2079 3631 2134; x_wconf 82' lang='lat' dir='ltr'><strong>edit.</strong></span> 
     </span>
    </p>
   </div>
   <div class='ocr_carea' id='block_1_51' title="bbox 2044 2171 2236 2228">
    <p class='ocr_par' dir='ltr' id='par_1_51' title="bbox 2044 2171 2236 2228">
     <span class='ocr_line' id='line_1_51' title="bbox 2044 2171 2236 2228; baseline 0 -1"><span class='ocrx_word' id='word_1_329' title='bbox 2044 2171 2236 2228; x_wconf 81' lang='lat' dir='ltr'><strong>Christ.</strong></span> 
     </span>
    </p>
   </div>
   <div class='ocr_carea' id='block_1_52' title="bbox 2113 2259 3632 2333">
    <p class='ocr_par' dir='ltr' id='par_1_52' title="bbox 2113 2259 3632 2333">
     <span class='ocr_line' id='line_1_52' title="bbox 2113 2259 3632 2333; baseline -0.003 -14"><span class='ocrx_word' id='word_1_330' title='bbox 2113 2264 2249 2319; x_wconf 85' lang='lat' dir='ltr'><strong>Nam</strong></span> <span class='ocrx_word' id='word_1_331' title='bbox 2278 2278 2401 2319; x_wconf 91' lang='lat' dir='ltr'><strong>cum</strong></span> <span class='ocrx_word' id='word_1_332' title='bbox 2429 2264 2480 2318; x_wconf 89' lang='lat' dir='ltr'><strong>ei</strong></span> <span class='ocrx_word' id='word_1_333' title='bbox 2514 2263 2693 2317; x_wconf 91' lang='lat' dir='ltr'><strong>omnia</strong></span> <span class='ocrx_word' id='word_1_334' title='bbox 2721 2276 2979 2333; x_wconf 89' lang='lat' dir='ltr'><strong>prospere</strong></span> <span class='ocrx_word' id='word_1_335' title='bbox 3030 2261 3312 2326; x_wconf 87' lang='lat' dir='ltr'><strong>cederent,</strong></span> <span class='ocrx_word' id='word_1_336' title='bbox 3359 2259 3632 2331; x_wconf 88' lang='lat' dir='ltr'><strong>propriam</strong></span> 
     </span>
    </p>
   </div>
   <div class='ocr_carea' id='block_1_53' title="bbox 2044 2349 3633 2422">
    <p class='ocr_par' dir='ltr' id='par_1_53' title="bbox 2044 2349 3633 2422">
     <span class='ocr_line' id='line_1_53' title="bbox 2044 2349 3633 2422; baseline -0.004 -12"><span class='ocrx_word' id='word_1_337' title='bbox 2044 2354 2216 2410; x_wconf 88' lang='lat' dir='ltr'><strong>voluit</strong></span> <span class='ocrx_word' id='word_1_338' title='bbox 2256 2354 2502 2409; x_wconf 87' lang='lat' dir='ltr'><strong>habitare</strong></span> <span class='ocrx_word' id='word_1_339' title='bbox 2538 2353 2831 2408; x_wconf 87' lang='lat' dir='ltr'><strong>civitatem.</strong></span> <span class='ocrx_word' id='word_1_340' title='bbox 2885 2351 3228 2422; x_wconf 80' lang='lat' dir='ltr'><strong>Veniensque</strong></span> <span class='ocrx_word' id='word_1_341' title='bbox 3273 2349 3340 2406; x_wconf 90' lang='lat' dir='ltr'><strong>ad</strong></span> <span class='ocrx_word' id='word_1_342' title='bbox 3382 2365 3633 2421; x_wconf 87' lang='lat' dir='ltr'><strong>campum</strong></span> 
     </span>
    </p>
   </div>
   <div class='ocr_carea' id='block_1_54' title="bbox 2046 2441 3635 2515">
    <p class='ocr_par' dir='ltr' id='par_1_54' title="bbox 2046 2441 3635 2515">
     <span class='ocr_line' id='line_1_54' title="bbox 2046 2441 3635 2515; baseline -0.004 -15"><span class='ocrx_word' id='word_1_343' title='bbox 2046 2454 2174 2500; x_wconf 89' lang='lat' dir='ltr'><strong>ante</strong></span> <span class='ocrx_word' id='word_1_344' title='bbox 2205 2444 2357 2499; x_wconf 91' lang='lat' dir='ltr'><strong>Ilium</strong></span> <span class='ocrx_word' id='word_1_345' title='bbox 2389 2444 2623 2515; x_wconf 90' lang='lat' dir='ltr'><strong>positum</strong></span> <span class='ocrx_word' id='word_1_346' title='bbox 2646 2444 2801 2511; x_wconf 81' lang='lat' dir='ltr'><strong>juxta</strong></span> <span class='ocrx_word' id='word_1_347' title='bbox 2833 2441 3236 2513; x_wconf 82' lang='lat' dir='ltr'><strong>Hellespontum</strong></span> <span class='ocrx_word' id='word_1_348' title='bbox 3267 2456 3430 2511; x_wconf 90' lang='lat' dir='ltr'><strong>super</strong></span> <span class='ocrx_word' id='word_1_349' title='bbox 3456 2441 3635 2510; x_wconf 89' lang='lat' dir='ltr'><strong>Ajacis</strong></span> 
     </span>
    </p>
   </div>
   <div class='ocr_carea' id='block_1_55' title="bbox 2046 2530 3632 2603">
    <p class='ocr_par' dir='ltr' id='par_1_55' title="bbox 2046 2530 3632 2603">
     <span class='ocr_line' id='line_1_55' title="bbox 2046 2530 3632 2603; baseline -0.004 -12"><span class='ocrx_word' id='word_1_350' title='bbox 2046 2536 2347 2603; x_wconf 88' lang='lat' dir='ltr'><strong>tumulum,</strong></span> <span class='ocrx_word' id='word_1_351' title='bbox 2378 2534 2467 2590; x_wconf 89' lang='lat' dir='ltr'><strong>ubi</strong></span> <span class='ocrx_word' id='word_1_352' title='bbox 2495 2534 2684 2589; x_wconf 80' lang='lat' dir='ltr'><strong>Achivi</strong></span> <span class='ocrx_word' id='word_1_353' title='bbox 2713 2542 2902 2588; x_wconf 87' lang='lat' dir='ltr'><strong>contra</strong></span> <span class='ocrx_word' id='word_1_354' title='bbox 2949 2531 3166 2601; x_wconf 86' lang='lat' dir='ltr'><strong>Trojam</strong></span> <span class='ocrx_word' id='word_1_355' title='bbox 3207 2542 3508 2602; x_wconf 77' lang='lat' dir='ltr'><strong>pugnantes</strong></span> <span class='ocrx_word' id='word_1_356' title='bbox 3535 2530 3632 2585; x_wconf 86' lang='lat' dir='ltr'><strong>ha-</strong></span> 
     </span>
    </p>
   </div>
   <div class='ocr_carea' id='block_1_56' title="bbox 2047 2620 3633 2693">
    <p class='ocr_par' dir='ltr' id='par_1_56' title="bbox 2047 2620 3633 2693">
     <span class='ocr_line' id='line_1_56' title="bbox 2047 2620 3633 2693; baseline -0.004 -12"><span class='ocrx_word' id='word_1_357' title='bbox 2047 2626 2276 2681; x_wconf 90' lang='lat' dir='ltr'><strong>buerunt</strong></span> <span class='ocrx_word' id='word_1_358' title='bbox 2304 2632 2480 2681; x_wconf 86' lang='lat' dir='ltr'><strong>castra</strong></span> <span class='ocrx_word' id='word_1_359' title='bbox 2500 2666 2514 2690; x_wconf 91' lang='lat'><strong>,</strong></span> <span class='ocrx_word' id='word_1_360' title='bbox 2547 2624 2822 2680; x_wconf 89' lang='lat' dir='ltr'><strong>civitatem</strong></span> <span class='ocrx_word' id='word_1_361' title='bbox 2858 2623 3158 2692; x_wconf 68' lang='lat' dir='ltr'><strong>designavit</strong></span> <span class='ocrx_word' id='word_1_362' title='bbox 3185 2632 3481 2693; x_wconf 87' lang='lat' dir='ltr'><strong>portasque</strong></span> <span class='ocrx_word' id='word_1_363' title='bbox 3511 2620 3633 2677; x_wconf 88' lang='lat' dir='ltr'><strong>fecit</strong></span> 
     </span>
    </p>
   </div>
   <div class='ocr_carea' id='block_1_57' title="bbox 2046 2710 3632 2785">
    <p class='ocr_par' dir='ltr' id='par_1_57' title="bbox 2046 2710 3632 2785">
     <span class='ocr_line' id='line_1_57' title="bbox 2046 2710 3632 2785; baseline -0.004 -14"><span class='ocrx_word' id='word_1_364' title='bbox 2046 2730 2168 2785; x_wconf 60' lang='lat' dir='ltr'><strong>quae</strong></span> <span class='ocrx_word' id='word_1_365' title='bbox 2203 2716 2464 2769; x_wconf 88' lang='lat' dir='ltr'><strong>hactenus</strong></span> <span class='ocrx_word' id='word_1_366' title='bbox 2490 2712 2743 2767; x_wconf 89' lang='lat' dir='ltr'><strong>videntur</strong></span> <span class='ocrx_word' id='word_1_367' title='bbox 2784 2729 2815 2767; x_wconf 88' lang='lat' dir='ltr'><strong>a</strong></span> <span class='ocrx_word' id='word_1_368' title='bbox 2857 2712 3251 2783; x_wconf 80' lang='lat' dir='ltr'><strong>navigantibus.</strong></span> <span class='ocrx_word' id='word_1_369' title='bbox 3304 2712 3430 2767; x_wconf 82' lang='lat' dir='ltr'><strong>llaec</strong></span> <span class='ocrx_word' id='word_1_370' title='bbox 3457 2710 3632 2781; x_wconf 80' lang='lat' dir='ltr'><strong>agenti</strong></span> 
     </span>
    </p>
   </div>
   <div class='ocr_carea' id='block_1_58' title="bbox 2047 2803 3635 2879">
    <p class='ocr_par' dir='ltr' id='par_1_58' title="bbox 2047 2803 3635 2879">
     <span class='ocr_line' id='line_1_58' title="bbox 2047 2803 3635 2879; baseline -0.006 -15"><span class='ocrx_word' id='word_1_371' title='bbox 2047 2823 2145 2879; x_wconf 89' lang='lat' dir='ltr'><strong>per</strong></span> <span class='ocrx_word' id='word_1_372' title='bbox 2168 2814 2382 2861; x_wconf 88' lang='lat' dir='ltr'><strong>noctem</strong></span> <span class='ocrx_word' id='word_1_373' title='bbox 2410 2805 2548 2859; x_wconf 90' lang='lat' dir='ltr'><strong>Deus</strong></span> <span class='ocrx_word' id='word_1_374' title='bbox 2570 2805 2834 2874; x_wconf 74' lang='lat' dir='ltr'><strong>a,paruit,</strong></span> <span class='ocrx_word' id='word_1_375' title='bbox 2861 2819 3087 2859; x_wconf 89' lang='lat' dir='ltr'><strong>monens</strong></span> <span class='ocrx_word' id='word_1_376' title='bbox 3107 2814 3166 2858; x_wconf 90' lang='lat' dir='ltr'><strong>ut</strong></span> <span class='ocrx_word' id='word_1_377' title='bbox 3186 2803 3349 2859; x_wconf 89' lang='lat' dir='ltr'><strong>alium</strong></span> <span class='ocrx_word' id='word_1_378' title='bbox 3372 2808 3635 2873; x_wconf 65' lang='lat' dir='ltr'><strong>quaereret</strong></span> 
     </span>
    </p>
   </div>
   <div class='ocr_carea' id='block_1_59' title="bbox 2047 2894 3636 2966">
    <p class='ocr_par' dir='ltr' id='par_1_59' title="bbox 2047 2894 3636 2966">
     <span class='ocr_line' id='line_1_59' title="bbox 2047 2894 3636 2966; baseline -0.003 -12"><span class='ocrx_word' id='word_1_379' title='bbox 2047 2899 2247 2961; x_wconf 85' lang='lat' dir='ltr'><strong>locum,</strong></span> <span class='ocrx_word' id='word_1_380' title='bbox 2279 2911 2512 2965; x_wconf 88' lang='lat' dir='ltr'><strong>eumque</strong></span> <span class='ocrx_word' id='word_1_381' title='bbox 2540 2910 2767 2950; x_wconf 90' lang='lat' dir='ltr'><strong>monens</strong></span> <span class='ocrx_word' id='word_1_382' title='bbox 2796 2895 2862 2950; x_wconf 93' lang='lat' dir='ltr'><strong>ad</strong></span> <span class='ocrx_word' id='word_1_383' title='bbox 2892 2894 3207 2966; x_wconf 80' lang='lat' dir='ltr'><strong>Byzantium</strong></span> <span class='ocrx_word' id='word_1_384' title='bbox 3237 2894 3498 2961; x_wconf 75' lang='lat' dir='ltr'><strong>Thracize,</strong></span> <span class='ocrx_word' id='word_1_385' title='bbox 3529 2894 3636 2950; x_wconf 91' lang='lat' dir='ltr'><strong>illic</strong></span> 
     </span>
    </p>
   </div>
   <div class='ocr_carea' id='block_1_60' title="bbox 2047 2981 3631 3055">
    <p class='ocr_par' dir='ltr' id='par_1_60' title="bbox 2047 2981 3631 3055">
     <span class='ocr_line' id='line_1_60' title="bbox 2047 2981 3631 3055; baseline -0.004 -12"><span class='ocrx_word' id='word_1_386' title='bbox 2047 3004 2171 3044; x_wconf 89' lang='lat' dir='ltr'><strong>eum</strong></span> <span class='ocrx_word' id='word_1_387' title='bbox 2202 2986 2449 3042; x_wconf 88' lang='lat' dir='ltr'><strong>habitare</strong></span> <span class='ocrx_word' id='word_1_388' title='bbox 2471 2985 2648 3054; x_wconf 88' lang='lat' dir='ltr'><strong>jussit.</strong></span> <span class='ocrx_word' id='word_1_389' title='bbox 2681 2985 2979 3051; x_wconf 63' lang='lat' dir='ltr'><strong>Semitan</strong></span> <span class='ocrx_word' id='word_1_390' title='bbox 3014 2985 3103 3039; x_wconf 88' lang='lat' dir='ltr'><strong>lib.</strong></span> <span class='ocrx_word' id='word_1_391' title='bbox 3145 3001 3203 3051; x_wconf 84' lang='lat' dir='ltr'><strong>tt,</strong></span> <span class='ocrx_word' id='word_1_392' title='bbox 3237 3000 3353 3055; x_wconf 87' lang='lat' dir='ltr'><strong>cap.</strong></span> <span class='ocrx_word' id='word_1_393' title='bbox 3388 2982 3445 3038; x_wconf 69' lang='lat'><strong>2.</strong></span> <span class='ocrx_word' id='word_1_394' title='bbox 3486 2981 3631 3038; x_wconf 81' lang='lat' dir='ltr'><strong>Edit.</strong></span> 
     </span>
    </p>
   </div>
   <div class='ocr_carea' id='block_1_61' title="bbox 2048 3075 2936 3148">
    <p class='ocr_par' dir='ltr' id='par_1_61' title="bbox 2048 3075 2936 3148">
     <span class='ocr_line' id='line_1_61' title="bbox 2048 3075 2936 3148; baseline -0.005 -15"><span class='ocrx_word' id='word_1_395' title='bbox 2048 3077 2239 3134; x_wconf 85' lang='lat' dir='ltr'><strong>Christ.</strong></span> <span class='ocrx_word' id='word_1_396' title='bbox 2281 3077 2460 3133; x_wconf 79' lang='lat' dir='ltr'><strong>Vales.</strong></span> <span class='ocrx_word' id='word_1_397' title='bbox 2489 3094 2604 3148; x_wconf 82' lang='lat' dir='ltr'><strong>cap.</strong></span> <span class='ocrx_word' id='word_1_398' title='bbox 2639 3077 2693 3145; x_wconf 74' lang='lat'><strong>5,</strong></span> <span class='ocrx_word' id='word_1_399' title='bbox 2724 3095 2775 3146; x_wconf 88' lang='lat' dir='ltr'><strong>p.</strong></span> <span class='ocrx_word' id='word_1_400' title='bbox 2810 3075 2936 3129; x_wconf 67' lang='grc' dir='ltr'><strong>ιιι.</strong></span> 
     </span>
    </p>
   </div>
   <div class='ocr_carea' id='block_1_62' title="bbox 354 3165 3638 3259">
    <p class='ocr_par' dir='ltr' id='par_1_62' title="bbox 354 3165 3638 3259">
     <span class='ocr_line' id='line_1_62' title="bbox 354 3165 3638 3259; baseline -0.001 -33"><span class='ocrx_word' id='word_1_401' title='bbox 354 3179 541 3226; x_wconf 85' lang='lat' dir='ltr'><strong>saneto</strong></span> <span class='ocrx_word' id='word_1_402' title='bbox 561 3170 793 3224; x_wconf 88' lang='lat' dir='ltr'><strong>concilio</strong></span> <span class='ocrx_word' id='word_1_403' title='bbox 815 3178 992 3223; x_wconf 84' lang='lat' dir='ltr'><strong>vestro</strong></span> <span class='ocrx_word' id='word_1_404' title='bbox 1014 3168 1317 3222; x_wconf 87' lang='lat' dir='ltr'><strong>debuimus.</strong></span> <span class='ocrx_word' id='word_1_405' title='bbox 1361 3167 1466 3221; x_wconf 88' lang='lat' dir='ltr'><strong>Sed</strong></span> <span class='ocrx_word' id='word_1_406' title='bbox 1501 3168 1627 3237; x_wconf 91' lang='lat' dir='ltr'><strong>quia</strong></span> <span class='ocrx_word' id='word_1_407' title='bbox 1656 3168 1816 3223; x_wconf 90' lang='lat' dir='ltr'><strong>nimis</strong></span> <span class='ocrx_word' id='word_1_408' title='bbox 1848 3167 1946 3222; x_wconf 86' lang='lat' dir='ltr'><strong>ab-</strong></span> <span class='ocrx_word' id='word_1_409' title='bbox 1971 3197 2017 3259; x_wconf 77' lang='lat' dir='ltr'>C</span> <span class='ocrx_word' id='word_1_410' title='bbox 2119 3172 2249 3239; x_wconf 76' lang='lat' dir='ltr'><strong>Qua:</strong></span> <span class='ocrx_word' id='word_1_411' title='bbox 2276 3185 2398 3227; x_wconf 92' lang='lat' dir='ltr'><strong>cum</strong></span> <span class='ocrx_word' id='word_1_412' title='bbox 2425 3170 2673 3241; x_wconf 89' lang='lat' dir='ltr'><strong>primitus</strong></span> <span class='ocrx_word' id='word_1_413' title='bbox 2703 3168 3016 3241; x_wconf 82' lang='lat' dir='ltr'><strong>Byzantium</strong></span> <span class='ocrx_word' id='word_1_414' title='bbox 3046 3174 3349 3233; x_wconf 87' lang='lat' dir='ltr'><strong>vocaretur,</strong></span> <span class='ocrx_word' id='word_1_415' title='bbox 3389 3165 3541 3222; x_wconf 79' lang='lat' dir='ltr'><strong>ausit</strong></span> <span class='ocrx_word' id='word_1_416' title='bbox 3581 3174 3638 3222; x_wconf 88' lang='lat' dir='ltr'><strong>et</strong></span> 
     </span>
    </p>
   </div>
   <div class='ocr_carea' id='block_1_63' title="bbox 355 3257 1945 3327">
    <p class='ocr_par' dir='ltr' id='par_1_63' title="bbox 355 3257 1945 3327">
     <span class='ocr_line' id='line_1_63' title="bbox 355 3257 1945 3327; baseline -0.002 -13"><span class='ocrx_word' id='word_1_417' title='bbox 355 3260 574 3315; x_wconf 87' lang='lat' dir='ltr'><strong>surdum</strong></span> <span class='ocrx_word' id='word_1_418' title='bbox 604 3266 688 3313; x_wconf 90' lang='lat' dir='ltr'><strong>est</strong></span> <span class='ocrx_word' id='word_1_419' title='bbox 713 3265 903 3312; x_wconf 90' lang='lat' dir='ltr'><strong>contra</strong></span> <span class='ocrx_word' id='word_1_420' title='bbox 935 3258 1291 3327; x_wconf 78' lang='lat' dir='ltr'><strong>nosmetipsos</strong></span> <span class='ocrx_word' id='word_1_421' title='bbox 1313 3257 1444 3311; x_wconf 90' lang='lat' dir='ltr'><strong>dare</strong></span> <span class='ocrx_word' id='word_1_422' title='bbox 1470 3257 1945 3312; x_wconf 82' lang='lat' dir='ltr'><strong>calumniatoribus</strong></span> 
     </span>
    </p>
   </div>
   <div class='ocr_carea' id='block_1_64' title="bbox 356 3346 1947 3419">
    <p class='ocr_par' dir='ltr' id='par_1_64' title="bbox 356 3346 1947 3419">
     <span class='ocr_line' id='line_1_64' title="bbox 356 3346 1947 3419; baseline -0.001 -14"><span class='ocrx_word' id='word_1_423' title='bbox 356 3352 425 3406; x_wconf 91' lang='lat' dir='ltr'><strong>de</strong></span> <span class='ocrx_word' id='word_1_424' title='bbox 468 3350 835 3405; x_wconf 88' lang='lat' dir='ltr'><strong>taciturnitate</strong></span> <span class='ocrx_word' id='word_1_425' title='bbox 875 3348 1248 3418; x_wconf 90' lang='lat' dir='ltr'><strong>probationem</strong></span> <span class='ocrx_word' id='word_1_426' title='bbox 1271 3389 1286 3413; x_wconf 96' lang='lat'><strong>,</strong></span> <span class='ocrx_word' id='word_1_427' title='bbox 1334 3358 1619 3419; x_wconf 86' lang='lat' dir='ltr'><strong>propterea</strong></span> <span class='ocrx_word' id='word_1_428' title='bbox 1666 3346 1947 3404; x_wconf 83' lang='lat' dir='ltr'><strong>referimus</strong></span> 
     </span>
    </p>
   </div>
   <div class='ocr_carea' id='block_1_65' title="bbox 357 3436 1946 3511">
    <p class='ocr_par' dir='ltr' id='par_1_65' title="bbox 357 3436 1946 3511">
     <span class='ocr_line' id='line_1_65' title="bbox 357 3436 1946 3511; baseline -0.001 -15"><span class='ocrx_word' id='word_1_429' title='bbox 357 3441 609 3511; x_wconf 90' lang='lat' dir='ltr'><strong>quoniam</strong></span> <span class='ocrx_word' id='word_1_430' title='bbox 641 3456 740 3495; x_wconf 89' lang='lat' dir='ltr'><strong>nos</strong></span> <span class='ocrx_word' id='word_1_431' title='bbox 768 3446 824 3494; x_wconf 93' lang='lat' dir='ltr'><strong>et</strong></span> <span class='ocrx_word' id='word_1_432' title='bbox 852 3440 903 3495; x_wconf 92' lang='lat' dir='ltr'><strong>in</strong></span> <span class='ocrx_word' id='word_1_433' title='bbox 935 3436 1039 3493; x_wconf 78' lang='lat' dir='ltr'><strong>fide</strong></span> <span class='ocrx_word' id='word_1_434' title='bbox 1076 3454 1182 3494; x_wconf 91' lang='lat' dir='ltr'><strong>una</strong></span> <span class='ocrx_word' id='word_1_435' title='bbox 1217 3440 1554 3495; x_wconf 90' lang='lat' dir='ltr'><strong>cucurrimus</strong></span> <span class='ocrx_word' id='word_1_436' title='bbox 1579 3482 1595 3509; x_wconf 92' lang='lat'><strong>,</strong></span> <span class='ocrx_word' id='word_1_437' title='bbox 1636 3448 1692 3496; x_wconf 92' lang='lat' dir='ltr'><strong>et</strong></span> <span class='ocrx_word' id='word_1_438' title='bbox 1727 3455 1946 3495; x_wconf 87' lang='lat' dir='ltr'><strong>sensum</strong></span> 
     </span>
    </p>
   </div>
   <div class='ocr_carea' id='block_1_66' title="bbox 360 3532 1947 3589">
    <p class='ocr_par' dir='ltr' id='par_1_66' title="bbox 360 3532 1947 3589">
     <span class='ocr_line' id='line_1_66' title="bbox 360 3532 1947 3589; baseline -0.001 -1"><span class='ocrx_word' id='word_1_439' title='bbox 360 3533 732 3588; x_wconf 84' lang='lat' dir='ltr'><strong>examinantes</strong></span> <span class='ocrx_word' id='word_1_440' title='bbox 766 3532 832 3586; x_wconf 90' lang='lat' dir='ltr'><strong>de</strong></span> <span class='ocrx_word' id='word_1_441' title='bbox 869 3532 1440 3588; x_wconf 34' lang='lat' dir='ltr'><strong>consubstantialit‘xtis</strong></span> <span class='ocrx_word' id='word_1_442' title='bbox 1483 3546 1733 3589; x_wconf 87' lang='lat' dir='ltr'><strong>sermone</strong></span> <span class='ocrx_word' id='word_1_443' title='bbox 1768 3535 1947 3588; x_wconf 88' lang='lat' dir='ltr'><strong>cuncti</strong></span> 
     </span>
    </p>
   </div>
   <div class='ocr_carea' id='block_1_67' title="bbox 358 3622 1947 3694">
    <p class='ocr_par' dir='ltr' id='par_1_67' title="bbox 358 3622 1947 3694">
     <span class='ocr_line' id='line_1_67' title="bbox 358 3622 1947 3694; baseline 0.001 -16"><span class='ocrx_word' id='word_1_444' title='bbox 358 3622 625 3694; x_wconf 85' lang='lat' dir='ltr'><strong>paeilicati</strong></span> <span class='ocrx_word' id='word_1_445' title='bbox 648 3638 830 3678; x_wconf 83' lang='lat' dir='ltr'><strong>sumus</strong></span> <span class='ocrx_word' id='word_1_446' title='bbox 855 3640 867 3675; x_wconf 89' lang='lat'><strong>:</strong></span> <span class='ocrx_word' id='word_1_447' title='bbox 893 3637 1235 3693; x_wconf 89' lang='lat' dir='ltr'><strong>nequaquam</strong></span> <span class='ocrx_word' id='word_1_448' title='bbox 1257 3633 1544 3692; x_wconf 85' lang='lat' dir='ltr'><strong>sequentes</strong></span> <span class='ocrx_word' id='word_1_449' title='bbox 1563 3624 1828 3687; x_wconf 67' lang='lat' dir='ltr'><strong>haeresim,</strong></span> <span class='ocrx_word' id='word_1_450' title='bbox 1853 3625 1947 3680; x_wconf 87' lang='lat' dir='ltr'><strong>sed</strong></span> 
     </span>
    </p>
   </div>
   <div class='ocr_carea' id='block_1_68' title="bbox 357 3713 1949 3786">
    <p class='ocr_par' dir='ltr' id='par_1_68' title="bbox 357 3713 1949 3786">
     <span class='ocr_line' id='line_1_68' title="bbox 357 3713 1949 3786; baseline -0.001 -15"><span class='ocrx_word' id='word_1_451' title='bbox 357 3722 846 3772; x_wconf 87' lang='lat' dir='ltr'><strong>commemorantes</strong></span> <span class='ocrx_word' id='word_1_452' title='bbox 876 3714 995 3786; x_wconf 26' lang='lat' dir='ltr'><strong>[.ms.</strong></span> <span class='ocrx_word' id='word_1_453' title='bbox 1030 3713 1187 3785; x_wconf 83' lang='lat' dir='ltr'><strong>Lyr.,</strong></span> <span class='ocrx_word' id='word_1_454' title='bbox 1220 3713 1639 3786; x_wconf 86' lang='lat' dir='ltr'><strong>comtnorantes]</strong></span> <span class='ocrx_word' id='word_1_455' title='bbox 1668 3714 1735 3769; x_wconf 89' lang='lat' dir='ltr'><strong>ad</strong></span> <span class='ocrx_word' id='word_1_456' title='bbox 1764 3728 1949 3770; x_wconf 74' lang='lat' dir='ltr'><strong>caute-</strong></span> 
     </span>
    </p>
   </div>
   <div class='ocr_carea' id='block_1_69' title="bbox 359 3803 1948 3874">
    <p class='ocr_par' dir='ltr' id='par_1_69' title="bbox 359 3803 1948 3874">
     <span class='ocr_line' id='line_1_69' title="bbox 359 3803 1948 3874; baseline -0.001 -12"><span class='ocrx_word' id='word_1_457' title='bbox 359 3810 464 3862; x_wconf 87' lang='lat' dir='ltr'><strong>lam</strong></span> <span class='ocrx_word' id='word_1_458' title='bbox 492 3803 848 3861; x_wconf 82' lang='lat' dir='ltr'><strong>Ecclesiarum</strong></span> <span class='ocrx_word' id='word_1_459' title='bbox 878 3819 998 3874; x_wconf 72' lang='lat' dir='ltr'><strong>qua:</strong></span> <span class='ocrx_word' id='word_1_460' title='bbox 1025 3816 1223 3858; x_wconf 76' lang='lat' dir='ltr'><strong>nostrze</strong></span> <span class='ocrx_word' id='word_1_461' title='bbox 1248 3803 1637 3859; x_wconf 89' lang='lat' dir='ltr'><strong>subveniebant</strong></span> <span class='ocrx_word' id='word_1_462' title='bbox 1662 3807 1847 3859; x_wconf 88' lang='lat' dir='ltr'><strong>menti.</strong></span> <span class='ocrx_word' id='word_1_463' title='bbox 1882 3805 1948 3860; x_wconf 85' lang='lat' dir='ltr'><strong>Et</strong></span> 
     </span>
    </p>
   </div>
   <div class='ocr_carea' id='block_1_70' title="bbox 357 3892 1947 3963">
    <p class='ocr_par' dir='ltr' id='par_1_70' title="bbox 357 3892 1947 3963">
     <span class='ocr_line' id='line_1_70' title="bbox 357 3892 1947 3963; baseline -0.002 -11"><span class='ocrx_word' id='word_1_464' title='bbox 357 3895 749 3952; x_wconf 88' lang='lat' dir='ltr'><strong>satisfacientes</strong></span> <span class='ocrx_word' id='word_1_465' title='bbox 765 3895 842 3948; x_wconf 89' lang='lat' dir='ltr'><strong>eis</strong></span> <span class='ocrx_word' id='word_1_466' title='bbox 862 3908 891 3946; x_wconf 90' lang='lat' dir='ltr'><strong>a</strong></span> <span class='ocrx_word' id='word_1_467' title='bbox 915 3894 1109 3963; x_wconf 89' lang='lat' dir='ltr'><strong>quibus</strong></span> <span class='ocrx_word' id='word_1_468' title='bbox 1134 3909 1231 3963; x_wconf 88' lang='lat' dir='ltr'><strong>per</strong></span> <span class='ocrx_word' id='word_1_469' title='bbox 1247 3909 1345 3949; x_wconf 92' lang='lat' dir='ltr'><strong>nos</strong></span> <span class='ocrx_word' id='word_1_470' title='bbox 1362 3892 1576 3948; x_wconf 88' lang='lat' dir='ltr'><strong>suaderi</strong></span> <span class='ocrx_word' id='word_1_471' title='bbox 1595 3893 1873 3959; x_wconf 88' lang='lat' dir='ltr'><strong>debuerat,</strong></span> <span class='ocrx_word' id='word_1_472' title='bbox 1895 3897 1947 3949; x_wconf 92' lang='lat' dir='ltr'><strong>in</strong></span> 
     </span>
    </p>
   </div>
   <div class='ocr_carea' id='block_1_71' title="bbox 360 3987 1950 4056">
    <p class='ocr_par' dir='ltr' id='par_1_71' title="bbox 360 3987 1950 4056">
     <span class='ocr_line' id='line_1_71' title="bbox 360 3987 1950 4056; baseline 0.002 -14"><span class='ocrx_word' id='word_1_473' title='bbox 360 3989 465 4044; x_wconf 84' lang='lat' dir='ltr'><strong>fide</strong></span> <span class='ocrx_word' id='word_1_474' title='bbox 492 3987 925 4056; x_wconf 90' lang='lat' dir='ltr'><strong>subscripsimus.</strong></span> <span class='ocrx_word' id='word_1_475' title='bbox 966 3987 1426 4042; x_wconf 88' lang='lat' dir='ltr'><strong>Anathematismo</strong></span> <span class='ocrx_word' id='word_1_476' title='bbox 1465 3996 1642 4043; x_wconf 91' lang='lat' dir='ltr'><strong>autem</strong></span> <span class='ocrx_word' id='word_1_477' title='bbox 1678 4004 1785 4044; x_wconf 91' lang='lat' dir='ltr'><strong>non</strong></span> <span class='ocrx_word' id='word_1_478' title='bbox 1823 3992 1950 4045; x_wconf 88' lang='lat' dir='ltr'><strong>sub-</strong></span> 
     </span>
    </p>
   </div>
   <div class='ocr_carea' id='block_1_72' title="bbox 358 4078 1950 4148">
    <p class='ocr_par' dir='ltr' id='par_1_72' title="bbox 358 4078 1950 4148">
     <span class='ocr_line' id='line_1_72' title="bbox 358 4078 1950 4148; baseline 0.003 -14"><span class='ocrx_word' id='word_1_479' title='bbox 358 4080 685 4145; x_wconf 88' lang='lat' dir='ltr'><strong>notavimus,</strong></span> <span class='ocrx_word' id='word_1_480' title='bbox 716 4093 821 4132; x_wconf 88' lang='lat' dir='ltr'><strong>non</strong></span> <span class='ocrx_word' id='word_1_481' title='bbox 853 4086 1103 4148; x_wconf 86' lang='lat' dir='ltr'><strong>tanquam</strong></span> <span class='ocrx_word' id='word_1_482' title='bbox 1135 4078 1293 4134; x_wconf 82' lang='lat' dir='ltr'><strong>fidem</strong></span> <span class='ocrx_word' id='word_1_483' title='bbox 1315 4090 1652 4147; x_wconf 89' lang='lat' dir='ltr'><strong>accusantes,</strong></span> <span class='ocrx_word' id='word_1_484' title='bbox 1684 4084 1777 4137; x_wconf 90' lang='lat' dir='ltr'><strong>sed</strong></span> <span class='ocrx_word' id='word_1_485' title='bbox 1803 4084 1950 4138; x_wconf 90' lang='lat' dir='ltr'><strong>velut</strong></span> 
     </span>
    </p>
   </div>
   <div class='ocr_carea' id='block_1_73' title="bbox 360 4167 1945 4242">
    <p class='ocr_par' dir='ltr' id='par_1_73' title="bbox 360 4167 1945 4242">
     <span class='ocr_line' id='line_1_73' title="bbox 360 4167 1945 4242; baseline 0.005 -19"><span class='ocrx_word' id='word_1_486' title='bbox 360 4185 470 4224; x_wconf 89' lang='lat' dir='ltr'><strong>non</strong></span> <span class='ocrx_word' id='word_1_487' title='bbox 494 4167 773 4224; x_wconf 87' lang='lat' dir='ltr'><strong>credentes</strong></span> <span class='ocrx_word' id='word_1_488' title='bbox 802 4168 961 4223; x_wconf 89' lang='lat' dir='ltr'><strong>talem</strong></span> <span class='ocrx_word' id='word_1_489' title='bbox 991 4183 1111 4224; x_wconf 90' lang='lat' dir='ltr'><strong>esse</strong></span> <span class='ocrx_word' id='word_1_490' title='bbox 1154 4185 1277 4225; x_wconf 92' lang='lat' dir='ltr'><strong>eum</strong></span> <span class='ocrx_word' id='word_1_491' title='bbox 1315 4174 1406 4240; x_wconf 90' lang='lat' dir='ltr'><strong>qui</strong></span> <span class='ocrx_word' id='word_1_492' title='bbox 1445 4171 1617 4227; x_wconf 85' lang='lat' dir='ltr'><strong>fuerat</strong></span> <span class='ocrx_word' id='word_1_493' title='bbox 1645 4184 1945 4242; x_wconf 86' lang='lat' dir='ltr'><strong>accusatus,</strong></span> 
     </span>
    </p>
   </div>
   <div class='ocr_carea' id='block_1_74' title="bbox 358 4258 1950 4331">
    <p class='ocr_par' dir='ltr' id='par_1_74' title="bbox 358 4258 1950 4331">
     <span class='ocr_line' id='line_1_74' title="bbox 358 4258 1950 4331; baseline 0.002 -15"><span class='ocrx_word' id='word_1_494' title='bbox 358 4259 493 4316; x_wconf 90' lang='lat' dir='ltr'><strong>certi</strong></span> <span class='ocrx_word' id='word_1_495' title='bbox 519 4259 587 4313; x_wconf 90' lang='lat' dir='ltr'><strong>de</strong></span> <span class='ocrx_word' id='word_1_496' title='bbox 615 4260 731 4327; x_wconf 78' lang='lat' dir='ltr'><strong>ejus</strong></span> <span class='ocrx_word' id='word_1_497' title='bbox 766 4258 835 4313; x_wconf 87' lang='lat' dir='ltr'><strong>ad</strong></span> <span class='ocrx_word' id='word_1_498' title='bbox 886 4273 985 4314; x_wconf 90' lang='lat' dir='ltr'><strong>nos</strong></span> <span class='ocrx_word' id='word_1_499' title='bbox 1029 4259 1244 4317; x_wconf 89' lang='lat' dir='ltr'><strong>directis</strong></span> <span class='ocrx_word' id='word_1_500' title='bbox 1271 4262 1514 4331; x_wconf 91' lang='lat' dir='ltr'><strong>epistolis</strong></span> <span class='ocrx_word' id='word_1_501' title='bbox 1536 4304 1551 4328; x_wconf 92' lang='lat'><strong>,</strong></span> <span class='ocrx_word' id='word_1_502' title='bbox 1591 4272 1645 4318; x_wconf 91' lang='lat' dir='ltr'><strong>et</strong></span> <span class='ocrx_word' id='word_1_503' title='bbox 1682 4265 1823 4319; x_wconf 88' lang='lat' dir='ltr'><strong>inter</strong></span> <span class='ocrx_word' id='word_1_504' title='bbox 1849 4281 1950 4321; x_wconf 92' lang='lat' dir='ltr'><strong>nos</strong></span> 
     </span>
    </p>
   </div>
   <div class='ocr_carea' id='block_1_75' title="bbox 358 4348 1949 4419">
    <p class='ocr_par' dir='ltr' id='par_1_75' title="bbox 358 4348 1949 4419">
     <span class='ocr_line' id='line_1_75' title="bbox 358 4348 1949 4419; baseline 0.005 -16"><span class='ocrx_word' id='word_1_505' title='bbox 358 4348 812 4419; x_wconf 87' lang='lat' dir='ltr'><strong>disputationibus</strong></span> <span class='ocrx_word' id='word_1_506' title='bbox 842 4349 1057 4404; x_wconf 89' lang='lat' dir='ltr'><strong>habitis.</strong></span> <span class='ocrx_word' id='word_1_507' title='bbox 1084 4349 1139 4404; x_wconf 91' lang='lat' dir='ltr'><strong>Si</strong></span> <span class='ocrx_word' id='word_1_508' title='bbox 1170 4351 1327 4419; x_wconf 89' lang='lat' dir='ltr'><strong>igitur</strong></span> <span class='ocrx_word' id='word_1_509' title='bbox 1353 4353 1690 4410; x_wconf 85' lang='lat' dir='ltr'><strong>satisfactum</strong></span> <span class='ocrx_word' id='word_1_510' title='bbox 1719 4363 1799 4411; x_wconf 90' lang='lat' dir='ltr'><strong>est</strong></span> <span class='ocrx_word' id='word_1_511' title='bbox 1821 4372 1949 4411; x_wconf 88' lang='lat' dir='ltr'><strong>san-</strong></span> 
     </span>
    </p>
   </div>
   <div class='ocr_carea' id='block_1_76' title="bbox 360 4440 1949 4512">
    <p class='ocr_par' dir='ltr' id='par_1_76' title="bbox 360 4440 1949 4512">
     <span class='ocr_line' id='line_1_76' title="bbox 360 4440 1949 4512; baseline 0.004 -16"><span class='ocrx_word' id='word_1_512' title='bbox 360 4449 452 4496; x_wconf 92' lang='lat' dir='ltr'><strong>cto</strong></span> <span class='ocrx_word' id='word_1_513' title='bbox 480 4449 664 4497; x_wconf 87' lang='lat' dir='ltr'><strong>vestro</strong></span> <span class='ocrx_word' id='word_1_514' title='bbox 691 4440 945 4506; x_wconf 90' lang='lat' dir='ltr'><strong>concilio,</strong></span> <span class='ocrx_word' id='word_1_515' title='bbox 977 4456 1085 4496; x_wconf 90' lang='lat' dir='ltr'><strong>non</strong></span> <span class='ocrx_word' id='word_1_516' title='bbox 1116 4442 1461 4512; x_wconf 87' lang='lat' dir='ltr'><strong>reluctantes,</strong></span> <span class='ocrx_word' id='word_1_517' title='bbox 1489 4447 1582 4500; x_wconf 90' lang='lat' dir='ltr'><strong>sed</strong></span> <span class='ocrx_word' id='word_1_518' title='bbox 1611 4447 1949 4501; x_wconf 88' lang='lat' dir='ltr'><strong>consentien-</strong></span> 
     </span>
    </p>
   </div>
   <div class='ocr_carea' id='block_1_77' title="bbox 363 4533 1949 4605">
    <p class='ocr_par' dir='ltr' id='par_1_77' title="bbox 363 4533 1949 4605">
     <span class='ocr_line' id='line_1_77' title="bbox 363 4533 1949 4605; baseline 0.004 -18"><span class='ocrx_word' id='word_1_519' title='bbox 363 4542 443 4588; x_wconf 91' lang='lat' dir='ltr'><strong>tes</strong></span> <span class='ocrx_word' id='word_1_520' title='bbox 469 4533 702 4588; x_wconf 89' lang='lat' dir='ltr'><strong>decretis</strong></span> <span class='ocrx_word' id='word_1_521' title='bbox 730 4534 945 4601; x_wconf 90' lang='lat' dir='ltr'><strong>vestris,</strong></span> <span class='ocrx_word' id='word_1_522' title='bbox 976 4534 1140 4589; x_wconf 91' lang='lat' dir='ltr'><strong>etiam</strong></span> <span class='ocrx_word' id='word_1_523' title='bbox 1175 4536 1278 4591; x_wconf 89' lang='lat' dir='ltr'><strong>hac</strong></span> <span class='ocrx_word' id='word_1_524' title='bbox 1313 4538 1711 4605; x_wconf 88' lang='lat' dir='ltr'><strong>conscriptione</strong></span> <span class='ocrx_word' id='word_1_525' title='bbox 1738 4538 1949 4593; x_wconf 88' lang='lat' dir='ltr'><strong>satisfa-</strong></span> 
     </span>
    </p>
   </div>
   <div class='ocr_carea' id='block_1_78' title="bbox 362 4622 1950 4697">
    <p class='ocr_par' dir='ltr' id='par_1_78' title="bbox 362 4622 1950 4697">
     <span class='ocr_line' id='line_1_78' title="bbox 362 4622 1950 4697; baseline 0.006 -19"><span class='ocrx_word' id='word_1_526' title='bbox 362 4623 534 4678; x_wconf 85' lang='lat' dir='ltr'><strong>cimus</strong></span> <span class='ocrx_word' id='word_1_527' title='bbox 575 4622 730 4679; x_wconf 85' lang='lat' dir='ltr'><strong>vobis</strong></span> <span class='ocrx_word' id='word_1_528' title='bbox 762 4641 775 4675; x_wconf 88' lang='lat'><strong>:</strong></span> <span class='ocrx_word' id='word_1_529' title='bbox 806 4639 912 4678; x_wconf 91' lang='lat' dir='ltr'><strong>non</strong></span> <span class='ocrx_word' id='word_1_530' title='bbox 962 4625 1211 4681; x_wconf 83' lang='lat' dir='ltr'><strong>exsilium</strong></span> <span class='ocrx_word' id='word_1_531' title='bbox 1257 4630 1494 4697; x_wconf 88' lang='lat' dir='ltr'><strong>graviter</strong></span> <span class='ocrx_word' id='word_1_532' title='bbox 1543 4628 1813 4696; x_wconf 88' lang='lat' dir='ltr'><strong>ferentes,</strong></span> <span class='ocrx_word' id='word_1_533' title='bbox 1856 4632 1950 4687; x_wconf 89' lang='lat' dir='ltr'><strong>sed</strong></span> 
     </span>
    </p>
   </div>
   <div class='ocr_carea' id='block_1_79' title="bbox 362 4714 1952 4792">
    <p class='ocr_par' dir='ltr' id='par_1_79' title="bbox 362 4714 1952 4792">
     <span class='ocr_line' id='line_1_79' title="bbox 362 4714 1952 4792; baseline 0.006 -22"><span class='ocrx_word' id='word_1_534' title='bbox 362 4714 722 4786; x_wconf 89' lang='lat' dir='ltr'><strong>suspicionem</strong></span> <span class='ocrx_word' id='word_1_535' title='bbox 752 4716 1067 4785; x_wconf 88' lang='lat' dir='ltr'><strong>abjicientes</strong></span> <span class='ocrx_word' id='word_1_536' title='bbox 1098 4719 1387 4777; x_wconf 71' lang='lat' dir='ltr'><strong>haereseos.</strong></span> <span class='ocrx_word' id='word_1_537' title='bbox 1416 4720 1473 4775; x_wconf 94' lang='lat' dir='ltr'><strong>Si</strong></span> <span class='ocrx_word' id='word_1_538' title='bbox 1495 4723 1638 4777; x_wconf 90' lang='lat' dir='ltr'><strong>enim</strong></span> <span class='ocrx_word' id='word_1_539' title='bbox 1661 4723 1952 4792; x_wconf 87' lang='lat' dir='ltr'><strong>dignamini</strong></span> 
     </span>
    </p>
   </div>
   <div class='ocr_carea' id='block_1_80' title="bbox 364 4808 1952 4883">
    <p class='ocr_par' dir='ltr' id='par_1_80' title="bbox 364 4808 1952 4883">
     <span class='ocr_line' id='line_1_80' title="bbox 364 4808 1952 4883; baseline 0.005 -20"><span class='ocrx_word' id='word_1_540' title='bbox 364 4824 507 4865; x_wconf 90' lang='lat' dir='ltr'><strong>nunc</strong></span> <span class='ocrx_word' id='word_1_541' title='bbox 534 4808 588 4863; x_wconf 93' lang='lat' dir='ltr'><strong>in</strong></span> <span class='ocrx_word' id='word_1_542' title='bbox 617 4808 767 4864; x_wconf 88' lang='lat' dir='ltr'><strong>vultu</strong></span> <span class='ocrx_word' id='word_1_543' title='bbox 794 4818 975 4866; x_wconf 90' lang='lat' dir='ltr'><strong>vestro</strong></span> <span class='ocrx_word' id='word_1_544' title='bbox 1002 4825 1103 4867; x_wconf 92' lang='lat' dir='ltr'><strong>nos</strong></span> <span class='ocrx_word' id='word_1_545' title='bbox 1131 4813 1424 4883; x_wconf 91' lang='lat' dir='ltr'><strong>suscipere,</strong></span> <span class='ocrx_word' id='word_1_546' title='bbox 1457 4814 1721 4870; x_wconf 89' lang='lat' dir='ltr'><strong>habebitis</strong></span> <span class='ocrx_word' id='word_1_547' title='bbox 1750 4817 1803 4869; x_wconf 94' lang='lat' dir='ltr'><strong>in</strong></span> <span class='ocrx_word' id='word_1_548' title='bbox 1833 4832 1952 4871; x_wconf 89' lang='lat' dir='ltr'><strong>om-</strong></span> 
     </span>
    </p>
   </div>
   <div class='ocr_carea' id='block_1_81' title="bbox 364 4900 1955 4975">
    <p class='ocr_par' dir='ltr' id='par_1_81' title="bbox 364 4900 1955 4975">
     <span class='ocr_line' id='line_1_81' title="bbox 364 4900 1955 4975; baseline 0.005 -22"><span class='ocrx_word' id='word_1_549' title='bbox 364 4900 521 4954; x_wconf 87' lang='lat' dir='ltr'><strong>nibus</strong></span> <span class='ocrx_word' id='word_1_550' title='bbox 546 4908 938 4967; x_wconf 89' lang='lat' dir='ltr'><strong>consonantes,</strong></span> <span class='ocrx_word' id='word_1_551' title='bbox 980 4910 1036 4955; x_wconf 92' lang='lat' dir='ltr'><strong>et</strong></span> <span class='ocrx_word' id='word_1_552' title='bbox 1073 4912 1249 4957; x_wconf 88' lang='lat' dir='ltr'><strong>vestra</strong></span> <span class='ocrx_word' id='word_1_553' title='bbox 1278 4913 1566 4972; x_wconf 87' lang='lat' dir='ltr'><strong>sequentes</strong></span> <span class='ocrx_word' id='word_1_554' title='bbox 1595 4908 1798 4975; x_wconf 90' lang='lat' dir='ltr'><strong>pariter</strong></span> <span class='ocrx_word' id='word_1_555' title='bbox 1822 4922 1955 4962; x_wconf 88' lang='lat' dir='ltr'><strong>con-</strong></span> 
     </span>
    </p>
   </div>
   <div class='ocr_carea' id='block_1_82' title="bbox 363 4990 1951 5064">
    <p class='ocr_par' dir='ltr' id='par_1_82' title="bbox 363 4990 1951 5064">
     <span class='ocr_line' id='line_1_82' title="bbox 363 4990 1951 5064; baseline 0.006 -21"><span class='ocrx_word' id='word_1_556' title='bbox 363 4990 548 5043; x_wconf 86' lang='lat' dir='ltr'><strong>stituta</strong></span> <span class='ocrx_word' id='word_1_557' title='bbox 577 5007 591 5042; x_wconf 93' lang='lat'><strong>:</strong></span> <span class='ocrx_word' id='word_1_558' title='bbox 622 4990 841 5060; x_wconf 86' lang='lat' dir='ltr'><strong>quando</strong></span> <span class='ocrx_word' id='word_1_559' title='bbox 878 4992 1041 5045; x_wconf 89' lang='lat' dir='ltr'><strong>etiam</strong></span> <span class='ocrx_word' id='word_1_560' title='bbox 1070 5007 1195 5047; x_wconf 91' lang='lat' dir='ltr'><strong>eum</strong></span> <span class='ocrx_word' id='word_1_561' title='bbox 1224 4994 1312 5063; x_wconf 88' lang='lat' dir='ltr'><strong>qui</strong></span> <span class='ocrx_word' id='word_1_562' title='bbox 1344 4994 1397 5047; x_wconf 90' lang='lat' dir='ltr'><strong>in</strong></span> <span class='ocrx_word' id='word_1_563' title='bbox 1429 4994 1510 5050; x_wconf 89' lang='lat' dir='ltr'><strong>bis</strong></span> <span class='ocrx_word' id='word_1_564' title='bbox 1537 5005 1820 5053; x_wconf 87' lang='lat' dir='ltr'><strong>accusatus</strong></span> <span class='ocrx_word' id='word_1_565' title='bbox 1848 5007 1951 5064; x_wconf 88' lang='lat' dir='ltr'><strong>est,</strong></span> 
     </span>
    </p>
   </div>
   <div class='ocr_carea' id='block_1_83' title="bbox 367 5080 1949 5157">
    <p class='ocr_par' dir='ltr' id='par_1_83' title="bbox 367 5080 1949 5157">
     <span class='ocr_line' id='line_1_83' title="bbox 367 5080 1949 5157; baseline 0.008 -25"><span class='ocrx_word' id='word_1_566' title='bbox 367 5080 565 5150; x_wconf 90' lang='lat' dir='ltr'><strong>placuit</strong></span> <span class='ocrx_word' id='word_1_567' title='bbox 590 5082 907 5136; x_wconf 65' lang='lat' dir='ltr'><strong>reverentiae</strong></span> <span class='ocrx_word' id='word_1_568' title='bbox 935 5091 1126 5138; x_wconf 72' lang='lat' dir='ltr'><strong>vestra:</strong></span> <span class='ocrx_word' id='word_1_569' title='bbox 1154 5083 1507 5140; x_wconf 85' lang='lat' dir='ltr'><strong>clementiam</strong></span> <span class='ocrx_word' id='word_1_570' title='bbox 1540 5091 1835 5157; x_wconf 90' lang='lat' dir='ltr'><strong>promereri</strong></span> <span class='ocrx_word' id='word_1_571' title='bbox 1865 5099 1949 5144; x_wconf 89' lang='lat' dir='ltr'><strong>at-</strong></span> 
     </span>
    </p>
   </div>
   <div class='ocr_carea' id='block_1_84' title="bbox 364 5174 1953 5252">
    <p class='ocr_par' dir='ltr' id='par_1_84' title="bbox 364 5174 1953 5252">
     <span class='ocr_line' id='line_1_84' title="bbox 364 5174 1953 5252; baseline 0.006 -26"><span class='ocrx_word' id='word_1_572' title='bbox 364 5187 471 5241; x_wconf 90' lang='lat' dir='ltr'><strong>que</strong></span> <span class='ocrx_word' id='word_1_573' title='bbox 496 5175 756 5229; x_wconf 89' lang='lat' dir='ltr'><strong>revocari.</strong></span> <span class='ocrx_word' id='word_1_574' title='bbox 792 5174 1091 5230; x_wconf 86' lang='lat' dir='ltr'><strong>Absurdum</strong></span> <span class='ocrx_word' id='word_1_575' title='bbox 1123 5191 1354 5245; x_wconf 89' lang='lat' dir='ltr'><strong>namque</strong></span> <span class='ocrx_word' id='word_1_576' title='bbox 1382 5187 1496 5243; x_wconf 89' lang='lat' dir='ltr'><strong>est,</strong></span> <span class='ocrx_word' id='word_1_577' title='bbox 1529 5180 1572 5234; x_wconf 90' lang='lat' dir='ltr'><strong>si</strong></span> <span class='ocrx_word' id='word_1_578' title='bbox 1604 5180 1648 5234; x_wconf 92' lang='lat' dir='ltr'><strong>is</strong></span> <span class='ocrx_word' id='word_1_579' title='bbox 1676 5182 1766 5249; x_wconf 88' lang='lat' dir='ltr'><strong>qni</strong></span> <span class='ocrx_word' id='word_1_580' title='bbox 1797 5192 1953 5252; x_wconf 85' lang='lat' dir='ltr'><strong>puta-</strong></span> 
     </span>
    </p>
   </div>
   <div class='ocr_carea' id='block_1_85' title="bbox 365 5267 1953 5341">
    <p class='ocr_par' dir='ltr' id='par_1_85' title="bbox 365 5267 1953 5341">
     <span class='ocr_line' id='line_1_85' title="bbox 365 5267 1953 5341; baseline 0.007 -25"><span class='ocrx_word' id='word_1_581' title='bbox 365 5272 452 5317; x_wconf 91' lang='lat' dir='ltr'><strong>tur</strong></span> <span class='ocrx_word' id='word_1_582' title='bbox 476 5278 594 5318; x_wconf 88' lang='lat' dir='ltr'><strong>esse</strong></span> <span class='ocrx_word' id='word_1_583' title='bbox 621 5280 744 5319; x_wconf 91' lang='lat' dir='ltr'><strong>reus</strong></span> <span class='ocrx_word' id='word_1_584' title='bbox 772 5275 1060 5320; x_wconf 88' lang='lat' dir='ltr'><strong>revocatur</strong></span> <span class='ocrx_word' id='word_1_585' title='bbox 1106 5267 1173 5322; x_wconf 91' lang='lat' dir='ltr'><strong>ad</strong></span> <span class='ocrx_word' id='word_1_586' title='bbox 1200 5268 1632 5325; x_wconf 86' lang='lat' dir='ltr'><strong>satisfaciendum</strong></span> <span class='ocrx_word' id='word_1_587' title='bbox 1676 5273 1730 5326; x_wconf 91' lang='lat' dir='ltr'><strong>in</strong></span> <span class='ocrx_word' id='word_1_588' title='bbox 1759 5274 1953 5341; x_wconf 84' lang='lat' dir='ltr'><strong>quibus</strong></span> 
     </span>
    </p>
   </div>
   <div class='ocr_carea' id='block_1_86' title="bbox 364 5353 1954 5433">
    <p class='ocr_par' dir='ltr' id='par_1_86' title="bbox 364 5353 1954 5433">
     <span class='ocr_line' id='line_1_86' title="bbox 364 5353 1954 5433; baseline 0.006 -24"><span class='ocrx_word' id='word_1_589' title='bbox 364 5356 413 5409; x_wconf 90' lang='lat' dir='ltr'><strong>ei</strong></span> <span class='ocrx_word' id='word_1_590' title='bbox 432 5353 821 5423; x_wconf 86' lang='lat' dir='ltr'><strong>derogabatur;</strong></span> <span class='ocrx_word' id='word_1_591' title='bbox 846 5364 904 5410; x_wconf 90' lang='lat' dir='ltr'><strong>ut</strong></span> <span class='ocrx_word' id='word_1_592' title='bbox 926 5374 1021 5412; x_wconf 87' lang='lat' dir='ltr'><strong>nos</strong></span> <span class='ocrx_word' id='word_1_593' title='bbox 1041 5367 1225 5413; x_wconf 87' lang='lat' dir='ltr'><strong>contra</strong></span> <span class='ocrx_word' id='word_1_594' title='bbox 1251 5361 1607 5431; x_wconf 88' lang='lat' dir='ltr'><strong>nosmetipsos</strong></span> <span class='ocrx_word' id='word_1_595' title='bbox 1623 5364 1954 5433; x_wconf 64' lang='lat' dir='ltr'><strong>praebeamus</strong></span> 
     </span>
    </p>
   </div>
   <div class='ocr_carea' id='block_1_87' title="bbox 367 5447 1949 5521">
    <p class='ocr_par' dir='ltr' id='par_1_87' title="bbox 367 5447 1949 5521">
     <span class='ocr_line' id='line_1_87' title="bbox 367 5447 1949 5521; baseline 0.006 -20"><span class='ocrx_word' id='word_1_596' title='bbox 367 5461 463 5515; x_wconf 88' lang='lat' dir='ltr'><strong>per</strong></span> <span class='ocrx_word' id='word_1_597' title='bbox 491 5447 909 5501; x_wconf 86' lang='lat' dir='ltr'><strong>taciturnitatem</strong></span> <span class='ocrx_word' id='word_1_598' title='bbox 942 5449 1322 5521; x_wconf 80' lang='lat' dir='ltr'><strong>increpationis</strong></span> <span class='ocrx_word' id='word_1_599' title='bbox 1340 5451 1619 5521; x_wconf 87' lang='lat' dir='ltr'><strong>judicium.</strong></span> <span class='ocrx_word' id='word_1_600' title='bbox 1655 5454 1949 5521; x_wconf 83' lang='lat' dir='ltr'><strong>Dignamini</strong></span> 
     </span>
    </p>
   </div>
   <div class='ocr_carea' id='block_1_88' title="bbox 364 5545 1952 5616">
    <p class='ocr_par' dir='ltr' id='par_1_88' title="bbox 364 5545 1952 5616">
     <span class='ocr_line' id='line_1_88' title="bbox 364 5545 1952 5616; baseline 0.002 -16"><span class='ocrx_word' id='word_1_601' title='bbox 364 5559 514 5616; x_wconf 87' lang='lat' dir='ltr'><strong>ergo,</strong></span> <span class='ocrx_word' id='word_1_602' title='bbox 538 5545 678 5601; x_wconf 90' lang='lat' dir='ltr'><strong>sicut</strong></span> <span class='ocrx_word' id='word_1_603' title='bbox 697 5554 890 5601; x_wconf 65' lang='lat' dir='ltr'><strong>vestrae</strong></span> <span class='ocrx_word' id='word_1_604' title='bbox 909 5548 1160 5603; x_wconf 88' lang='lat' dir='ltr'><strong>convenit</strong></span> <span class='ocrx_word' id='word_1_605' title='bbox 1180 5548 1534 5614; x_wconf 86' lang='lat' dir='ltr'><strong>venerationi,</strong></span> <span class='ocrx_word' id='word_1_606' title='bbox 1557 5558 1614 5603; x_wconf 90' lang='lat' dir='ltr'><strong>et</strong></span> <span class='ocrx_word' id='word_1_607' title='bbox 1633 5548 1742 5603; x_wconf 89' lang='lat' dir='ltr'><strong>Deo</strong></span> <span class='ocrx_word' id='word_1_608' title='bbox 1764 5564 1952 5604; x_wconf 83' lang='lat' dir='ltr'><strong>aman-</strong></span> 
     </span>
    </p>
   </div>
   <div class='ocr_carea' id='block_1_89' title="bbox 367 5636 1952 5710">
    <p class='ocr_par' dir='ltr' id='par_1_89' title="bbox 367 5636 1952 5710">
     <span class='ocr_line' id='line_1_89' title="bbox 367 5636 1952 5710; baseline 0.005 -21"><span class='ocrx_word' id='word_1_609' title='bbox 367 5636 628 5691; x_wconf 89' lang='lat' dir='ltr'><strong>tissimum</strong></span> <span class='ocrx_word' id='word_1_610' title='bbox 660 5637 949 5707; x_wconf 84' lang='lat' dir='ltr'><strong>principem</strong></span> <span class='ocrx_word' id='word_1_611' title='bbox 978 5653 1324 5696; x_wconf 90' lang='lat' dir='ltr'><strong>commonere</strong></span> <span class='ocrx_word' id='word_1_612' title='bbox 1349 5681 1362 5705; x_wconf 86' lang='lat'><strong>,</strong></span> <span class='ocrx_word' id='word_1_613' title='bbox 1405 5651 1460 5696; x_wconf 91' lang='lat' dir='ltr'><strong>et</strong></span> <span class='ocrx_word' id='word_1_614' title='bbox 1502 5655 1689 5710; x_wconf 87' lang='lat' dir='ltr'><strong>preces</strong></span> <span class='ocrx_word' id='word_1_615' title='bbox 1717 5649 1952 5697; x_wconf 88' lang='lat' dir='ltr'><strong>tractare</strong></span> 
     </span>
    </p>
   </div>
   <div class='ocr_carea' id='block_1_90' title="bbox 367 5729 1951 5801">
    <p class='ocr_par' dir='ltr' id='par_1_90' title="bbox 367 5729 1951 5801">
     <span class='ocr_line' id='line_1_90' title="bbox 367 5729 1951 5801; baseline 0.003 -20"><span class='ocrx_word' id='word_1_616' title='bbox 367 5735 610 5793; x_wconf 85' lang='lat' dir='ltr'><strong>nostras,</strong></span> <span class='ocrx_word' id='word_1_617' title='bbox 643 5738 696 5783; x_wconf 92' lang='lat' dir='ltr'><strong>et</strong></span> <span class='ocrx_word' id='word_1_618' title='bbox 726 5729 985 5783; x_wconf 86' lang='lat' dir='ltr'><strong>velociter</strong></span> <span class='ocrx_word' id='word_1_619' title='bbox 1018 5730 1083 5784; x_wconf 88' lang='lat' dir='ltr'><strong>de</strong></span> <span class='ocrx_word' id='word_1_620' title='bbox 1114 5731 1269 5786; x_wconf 87' lang='lat' dir='ltr'><strong>nobis</strong></span> <span class='ocrx_word' id='word_1_621' title='bbox 1295 5746 1415 5801; x_wconf 73' lang='lat' dir='ltr'><strong>qua:</strong></span> <span class='ocrx_word' id='word_1_622' title='bbox 1441 5733 1594 5788; x_wconf 88' lang='lat' dir='ltr'><strong>vobis</strong></span> <span class='ocrx_word' id='word_1_623' title='bbox 1622 5731 1951 5788; x_wconf 87' lang='lat' dir='ltr'><strong>conveniunt</strong></span> 
     </span>
    </p>
   </div>
   <div class='ocr_carea' id='block_1_91' title="bbox 367 5816 1272 5891">
    <p class='ocr_par' dir='ltr' id='par_1_91' title="bbox 367 5816 1272 5891">
     <span class='ocr_line' id='line_1_91' title="bbox 367 5816 1272 5891; baseline 0.001 -20"><span class='ocrx_word' id='word_1_624' title='bbox 367 5816 607 5883; x_wconf 88' lang='lat' dir='ltr'><strong>cogitare</strong></span> <span class='ocrx_word' id='word_1_625' title='bbox 634 5818 754 5891; x_wconf 64' lang='grc' dir='ltr'><strong>[ηις.</strong></span> <span class='ocrx_word' id='word_1_626' title='bbox 785 5817 931 5889; x_wconf 83' lang='lat' dir='ltr'><strong>Lyr.,</strong></span> <span class='ocrx_word' id='word_1_627' title='bbox 960 5819 1272 5890; x_wconf 71' lang='lat' dir='ltr'><strong>disputare].</strong></span> 
     </span>
    </p>
   </div>
   <div class='ocr_carea' id='block_1_92' title="bbox 2052 3255 3638 3323">
    <p class='ocr_par' dir='ltr' id='par_1_92' title="bbox 2052 3255 3638 3323">
     <span class='ocr_line' id='line_1_92' title="bbox 2052 3255 3638 3323; baseline -0.004 -6"><span class='ocrx_word' id='word_1_628' title='bbox 2052 3262 2288 3317; x_wconf 81' lang='lat' dir='ltr'><strong>maximo</strong></span> <span class='ocrx_word' id='word_1_629' title='bbox 2315 3276 2435 3316; x_wconf 91' lang='lat' dir='ltr'><strong>eam</strong></span> <span class='ocrx_word' id='word_1_630' title='bbox 2464 3275 2619 3314; x_wconf 86' lang='lat' dir='ltr'><strong>muro</strong></span> <span class='ocrx_word' id='word_1_631' title='bbox 2649 3257 3019 3323; x_wconf 90' lang='lat' dir='ltr'><strong>circumdedit,</strong></span> <span class='ocrx_word' id='word_1_632' title='bbox 3051 3265 3109 3311; x_wconf 92' lang='lat' dir='ltr'><strong>et</strong></span> <span class='ocrx_word' id='word_1_633' title='bbox 3136 3255 3364 3313; x_wconf 88' lang='lat' dir='ltr'><strong>diversis</strong></span> <span class='ocrx_word' id='word_1_634' title='bbox 3388 3266 3638 3313; x_wconf 87' lang='lat' dir='ltr'><strong>ornatam</strong></span> 
     </span>
    </p>
   </div>
   <div class='ocr_carea' id='block_1_93' title="bbox 2049 3347 3635 3421">
    <p class='ocr_par' dir='ltr' id='par_1_93' title="bbox 2049 3347 3635 3421">
     <span class='ocr_line' id='line_1_93' title="bbox 2049 3347 3635 3421; baseline -0.003 -14"><span class='ocrx_word' id='word_1_635' title='bbox 2049 3353 2262 3408; x_wconf 90' lang='lat' dir='ltr'><strong>fabricis</strong></span> <span class='ocrx_word' id='word_1_636' title='bbox 2288 3367 2495 3421; x_wconf 63' lang='lat' dir='ltr'><strong>aequam</strong></span> <span class='ocrx_word' id='word_1_637' title='bbox 2522 3349 2781 3420; x_wconf 88' lang='lat' dir='ltr'><strong>imperiali</strong></span> <span class='ocrx_word' id='word_1_638' title='bbox 2814 3348 2997 3403; x_wconf 53' lang='lat' dir='ltr'><strong>Romae</strong></span> <span class='ocrx_word' id='word_1_639' title='bbox 3023 3347 3301 3404; x_wconf 90' lang='lat' dir='ltr'><strong>constituit</strong></span> <span class='ocrx_word' id='word_1_640' title='bbox 3330 3349 3453 3419; x_wconf 78' lang='lat' dir='ltr'><strong>(An.</strong></span> <span class='ocrx_word' id='word_1_641' title='bbox 3479 3347 3635 3402; x_wconf 82' lang='lat' dir='ltr'><strong>Dom.</strong></span> 
     </span>
    </p>
   </div>
   <div class='ocr_carea' id='block_1_94' title="bbox 2049 3442 3641 3516">
    <p class='ocr_par' dir='ltr' id='par_1_94' title="bbox 2049 3442 3641 3516">
     <span class='ocr_line' id='line_1_94' title="bbox 2049 3442 3641 3516; baseline -0.001 -17"><span class='ocrx_word' id='word_1_642' title='bbox 2049 3446 2176 3516; x_wconf 75' lang='grc'>555)</span> <span class='ocrx_word' id='word_1_643' title='bbox 2208 3462 2223 3509; x_wconf 89' lang='lat'><strong>;</strong></span> <span class='ocrx_word' id='word_1_644' title='bbox 2272 3458 2326 3499; x_wconf 86' lang='lat' dir='ltr'><strong>et</strong></span> <span class='ocrx_word' id='word_1_645' title='bbox 2358 3445 2756 3499; x_wconf 89' lang='lat' dir='ltr'><strong>denominatam</strong></span> <span class='ocrx_word' id='word_1_646' title='bbox 2784 3442 3346 3513; x_wconf 86' lang='lat' dir='ltr'><strong>Constantinopolim,</strong></span> <span class='ocrx_word' id='word_1_647' title='bbox 3377 3442 3641 3514; x_wconf 85' lang='lat' dir='ltr'><strong>appellari</strong></span> 
     </span>
    </p>
   </div>
   <div class='ocr_carea' id='block_1_95' title="bbox 2050 3531 3642 3602">
    <p class='ocr_par' dir='ltr' id='par_1_95' title="bbox 2050 3531 3642 3602">
     <span class='ocr_line' id='line_1_95' title="bbox 2050 3531 3642 3602; baseline -0.002 -12"><span class='ocrx_word' id='word_1_648' title='bbox 2050 3536 2338 3590; x_wconf 83' lang='lat' dir='ltr'><strong>secundum</strong></span> <span class='ocrx_word' id='word_1_649' title='bbox 2382 3534 2611 3588; x_wconf 79' lang='lat' dir='ltr'><strong>Romam</strong></span> <span class='ocrx_word' id='word_1_650' title='bbox 2650 3533 2764 3602; x_wconf 88' lang='lat' dir='ltr'><strong>lege</strong></span> <span class='ocrx_word' id='word_1_651' title='bbox 2801 3532 3061 3600; x_wconf 81' lang='lat' dir='ltr'><strong>ﬁrmavit,</strong></span> <span class='ocrx_word' id='word_1_652' title='bbox 3106 3531 3245 3587; x_wconf 87' lang='lat' dir='ltr'><strong>sicut</strong></span> <span class='ocrx_word' id='word_1_653' title='bbox 3284 3532 3372 3587; x_wconf 91' lang='lat' dir='ltr'><strong>lex</strong></span> <span class='ocrx_word' id='word_1_654' title='bbox 3421 3533 3537 3602; x_wconf 87' lang='lat' dir='ltr'><strong>ipsa</strong></span> <span class='ocrx_word' id='word_1_655' title='bbox 3585 3532 3642 3588; x_wconf 93' lang='lat' dir='ltr'><strong>in</strong></span> 
     </span>
    </p>
   </div>
   <div class='ocr_carea' id='block_1_96' title="bbox 2050 3623 3640 3695">
    <p class='ocr_par' dir='ltr' id='par_1_96' title="bbox 2050 3623 3640 3695">
     <span class='ocr_line' id='line_1_96' title="bbox 2050 3623 3640 3695; baseline -0.001 -16"><span class='ocrx_word' id='word_1_656' title='bbox 2050 3640 2354 3681; x_wconf 85' lang='lat' dir='ltr'><strong>marmorea</strong></span> <span class='ocrx_word' id='word_1_657' title='bbox 2383 3625 2620 3695; x_wconf 85' lang='lat' dir='ltr'><strong>platoma</strong></span> <span class='ocrx_word' id='word_1_658' title='bbox 2660 3623 2903 3680; x_wconf 90' lang='lat' dir='ltr'><strong>noscitur</strong></span> <span class='ocrx_word' id='word_1_659' title='bbox 2940 3638 3060 3678; x_wconf 84' lang='lat' dir='ltr'><strong>esse</strong></span> <span class='ocrx_word' id='word_1_660' title='bbox 3104 3625 3407 3693; x_wconf 84' lang='lat' dir='ltr'><strong>conscripta</strong></span> <span class='ocrx_word' id='word_1_661' title='bbox 3430 3665 3446 3691; x_wconf 94' lang='lat'><strong>,</strong></span> <span class='ocrx_word' id='word_1_662' title='bbox 3492 3631 3547 3678; x_wconf 91' lang='lat' dir='ltr'><strong>et</strong></span> <span class='ocrx_word' id='word_1_663' title='bbox 3586 3623 3640 3677; x_wconf 92' lang='lat' dir='ltr'><strong>in</strong></span> 
     </span>
    </p>
   </div>
   <div class='ocr_carea' id='block_1_97' title="bbox 2051 3713 3641 3786">
    <p class='ocr_par' dir='ltr' id='par_1_97' title="bbox 2051 3713 3641 3786">
     <span class='ocr_line' id='line_1_97' title="bbox 2051 3713 3641 3786; baseline -0.002 -14"><span class='ocrx_word' id='word_1_664' title='bbox 2051 3715 2319 3785; x_wconf 87' lang='lat' dir='ltr'><strong>Strategio</strong></span> <span class='ocrx_word' id='word_1_665' title='bbox 2335 3715 2488 3785; x_wconf 74' lang='lat' dir='ltr'><strong>juxta</strong></span> <span class='ocrx_word' id='word_1_666' title='bbox 2510 3724 2813 3786; x_wconf 89' lang='lat' dir='ltr'><strong>equestrem</strong></span> <span class='ocrx_word' id='word_1_667' title='bbox 2834 3721 3065 3769; x_wconf 88' lang='lat' dir='ltr'><strong>statuam</strong></span> <span class='ocrx_word' id='word_1_668' title='bbox 3086 3714 3203 3783; x_wconf 85' lang='lat' dir='ltr'><strong>ejus</strong></span> <span class='ocrx_word' id='word_1_669' title='bbox 3224 3722 3307 3770; x_wconf 84' lang='lat' dir='ltr'><strong>est</strong></span> <span class='ocrx_word' id='word_1_670' title='bbox 3325 3713 3641 3769; x_wconf 84' lang='lat' dir='ltr'><strong>constituta.</strong></span> 
     </span>
    </p>
   </div>
   <div class='ocr_carea' id='block_1_98' title="bbox 2051 3800 3645 3874">
    <p class='ocr_par' dir='ltr' id='par_1_98' title="bbox 2051 3800 3645 3874">
     <span class='ocr_line' id='line_1_98' title="bbox 2051 3800 3645 3874; baseline -0.001 -15"><span class='ocrx_word' id='word_1_671' title='bbox 2051 3806 2109 3860; x_wconf 92' lang='lat' dir='ltr'><strong>In</strong></span> <span class='ocrx_word' id='word_1_672' title='bbox 2140 3806 2243 3860; x_wconf 90' lang='lat' dir='ltr'><strong>hac</strong></span> <span class='ocrx_word' id='word_1_673' title='bbox 2271 3819 2488 3874; x_wconf 89' lang='lat' dir='ltr'><strong>quoque</strong></span> <span class='ocrx_word' id='word_1_674' title='bbox 2514 3802 2730 3859; x_wconf 87' lang='lat' dir='ltr'><strong>civitate</strong></span> <span class='ocrx_word' id='word_1_675' title='bbox 2757 3803 2889 3858; x_wconf 86' lang='lat' dir='ltr'><strong>duas</strong></span> <span class='ocrx_word' id='word_1_676' title='bbox 2917 3802 3134 3871; x_wconf 88' lang='lat' dir='ltr'><strong>quidem</strong></span> <span class='ocrx_word' id='word_1_677' title='bbox 3161 3800 3447 3857; x_wconf 52' lang='lat' dir='ltr'><strong>aedificavit</strong></span> <span class='ocrx_word' id='word_1_678' title='bbox 3467 3802 3645 3857; x_wconf 84' lang='lat' dir='ltr'><strong>eccle-</strong></span> 
     </span>
    </p>
   </div>
   <div class='ocr_carea' id='block_1_99' title="bbox 2052 3891 3645 3965">
    <p class='ocr_par' dir='ltr' id='par_1_99' title="bbox 2052 3891 3645 3965">
     <span class='ocr_line' id='line_1_99' title="bbox 2052 3891 3645 3965; baseline -0.003 -14"><span class='ocrx_word' id='word_1_679' title='bbox 2052 3897 2194 3961; x_wconf 89' lang='lat' dir='ltr'><strong>sias,</strong></span> <span class='ocrx_word' id='word_1_680' title='bbox 2237 3908 2463 3965; x_wconf 87' lang='lat' dir='ltr'><strong>quarum</strong></span> <span class='ocrx_word' id='word_1_681' title='bbox 2501 3908 2663 3949; x_wconf 91' lang='lat' dir='ltr'><strong>unam</strong></span> <span class='ocrx_word' id='word_1_682' title='bbox 2710 3893 3007 3949; x_wconf 89' lang='lat' dir='ltr'><strong>nominavit</strong></span> <span class='ocrx_word' id='word_1_683' title='bbox 3036 3892 3242 3948; x_wconf 88' lang='lat' dir='ltr'><strong>lrenem</strong></span> <span class='ocrx_word' id='word_1_684' title='bbox 3267 3931 3283 3957; x_wconf 89' lang='lat'><strong>,</strong></span> <span class='ocrx_word' id='word_1_685' title='bbox 3324 3891 3483 3947; x_wconf 86' lang='lat' dir='ltr'><strong>aliam</strong></span> <span class='ocrx_word' id='word_1_686' title='bbox 3511 3906 3645 3947; x_wconf 87' lang='lat' dir='ltr'><strong>vero</strong></span> 
     </span>
    </p>
   </div>
   <div class='ocr_carea' id='block_1_100' title="bbox 2054 3983 3641 4061">
    <p class='ocr_par' dir='ltr' id='par_1_100' title="bbox 2054 3983 3641 4061">
     <span class='ocr_line' id='line_1_100' title="bbox 2054 3983 3641 4061; baseline -0.006 -15"><span class='ocrx_word' id='word_1_687' title='bbox 2054 3991 2343 4061; x_wconf 83' lang='lat' dir='ltr'><strong>appellavit</strong></span> <span class='ocrx_word' id='word_1_688' title='bbox 2361 3987 2763 4059; x_wconf 82' lang='lat' dir='ltr'><strong>Apostolorum.</strong></span> <span class='ocrx_word' id='word_1_689' title='bbox 2788 3987 2905 4043; x_wconf 89' lang='lat' dir='ltr'><strong>Non</strong></span> <span class='ocrx_word' id='word_1_690' title='bbox 2926 3987 3100 4041; x_wconf 84' lang='lat' dir='ltr'><strong>solum</strong></span> <span class='ocrx_word' id='word_1_691' title='bbox 3122 3994 3325 4054; x_wconf 88' lang='lat' dir='ltr'><strong>autem,</strong></span> <span class='ocrx_word' id='word_1_692' title='bbox 3345 3986 3487 4040; x_wconf 88' lang='lat' dir='ltr'><strong>sicut</strong></span> <span class='ocrx_word' id='word_1_693' title='bbox 3505 3983 3641 4045; x_wconf 83' lang='lat' dir='ltr'><strong>dixi,</strong></span> 
     </span>
    </p>
   </div>
   <div class='ocr_carea' id='block_1_101' title="bbox 2055 4076 3645 4147">
    <p class='ocr_par' dir='ltr' id='par_1_101' title="bbox 2055 4076 3645 4147">
     <span class='ocr_line' id='line_1_101' title="bbox 2055 4076 3645 4147; baseline -0.005 -10"><span class='ocrx_word' id='word_1_694' title='bbox 2055 4082 2203 4137; x_wconf 77' lang='lat' dir='ltr'><strong>anxit</strong></span> <span class='ocrx_word' id='word_1_695' title='bbox 2222 4080 2606 4136; x_wconf 86' lang='lat' dir='ltr'><strong>Constantinus</strong></span> <span class='ocrx_word' id='word_1_696' title='bbox 2629 4078 2723 4135; x_wconf 70' lang='lat' dir='ltr'><strong>Cb.</strong></span> <span class='ocrx_word' id='word_1_697' title='bbox 2739 4078 3050 4135; x_wconf 77' lang='lat' dir='ltr'><strong>isti-auorum</strong></span> <span class='ocrx_word' id='word_1_698' title='bbox 3072 4078 3342 4147; x_wconf 79' lang='lat' dir='ltr'><strong>dogmata,</strong></span> <span class='ocrx_word' id='word_1_699' title='bbox 3363 4076 3459 4131; x_wconf 88' lang='lat' dir='ltr'><strong>sed</strong></span> <span class='ocrx_word' id='word_1_700' title='bbox 3481 4076 3645 4131; x_wconf 86' lang='lat' dir='ltr'><strong>etiam</strong></span> 
     </span>
    </p>
   </div>
   <div class='ocr_carea' id='block_1_102' title="bbox 2056 4170 3645 4242">
    <p class='ocr_par' dir='ltr' id='par_1_102' title="bbox 2056 4170 3645 4242">
     <span class='ocr_line' id='line_1_102' title="bbox 2056 4170 3645 4242; baseline -0.002 -17"><span class='ocrx_word' id='word_1_701' title='bbox 2056 4187 2388 4242; x_wconf 83' lang='lat' dir='ltr'><strong>paganorum</strong></span> <span class='ocrx_word' id='word_1_702' title='bbox 2418 4170 2613 4241; x_wconf 86' lang='lat' dir='ltr'><strong>templa</strong></span> <span class='ocrx_word' id='word_1_703' title='bbox 2644 4170 2927 4227; x_wconf 82' lang='lat' dir='ltr'><strong>destruxit.</strong></span> <span class='ocrx_word' id='word_1_704' title='bbox 2963 4170 3260 4225; x_wconf 82' lang='lat' dir='ltr'><strong>Sitnulacra</strong></span> <span class='ocrx_word' id='word_1_705' title='bbox 3292 4183 3519 4237; x_wconf 89' lang='lat' dir='ltr'><strong>namque</strong></span> <span class='ocrx_word' id='word_1_706' title='bbox 3547 4185 3645 4223; x_wconf 85' lang='lat' dir='ltr'><strong>or-</strong></span> 
     </span>
    </p>
   </div>
   <div class='ocr_carea' id='block_1_103' title="bbox 2057 4259 3642 4331">
    <p class='ocr_par' dir='ltr' id='par_1_103' title="bbox 2057 4259 3642 4331">
     <span class='ocr_line' id='line_1_103' title="bbox 2057 4259 3642 4331; baseline -0.004 -13"><span class='ocrx_word' id='word_1_707' title='bbox 2057 4274 2181 4318; x_wconf 89' lang='lat' dir='ltr'><strong>nata</strong></span> <span class='ocrx_word' id='word_1_708' title='bbox 2211 4261 2423 4331; x_wconf 87' lang='lat' dir='ltr'><strong>publice</strong></span> <span class='ocrx_word' id='word_1_709' title='bbox 2454 4262 2505 4316; x_wconf 90' lang='lat' dir='ltr'><strong>in</strong></span> <span class='ocrx_word' id='word_1_710' title='bbox 2545 4259 3140 4328; x_wconf 87' lang='lat' dir='ltr'><strong>Constantinopolitana</strong></span> <span class='ocrx_word' id='word_1_711' title='bbox 3180 4262 3313 4314; x_wconf 89' lang='lat' dir='ltr'><strong>urbe</strong></span> <span class='ocrx_word' id='word_1_712' title='bbox 3341 4259 3642 4328; x_wconf 87' lang='lat' dir='ltr'><strong>proposuit,</strong></span> 
     </span>
    </p>
   </div>
   <div class='ocr_carea' id='block_1_104' title="bbox 2056 4349 3645 4425">
    <p class='ocr_par' dir='ltr' id='par_1_104' title="bbox 2056 4349 3645 4425">
     <span class='ocr_line' id='line_1_104' title="bbox 2056 4349 3645 4425; baseline -0.003 -16"><span class='ocrx_word' id='word_1_713' title='bbox 2056 4365 2112 4410; x_wconf 90' lang='lat' dir='ltr'><strong>et</strong></span> <span class='ocrx_word' id='word_1_714' title='bbox 2141 4353 2379 4425; x_wconf 86' lang='lat' dir='ltr'><strong>tripodas</strong></span> <span class='ocrx_word' id='word_1_715' title='bbox 2406 4352 2689 4423; x_wconf 86' lang='lat' dir='ltr'><strong>Delphicos</strong></span> <span class='ocrx_word' id='word_1_716' title='bbox 2720 4354 2769 4406; x_wconf 90' lang='lat' dir='ltr'><strong>in</strong></span> <span class='ocrx_word' id='word_1_717' title='bbox 2800 4354 2945 4407; x_wconf 81' lang='lat' dir='ltr'><strong>circo</strong></span> <span class='ocrx_word' id='word_1_718' title='bbox 2984 4352 3051 4405; x_wconf 86' lang='lat' dir='ltr'><strong>ad</strong></span> <span class='ocrx_word' id='word_1_719' title='bbox 3078 4351 3445 4420; x_wconf 66' lang='lat' dir='ltr'><strong>spectaculum</strong></span> <span class='ocrx_word' id='word_1_720' title='bbox 3471 4349 3645 4418; x_wconf 82' lang='lat' dir='ltr'><strong>dedit,</strong></span> 
     </span>
    </p>
   </div>
   <div class='ocr_carea' id='block_1_105' title="bbox 2057 4442 3645 4519">
    <p class='ocr_par' dir='ltr' id='par_1_105' title="bbox 2057 4442 3645 4519">
     <span class='ocr_line' id='line_1_105' title="bbox 2057 4442 3645 4519; baseline -0.004 -15"><span class='ocrx_word' id='word_1_721' title='bbox 2057 4450 2147 4519; x_wconf 85' lang='lat' dir='ltr'><strong>qui</strong></span> <span class='ocrx_word' id='word_1_722' title='bbox 2177 4464 2298 4504; x_wconf 92' lang='lat' dir='ltr'><strong>cum</strong></span> <span class='ocrx_word' id='word_1_723' title='bbox 2329 4448 2445 4517; x_wconf 91' lang='lat' dir='ltr'><strong>ipso</strong></span> <span class='ocrx_word' id='word_1_724' title='bbox 2476 4444 2758 4514; x_wconf 82' lang='lat' dir='ltr'><strong>videantur</strong></span> <span class='ocrx_word' id='word_1_725' title='bbox 2790 4453 3042 4513; x_wconf 86' lang='lat' dir='ltr'><strong>aspectu,</strong></span> <span class='ocrx_word' id='word_1_726' title='bbox 3074 4443 3400 4498; x_wconf 79' lang='lat' dir='ltr'><strong>referuntur.</strong></span> <span class='ocrx_word' id='word_1_727' title='bbox 3436 4442 3645 4499; x_wconf 74' lang='lat' dir='ltr'><strong>Socru-</strong></span> 
     </span>
    </p>
   </div>
   <div class='ocr_carea' id='block_1_106' title="bbox 2059 4533 3643 4607">
    <p class='ocr_par' dir='ltr' id='par_1_106' title="bbox 2059 4533 3643 4607">
     <span class='ocr_line' id='line_1_106' title="bbox 2059 4533 3643 4607; baseline -0.004 -12"><span class='ocrx_word' id='word_1_728' title='bbox 2059 4557 2178 4605; x_wconf 76' lang='lat' dir='ltr'><strong>TES,</strong></span> <span class='ocrx_word' id='word_1_729' title='bbox 2209 4540 2298 4594; x_wconf 86' lang='lat' dir='ltr'><strong>lib.</strong></span> <span class='ocrx_word' id='word_1_730' title='bbox 2327 4555 2365 4605; x_wconf 88' lang='grc' dir='ltr'><strong>ι,</strong></span> <span class='ocrx_word' id='word_1_731' title='bbox 2400 4555 2515 4607; x_wconf 87' lang='lat' dir='ltr'><strong>cap.</strong></span> <span class='ocrx_word' id='word_1_732' title='bbox 2550 4536 2637 4592; x_wconf 74' lang='lat'><strong>19..</strong></span> <span class='ocrx_word' id='word_1_733' title='bbox 2676 4536 2822 4591; x_wconf 82' lang='lat' dir='ltr'><strong>Edit.</strong></span> <span class='ocrx_word' id='word_1_734' title='bbox 2853 4534 3146 4605; x_wconf 79' lang='lat' dir='ltr'><strong>Christoph.</strong></span> <span class='ocrx_word' id='word_1_735' title='bbox 3188 4533 3361 4589; x_wconf 82' lang='lat' dir='ltr'><strong>Vales.</strong></span> <span class='ocrx_word' id='word_1_736' title='bbox 3401 4550 3518 4606; x_wconf 85' lang='lat' dir='ltr'><strong>cap.</strong></span> <span class='ocrx_word' id='word_1_737' title='bbox 3551 4535 3643 4601; x_wconf 71' lang='lat'><strong>16,</strong></span> 
     </span>
    </p>
   </div>
   <div class='ocr_carea' id='block_1_107' title="bbox 2054 4627 2227 4700">
    <p class='ocr_par' dir='ltr' id='par_1_107' title="bbox 2054 4627 2227 4700">
     <span class='ocr_line' id='line_1_107' title="bbox 2054 4627 2227 4700; baseline -0.006 -17"><span class='ocrx_word' id='word_1_738' title='bbox 2054 4648 2106 4700; x_wconf 89' lang='lat' dir='ltr'><strong>p.</strong></span> <span class='ocrx_word' id='word_1_739' title='bbox 2139 4627 2227 4683; x_wconf 70' lang='grc'><strong>45.</strong></span> 
     </span>
    </p>
   </div>
   <div class='ocr_carea' id='block_1_108' title="bbox 2124 4715 3650 4789">
    <p class='ocr_par' dir='ltr' id='par_1_108' title="bbox 2124 4715 3650 4789">
     <span class='ocr_line' id='line_1_108' title="bbox 2124 4715 3650 4789; baseline -0.003 -15"><span class='ocrx_word' id='word_1_740' title='bbox 2124 4720 2330 4776; x_wconf 87' lang='lat' dir='ltr'><strong>Interea</strong></span> <span class='ocrx_word' id='word_1_741' title='bbox 2353 4728 2525 4774; x_wconf 89' lang='lat' dir='ltr'><strong>mater</strong></span> <span class='ocrx_word' id='word_1_742' title='bbox 2549 4718 2886 4789; x_wconf 87' lang='lat' dir='ltr'><strong>imperatoris</strong></span> <span class='ocrx_word' id='word_1_743' title='bbox 2906 4715 3132 4784; x_wconf 82' lang='lat' dir='ltr'><strong>Helena,</strong></span> <span class='ocrx_word' id='word_1_744' title='bbox 3153 4715 3304 4784; x_wconf 85' lang='lat' dir='ltr'><strong>cujus</strong></span> <span class='ocrx_word' id='word_1_745' title='bbox 3324 4716 3650 4783; x_wconf 76' lang='lat' dir='ltr'><strong>cognomine</strong></span> 
     </span>
    </p>
   </div>
   <div class='ocr_carea' id='block_1_109' title="bbox 2059 4804 3652 4879">
    <p class='ocr_par' dir='ltr' id='par_1_109' title="bbox 2059 4804 3652 4879">
     <span class='ocr_line' id='line_1_109' title="bbox 2059 4804 3652 4879; baseline -0.004 -15"><span class='ocrx_word' id='word_1_746' title='bbox 2059 4813 2231 4867; x_wconf 87' lang='lat' dir='ltr'><strong>vicum</strong></span> <span class='ocrx_word' id='word_1_747' title='bbox 2263 4810 2491 4879; x_wconf 90' lang='lat' dir='ltr'><strong>Drepani</strong></span> <span class='ocrx_word' id='word_1_748' title='bbox 2524 4810 2775 4878; x_wconf 61' lang='lat' dir='ltr'><strong>princeps</strong></span> <span class='ocrx_word' id='word_1_749' title='bbox 2801 4808 3078 4862; x_wconf 80' lang='lat' dir='ltr'><strong>civitatem</strong></span> <span class='ocrx_word' id='word_1_750' title='bbox 3100 4807 3299 4861; x_wconf 73' lang='lat' dir='ltr'><strong>dicavit</strong></span> <span class='ocrx_word' id='word_1_751' title='bbox 3338 4804 3652 4876; x_wconf 65' lang='lat' dir='ltr'><strong>llelenepo-</strong></span> 
     </span>
    </p>
   </div>
   <div class='ocr_carea' id='block_1_110' title="bbox 2054 4896 3653 4969">
    <p class='ocr_par' dir='ltr' id='par_1_110' title="bbox 2054 4896 3653 4969">
     <span class='ocr_line' id='line_1_110' title="bbox 2054 4896 3653 4969; baseline -0.003 -12"><span class='ocrx_word' id='word_1_752' title='bbox 2054 4903 2176 4966; x_wconf 89' lang='lat' dir='ltr'><strong>lim,</strong></span> <span class='ocrx_word' id='word_1_753' title='bbox 2205 4900 2480 4954; x_wconf 90' lang='lat' dir='ltr'><strong>admonita</strong></span> <span class='ocrx_word' id='word_1_754' title='bbox 2519 4914 2616 4969; x_wconf 89' lang='lat' dir='ltr'><strong>per</strong></span> <span class='ocrx_word' id='word_1_755' title='bbox 2651 4914 2897 4954; x_wconf 91' lang='lat' dir='ltr'><strong>somnum</strong></span> <span class='ocrx_word' id='word_1_756' title='bbox 2928 4897 2994 4952; x_wconf 88' lang='lat' dir='ltr'><strong>ad</strong></span> <span class='ocrx_word' id='word_1_757' title='bbox 3021 4896 3411 4969; x_wconf 78' lang='lat' dir='ltr'><strong>Jerosolymam</strong></span> <span class='ocrx_word' id='word_1_758' title='bbox 3450 4913 3653 4969; x_wconf 67' lang='lat' dir='ltr'><strong>prope-</strong></span> 
     </span>
    </p>
   </div>
   <div class='ocr_carea' id='block_1_111' title="bbox 2054 4991 3654 5063">
    <p class='ocr_par' dir='ltr' id='par_1_111' title="bbox 2054 4991 3654 5063">
     <span class='ocr_line' id='line_1_111' title="bbox 2054 4991 3654 5063; baseline -0.007 -11"><span class='ocrx_word' id='word_1_759' title='bbox 2054 4997 2223 5062; x_wconf 90' lang='lat' dir='ltr'><strong>ravit;</strong></span> <span class='ocrx_word' id='word_1_760' title='bbox 2267 5005 2322 5051; x_wconf 90' lang='lat' dir='ltr'><strong>et</strong></span> <span class='ocrx_word' id='word_1_761' title='bbox 2349 4992 2620 5063; x_wconf 90' lang='lat' dir='ltr'><strong>quondam</strong></span> <span class='ocrx_word' id='word_1_762' title='bbox 2662 4991 2960 5047; x_wconf 84' lang='lat' dir='ltr'><strong>Jerusalem</strong></span> <span class='ocrx_word' id='word_1_763' title='bbox 2992 4992 3260 5046; x_wconf 86' lang='lat' dir='ltr'><strong>desertam</strong></span> <span class='ocrx_word' id='word_1_764' title='bbox 3287 4991 3427 5045; x_wconf 88' lang='lat' dir='ltr'><strong>sicut</strong></span> <span class='ocrx_word' id='word_1_765' title='bbox 3456 5005 3654 5060; x_wconf 83' lang='lat' dir='ltr'><strong>pomo-</strong></span> 
     </span>
    </p>
   </div>
   <div class='ocr_carea' id='block_1_112' title="bbox 2054 5080 3651 5151">
    <p class='ocr_par' dir='ltr' id='par_1_112' title="bbox 2054 5080 3651 5151">
     <span class='ocr_line' id='line_1_112' title="bbox 2054 5080 3651 5151; baseline -0.006 -8"><span class='ocrx_word' id='word_1_766' title='bbox 2054 5103 2172 5143; x_wconf 86' lang='lat' dir='ltr'><strong>rum</strong></span> <span class='ocrx_word' id='word_1_767' title='bbox 2221 5084 2601 5142; x_wconf 90' lang='lat' dir='ltr'><strong>custodiarium</strong></span> <span class='ocrx_word' id='word_1_768' title='bbox 2650 5082 2926 5137; x_wconf 86' lang='lat' dir='ltr'><strong>inveniens</strong></span> <span class='ocrx_word' id='word_1_769' title='bbox 2951 5121 2966 5145; x_wconf 88' lang='lat'><strong>,</strong></span> <span class='ocrx_word' id='word_1_770' title='bbox 3014 5080 3294 5151; x_wconf 85' lang='lat' dir='ltr'><strong>requisivit</strong></span> <span class='ocrx_word' id='word_1_771' title='bbox 3336 5080 3651 5149; x_wconf 83' lang='lat' dir='ltr'><strong>sepulcrum</strong></span> 
     </span>
    </p>
   </div>
   <div class='ocr_carea' id='block_1_113' title="bbox 2053 5171 3649 5246">
    <p class='ocr_par' dir='ltr' id='par_1_113' title="bbox 2053 5171 3649 5246">
     <span class='ocr_line' id='line_1_113' title="bbox 2053 5171 3649 5246; baseline -0.006 -11"><span class='ocrx_word' id='word_1_772' title='bbox 2053 5180 2275 5235; x_wconf 81' lang='lat' dir='ltr'><strong>Christi.</strong></span> <span class='ocrx_word' id='word_1_773' title='bbox 2317 5178 2471 5246; x_wconf 87' lang='lat' dir='ltr'><strong>Quod</strong></span> <span class='ocrx_word' id='word_1_774' title='bbox 2501 5178 2624 5232; x_wconf 89' lang='lat' dir='ltr'><strong>licet</strong></span> <span class='ocrx_word' id='word_1_775' title='bbox 2665 5175 3007 5237; x_wconf 76' lang='lat' dir='ltr'><strong>difﬁcillime,</strong></span> <span class='ocrx_word' id='word_1_776' title='bbox 3051 5183 3230 5229; x_wconf 86' lang='lat' dir='ltr'><strong>tamen</strong></span> <span class='ocrx_word' id='word_1_777' title='bbox 3263 5172 3467 5227; x_wconf 84' lang='lat' dir='ltr'><strong>invenit</strong></span> <span class='ocrx_word' id='word_1_778' title='bbox 3517 5171 3649 5241; x_wconf 79' lang='lat' dir='ltr'><strong>(Au.</strong></span> 
     </span>
    </p>
   </div>
   <div class='ocr_carea' id='block_1_114' title="bbox 2060 5267 3654 5341">
    <p class='ocr_par' dir='ltr' id='par_1_114' title="bbox 2060 5267 3654 5341">
     <span class='ocr_line' id='line_1_114' title="bbox 2060 5267 3654 5341; baseline -0.004 -15"><span class='ocrx_word' id='word_1_779' title='bbox 2060 5274 2211 5329; x_wconf 88' lang='lat' dir='ltr'><strong>Dom.</strong></span> <span class='ocrx_word' id='word_1_780' title='bbox 2242 5271 2389 5341; x_wconf 67' lang='lat'><strong>525).</strong></span> <span class='ocrx_word' id='word_1_781' title='bbox 2421 5271 2608 5340; x_wconf 91' lang='lat' dir='ltr'><strong>Itaque</strong></span> <span class='ocrx_word' id='word_1_782' title='bbox 2636 5279 2857 5339; x_wconf 86' lang='lat' dir='ltr'><strong>repente</strong></span> <span class='ocrx_word' id='word_1_783' title='bbox 2885 5270 3142 5339; x_wconf 89' lang='lat' dir='ltr'><strong>templum</strong></span> <span class='ocrx_word' id='word_1_784' title='bbox 3174 5268 3301 5323; x_wconf 89' lang='lat' dir='ltr'><strong>illud</strong></span> <span class='ocrx_word' id='word_1_785' title='bbox 3329 5267 3654 5323; x_wconf 80' lang='lat' dir='ltr'><strong>scelestissi-</strong></span> 
     </span>
    </p>
   </div>
   <div class='ocr_carea' id='block_1_115' title="bbox 2058 5360 3656 5431">
    <p class='ocr_par' dir='ltr' id='par_1_115' title="bbox 2058 5360 3656 5431">
     <span class='ocr_line' id='line_1_115' title="bbox 2058 5360 3656 5431; baseline -0.003 -14"><span class='ocrx_word' id='word_1_786' title='bbox 2058 5380 2202 5418; x_wconf 92' lang='lat' dir='ltr'><strong>mum</strong></span> <span class='ocrx_word' id='word_1_787' title='bbox 2242 5363 2398 5431; x_wconf 88' lang='lat' dir='ltr'><strong>dejici</strong></span> <span class='ocrx_word' id='word_1_788' title='bbox 2435 5362 2613 5431; x_wconf 91' lang='lat' dir='ltr'><strong>jussit.</strong></span> <span class='ocrx_word' id='word_1_789' title='bbox 2667 5360 2734 5415; x_wconf 85' lang='lat' dir='ltr'><strong>Et</strong></span> <span class='ocrx_word' id='word_1_790' title='bbox 2780 5362 2956 5431; x_wconf 86' lang='lat' dir='ltr'><strong>palam</strong></span> <span class='ocrx_word' id='word_1_791' title='bbox 3011 5360 3151 5415; x_wconf 87' lang='lat' dir='ltr'><strong>facto</strong></span> <span class='ocrx_word' id='word_1_792' title='bbox 3196 5360 3404 5414; x_wconf 90' lang='lat' dir='ltr'><strong>Domini</strong></span> <span class='ocrx_word' id='word_1_793' title='bbox 3455 5373 3656 5414; x_wconf 85' lang='lat' dir='ltr'><strong>monu-</strong></span> 
     </span>
    </p>
   </div>
   <div class='ocr_carea' id='block_1_116' title="bbox 2058 5450 3656 5524">
    <p class='ocr_par' dir='ltr' id='par_1_116' title="bbox 2058 5450 3656 5524">
     <span class='ocr_line' id='line_1_116' title="bbox 2058 5450 3656 5524; baseline -0.002 -17"><span class='ocrx_word' id='word_1_794' title='bbox 2058 5462 2258 5516; x_wconf 86' lang='lat' dir='ltr'><strong>mento,</strong></span> <span class='ocrx_word' id='word_1_795' title='bbox 2292 5461 2656 5524; x_wconf 88' lang='lat' dir='ltr'><strong>apparuerunt</strong></span> <span class='ocrx_word' id='word_1_796' title='bbox 2681 5454 2826 5508; x_wconf 88' lang='lat' dir='ltr'><strong>circa</strong></span> <span class='ocrx_word' id='word_1_797' title='bbox 2860 5452 2911 5505; x_wconf 81' lang='lat' dir='ltr'><strong>id</strong></span> <span class='ocrx_word' id='word_1_798' title='bbox 2941 5450 3180 5505; x_wconf 64' lang='lat' dir='ltr'><strong>sulfossa:</strong></span> <span class='ocrx_word' id='word_1_799' title='bbox 3216 5460 3325 5504; x_wconf 89' lang='lat' dir='ltr'><strong>tres</strong></span> <span class='ocrx_word' id='word_1_800' title='bbox 3353 5466 3562 5511; x_wconf 88' lang='lat' dir='ltr'><strong>cruces,</strong></span> <span class='ocrx_word' id='word_1_801' title='bbox 3592 5459 3656 5504; x_wconf 84' lang='lat' dir='ltr'><strong>et</strong></span> 
     </span>
    </p>
   </div>
   <div class='ocr_carea' id='block_1_117' title="bbox 2054 5542 3657 5610">
    <p class='ocr_par' dir='ltr' id='par_1_117' title="bbox 2054 5542 3657 5610">
     <span class='ocr_line' id='line_1_117' title="bbox 2054 5542 3657 5610; baseline -0.004 -8"><span class='ocrx_word' id='word_1_802' title='bbox 2054 5547 2211 5610; x_wconf 89' lang='lat' dir='ltr'><strong>clavi,</strong></span> <span class='ocrx_word' id='word_1_803' title='bbox 2243 5547 2401 5601; x_wconf 89' lang='lat' dir='ltr'><strong>simul</strong></span> <span class='ocrx_word' id='word_1_804' title='bbox 2430 5555 2484 5601; x_wconf 92' lang='lat' dir='ltr'><strong>et</strong></span> <span class='ocrx_word' id='word_1_805' title='bbox 2511 5546 2694 5601; x_wconf 87' lang='lat' dir='ltr'><strong>titulus</strong></span> <span class='ocrx_word' id='word_1_806' title='bbox 2726 5545 2917 5600; x_wconf 87' lang='lat' dir='ltr'><strong>litteris</strong></span> <span class='ocrx_word' id='word_1_807' title='bbox 2945 5544 3238 5607; x_wconf 80' lang='lat' dir='ltr'><strong>Hebraicis,</strong></span> <span class='ocrx_word' id='word_1_808' title='bbox 3270 5542 3474 5598; x_wconf 71' lang='lat' dir='ltr'><strong>Gnecis</strong></span> <span class='ocrx_word' id='word_1_809' title='bbox 3501 5542 3657 5596; x_wconf 80' lang='lat' dir='ltr'><strong>Lati-</strong></span> 
     </span>
    </p>
   </div>
   <div class='ocr_carea' id='block_1_118' title="bbox 2056 5638 3653 5709">
    <p class='ocr_par' dir='ltr' id='par_1_118' title="bbox 2056 5638 3653 5709">
     <span class='ocr_line' id='line_1_118' title="bbox 2056 5638 3653 5709; baseline -0.001 -17"><span class='ocrx_word' id='word_1_810' title='bbox 2056 5638 2245 5706; x_wconf 87' lang='lat' dir='ltr'><strong>nisque</strong></span> <span class='ocrx_word' id='word_1_811' title='bbox 2280 5638 2617 5709; x_wconf 91' lang='lat' dir='ltr'><strong>conscriptus</strong></span> <span class='ocrx_word' id='word_1_812' title='bbox 2644 5656 2656 5691; x_wconf 93' lang='lat'>:</span> <span class='ocrx_word' id='word_1_813' title='bbox 2685 5654 2835 5693; x_wconf 63' lang='lat' dir='ltr'><strong>assos</strong></span> <span class='ocrx_word' id='word_1_814' title='bbox 2866 5652 3171 5693; x_wconf 65' lang='lat' dir='ltr'><strong>usususus</strong></span> <span class='ocrx_word' id='word_1_815' title='bbox 3199 5652 3301 5691; x_wconf 77' lang='lat' dir='ltr'><strong>nsx</strong></span> <span class='ocrx_word' id='word_1_816' title='bbox 3329 5650 3653 5691; x_wconf 56' lang='lat' dir='ltr'><strong>mamonae.</strong></span> 
     </span>
    </p>
   </div>
   <div class='ocr_carea' id='block_1_119' title="bbox 2054 5728 3654 5803">
    <p class='ocr_par' dir='ltr' id='par_1_119' title="bbox 2054 5728 3654 5803">
     <span class='ocr_line' id='line_1_119' title="bbox 2054 5728 3654 5803; baseline -0.005 -16"><span class='ocrx_word' id='word_1_817' title='bbox 2054 5731 2362 5796; x_wconf 69' lang='lat' dir='ltr'><strong>Socnnss,</strong></span> <span class='ocrx_word' id='word_1_818' title='bbox 2393 5731 2483 5786; x_wconf 86' lang='lat' dir='ltr'><strong>lib.</strong></span> <span class='ocrx_word' id='word_1_819' title='bbox 2530 5748 2581 5800; x_wconf 83' lang='grc' dir='ltr'><strong>ι,</strong></span> <span class='ocrx_word' id='word_1_820' title='bbox 2613 5749 2729 5803; x_wconf 84' lang='lat' dir='ltr'><strong>cap.</strong></span> <span class='ocrx_word' id='word_1_821' title='bbox 2760 5732 2847 5786; x_wconf 81' lang='lat' dir='ltr'><strong>I5.</strong></span> <span class='ocrx_word' id='word_1_822' title='bbox 2890 5730 3034 5786; x_wconf 83' lang='lat' dir='ltr'><strong>Edit.</strong></span> <span class='ocrx_word' id='word_1_823' title='bbox 3077 5730 3266 5785; x_wconf 73' lang='lat' dir='ltr'><strong>Christ.</strong></span> <span class='ocrx_word' id='word_1_824' title='bbox 3317 5728 3486 5782; x_wconf 72' lang='lat' dir='ltr'><strong>Vales.</strong></span> <span class='ocrx_word' id='word_1_825' title='bbox 3526 5744 3654 5779; x_wconf 72' lang='lat' dir='ltr'><strong>can.</strong></span> 
     </span>
    </p>
   </div>
   <div class='ocr_carea' id='block_1_120' title="bbox 2062 5822 2348 5894">
    <p class='ocr_par' dir='ltr' id='par_1_120' title="bbox 2062 5822 2348 5894">
     <span class='ocr_line' id='line_1_120' title="bbox 2062 5822 2348 5894; baseline 0.01 -17"><span class='ocrx_word' id='word_1_826' title='bbox 2062 5824 2144 5890; x_wconf 83' lang='lat' dir='ltr'><strong>l7,</strong></span> <span class='ocrx_word' id='word_1_827' title='bbox 2177 5840 2226 5894; x_wconf 83' lang='lat' dir='ltr'><strong>p.</strong></span> <span class='ocrx_word' id='word_1_828' title='bbox 2262 5822 2348 5880; x_wconf 63' lang='grc'><strong>6-4.</strong></span> 
     </span>
    </p>
   </div>
  </div>
