3990 6170
333 218 428 287 9.3.7
1076 218 1079 221 λ
1420 232 1745 293 HISTORIA
1781 234 2225 296 TBIPARTITA.
2266 238 2468 298 LlBER
2503 240 2569 329 ll.
2635 276 2645 283 -

3533 241 3664 335 ea.

413 342 615 417 Dicitur
654 350 834 399 autem
876 345 1002 416 quia
1057 346 1221 403 etiam
1276 355 1525 405 mortuus
1560 337 1753 405 crucis"
1779 355 1928 404 tactu

2045 339 2439 411 Ddiﬂcabantur
2458 333 2727 413 ecclesia.
2751 355 3055 425 8020mm,
3076 355 3167 416 tib,
3194 372 3250 423 ιι,
3269 373 3384 428 cap.
3409 356 3476 426 2;
3505 359 3636 415 odit.

336 437 654 491 surrexerit.
684 434 762 492 De
790 436 895 493 hoc
925 438 1069 508 ligno
1095 439 1288 512 sibylla
1317 440 1455 497 dixit
1482 440 1626 513 apud
1654 446 1934 513 paganos:

465 533 507 583 0
531 541 609 583 ter
632 533 834 584 beatum
861 535 1239 601 lignnm'inquo
1258 538 1394 590 Deus
1410 546 1650 591 extensus
1674 547 1750 588 est
1773 540 1787 590 ε
1820 538 1823 541 ’

338 612 493 697 Tune
528 627 660 685 ergo
696 630 817 685 qua:
857 632 990 673 crux
1029 626 1178 675 esset
1211 620 1455 690 Domini,
1486 635 1607 692 qua:
1646 622 1936 690 latronum,

339 706 586 763 dubitare
613 717 915 778 coeperunt.
945 704 1178 771 Proinde
1205 710 1501 780 macarius,
1541 713 1776 768 civitatis
1804 718 1940 783 prae;

341 796 456 864 sul,
486 796 791 866 huiusmodi
823 800 1489 858 tractatti‘dubitationemv
1506 802 1689 859 solvit.
1729 802 1939 859 Mulieri

342 898 573 959 namque
611 890 894 985 nobilitate
921 892 1102 963 elatae,
1142 893 1646 965 longa'iegritudine
1684 896 1936 966 fatigatae,

341 995 509 1036 unam
550 980 1051 1038 illart‘tm‘crucium‘
1087 999 1208 1040 cum
1244 985 1502 1041 oratione
1538 987 1940 1056 promptissima

342 1069 641 1136 adhibens,
674 1070 926 1126 virtutem
955 1068 1252 1147 salvatoris
1276 1074 1514 1144 agnovit.
1554 1074 1677 1131 Mox
1708 1076 1849 1131 enim
1881 1086 1941 1131 ut

344 1154 627 1223 mulierem
656 1177 786 1217 crux
817 1164 1011 1233 attigit,
1045 1166 1686 1235 passionem‘sazvissimae
1723 1160 1940 1238 agritu-

339 1251 483 1308 dinis
504 1251 778 1324 efl‘ugavit,
805 1262 859 1310 et
882 1247 1093 1323 femina:
1107 1258 1347 1314 salutem
1368 1258 1623 1315 restituit.
1642 1258 1936 1326 Senonem,

339 1342 431 1423 lib-
463 1358 519 1409 η,
542 1350 672 1415 ἐαρὲ
706 1344 730 1398 1
761 1347 931 1412 redit.
964 1346 1155 1406 Christ.
1322 1360 1331 1365 ·
1661 1365 1668 1372 ·
1733 1351 1756 1373 ιο

411 1435 505 1493 Sic
533 1436 716 1506 itaque
745 1445 920 1492 mater
945 1437 1289 1509 imperatoris
1317 1439 1462 1511 quod
1491 1440 1742 1512 capiebat
1766 1458 1937 1511 agno-

339 1536 519 1590 scens,
541 1525 610 1582 de
638 1526 804 1582 clavis
823 1528 1040 1597 quidem
1068 1530 1263 1603 quibus
1289 1544 1479 1587 manus
1501 1530 1704 1599 Christi
1728 1531 1942 1593 [nerant

340 1614 648 1691 perforata),
680 1620 818 1676 alios
845 1620 901 1676 in
918 1620 1135 1697 ‘galeam
1165 1622 1390 1695 immisit
1417 1625 1759 1694 imperaturis
1794 1644 1807 1679 :
1844 1625 1939 1681 lilii

2044 443 2240 501 Christ.
2282 445 2459 503 Vales.
2487 464 2604 517 cap.
2636 440 2933 519 δέ”ρζιὲιί
3561 462 3565 468 ·

2630 524 3041 641 οΑῐίυτἫχ.

2045 653 2260 726 ὓεΑΙοίιο
2286 654 2372 710 ubi
2411 654 2562 710 Vesta
2599 655 2721 709 olim
2760 640 3040 715 cbl’éba'tur.
3086 665 3135 709 et
3173 673 3308 710 mmc
3336 658 3636 726 archangeli

2068 736 2071 739 '
2113 724 2328 799 basilica
2375 735 2482 799 stat
2502 748 2529 789 δ.
2550 727 2693 780 et‘dc
2719 726 2984 780 miraculis
3026 742 3141 797 quin
3184 728 3293 782 illic
3322 743 3416 799 pro
3444 718 3639 785 Christi

2112 797 2321 851 nomine
2347 796 2692 852 celebrantur.
2783 823 2797 837 -ο

2112 888 2340 959 Insignis
2368 889 2548 959 itaque
2579 888 2728 945 locus
2758 904 2826 944 ex
2857 889 2950 945 illo
2983 898 3224 968 tempore
3248 891 3446 966 claruit
3475 909 3653 963 pet-er

2039 981 2209 1050 grinis
2240 989 2303 1035 et
2338 975 2570 1058 urbicis,
2598 980 2689 1036 ubi
2718 980 2848 1039 olim
2886 980 3100 1050 quidem
3143 972 3306 1059 Vesta
3332 983 3637 1055 colebatur,

2039 1080 2228 1144 postea
2248 1087 2378 1129 vero
2393 1072 2628 1130 ecclesia
2652 1070 2789 1128 facta
2811 1079 2895 1130 eat
2909 1090 2925 1140 ;
2939 1073 3045 1143 'qui
3068 1073 3225 1129 locus
3238 1090 3383 1146 nunc
3403 1070 3638 1132 Michae-

2040 1164 2170 1231 lium
2204 1172 2567 1234 nuncupatur,
2599 1164 3151 1239 in'destera‘positus
3183 1155 3338 1237 parte
3368 1166 3635 1238 navigan-

2041 1257 2174 1314 tium
2211 1273 2243 1313 a
2283 1256 2458 1314 Ponto
2486 1257 2577 1314 ‘ad’
2607 1254 3172 1339 Constantinopolim,
3202 1261 3424 1329 "distans
3459 1263 3529 1317 ab
3570 1279 3634 1318 ea

2040 1351 2255 1423 navigio
2283 1351 2715 1422 q'uidem'stadiis
2738 1350 2852 1409 t‘cre
2881 1353 3102 1423 triginta
3136 1362 3195 1410 et
3226 1356 3463 1424 quinque
3490 1374 3504 1421 ;
3537 1372 3634 1428 per

2040 1449 2239 1498 terram
2268 1458 2399 1499 vero
2427 1444 2882 1500 circumeuntibus
2909 1438 3126 1501 omnem
3159 1445 3334 1499 sinum
3371 1462 3537 1515 usque
3567 1448 3632 1502 ad

2038 1534 2377 1606 septuaginta
2401 1540 2458 1589 et
2479 1534 2710 1605 amplius
2739 1535 2997 1590 tenditur.
3024 1535 3260 1591 Sortitus
3289 1544 3372 1593 est
3402 1537 3563 1607 igitur
3592 1539 3637 1593 is

2041 1625 2193 1682 locus
2228 1625 2646 1697 appellationem
2685 1642 2829 1682 ntme
2860 1640 3032 1696 usque
3071 1636 3362 1692 servatam,
3397 1640 3465 1683 eo
3489 1631 3633 1697 quod

343 1713 536 1784 capitis
560 1714 953 1784 providentiam
976 1730 1189 1785 gerens.
1219 1714 1480 1785 ut‘jacula
1502 1716 1688 1773 bellica
1716 1719 1939 1773 submo-
1972 1734 2020 1794 Β
2047 1718 2159 1774 illic
2207 1717 2493 1787 manifeste
2548 1719 2790 1774 cernitur
2839 1730 3103 1790 apparere
3149 1714 3377 1777 Michel
3423 1720 3636 1775 divinus

342 1812 528 1873 veret;
575 1805 710 1883 alios
750 1805 904 1863 freno
944 1799 1145 1876 equino
1180 1808 1532 1878 permiscuit,
1571 1817 1626 1864 et
1663 1812 1933 1867 cautelam

344 1897 684 1967 imperatoris
706 1906 971 1968 agens,‘et
988 1906 1229 1956 veterem
1249 1900 1587 1971 prophetiam
1612 1901 1930 1972 adimplens.

341 1985 482 2047 Olim
522 1989 667 2044 enim
713 1988 1001 2046 Zacharias
1048 1990 1378 2048 clamaverat
1414 1993 1710 2064 propheta,
1750 1995 1938 2051 dicens

342 2078 498 2150 (Cap.
524 2096 635 2146 xxv,
661 2078 753 2152 20)
781 2098 795 2134 :
823 2078 1015 2136 Etcrit
1042 2083 1177 2155 quod
1205 2082 1263 2137 in
1293 2084 1443 2155 freno
1468 2090 1545 2138 ctu
1566 2093 1802 2160 sanctum
1829 2084 1939 2141 Do.

341 2173 484 2257 utine
509 2174 866 2243 omnipotenti.
907 2172 1171 2257 Salqtaris
1201 2189 1333 2232 vero
1361 2176 1539 2233 crucis
1579 2184 1785 2247 partem
1819 2178 1941 2248 qui-

341 2254 463 2316 dem
485 2262 719 2333 aliquam
740 2264 1010 2344 regalibus
1020 2254 1321 2322 distribuit.
1342 2265 1760 2331 Tuaonone'rus,
1785 2268 1873 2322 tib.
1899 2284 1936 2335 I,

343 2374 464 2443 cap.
494 2357 584 2426 18,
612 2377 665 2431 p.
696 2358 787 2416 48.
918 2363 926 2371 ’
1438 2362 1466 2380 ’λ
1516 2374 1519 2377 ’
1654 2367 1671 2377 ”

354 2451 361 2458 ’
414 2450 589 2518 Quam
617 2451 1008 2511 Constantinus
1036 2456 1368 2527 suscipiens,
1401 2466 1456 2516 et
1480 2459 1711 2519 credens
1739 2460 1939 2516 salvari

330 2530 617 2619 civitatem
641 2545 728 2600 ubi
762 2547 874 2601 tunc
897 2544 1507 2617 particula‘servaretur,
1531 2552 1582 2607 i‘n
1607 2566 1703 2607 sua
1736 2562 1935 2622 statua,

342 2634 485 2690 sicut
513 2634 703 2702 fertur,
734 2638 788 2692 in
816 2638 932 2695 foro
958 2630 1298 2698 Constantini
1328 2644 1503 2713 posita
1540 2653 1703 2716 super
1730 2646 1940 2702 colum-

343 2731 475 2783 nam‘
490 2726 928 2799 porphyreticam
951 2727 1146 2786 devote
1168 2731 1430 2788 condidit.
1456 2732 1755 2801 Somnus,
1779 2736 1868 2791 tib.
1896 2753 1933 2805 I,

340 2811 458 2886 cap.
493 2808 587 2885 i3;
616 2821 741 2875 edit.
767 2818 961 2877 Christ.
1001 2821 1176 2886 Vales.
1207 2840 1323 2894 cap.
1358 2824 1445 2890 i7,
1476 2824 1631 2897 p.47
1900 2836 1903 2843 '

352 2913 360 2923 ‘
411 2910 699 2985 Reliquam
729 2924 859 2971 vero
891 2920 1098 2987 partem
1130 2918 1185 2979 in
1220 2927 1475 2988 argentea
1507 2920 1663 2977 theca
1697 2923 1934 2980 clausam

342 3005 577 3085 civitatis
603 3007 819 3062 tradidit
842 3008 1130 3065 sacerdoti.
1154 3008 1222 3065 Et
1240 3012 1476 3083 undique
1495 3027 1828 3085 congregans
1848 3031 1938 3070 ar-

341 3082 535 3163 tiﬁces,
556 3099 820 3154 maximas
848 3099 956 3157 illic
985 3112 1314 3173 ornatasque
1344 3082 1629 3162 aedificavit
1658 3082 1933 3167 ecclesias.
1963 3117 2005 3177 C

342 3187 436 3253 llis
464 3189 536 3244 ita
562 3176 758 3257 gestis,
788 3193 1039 3248 convivio
1073 3194 1316 3250 exhibito
1344 3196 1638 3266 virginibus
1665 3199 1849 3265 sacris,
1882 3208 1940 3254 et

342 3281 455 3352 ipsa
483 3281 836 3339 ministerium
867 3285 1076 3340 ancillae
1113 3299 1337 3355 gerens,
1370 3289 1936 3360 ultra‘ociogesimnm

349 3380 551 3429 animm
593 3378 768 3431 atatis
793 3390 978 3445 agens.
1008 3387 1065 3434 e‘t
1094 3378 1174 3437 his
1210 3380 1403 3456 similia
1434 3382 1632 3438 faciens
1674 3385 1834 3439 reliit
1872 3384 1939 3440 ad

346 3465 536 3541 illium.
575 3464 643 3529 Et.
670 3482 792 3521 cum
818 3468 1002 3523 laetitia
1035 3471 1286 3525 transiv‘it
1318 3486 1350 3526 e
1380 3466 1601 3542 seculo,
1630 3474 1796 3528 multa
1831 3474 1940 3532 lilio

344 3557 569 3637 pietatis
601 3558 855 3619 mandata
877 3561 1247 3639 commlttens,
1270 3563 1578 3620 novissimis
1606 3565 1941 3623 benedictio-

344 3648 848 3721 nihus’aditnpleto.
880 3650 1298 3718 Tnsonone'rus,
1323 3655 1413 3710 lib.
1444 3673 1481 3721 ι,
1512 3674 1629 3729 cap.
1659 3657 1747 3722 18,
1768 3678 1820 3731 ρ.
1846 3660 1939 3718 48.

367 3775 376 3783 .
418 3736 549 3794 Post
573 3740 693 3795 haec
720 3741 881 3809 igitur
906 3740 1204 3813 imperator
1229 3756 1415 3800 curam
1448 3748 1734 3802 maximam
1768 3746 1939 3807 Chri-

343 3830 642 3886 stianorum
672 3832 895 3899 habens,
920 3848 1250 3904 paganorum
1278 3840 1692 3908 superstitiones
1720 3854 1939 3899 aversa-

346 3918 509 3976 batur
538 3938 552 3987 ;
580 3923 936 3993 'removitque
959 3928 1402 3996 'monomaebias,
1433 3941 1489 3986 et
1524 3949 1650 3990 suas
1685 3936 1941 4007 imagines

345 4013 400 4067 in
422 4014 636 4083 templis
659 4016 786 4085 poni
806 4019 1095 4089 praecepit;
1124 4028 1180 4076 et
1202 4023 1440 4078 cubitum
1470 4041 1578 4095 quo
1599 4042 1942 4085 mensuratur

345 4101 516 4166 Nilus,
549 4120 656 4159 non
685 4098 805 4174 jam'
831 4109 883 4161 in
915 4109 1175 4179 templum
1207 4110 1479 4184 Serapidis
1504 4118 1660 4174 annis
1688 4121 1937 4189 singulis,

343 4194 443 4251 sed
481 4197 532 4252 in
567 4199 853 4269 ecclesiam
891 4203 1098 4272 portari
1128 4205 1380 4262 sancivit.
1421 4195 1736 4279 Socn‘nss,
1766 4214 1856 4267 tib.
1889 4231 1937 4277 t,

343 4300 465 4355 cap.
493 4285 594 4353 ﬂ;
632 4288 757 4343 edit.
792 4290 985 4346 Christ.
1029 4292 1204 4348 Vales.
1240 4308 1357 4366 cap.
1391 4297 1479 4361 18,
1510 4308 1564 4370 p.
1595 4299 1686 4355 48.

415 4376 476 4432 ln
497 4379 746 4434 omnibus
771 4380 951 4451 itaque
974 4382 1162 4440 volens
1188 4386 1417 4443 similem
1446 4394 1732 4447 monstrari
1759 4393 1941 4450 Roma:

344 4465 903 4539 Constantindpolim,
933 4471 1231 4531 frustratus
1244 4492 1350 4533 non
1381 4486 1483 4535 est.
1514 4479 1648 4536 Nam
1673 4491 1728 4537 et
1748 4486 1936 4556 carpo-

2045 4477 2154 4517 53m

2017 4554 2411 4610 ~enim‘dudum
2432 4568 2671 4626 paganus
2691 4562 2854 4620 esset,
2880 4555 3049 4611 factus
3071 4565 3259 4626 postea
3280 4558 3636 4627 Christianus,

344 4558 495 4643 ribus
523 4567 580 4614 et
609 4559 811 4617 divitiis
844 4562 1019 4633 major
1048 4564 1237 4653 effect;
1274 4580 1378 4624 ρει.
1410 4569 1563 4638 Quod
1592 4573 1717 4630 ideo
1745 4592 1939 4648 prove-

346 4651 496 4707 nisse
524 4653 689 4708 credo
717 4664 942 4725 propter
967 4651 1209 4715 amorem
1236 4660 1351 4730 Dei,
1376 4678 1534 4733 quem
1562 4666 1761 4723 civitas
1777 4671 1937 4740 gerit,

346 4751 405 4799 et
431 4744 799 4800 habitatorum
825 4747 968 4801 circa
998 4749 1307 4819 indigentes
1326 4755 1604 4811 auxilium.
1637 4756 1693 4812 lu
1727 4767 1937 4814 tantum

346 4849 582 4906 namque
617 4836 748 4893 lides
781 4840 970 4904 crevit,
1009 4848 1067 4894 ut
1102 4836 1496 4914 mulii'quidem
1528 4846 1832 4907 Iudaeorum
1857 4853 1938 4908 ci-

345 4923 515 4987 vium,
543 4927 735 4995 pagani
767 4942 894 4983 vero
918 4943 1058 4997 pene
1078 4938 1269 4988 omnes
1287 4932 1648 4993 Christianam
1674 4939 1787 4997 illic
1803 4952 1937 4996 con-

345 5020 692 5068 verterentur
730 5015 796 5068 ad
840 5016 1019 5071 tidem.
1070 5017 1127 5073 In
1157 5034 1262 5089 qua
1293 5023 1442 5088 urbe,
1478 5036 1756 5083 crescente
1798 5036 1935 5085 tem—

343 5118 511 5175 pore,
548 5105 739 5175 religio
777 5108 1021 5164 noscitur
1054 5112 1349 5181 ampliata;
1397 5131 1572 5186 neque
1600 5133 1725 5184 arm,
1763 5136 1936 5192 neque

346 5200 555 5267 pagana
585 5198 789 5268 templa
815 5241 831 5267 ,
875 5208 971 5269 aut
1009 5204 1273 5261 sacriﬁcia
1314 5207 1455 5264 facta
1495 5219 1654 5275 sunt,
1699 5213 1799 5269 ni:~i
1838 5216 1939 5271 sub

341 5285 564 5355 Juliano
589 5290 737 5346 brevi
770 5298 1049 5363 tempore;
1090 5297 1233 5366 quod
1273 5313 1401 5355 mox
1438 5302 1698 5372 probatur
1736 5307 1938 5363 exstin-

345 5387 518 5434 ctum.
565 5377 716 5437 lianc
746 5381 911 5451 igitur
938 5393 1194 5455 tanquam
1223 5403 1397 5461 nuper
1433 5392 1706 5451 conditam
1741 5396 1939 5455 Christi

347 5470 626 5525 Civitatem
646 5470 1028 5531 Constantinus
1052 5492 1151 5531 suo
1171 5480 1387 5536 nomine
1407 5481 1710 5537 dedicavit:
1741 5480 1926 5537 multis

349 5573 474 5616 tam
502 5574 557 5616 et
584 5564 793 5632 magnis
812 5579 1082 5623 exornans
1110 5568 1371 5626 ecclesiis.
1411 5569 1747 5643 Juvahatque
1782 5572 1928 5627 Divi-

350 5648 494 5705 nitas
519 5650 859 5722 imperatoris
884 5664 1029 5722 vota,
1055 5667 1110 5713 et
1137 5660 1563 5729 apparitionibus
1583 5663 1768 5718 multis
1789 5664 1928 5720 indi-

354 5737 581 5796 Cabatur
629 5742 756 5812 quia
795 5755 995 5800 sancta:
1032 5749 1398 5822 salutaresque
1445 5761 1629 5809 essent
1656 5769 1775 5823 qua:
1818 5754 1926 5812 illic

634 5834 902 5925 Parnm.
952 5839 1150 5903 LXIX

2044 1808 2630 1880 archangelusu'quod
2671 1809 2836 1865 etiam
2877 1807 3164 1880 egoiustus
3192 1811 3405 1867 eximie
3447 1827 3635 1867 verum

2044 1899 2203 1971 233
2220 1913 2341 1954 esse
2360 1898 2646 1955 conﬁrmo.
2668 1897 2917 1959 Ostendit
2937 1900 3097 1968 igitur
3115 1900 3221 1956 hoc
3241 1901 3315 1955 ita
3333 1915 3452 1957 esse
3472 1910 3528 1956 et
3549 1917 3634 1955 am

2043 1991 2226 2045 multis
2253 1990 2373 2045 aliis
2402 1985 2570 2047 virtus
2590 1989 2778 2045 ‘divina
2807 2003 2905 2061 per
2931 1991 3165 2061 ipsarum
3197 2006 3383 2046 rerum
3424 1992 3635 2063 asperi.

2041 2089 2243 2139 menta.
2283 2082 2512 2150 Quidam
2539 2083 2687 2142 enim
2717 2083 2770 2138 in
2800 2084 2976 2143 causis
3004 2082 3312 2139 crudelibus
3341 2095 3435 2139 aut
3459 2084 3631 2139 inevi-

2044 2174 2296 2230 tabilibus
2317 2173 2589 2244 periculis,
2616 2172 2705 2228 alii
2727 2187 2859 2229 vero
2882 2172 2935 2228 in
2962 2173 3307 2243 languoribus
3323 2183 3419 2230 aut
3438 2175 3634 2244 ignotis

2042 2263 2382 2333 passionibus
2413 2262 2732 2328 incidentes,
2765 2262 2852 2319 hic
2871 2271 3093 2320 orantes
3113 2262 3180 2318 ad
3204 2263 3403 2328 Deum,
3419 2265 3633 2327 liberati

2042 2362 2482 2425 promet-uerunt.
2530 2352 2639 2411 Sed
2686 2368 2808 2425 qua:
2851 2355 3076 2424 singulis
3115 2355 3480 2426 et‘quomodo
3524 2357 3634 2414 illic

2042 2447 2299 2503 miracula
2325 2446 2667 2517 contigerint,
2697 2462 2919 2504 narrare
2953 2446 3169 2516 longum
3202 2457 3304 2504 eat.
3341 2447 3471 2516 Qum
3503 2463 3633 2504 vero

2041 2538 2391 2608 provenerint
2411 2539 2662 2609 Aquilino
2693 2540 3030 2609 nobisnnoto,
3050 2550 3102 2608 et
3126 2542 3180 2596 in
3206 2542 3385 2597 causis
3403 2542 3634 2599 forensi-

2039 2629 2142 2686 bus
2164 2630 2333 2696 socio,
2369 2632 2562 2700 partim
2585 2630 2654 2686 ab
2683 2645 2751 2687 eo
2786 2632 3037 2700 audiens,
3061 2632 3254 2703 partim
3286 2633 3402 2703 ipse
3429 2646 3635 2702 cogno-

2039 2736 2200 2778 scens
2227 2722 2532 2778 necessario
2561 2721 2979 2797 pandam'.“Cum
3008 2736 3133 2779 eum
3162 2711 3533 2780 ardentissima
3556 2725 3635 2780 te-

2040 2814 2152 2870 bris
2172 2814 2348 2870 rubris
2371 2814 2601 2871 choleris
2624 2827 2770 2871 mota
2792 2813 2970 2888 [mss.,
2993 2801 3167 2871 rubris
3182 2816 3462 2873 coloribus
3476 2815 3633 2889 nota]

2040 2906 2562 2978 comprehendisset",
2588 2907 2837 2962 aestuanti
2862 2906 3113 2977 poculum
3137 2906 3398 2962 dederunt
3419 2909 3631 2974 medici,

2039 2998 2185 3068 quod
2213 2997 2481 3064 evomuit;
2522 3013 2906 3069 moxque'cum
2936 2999 3141 3053 vomitu
3167 2997 3372 3054 diil'usaa
3399 3000 3632 3055 cholerae

2039 3089 2379 3161 superficiem
2418 3090 2596 3146 vultus
2638 3089 2755 3161 ejus
2791 3091 2953 3145 simili
2990 3091 3075 3146 sui
3112 3092 3297 3147 colore
3339 3082 3630 3149 tinxerunt.

2043 3181 2402 3249 Quamobrem
2415 3181 2669 3253 quidquid
2692 3180 3005 3239 comederet
3023 3192 3077 3239 et
3100 3182 3308 3239 biberet
3328 3184 3632 3239 evomebat.

2040 3273 2285 3347 Cumque
2314 3275 2419 3329 hoc
2456 3273 2549 3328 diu
2588 3281 2895 3344 pateretur,
2924 3289 3025 3329 nec
3052 3290 3174 3330 esca
3207 3270 3273 3328 a‘d
3310 3274 3632 3333 nutrimenta

2027 3362 2360 3436 proliceret,
2391 3363 2678 3419 hmsitabat
2701 3378 2789 3420 ars
2830 3364 3192 3432 medicorum;
3214 3375 3289 3420 ‘et
3317 3365 3453 3420 dum'
3474 3368 3633 3422 morti

2041 3454 2251 3511 vicinus
2278 3462 2443 3523 esset,
2464 3452 2627 3524 jnsSit
2650 3454 2760 3510 suis
2782 3462 2838 3510 ut
2860 3469 2982 3528 cum
3006 3454 3078 3509 ad
3107 3454 3281 3510 locum
3308 3451 3450 3511 hunc
3470 3455 3633 3511 duce-

2043 3557 2167 3605 rent
2196 3566 2209 3602 :
2241 3547 2468 3605 credens
2492 3556 2585 3603 aut
2605 3545 2733 3603 illic‘
2748 3563 2806 3603 se
2838 3538 2975 3602 mori
3004 3542 3098 3603 a’ut
3125 3538 3384 3617 languore
3413 3536 3631 3619 privari.

2042 3635 2357 3708 Jacentique
2382 3652 2480 3708 per
2500 3646 2714 3693 noctem
2743 3637 2923 3693 divina
2951 3638 3121 3693 virtus
3148 3653 3415 3709 apparens
3436 3632 3634 3709 [iniece-

2044 3731 2122 3802 pit
2153 3738 2212 3786 ut
2237 3729 2495 3801 quidquid
2522 3730 2834 3788 comederet
2856 3772 2870 3797 ,
2917 3729 2971 3786 in
3016 3730 3327 3800 huiusmodi
3360 3730 3635 3803 potionem

2043 3823 2296 3892 lingeret,
2328 3836 2448 3892 qua:
2477 3829 2616 3878 esset
2647 3837 2715 3877 ex
2745 3822 2950 3893 pipere,
2980 3834 3036 3878 et
3061 3824 3206 3890 vino,
3234 3831 3289 3879 et
3314 3823 3473 3879 melle
3500 3838 3636 3879 con-

2043 3913 2203 3969 fecta.
2235 3913 2353 3980 Quo
2379 3911 2543 3981 facto,
2575 3912 2641 3968 ab
2666 3913 2983 3985 aegritudine
3013 3913 3266 3970 liberatus
3293 3921 3409 3979 est;
3439 3916 3635 3986 quippe

2043 4018 2167 4059 cum
2198 4002 2418 4059 medicis
2438 4002 2661 4058 ratione
2693 4002 2976 4059 medicina;
2999 4004 3246 4060 videatur
3272 3994 3395 4062 esse
3420 3994 3636 4061 contra-

2044 4096 2181 4151 rium
2212 4096 2383 4152 calida
2410 4092 2608 4167 pocula‘
2630 4092 2916 4155 chol'ericis
2941 4088 3234 4153 exhibere.”
3367 4098 3391 4115 "
3497 4090 3526 4116 “

2112 4186 2311 4242 tudlvi
2329 4188 2473 4270 enim
2499 4195 2556 4243 et
2575 4186 2909 4267 Probianum'
2924 4189 3093 4243 virum
3123 4182 3182 4242 in‘
3205 4188 3408 4258 palatio
3436 4189 3638 4273 haben-

2044 4288 2154 4336 tem
2170 4276 2428 4337 “militiam
2467 4274 2799 4337 medicorum
2820 4323 2836 4350 ,
2867 4282 3071 4338 crudeli
3113 4281 3358 4353 podagrte
3386 4274 3637 4354 passione

2042 4368 2349 4439 detentum,
2380 4373 2454 4428 ibi
2476 4366 2760 4428 ’dolo'l-ibus
2788 4370 3106 4441 liberatum,
3136 4373 3295 4443 eique
3321 4370 3637 4445 apparuisse

2044 4470 2283 4518 sanctam
2313 4461 2628 4519 mirabiliter
2666 4461 2929 4518 visionem
2959 4462 3082 4534 (An.
3117 4461 3273 4520 Dom.
3304 4463 3454 4537 539).
3501 4465 3636 4523 Cum

2046 4644 2384 4714 aliquatenus
2422 4645 2617 4715 dogma
2656 4645 3002 4716 sequebatur.
3047 4646 3235 4703 Totius
3273 4658 3402 4705 vero
3426 4652 3637 4709 ‘salutis

2045 4749 2282 4799 causam,
2300 4735 2349 4792 id
2370 4745 2454 4792 est
2471 4736 2887 4794 sacratissimam
2904 4734 3374 4805 crucem,'tmleliat
3387 4736 3635 4800 adorare.

2046 4824 2197 4883 lianc
2222 4827 2438 4884 habenti
2466 4830 2793 4887 sententiam
2830 4829 3019 4886 divina
3046 4831 3218 4888 virtus
3252 4846 3551 4903 apparens,
3578 4845 3637 4892 et

2045 4916 2257 4986 signum
2295 4912 2615 4976 monstravit
2640 4921 2846 4984 crucis,
2879 4920 3028 4999 quod
3050 4918 3183 4977 'erat
3212 4922 3445 4992 positum
3476 4922 3529 4978 in
3559 4924 3636 4978 al-

2046 5007 2184 5064 tario
2213 5006 2455 5078 ejusdem
2500 5007 2764 5066 ecclesize.
2803 5009 2869 5065 Et
2897 5018 3086 5082 aperte
3113 5011 3291 5082 palam
3320 5011 3446 5068 fecit
3465 5053 3481 5080 ,
3509 5013 3632 5083 quia

2045 5116 2111 5156 es
2138 5106 2249 5173 quo
2275 5101 2563 5162 cruciﬁxus
2591 5112 2675 5160 est
2698 5103 2961 5171 Christus,
2990 5107 3169 5162 omnia
3197 5120 3315 5177 qua:
3343 5104 3418 5163 ’ad‘
3436 5108 3635 5165 utilita-

2048 5202 2155 5250 tem
2187 5195 2406 5251 humani
2432 5196 2650 5263 generis
2678 5194 2819 5252 facta
2849 5205 3002 5261 sunt,
3034 5196 3277 5266 quolibet
3301 5199 3467 5254 modo
3493 5204 3634 5271 pne-

2046 5295 2130 5342 ter
2140 5286 2399 5342 virtutem
2423 5287 2711 5344 adoranda:
2736 5289 2912 5353 crucis
2934 5297 3082 5359 gesta
3113 5296 3218 5345 non
3239 5293 3437 5359 essent,
3462 5298 3632 5363 neque

2045 5376 2115 5431 ab
2129 5376 2332 5446 angelis
2352 5377 2571 5444 sanctis;
2586 5379 2847 5449 neque‘ab
2867 5379 3172 5437 hominibus
3191 5370 3315 5453 piis.
3338 5381 3610 5440 Sozours‘.

2059 5470 2148 5525 lib.
2175 5485 2355 5540 ποορ.
2378 5469 2443 5535 2,
2473 5470 2599 5525 edit.
2627 5469 2819 5527 Christ.
2862 5468 3035 5527 Vales.
3067 5489 3183 5545 cap.
3214 5475 3276 5542 5,
3310 5491 3362 5546 p.
3392 5475 3517 5535 ωδ.
3573 5486 3584 5498 ‘

2653 5576 2880 5641 CAPUT
2923 5580 3038 5641 XX.

2448 5670 2525 5726 De
2551 5672 2859 5745 templorum
2886 5675 3253 5733 destructione.

2056 5760 2189 5816 Cum
2214 5760 2397 5834 itaque
2425 5764 2607 5832 populi
2637 5773 2694 5821 et
2721 5767 2969 5825 civitates
3012 5768 3078 5823 ad
3122 5770 3328 5825 cultum
3378 5771 3642 5830 Christia-

3248 5864 3325 5923 30
