2037 3096
222 139 273 167 939

221 197 312 225 uitatis
323 196 494 230 accederent,
511 200 538 223 et
551 196 640 223 ceteri
651 204 700 231 pro
716 196 776 224 liliis
786 201 812 225 et
827 197 955 226 uxoribus
967 205 1020 225 me-

221 247 328 273 tuentes
354 250 388 269 ne
415 242 478 277 quid
491 242 552 269 mali
563 246 720 277 paterentur
742 243 765 272 si
788 243 1015 277 contradicat-ent,

220 289 306 324 quieti
316 293 454 321 vacarent,
466 288 558 315 nudati
574 288 672 316 solatio
694 290 872 318 multitudinis
901 291 1017 325 templo-

221 344 279 362 rum
290 334 408 362 cultores
421 338 448 361 et
459 334 614 362 sacerdotes
623 335 765 363 simulacra
775 336 846 371 apud
857 344 887 364 se
900 337 1017 372 reposita

220 379 415 415 pretiosissima
444 379 621 412 tradiderunt,
633 385 661 407 et
674 388 733 416 quae
747 380 820 408 Jovis
835 381 945 409 fulmina
971 390 1017 410 vo-

221 426 369 459 cabantur;
384 430 412 453 et
425 433 475 461 per
487 426 647 461 semetipsos
662 427 719 455 hate
735 428 884 456 educebant
906 437 940 456 ex
951 429 1017 465 ady-

222 473 255 501 tis
270 478 298 500 et
312 473 474 508 templorum
490 473 635 501 latentibus
650 474 716 501 locis
732 482 739 501 :
755 482 868 510 quaeque
891 476 964 510 prius
975 476 1017 503 in-

222 519 336 546 visibilia
349 519 419 553 apud
435 526 483 546 eos
498 523 585 551 erant,
598 523 625 546 et
643 520 707 547 solis
724 520 910 549 sacerdotibus
934 522 1019 549 mani-

221 567 299 598 festa,
315 566 383 594 facta
398 571 461 593 sunt
477 567 601 594 omnibus
614 567 692 594 valde
709 567 845 594 vilissima.
874 567 940 594 Alite
954 575 1018 595 vero

223 612 351 646 imagines
361 617 388 640 et
398 616 494 639 statua:
505 620 538 640 ex
549 613 744 647 pretiosissima
753 612 882 641 confecta:
896 613 1017 646 materia,

222 658 282 692 igne
292 663 419 685 cremata:
427 662 499 692 sunt,
511 662 538 685 et
548 659 668 693 pecunize
677 659 783 693 publice
791 658 835 695 [ιδ’.
844 659 893 695 leg.
903 658 1018 695 pulticte]

222 704 340 731 sociatm.
350 704 415 737 Quae
425 711 489 731 vero
498 711 530 731 ex
538 711 592 731 aere
600 704 758 731 mirabiliter
769 704 838 731 facta
849 704 1019 738 videbantur,

222 750 255 777 ad
266 749 527 784 Constantinopolim
540 754 602 777 sunt
616 750 727 777 advecta
742 755 854 778 ornatus
865 758 946 778 causa
957 752 1019 786 (An.

224 796 300 823 Dom.
318 795 392 831 535),
409 800 437 822 et
448 795 580 823 hactenus
595 796 620 822 in
636 796 742 830 publico
757 796 901 830 collocata,
926 800 953 823 et
972 804 1021 831 per

224 844 336 879 plateas,
352 847 379 870 et
394 843 420 870 in
433 843 516 876 circo,
531 848 613 878 atque
627 843 805 877 regalibus,”
819 848 861 871 est
872 843 965 879 Pythia
979 843 1021 871 di-

224 889 352 916 vinatoris
367 888 507 923 Apollinis,
520 893 548 916 et
560 897 642 916 musm
653 888 836 923 Heliconides,
850 894 876 917 et
901 890 1021 925 Delphici

224 935 351 970 tripodes.
364 934 537 969 Spoliataque
551 938 614 962 sunt
626 934 717 968 januis
738 935 849 970 templa,
862 943 890 962 et
917 935 968 962 alia
982 935 1021 962 la-

223 980 368 1016 quearibus
383 984 446 1007 sunt
460 979 570 1012 nudata,
582 980 633 1006 alia
649 987 714 1007 vero
730 980 851 1013 neglecta
867 980 899 1006 ad
928 979 1022 1007 sordes

223 1033 308 1060 usque
332 1025 489 1059 ruinamque
516 1025 644 1060 perducta
671 1030 743 1052 sunt.
768 1026 843 1053 Tunc
866 1027 954 1060 itaque
973 1033 1020 1060 pe-

225 1071 328 1098 rierunt
338 1075 367 1098 et
380 1070 488 1105 penitus
500 1074 562 1098 sunt
573 1078 676 1100 eversa,
686 1072 711 1097 id
722 1076 772 1103 est,
790 1072 815 1098 in
828 1071 912 1105 [Egea
923 1071 1022 1099 Cilicia:

225 1116 352 1151 templum
365 1115 523 1151 z’Esculapii,
538 1120 565 1143 ct
576 1116 602 1143 in
614 1116 729 1150 Aphacis
743 1116 818 1150 juxta
844 1122 963 1144 montem
979 1116 1022 1144 Li-

222 1162 333 1195 banum,
349 1165 377 1189 ct
393 1161 510 1189 Adonim
521 1161 629 1189 fluvium
654 1162 765 1189 Veneris
778 1162 892 1189 domus:
909 1168 1022 1197 utraque

224 1208 296 1242 apud
320 1208 380 1235 illos
404 1201 518 1241 insignia
532 1216 540 1240 ;
556 1216 589 1235 eo
609 1208 680 1242 quod
696 1207 817 1242 JEgeattc
831 1209 1019 1242 gloriarentur,

223 1254 303 1289 quasi
318 1254 476 1288 languentes
491 1262 606 1288 corpore
620 1258 780 1283 curarentur
799 1256 870 1290 apud
894 1264 950 1289 eos,
965 1256 1020 1283 dai-

225 1307 305 1327 mone
317 1300 443 1327 noctibus
456 1304 603 1335 apparente
614 1305 694 1336 atque
707 1306 829 1330 curante.
851 1301 880 1329 In
907 1302 1022 1337 Aphacis

224 1351 324 1378 autem,
337 1345 410 1381 quod
425 1354 473 1381 per
487 1347 687 1375 invocationem
715 1347 860 1382 quamdam
875 1353 951 1376 certo
978 1348 1022 1376 die

225 1392 258 1418 de
272 1392 427 1418 summitate
441 1391 535 1419 Libani
547 1393 646 1420 montis
659 1393 728 1427 ignis
741 1393 845 1428 fulgens
857 1394 939 1421 veluti
950 1394 1023 1421 sidus

227 1438 253 1465 in
267 1439 419 1473 proxinmm
434 1438 532 1467 ﬂumen
549 1440 679 1468 velociter
689 1440 877 1475 occumbebat,
892 1441 965 1476 quod
980 1442 1022 1470 di-

217 1477 321 1511 cebant
337 1483 467 1512 Venerem
482 1493 551 1513 esse.
564 1485 712 1519 Somnum,
728 1486 773 1514 lib.
801 1494 829 1519 ll,
847 1495 903 1521 cap.
919 1487 946 1521 4;
959 1488 1021 1516 edit.

225 1529 322 1557 Clu-ist.
353 1530 439 1558 Vales.
452 1540 511 1566 cup.
524 1530 549 1564 5,
567 1541 592 1567 ρ.
608 1532 671 1559 449.
900 1538 902 1541 ’

515 1606 630 1635 CAPUT
653 1607 724 1636 XXI.

405 1652 442 1679 De
457 1653 622 1680 conversione
630 1653 809 1682 barbarorum.

262 1697 365 1725 Interea
377 1706 436 1725 cum
460 1698 602 1727 multitudo
617 1699 699 1727 nimia
720 1701 838 1735 gentium
852 1709 885 1729 ex
910 1701 1023 1730 Thracia

226 1744 377 1771 transiisset
388 1744 414 1771 in
430 1743 531 1778 Asiam,
544 1749 571 1772 et
582 1745 627 1772 alii
642 1745 750 1774 aliunde
773 1747 880 1775 barbari
906 1749 1024 1783 egissent

227 1793 320 1816 contra
333 1789 479 1823 Romanos,
500 1790 578 1817 multi
600 1791 771 1819 sacerdotum
798 1793 897 1820 Christi
925 1795 1024 1829 captivi

227 1842 287 1861 cum
303 1835 341 1862 eis
354 1839 441 1867 erant.
458 1835 579 1870 Cumque
590 1836 748 1870 languentes
760 1843 901 1872 curarent,
923 1844 951 1867 et
974 1840 1026 1867 da:-

228 1887 320 1907 mones
335 1880 493 1914 clfugarent,
507 1880 644 1909 Christum
655 1882 823 1911 solummodo
844 1885 1023 1920 nominantes,

229 1931 255 1952 et
267 1925 362 1953 Filium
378 1925 426 1953 Dei
440 1926 606 1965 invocantes,
632 1927 742 1963 insuper
766 1933 792 1956 et
819 1932 1025 1960 conversatione

229 1972 450 2008 philosophantes
465 1973 630 2008 inculpabili,
644 1979 671 2001 et
686 1982 794 2003 omnem
823 1978 955 2004 maculam
970 1979 1024 2005 vir-

229 2017 329 2044 tutibus
344 2017 508 2050 evincentes,
524 2019 649 2046 admirati
663 2020 772 2047 barbari
789 2022 907 2049 virorum
932 2024 1023 2057 vitam,

229 2062 308 2089 simul
324 2067 350 2089 et
364 2070 446 2097 opera
458 2064 577 2098 egregia,
591 2064 662 2092 bene
671 2073 701 2093 se
721 2073 817 2101 sapere
843 2068 1024 2103 crediderunt,

230 2113 257 2135 et
270 2109 353 2136 Deum
369 2109 469 2137 habere
484 2111 639 2145 propitium,
665 2112 688 2139 si
705 2113 832 2141 meliores
858 2115 1027 2143 imitarentur

230 2155 362 2188 homines,
377 2159 405 2182 et
418 2155 487 2183 sicut
503 2156 551 2191 ipsi
567 2157 849 2192 placarentDeum.Et
860 2161 1027 2189 constituen-

231 2207 270 2229 tes
285 2202 392 2229 sibimet
407 2210 439 2229 ex
455 2203 494 2229 eis
508 2203 577 2230 bene
602 2204 698 2238 agendi
719 2210 850 2239 rectores,
876 2206 1027 2234 edoceban-

230 2255 283 2280 tur,
297 2251 324 2274 et
335 2248 550 2282 baplizabanlur,
564 2252 591 2276 et
618 2255 816 2285 consequenter
843 2252 869 2278 in
898 2252 1026 2281 ecclesias

229 2294 416 2321 occurrebant.
437 2293 587 2328 Somnum,
599 2296 644 2323 lib.
661 2304 689 2328 ιι,
702 2305 759 2332 cap.
794 2296 820 2325 5.
832 2297 904 2326 Edit.
928 2299 1025 2328 Christ.

237 2338 322 2367 Vales.
336 2347 393 2374 cap.
411 2339 437 2374 6,
449 2349 475 2372 p.
485 2340 547 2367 451,

520 2417 635 2445 CAPUT
657 2418 739 2446 XXII.

232 2462 307 2496 Quod
318 2463 445 2491 Eusebius
462 2464 667 2491 Niromedicnsis
682 2464 940 2501 Constantinopoleos
950 2477 1024 2496 tnva—

266 2500 329 2526 urit
339 2500 525 2535 episcopatum,
539 2506 563 2527 et
574 2501 605 2526 de
616 2501 709 2528 litteris
725 2500 889 2529 Constantini
904 2503 1026 2531 adversus

266 2542 334 2561 eum.

267 2579 397 2607 Fautores
432 2580 512 2614 igitur
544 2579 601 2608 Arii
626 2581 787 2615 nequissima
814 2590 868 2609 non
890 2582 1025 2617 reliquere

231 2624 352 2652 consilia.
370 2624 455 2660 Hujus
468 2626 538 2652 enim
552 2633 634 2654 causa
648 2627 674 2654 in
690 2627 859 2656 confessione
870 2628 931 2656 fidei
946 2630 1027 2669 etiam

220 2671 355 2699 .manibus
366 2665 571 2706 consenserunt,
585 2672 630 2706 qui
642 2677 734 2708 postea
750 2674 846 2701 imitati
869 2679 932 2702 sunt
952 2665 1028 2709 gesta

231 2717 366 2753 luporum.
380 2717 445 2744 Nam
456 2725 517 2745 cum
531 2718 714 2746 sanctissimus
725 2718 887 2753 Alexander,
910 2721 954 2755 qui
973 2722 1028 2749 suis

230 2763 399 2791 otationibus
413 2763 506 2791 Arium
532 2764 619 2791 fuerat
629 2764 771 2799 jaculatus,
799 2766 879 2793 idest
906 2767 1026 2802 Byzantii

232 2808 363 2845 pontifex,
376 2809 415 2836 sic
431 2810 502 2837 enim
518 2814 582 2837 tunc
594 2811 743 2839 vocabatur
769 2811 1025 2848 Constantinopolis,

233 2856 266 2883 ad
279 2856 416 2883 meliorem
432 2856 578 2884 translatus
591 2857 684 2886 fuisset
706 2858 796 2890 vitam,
826 2858 958 2887 Eusebius
979 2860 1027 2887 de-

232 2904 326 2931 fetisor
336 2903 491 2938 impietatis,
519 2905 716 2940 parvipendens
742 2905 848 2940 regulas
873 2914 940 2941 quas
965 2910 1027 2934 ante

760 2972 776 2981 ς

832 139 866 167 Μ.
889 139 1027 167 AURELII
1045 140 1245 169 CASSIODORI

1385 178 1387 182 Ι
1814 143 1866 170 θὶυ

1034 207 1055 235 Α
1071 199 1207 234 paululum
1219 207 1278 226 cum
1295 199 1354 227 aliis
1375 200 1545 235 pontiﬁcibus
1573 200 1630 234 ipse
1658 198 1866 234 conscripserat,

1069 249 1180 279 repente
1194 245 1380 273 Nicomediam
1391 246 1518 274 deserens
1539 245 1866 280 Constantinopolitanarn

1068 290 1180 325 arripuit
1193 290 1297 325 sedem,
1309 291 1410 325 regulis
1420 299 1436 318 e
1449 291 1556 319 diverso
1572 292 1783 325 clamitantibus,
1810 292 1867 326 epi-

1068 344 1165 371 scopos
1175 340 1204 364 et
1215 336 1387 372 presbyteros
1400 344 1453 364 non
1463 337 1544 364 licere
1554 345 1587 364 ex
1596 337 1646 364 alia
1659 337 1767 365 civitate
1778 341 1867 364 trans-

1070 382 1109 409 ire
1129 382 1162 409 ad
1183 377 1344 410 aliam.’Sed
1356 382 1453 410 mirum
1461 390 1518 410 non
1531 387 1574 410 est
1588 386 1617 409 ut
1626 382 1672 417 qui
1684 383 1723 410 sic
1733 382 1868 409 insaniunt

1068 429 1196 456 adversus
1203 427 1335 462 Unigeniti
1347 428 1484 462 deitatem,
1497 429 1609 456 licenter
1617 428 1698 455 etiam
1705 428 1770 455 alias
1780 433 1868 455 trans-

1068 474 1224 507 grediantur
1244 474 1328 508 leges.
1349 473 1408 501 Non
1422 473 1494 501 enim
1520 478 1583 501 tunc
1598 473 1770 501 solummodo
1797 474 1868 501 hanc

1069 520 1216 546 novitatem
1231 519 1304 552 fecit,
1320 519 1367 547 sed
1382 520 1464 547 etiam
1480 519 1545 547 olim
1569 519 1640 547 aliud
1660 519 1749 547 simile
1769 527 1867 554 perpe-

1070 566 1158 593 travit.
1175 565 1225 599 Qui
1239 566 1301 594 dum
1318 566 1344 593 in
1360 566 1459 602 Beryto
1474 570 1546 593 esset
1556 566 1709 600 episcopus,
1726 565 1869 592 transilivit

1070 612 1097 639 in
1111 611 1306 646 Nicomediam,
1322 616 1349 639 et
1365 620 1398 639 ex
1412 620 1443 639 ea
1458 612 1547 640 denuo
1568 617 1629 647 post
1640 612 1781 640 concilium
1796 612 1868 639 insa-

1070 657 1114 684 nia
1128 661 1229 690 aperta:
1241 657 1386 692 impietatis
1399 662 1510 685 exactus
1521 662 1571 691 est,
1584 661 1611 684 et
1622 666 1683 685 cum
1695 665 1728 685 eo
1743 657 1868 691 Theogo-

1071 703 1131 731 nius
1141 699 1273 731 Niccenus.
1291 703 1367 736 Quod
1384 704 1531 738 imperator
1556 703 1749 731 Constantinus
1771 703 1870 730 litteris

1071 750 1242 778 manifestum
1257 750 1329 778 fecit.
1348 750 1404 783 Ego
1419 758 1481 777 vero
1496 750 1557 777 huic
1576 750 1650 785 operi
1666 749 1745 776 tinem
1767 750 1869 784 cpisto-

1072 796 1105 823 la;
1119 796 1239 833 inserere
1251 796 1381 830 judicavi.
1394 795 1507 830 Scripsit
1521 795 1591 822 enim
1604 794 1665 826 haec
1682 794 1870 825 Nicomedien-

1072 842 1164 869 sibus:
1180 841 1245 875 Quis
1258 846 1299 870 est
1313 842 1356 868 hic
1370 842 1414 876 qui
1429 841 1464 868 ita
1486 840 1615 876 populum
1628 840 1720 869 docuit
1742 840 1870 868 innocen-

1038 894 1059 923 Β
1074 893 1128 916 tem
1140 890 1151 916 Ἰ
1163 889 1293 916 Eusebius
1301 890 1394 923 utique
1409 887 1726 923 tyranniczccrudelitatis
1737 888 1868 916 exeultor.

1073 934 1151 967 Quod
1166 934 1236 961 enim
1250 934 1348 968 ubique
1364 934 1468 969 tyranni
1495 937 1623 960 noscatur
1646 941 1705 961 esse
1727 934 1820 965 cliens,
1836 941 1870 961 ex

1072 979 1164 1007 multis
1179 980 1259 1007 rebus
1272 983 1393 1013 apparet.
1411 978 1468 1006 Iloc
1480 986 1595 1013 namque
1609 979 1742 1005 veracium
1764 979 1869 1013 episco-

1073 1033 1167 1061 porum
1183 1029 1294 1053 testatur
1310 1025 1443 1057 interitus,
1461 1025 1606 1062 234.11%
1631 1025 1712 1052 etiam
1739 1025 1869 1054 Christia-

1075 1079 1170 1098 n0rum
1185 1071 1370 1099 crudelissima
1387 1071 1539 1105 persecutio
1563 1071 1662 1098 clamat
1686 1075 1788 1105 aperte.
1801 1070 1870 1098 Nihil

1072 1116 1144 1144 enim
1157 1115 1191 1143 de
1204 1116 1308 1151 injuriis
1319 1116 1383 1143 mihi
1397 1116 1475 1143 factis
1486 1124 1557 1144 nunc
1568 1117 1622 1150 aio,
1630 1124 1678 1151 per
1688 1123 1754 1150 quas
1763 1117 1871 1150 quando

1074 1161 1192 1189 maxime
1204 1161 1378 1189 adVersarum
1405 1162 1522 1197 partium
1552 1161 1652 1188 insidize
1675 1162 1871 1198 discurrebant,

1074 1208 1125 1234 iste
1141 1207 1222 1235 etiam
1237 1207 1331 1235 oculos
1352 1212 1446 1234 contra
1462 1215 1506 1234 me
1528 1207 1643 1234 habebat
1666 1207 1793 1234 intentos.
1822 1206 1871 1235 Cui

1078 1252 1130 1280 hoc
1140 1252 1225 1280 defuit
1238 1253 1334 1284 solum,
1346 1253 1418 1288 quod
1434 1261 1487 1280 non
1498 1258 1526 1280 et
1536 1258 1668 1280 armatum
1695 1253 1871 1280 ministerium

1074 1302 1189 1333 tyranno
1205 1298 1319 1326 licenter
1334 1299 1465 1326 exhibuit.
1482 1298 1576 1334 Neque
1598 1306 1640 1325 me
1655 1298 1786 1334 quispiam
1798 1302 1871 1333 putet

1077 1344 1110 1370 ad
1126 1343 1223 1370 horum
1239 1343 1427 1378 probationem
1442 1345 1528 1371 minus
1541 1344 1712 1372 instructum.
1741 1344 1871 1377 Judiciutn

1074 1396 1191 1425 namque
1210 1389 1381 1418 manifestum
1397 1394 1447 1423 est,
1458 1390 1521 1424 quia
1537 1391 1708 1426 presbyteros
1734 1395 1762 1418 et
1782 1391 1870 1419 diaco-

1074 1443 1124 1463 nos
1138 1440 1281 1470 sequentes
1293 1435 1438 1466 Eusebium
1453 1440 1547 1470 apcrte
1562 1441 1668 1464 constat
1689 1444 1704 1463 a
1720 1444 1763 1464 me
1777 1437 1871 1472 depre-

1074 1482 1183 1510 hensos.
1195 1482 1248 1509 Sed
1260 1482 1318 1509 hate
1328 1482 1435 1516 quidem
1448 1487 1554 1510 transeo
1568 1491 1628 1522 qua:
1643 1491 1713 1510 nunc
1735 1491 1788 1511 non
1801 1483 1870 1511 indi-

1074 1528 1209 1562 gnationis
1232 1528 1330 1562 gratia,
1356 1528 1403 1556 sed
1414 1528 1446 1556 ad
1466 1529 1570 1558 illorum
1593 1529 1777 1557 confusionem
1801 1537 1816 1557 a
1830 1538 1873 1558 me

1037 1580 1061 1612 ο
1077 1573 1180 1609 prolata
1196 1573 1259 1609 [cd.,
1272 1574 1396 1609 probata]
1409 1580 1566 1602 noscuntur.
1581 1574 1639 1602 [Ioc
1649 1576 1735 1603 solum
1745 1576 1873 1611 formido,

1076 1620 1128 1647 hoe
1139 1620 1238 1654 cogito,
1251 1621 1323 1654 quod
1335 1627 1383 1647 vos
1394 1620 1427 1646 ad
1440 1621 1659 1648 communionem
1680 1621 1800 1649 criminis
1822 1630 1870 1648 vo-

1074 1666 1131 1694 cari
1144 1666 1291 1701 conspicio.
1305 1666 1419 1701 Propter
1428 1666 1535 1694 Eusebii
1547 1675 1663 1703 namque
1683 1669 1869 1696 seductionem

1074 1716 1102 1740 et
1112 1712 1325 1748 subversionem,
1337 1713 1528 1745 conscientiam
1543 1714 1700 1749 percepistis
1712 1723 1727 1742 a
1752 1716 1867 1743 veritate

1074 1763 1236 1794 separatam.
1249 1758 1302 1787 Sed
1317 1760 1368 1787 erit
1383 1759 1462 1794 hujus
1475 1760 1512 1787 rei
1529 1768 1581 1787 non
1598 1762 1672 1787 ta.da
1684 1762 1837 1796 saiubritas,
1851 1763 1873 1789 si

1075 1805 1229 1841 episcopum
1239 1806 1343 1834 ﬁdelem
1357 1811 1384 1834 et
1397 1807 1529 1840 integrum
1543 1815 1613 1835 nunc
1627 1814 1776 1843 sumentes,
1788 1810 1875 1845 respi-

1075 1850 1152 1878 ciatis
1166 1851 1199 1878 ad
1214 1851 1307 1878 Deum.
1324 1851 1401 1884 Quod
1416 1852 1509 1886 utique
1519 1852 1552 1879 ad
1561 1860 1679 1887 pratsens
1694 1854 1719 1880 in
1736 1854 1811 1881 vobis
1833 1858 1875 1881 est

1076 1896 1205 1928 studium,
1218 1902 1245 1924 et
1256 1896 1327 1923 istud
1339 1897 1364 1923 in
1378 1897 1453 1923 vobis
1467 1904 1527 1924 esse
1538 1902 1711 1932 oportuerat;
1733 1903 1761 1924 et
1774 1899 1874 1925 dudum

1076 1941 1104 1969 in
1127 1946 1217 1969 vestro
1245 1942 1364 1977 pendere
1382 1942 1495 1977 judicio,
1509 1943 1560 1970 nisi
1575 1944 1716 1977 pra-uictus
1745 1943 1875 1972 Eusebius

1076 1988 1192 2022 pessima
1219 1988 1391 2016 consciorum
1419 1996 1529 2016 suorutn
1545 1989 1658 2017 tuitione
1680 1990 1796 2017 venisset
1824 1991 1875 2018 huc

1077 2033 1152 2071 [ιιιεε.
1167 2039 1191 2061 et
1206 2035 1268 2062 edit.
1287 2035 1329 2068 V.,
1342 2035 1406 2071 hic],
1419 2040 1446 2063 et
1461 2035 1582 2063 ordinem
1602 2036 1772 2064 rectitudinis
1790 2038 1874 2071 impu-

1079 2080 1237 2108 dentissime
1252 2081 1426 2109 confudisset.
1447 2080 1501 2108 Sed
1521 2081 1647 2115 quoniam
1672 2081 1705 2108 de
1725 2086 1875 2109 memorato

1077 2126 1193 2154 Eusebio
1208 2128 1278 2162 apud
1291 2132 1406 2155 vestram
1420 2128 1579 2155 eharitatcm
1593 2135 1643 2155 nos
1658 2128 1774 2155 breviter
1803 2130 1874 2163 loqui

1077 2171 1163 2204 decet,
1177 2172 1278 2200 audite.
1293 2172 1414 2199 Meminit
1428 2176 1516 2199 vestra
1529 2169 1661 2207 patientia‘
1674 2172 1772 2200 factum
1793 2174 1818 2200 in
1831 2173 1876 2201 Ni-

1077 2225 1132 2245 ema
1144 2218 1251 2245 civitate
1265 2218 1407 2245 concilium
1421 2227 1427 2244 :
1444 2218 1488 2245 cui
1505 2223 1533 2246 et
1547 2225 1598 2252 ego
1622 2219 1679 2253 ipse
1704 2220 1875 2246 conscientia:

1042 2271 1146 2303 Dmea:
1169 2263 1269 2291 cultum
1296 2263 1424 2291 decenter
1448 2264 1566 2297 exhibui,
1594 2265 1658 2290 nihil
1682 2264 1756 2292 aliud
1785 2266 1876 2293 volens

1080 2317 1160 2344 quam
1172 2309 1346 2338 concordiam
1357 2310 1482 2337 omnibus
1505 2309 1640 2342 fabricari,
1654 2315 1682 2337 et
1703 2318 1757 2344 pne
1772 2311 1878 2337 cunctis

1080 2362 1194 2390 arguere
1212 2360 1240 2383 et
1253 2363 1393 2383 removere
1408 2356 1476 2383 hanc
1490 2364 1608 2388 causam,
1629 2364 1689 2391 qua:
1716 2357 1876 2392 principium

1079 2400 1186 2436 quidem
1202 2401 1295 2428 habuit
1307 2408 1356 2436 per
1370 2400 1425 2427 Arii
1437 2401 1610 2428 Alexandrini
1626 2402 1789 2436 superbiam,
1815 2410 1877 2430 cor-

1079 2447 1205 2473 roborata
1218 2454 1282 2473 vero
1295 2451 1336 2474 est
1349 2453 1397 2481 per
1412 2445 1518 2473 Eusebii
1532 2454 1642 2481 pravum
1667 2447 1877 2483 pestifer-umque

1079 2496 1181 2519 votutn.
1194 2491 1246 2519 Sed
1262 2492 1319 2526 ipse
1334 2491 1472 2523 Eusebius,
1489 2500 1505 2518 o
1521 2491 1649 2519 amabiles
1674 2496 1755 2526 atque
1770 2493 1876 2520 charis-

1078 2537 1148 2564 simil
1158 2545 1218 2564 eum
1227 2541 1327 2572 quanta
1335 2537 1604 2571 putatisdiscussione
1611 2537 1741 2572 [ed.,Niv.
1749 2543 1773 2564 et
1780 2537 1878 2573 Proh,

1078 2583 1255 2619 discursione]
1278 2584 1388 2619 (quippe
1416 2583 1581 2611 conscientia
1605 2592 1652 2611 sua
1681 2585 1790 2618 victus),
1815 2592 1877 2612 cum

1081 2635 1181 2665 quanta
1196 2630 1354 2658 confusione
1361 2630 1500 2658 mendacio
1515 2630 1607 2665 utique
1631 2631 1768 2658 declarato
1786 2628 1878 2665 dege-

1081 2678 1143 2704 bat?
1155 2677 1304 2704 Immittens
1315 2677 1422 2711 quidem
1435 2676 1498 2704 mihi
1510 2677 1639 2710 diversos,
1654 2678 1698 2711 qui
1714 2685 1761 2712 pro
1783 2685 1815 2704 eo
1829 2677 1879 2705 de-

1082 2727 1240 2757 poscerent;
1253 2727 1346 2757 petens
1361 2731 1425 2750 vero
1440 2731 1455 2749 a
1470 2730 1514 2749 me
1535 2723 1668 2757 quoddam
1689 2723 1827 2757 solatium,
1843 2731 1879 2752 ne

1081 2772 1156 2795 tanto
1171 2769 1242 2795 malo
1256 2768 1406 2802 convictus,
1419 2776 1468 2796 suo
1483 2769 1586 2796 honore
1611 2770 1771 2804 privaretur.
1790 2768 1879 2797 Testis

1080 2819 1123 2842 est
1136 2815 1201 2842 mihi
1215 2815 1285 2842 Deus
1300 2815 1378 2849 hujus
1393 2815 1442 2848 rei,
1456 2815 1539 2850 quiet
1555 2815 1580 2842 in
1591 2823 1634 2843 me
1649 2820 1676 2851 et
1697 2816 1723 2842 in
1737 2816 1815 2844 vobis
1831 2817 1881 2844 be-

1081 2861 1162 2894 nigno
1177 2869 1270 2889 amore
1281 2862 1420 2889 consistat.
1438 2861 1503 2888 Nam
1517 2861 1598 2888 etiam
1623 2870 1667 2889 me
1681 2862 1725 2889 ille
1750 2862 1880 2897 devertit,

1081 2912 1109 2935 ct
1119 2907 1274 2935 indecenter
1286 2909 1408 2941 arripuit,
1424 2904 1494 2941 q'uod
1508 2915 1556 2935 vos
1568 2916 1674 2943 quoque
1695 2913 1790 2936 nostis.
1806 2909 1881 2938 Tum:
