2037 3096
179 121 226 153 941

708 120 869 149 HISTORIA
888 118 1109 147 TRIPARTI'I‘A.
1131 119 1231 147 LIBER
1251 120 1283 147 II.

1768 122 1822 159 9:1

179 178 251 205 enim
262 178 351 205 omnia
379 182 453 213 gesta
465 181 526 205 sunt
548 176 617 215 sicut
641 176 698 214 ipse
717 176 896 208 desiderabat,
910 174 972 210 quia
989 175 1012 205 Α
1025 179 1130 207 verant,
1146 180 1243 202 etcum
1255 176 1294 203 eis
1310 179 1439 203 venerunt
1452 175 1485 203 ad
1500 176 1678 215 Antiochiam.
1691 176 1726 214 Et
1747 178 1825 206 sche-

179 231 260 251 omne
275 224 374 250 malum
391 223 416 250 in
431 231 479 250 sua
494 222 659 249 conscientia
675 221 847 255 recondebat.
878 219 931 247 Sed
945 223 974 246 ut

179 274 276 304 cmtera
289 270 472 304 perversitatis
486 269 543 304 ejus
557 269 689 301 omittam,
704 268 767 302 quid
789 268 904 294 maxime
916 274 975 293 cum

179 313 337 349 Theogonio
350 315 474 349 nequitia:
486 322 541 341 sum
557 314 687 349 participe
699 313 794 347 egerit,
811 312 909 343 audite,
931 311 978 338 de-

181 368 273 395 posco.
292 360 489 387 Alexandrinos
500 359 631 394 quosdam
645 367 659 385 a
675 363 766 385 nostra
781 358 831 385 lide
846 357 975 385 receden-

183 410 222 432 tes
237 406 289 433 huc
304 405 377 442 [πιδε.
395 411 419 433 et
433 406 474 432 ed.
495 405 539 437 V.,
565 404 621 441 hic]
644 404 771 431 destinari
787 410 975 438 prmccpcram.

182 451 309 485 quoniam
322 452 418 478 horum
434 451 582 479 ministerio
597 450 693 477 mentis
709 450 831 476 ﬂammas
855 449 975 482 urgebat.

178 495 235 523 .Sed
253 497 294 529 isti
310 486 418 532 benigni
429 502 455 524 et
469 496 563 531 optimi
579 496 656 522 nimis
667 494 795 532 episcopi,
809 502 875 528 quos
898 493 978 520 simul

183 541 290 568 concilii
307 541 405 569 veritas
416 541 448 568 ad
460 540 645 576 paenitentiam
655 539 818 571 reservabat,
827 546 879 565 non
891 537 978 564 soluat

184 591 345 621 receperuat
357 595 412 618 eos,
430 592 457 614 et
472 587 541 623 apud
552 594 581 623 se
596 589 812 617 reservavcrunt,
836 584 881 619 sed
898 580 977 611 etiam

185 633 263 661 malis
274 641 367 660 eorum
380 624 563 662 voluntatibus
577 632 776 659 communicare
791 631 976 659 decreverunt.

185 677 353 713 Quapropter
366 678 416 707 hoc
428 678 498 705 circa
508 673 572 705 istos
585 669 702 712 ingratos
719 677 823 704 decrevi
838 683 977 711 peragi-rc,

186 729 214 751 ut
228 725 331 760 abrepti
343 725 435 759 procul
450 724 656 760 deportarentur
667 724 772 751 exsilio.
794 722 869 749 Nunc
889 720 979 756 itaque

184 774 302 797 vestrum
316 774 357 800 est
372 770 406 797 ad
422 770 503 807 Deum
525 770 567 797 illa
582 770 632 798 (ide
645 770 791 805 respicere,
806 776 857 804 qua
873 776 979 803 semper

185 815 279 843 ettieri
294 816 429 847 convenit,
442 820 540 855 etesse
555 815 640 847 decet,
662 820 689 843 et
716 822 805 850 agere.
829 814 977 850 Episcopos

1029 228 1071 247 ma
1087 220 1195 256 quidem
1206 221 1255 248 sub
1267 227 1369 259 honore
1387 213 1598 261 promittebatur
1616 223 1747 252 adventus
1774 232 1821 253 θο-

1028 274 1104 298 rum;
1121 266 1192 300 quod
1206 274 1270 294 vero
1285 266 1489 302 propinabatur,
1511 272 1570 295 erat
1585 268 1691 302 pietatis
1710 266 1820 307 bellum;

1029 311 1165 339 Mulierem
1182 320 1296 346 namque
1315 316 1481 348 prostantem
1506 314 1631 342 mercede
1654 315 1822 349 negotiantes

1029 357 1093 393 [ed.,
1103 356 1165 384 Niv.
1176 362 1200 384 et
1212 357 1307 392 Frob.,
1318 358 1523 394 conduceutcs],
1535 363 1562 386 et
1575 359 1693 394 linguam
1703 360 1761 395 ejus
1771 361 1820 389 sibi

1030 402 1145 437 impendi
1162 404 1363 438 persuadentes,
1379 404 1413 431 ad
1434 404 1577 431 concilium
1598 409 1730 432 venerunt
1757 404 1821 441 (An.

1030 447 1107 474 Dom.
1120 448 1192 483 551).
1211 448 1324 476 Proinde
1338 449 1405 477 alios
1418 456 1512 476 onmcs
1523 449 1595 477 foras
1609 450 1648 477 ire
1662 450 1820 485 precipicu-

1030 496 1079 526 tes,
1095 494 1323 522 termiserrimam
1350 494 1524 522 iatroduxere
1549 495 1699 523 mulierem.
1728 496 1763 523 At
1778 496 1822 533 illa

1029 532 1194 576 it-fantulutn'
1208 540 1258 567 sub
1289 532 1405 568 mamilla
1435 534 1640 575 demonstrans,
1673 536 1763 575 aiebat
1789 550 1821 571 ex

1029 584 1173 611 concubitu
1185 584 1316 623 Eustathii
1329 586 1402 613 illum
1415 594 1445 614 se
1458 591 1485 613 et
1497 587 1687 622 concepiss'cet
1701 594 1822 622 generas~

1029 636 1070 663 se,
1086 636 1199 664 eumque
1211 630 1343 658 clamabat
1361 632 1457 667 stepius
1469 632 1661 667 mtpudentem.
1677 631 1701 660 Is
1716 637 1805 673 autem
1816 654 1822 666 ,

1030 674 1074 709 qui
1088 674 1225 702 calumnia:
1237 676 1294 710 ejus
1309 680 1362 703 tam
1378 676 1525 704 manifesta:
1539 678 1661 711 conscius
1672 682 1741 713 erat,
1764 678 1823 713 jns~

1030 719 1064 749 sit
1077 724 1104 746 ut
1119 720 1189 747 hanc
1204 728 1260 748 rem
1274 721 1296 748 si
1312 722 1356 755 qui
1368 723 1470 750 scirent
1484 721 1648 750 deducerent
1662 722 1724 759 [ιιι.ι
1741 722 1823 765 dedu-

1030 764 1166 801 cerentur]
1181 761 1213 793 ad
1229 767 1355 794 tncdium.
1372 767 1418 794 Illa
1430 775 1493 795 vero
1505 764 1609 796 dicente
1622 769 1723 796 nullum
1736 777 1765 796 se
1777 761 1824 796 ha-

1030 812 1094 838 bere
1106 813 1286 840 accusationis
1302 818 1406 846 testem,
1427 813 1614 848 jusjurandum
1635 814 1660 841 ci
1684 815 1824 849 justissimi

185 862 256 888 enim
273 862 436 896 pttrilicatos,
452 866 479 889 et
490 862 665 893 orlhodoxos,
679 866 759 896 atque
773 861 918 888 clementes
929 868 977 888 nos
996 863 1016 891 Β
1028 855 1131 891 iudices
1142 857 1304 890 illlu'el‘unl:
1317 858 1376 893 lrgc
1383 859 1486 887 δείιῖεοι
1496 863 1588 894 nt'el‘lc
1596 860 1823 896 Clalllanlcwwl.

184 901 235 940 gau
247 907 331 934 lemus
346 907 453 934 habere.
470 907 497 934 Si
511 907 570 941 quis
584 911 674 933 autem
689 906 722 932 ad
744 905 900 936 memoriam
925 905 980 932 illo-

185 945 242 988 rum
259 953 450 986 pestilentium,
465 958 511 979 aut
525 952 557 979 ad
573 952 679 979 laudem
705 951 852 986 improvide
877 959 979 986 prmsu-

184 998 232 1025 mit
247 998 357 1024 forsitan
374 999 494 1031 excitari,
512 998 623 1033 repente
644 998 670 1025 in
696 1006 744 1025 sua
771 997 980 1032 pnesumptione

186 1043 301 1072 ministri
316 1043 370 1076 Dei.
381 1044 432 1070 hoc
443 1048 484 1071 est
499 1037 559 1071 meo
571 1051 653 1082 opere
668 1043 869 1078 comprimetur.
886 1043 978 1070 Domi-

185 1096 234 1116 nus
248 1096 297 1116 vos
307 1090 449 1122 custodiat,
463 1082 559 1116 fratres
581 1089 740 1116 charissimi.
770 1088 976 1130 Timoneasrns,

182 1133 229 1165 lib.
245 1141 266 1168 ι,
289 1142 349 1169 cap.
366 1133 399 1160 ts
411 1137 435 1161 el
454 1133 493 1166 ιο,
509 1143 536 1170 ρ.
554 1133 598 1162 49.
775 1128 778 1130 ’

461 1199 574 1227 CAPUT
596 1199 689 1227 XXIII.

186 1243 261 1278 Quod
275 1253 362 1272 rursus
373 1239 499 1272 Eusebius
526 1237 817 1280 apud-Constantinum
841 1246 979 1280 impetrata

160 1284 164 1294 ‘
194 1289 198 1291 λ
407 1281 480 1307 ιῖρηὶα
494 1289 541 1315 pro
556 1280 662 1307 Arionis
678 1282 767 1316 egerit.
966 1287 969 1290 ‘

220 1324 295 1353 Tunc
306 1325 386 1360 igitur
410 1326 452 1354 isti
467 1330 495 1353 et
515 1326 643 1360 damnati,
660 1331 687 1354 et
708 1335 724 1354 e
738 1327 890 1355 civitatibus
917 1332 979 1355 sunt

185 1370 299 1404 expulsi.
312 1370 346 1397 Et
361 1371 386 1398 in
402 1371 555 1399 Nicomedia
565 1372 673 1408 quidem
695 1372 829 1407 Amphion
845 1373 908 1410 [ed.,
925 1373 979 1408 Ap-

186 1413 259 1450 pion]
276 1415 419 1451 episcopus
435 1416 574 1444 ordinatus
587 1421 639 1451 est,
654 1417 679 1444 in
691 1417 778 1445 Nicaea
792 1423 881 1446 autem
892 1418 977 1447 Chre-

185 1464 253 1488 stus.
269 1460 323 1488 Sed
336 1469 427 1489 rursus
438 1467 581 1490 consuetas
592 1463 804 1491 machinationes
810 1468 978 1499 exercentes,

185 1510 212 1533 et
226 1507 395 1541 imperatoris
407 1502 576 1536 clementiam
595 1510 779 1537 accessibilem
799 1510 854 1539 suis
866 1510 978 1539 fallaciis

1030 910 1085 935 xxx,
1100 901 1143 937 15)
1159 911 1165 929 :
1182 902 1209 930 In
1220 903 1323 931 duobus
1339 909 1385 932 attt
1400 905 1483 932 tribus
1494 904 1606 933 testibus
1620 906 1692 933 credi
1705 913 1765 933 esse
1780 914 1821 933 ve-

1029 948 1112 980 racia,
1124 956 1181 983 qure
1194 949 1338 983 dicuntur;
1354 958 1457 978 necnon
1472 956 1497 978 et
1509 951 1639 986 Apostolo
1654 952 1824 987 prmeipicnte

1031 993 1055 1028 (1
1065 994 1163 1025 Ί’ἱηι.ν,
1185 995 1237 1028 10),
1253 1000 1282 1022 ut
1296 997 1381 1023 nullus
1395 996 1523 1024 adversus
1533 997 1717 1033 presbyterum
1731 999 1823 1026 inscri-

1031 1034 1148 1074 ptionem
1165 1041 1228 1077 [ed.,
1246 1041 1456 1077 accusationem]
1472 1042 1571 1072 factam
1595 1048 1669 1071 extra
1684 1043 1752 1071 duos
1777 1049 1824 1073 aut

1031 1089 1085 1112 tres
1099 1091 1179 1113 testes
1194 1087 1317 1121 accipiat.
1346 1087 1399 1115 Sed
1422 1087 1466 1115 Isli
1505 1095 1594 1116 sacras
1621 1094 1824 1118 coi.tcmnentcs

1029 1130 1112 1164 leges,
1127 1136 1221 1158 contra
1234 1132 1312 1159 talem
1324 1126 1412 1160 virum
1423 1134 1620 1161 accusationem
1635 1129 1823 1163 sinetestimo-

1029 1179 1075 1204 nio
1092 1184 1259 1213 receperunt.
1277 1178 1342 1205 Cum
1368 1185 1432 1213 ergo
1452 1179 1495 1209 illa
1517 1180 1613 1207 mulier
1637 1173 1823 1219 jusjurandum

1029 1225 1108 1260 235
1124 1224 1290 1258 pimhniSsct,
1304 1223 1421 1259 adjecit:
1438 1224 1575 1252 allirmans
1601 1227 1662 1260 quia
1683 1225 1769 1253 infans
1780 1227 1823 1254 ille

1029 1271 1061 1296 de
1073 1271 1216 1297 concubitu
1232 1275 1301 1297 C:~SCl
1316 1270 1457 1298 Eustathii.
1481 1270 1556 1299 Tunc
1580 1271 1670 1305 itaque
1695 1275 1822 1307 tanquam

1030 1315 1155 1344 adversus
1166 1317 1314 1344 adulterum
1326 1317 1368 1344 isti
1381 1321 1516 1346 amatores
1538 1319 1659 1346 veritatis
1687 1312 1823 1354 protulere

1029 1361 1177 1394 decretum,
1206 1363 1264 1389 aliis
1286 1363 1384 1398 quippe
1397 1363 1429 1391 de
1456 1361 1626 1399 pontiﬁcibus
1638 1364 1708 1399 (cum
1722 1358 1823 1404 _'utique

1029 1409 1104 1435 multi
1120 1409 1251 1441 adessent,
1270 1414 1296 1436 et
1311 1418 1359 1445 pro
1374 1410 1530 1445 apostolicis
1557 1402 1725 1445 dogmatibus
1743 1402 1823 1447 repu?

1029 1459 1153 1489 gnareut,
1166 1459 1192 1481 et
1205 1455 1366 1483 omnimodis
1380 1463 1439 1490 quae
1449 1456 1554 1483 fuerant
1564 1457 1723 1484 concinnata
1735 1452 1822 1486 ttescié

1029 1500 1113 1537 rent)
1154 1505 1247 1535 aperte
1274 1501 1491 1535 reclamantibus,
1508 1506 1534 1530 et
1566 1509 1690 1538 magnum
1727 1497 1823 1532 Busta;

186 1552 362 1585 invenientes,
376 1553 490 1581 restituti
505 1558 578 1588 sunt,
590 1555 761 1590 prioremque
774 1551 920 1590 potentiam
934 1549 977 1596 re}

1031 1547 1116 1574 thium
1154 1547 1388 1581 collaudantibus,
1425 1549 1616 1585 decretumque
1650 1551 1756 1579 illorum
1776 1552 1823 1595 ini.

185 1601 326 1632 ceperunt.
352 1597 484 1627 Eusebius
510 1600 620 1631 etenim,
649 1601 717 1627 sicut
738 1600 794 1635 jatn
809 1600 875 1635 dixi,
898 1602 979 1629 etiam

186 1642 514 1678 Constantiuopolitanum
526 1645 609 1672 tenuit
621 1646 739 1679 tyranice
754 1646 937 1680 prmsulatum,
952 1649 980 1674 et

186 1689 320 1723 potiorem
345 1690 465 1725 percepit
489 1690 735 1726 pratsumptionem,
763 1691 919 1726 frequenter
944 1692 978 1719 ad

188 1734 377 1769 imperatorem
391 1736 511 1768 veniens,
528 1740 555 1764 et
569 1736 692 1764 fiduciam
705 1744 738 1764 ex
752 1737 846 1765 crebra
860 1738 979 1766 collocu-

188 1779 260 1807 tione
274 1784 420 1814 mercatus,
434 1786 528 1808 contra
541 1781 661 1809 veritatis
673 1787 884 1819 propugnatores
893 1791 979 1812 saevas

187 1825 374 1852 contentiones
389 1825 514 1853 instituit.
528 1825 561 1853 Et
574 1827 689 1861 primum
714 1828 821 1862 quidem
836 1835 936 1863 cupere
949 1836 979 1856 se

189 1869 436 1905 Hierosolymorum
452 1871 512 1898 loca
524 1871 660 1907 professus
671 1877 720 1905 est,
733 1877 761 1900 et
774 1873 977 1907 imperatorem,

189 1919 314 1950 tanquam
340 1915 544 1948 famosissimum
569 1918 673 1946 visurus
693 1918 878 1946 aedilicationis
899 1918 977 1954 opus,

189 1961 299 1996 provid’a
311 1962 473 1996 cogitatione
488 1963 612 1997 captavit.
629 1960 797 1998 Quapropter
811 1972 871 1991 cum
895 1965 979 1991 multo

189 2005 292 2033 honore
307 2007 431 2035 dimissus
442 2012 493 2041 est,
517 2008 680 2043 imperatore
707 2010 829 2048 vehicula
849 2015 877 2038 et
890 2011 941 2038 alia
953 2011 978 2038 ei

148 2067 150 2069 -
188 2051 365 2079 distribuente
377 2053 483 2080 solatia.
497 2053 635 2081 Profectus
659 2055 738 2088 igitur
765 2060 807 2082 est
819 2064 879 2082 cum
903 2063 937 2083 eo
949 2060 979 2088 ct

189 2096 360 2131 Theogonius
375 2097 506 2131 Nicatnus,
519 2099 653 2133 particeps
666 2099 842 2134 malignorum
857 2101 980 2128 consilio-

188 2149 247 2168 rum
261 2142 330 2176 ejus,
345 2143 423 2169 sicuti
436 2142 491 2177 jam
520 2138 644 2172 diximus.
671 2137 878 2179 Tnsononsrus,
899 2145 943 2173 lib.
958 2154 976 2179 ι,

189 2195 245 2223 cap.
263 2187 297 2215 20
310 2193 333 2215 et
348 2188 392 2215 21.
409 2189 449 2215 Ed
460 2193 479 2216 t.
492 2189 587 2217 Christ.
694 2186 698 2189 ’

468 2256 582 2284 CAPUT
601 2257 691 2295 xxiv.

191 2298 247 2330 Qua
263 2301 355 2340 fraude
369 2300 519 2342 Eustathius
531 2299 704 2342 Amice/ianus
726 2304 758 2330 sit
779 2305 924 2342 episcopum
939 2306 979 2342 de-

195 2343 199 2346 ·
225 2335 359 2397 positutdet
368 2336 526 2377 in_ezsilium
536 2338 694 2373 deportatus,
707 2344 731 2365 et
741 2339 784 2374 qui
793 2335 977 2376 βοιιὲυηιίιιέ-

224 2375 276 2397 rml
288 2378 317 2397 or
336 2376 411 2397 ttmlt.

224 2375 276 2397 rmt
288 2375 411 2398 ordinati.

224 2415 369 2450 Venientes
380 2421 469 2445 autem
494 2418 521 2445 in
542 2418 724 2452 Antiochiam,
748 2424 775 2447 et
801 2420 977 2448 amicitiarum

189 2460 277 2491 induti
289 2461 401 2495 vultum,
416 2462 532 2491 maxima
543 2463 702 2492 tuulcatione
710 2464 774 2500 [βαίη
782 2464 875 2492 Νἰυ.ει
885 2465 977 2499 Frob.,

189 2506 398 2541 mbtistratione]
419 2508 496 2543 potiti
512 2513 585 2537 sunt.
602 2509 728 2538 Veritatis
739 2511 809 2538 enim
829 2519 979 2546 propugna-

191 2556 233 2579 tor
248 2559 359 2586 magnus
373 2552 527 2582 Eustathius
544 2555 642 2590 largam
654 2557 693 2584 eis
706 2557 914 2592 hospitalitatem
925 2558 978 2585 fra-

191 2598 325 2626 ternitatis
338 2600 469 2628 exhibuit.
482 2600 603 2635 Cmuquc
614 2602 646 2628 ad
659 2603 835 2631 sacratissima
848 2604 906 2631 loca
919 2612 979 2639 per-

190 2643 336 2676 venissent,
350 2649 377 2671 et
391 2646 539 2674 concordes
553 2647 680 2673 vidissent
690 2654 745 2678 eos,
769 2648 819 2675 hoc
830 2653 882 2682 est,
898 2648 981 2677 Euse-

190 2688 262 2715 bium
277 2688 480 2722 Ca'sariensem,
493 2690 705 2726 Scythopolitam
733 2691 925 2728 Patrophilum,
953 2699 981 2723 et

193 2734 295 2762 Aetium
306 2733 412 2769 Lyddm,
431 2735 569 2763 Laodicea:
582 2736 749 2765 Theodotum
762 2743 789 2766 et
804 2740 870 2767 alios
883 2740 929 2774 qui
944 2740 981 2767 le-

194 2783 266 2808 tum
281 2778 335 2804 Arii
348 2787 377 2806 su
393 2784 529 2814 ceperant,
542 2781 728 2809 nuntiaverunt
739 2783 778 2810 eis
792 2784 862 2817 quod
883 2785 983 2818 cogita-

1030 1589 1112 1629 QUum
1126 1594 1224 1629 suscipi
1239 1595 1454 1628 prohibentibus.
1470 1595 1528 1624 IIoc
1540 1596 1629 1632 itaque
1649 1597 1730 1634 facto,
1745 1590 1821 1627 velo:

1031 1640 1097 1667 citer
1109 1639 1187 1674 hujus
1197 1645 1268 1668 nota:
1277 1640 1340 1677 [ed.,
1354 1640 1416 1669 Niv.
1432 1637 1456 1669 et
1466 1641 1559 1676 Frob.,
1572 1642 1660 1679 noxae]
1673 1640 1821 1673 concinna;

1031 1690 1105 1715 tores
1118 1687 1151 1714 ad
1167 1687 1355 1723 imperatorem
1367 1688 1480 1723 profecti
1494 1693 1565 1721 sunt,
1587 1690 1666 1724 eique
1685 1698 1821 1726 persnase‘

1030 1737 1092 1760 runt
1102 1733 1164 1768 quia
1176 1741 1239 1761 vera
1250 1732 1343 1761 fuisset
1357 1734 1497 1769 inscriptio
1519 1735 1562 1772 [ed
1576 1755 1583 1767 ,
1612 1735 1768 1773 accusatio],
1794 1741 1821 1764 et

1030 1778 1206 1813 depositionis
1220 1779 1354 1807 Eustatbii
1366 1772 1437 1814 justa
1449 1781 1582 1808 sententia
1607 1789 1686 1816 quent
1694 1772 1821 1819 tanquam

1030 1818 1182 1853 adulterum
1196 1818 1276 1860 atque
1288 1830 1431 1861 tyrannum
1440 1827 1537 1861 expelli
1562 1827 1692 1860 fecerunt.
1717 1818 1820 1858 exerci-

1030 1875 1143 1898 tatorcm
1153 1872 1260 1906 pietatis
1273 1872 1391 1899 simulet
1403 1872 1536 1900 castitatis
1551 1874 1697 1907 egregium.
1714 1873 1747 1901 Et
1775 1875 1820 1903 ille

1030 1909 1136 1951 quidem
1152 1924 1200 1952 per
1211 1916 1338 1945 Thracias
1352 1916 1385 1944 ad
1398 1917 1494 1953 Illyrici
1509 1918 1640 1946 deductus
1666 1923 1708 1946 est
1725 1919 1820 1948 civita-

1030 1965 1094 1989 tem.
1109 1961 1155 1989 Isti
1168 1970 1231 1990 vero
1246 1961 1319 1997 prius
1333 1963 1440 1997 quidem
1456 1971 1504 1998 pro
1516 1971 1549 1991 eo
1561 1964 1752 1993 ordinaverunt
1766 1966 1820 1994 Eu-

1031 2007 1133 2046 lalium.
1150 2007 1219 2041 Quo,
1236 2012 1358 2044 tempore
1372 2015 1468 2043 pauco,
1484 2009 1599 2043 vivente,
1616 2009 1759 2038 Eusebium
1771 2010 1821 2038 Pa-

1034 2053 1214 2085 lmstinenSem
1229 2053 1292 2081 illuc
1302 2053 1376 2090 Ima.
1391 2058 1415 2080 ει
1425 2053 1466 2092 εᾴ.
1484 2053 1526 2087 V.,
1553 2054 1618 2091 illic]
1642 2055 1757 2090 migrare
1771 2064 1821 2084 vo-

1029 2097 1137 2125 luerunt
1150 2106 1157 2131 ;
1172 2093 1262 2133 eoque
1277 2097 1393 2132 fugiente
1405 2098 1592 2132 mutationem,
1604 2104 1631 2126 et
1644 2100 1723 2127 simul
1736 2101 1821 2135 impr»

1029 2147 1121 2170 ratore
1135 2135 1304 2177 prohibente,
1318 2143 1437 2170 fecerunt
1448 2143 1643 2177 Euphronium.
1656 2144 1714 2176 Quo
1728 2144 1818 2177 etiam,

1030 2196 1101 2216 anno
1127 2192 1155 2215 et
1181 2183 1274 2222 paucis
1300 2187 1438 2215 mensibus
1465 2187 1490 2214 in
1516 2188 1671 2222 episcopatu
1682 2188 1818 2222 defuncto,

989 2225 1017 2273 ρ
1031 2234 1134 2262 Placito
1149 2239 1162 2254 ε
1177 2234 1247 2261 illius
1263 2233 1391 2261 Ecclesia:
1406 2233 1539 2261 tradidere
1555 2234 1750 2269 pontiﬁcatum.
1776 2235 1821 2264 Isti

1032 2288 1097 2309 vero
1107 2287 1202 2317 omnes
1212 2284 1314 2315 pestem
1329 2279 1383 2306 Arii
1396 2274 1513 2317 habuero
1533 2281 1657 2308 celata‘m.
1674 2280 1820 2316 Propterea

1031 2334 1148 2362 namque
1160 2319 1237 2354 multi
1247 2327 1291 2362 pie
1302 2320 1459 2367 viventium.
1475 2331 1503 2354 et
1516 2324 1697 2359 sacerdotum,
1727 2333 1755 2355 et
1778 2337 1821 2356 rc<

1032 2372 1177 2408 liquorum,
1205 2372 1388 2401 ecclesiastica
1412 2372 1594 2407 relinquentes
1616 2374 1819 2409 collegia,apu:l

1032 2418 1190 2453 semetipsos
1200 2411 1492 2451 conveniebantro‘uos
1507 2419 1621 2446 universi
1632 2418 1821 2447 Eustathianos

1031 2463 1211 2499 appellabant,
1226 2463 1289 2498 quia
1304 2468 1364 2498 post
1378 2471 1514 2498 egressum
1530 2464 1600 2491 illius
1623 2471 1744 2491 seorsum
1756 2474 1821 2492 eon-

1030 2510 1218 2544 gregabantur.
1232 2508 1318 2537 Porro
1332 2510 1427 2537 mulier
1440 2510 1483 2536 illa
1497 2514 1537 2537 ter
1551 2510 1647 2537 misera
1669 2510 1820 2545 passionem

1030 2555 1208 2583 crudelissimi
1223 2554 1358 2588 languoris
1369 2554 1520 2587 incurrens,
1547 2554 1730 2581 manifestavit
1759 2555 1821 2582 insi-

1031 2600 1106 2633 dias;
1127 2604 1154 2626 et
1170 2599 1241 2627 illam
1260 2599 1394 2633 tragmdite
1405 2599 1626 2633 compositionem
1644 2600 1744 2634 pariter
1757 2608 1821 2627 enu~

1032 2645 1115 2676 davit.
1132 2652 1184 2672 non
1195 2644 1299 2671 duobus
1310 2644 1352 2671 vel
1368 2643 1464 2678 tribus,
1475 2644 1521 2671 sed
1545 2644 1636 2673 multis
1657 2645 1733 2673 valde
1756 2646 1821 2680 [ed.,

1034 2690 1189 2726 admodum]
1200 2690 1396 2723 sacerdotibus,
1419 2698 1478 2724 quat
1499 2691 1656 2718 concinnata
1665 2692 1821 2721 videbantur

1035 2738 1182 2766 insinuans.
1191 2736 1235 2763 Ait
1247 2736 1318 2763 enim
1332 2745 1381 2771 pro
1393 2738 1512 2773 pecuniis
1524 2738 1595 2765 illam
1606 2747 1635 2765 se
1655 2739 1742 2767 facere
1757 2748 1788 2775 pr
1798 2757 1803 2767 ι
1815 2758 1824 2763 -

1035 2783 1179 2817 sumpsisse
1189 2781 1363 2810 calumniam.
1378 2782 1566 2819 Jusjurandum
1583 2789 1673 2812 tamen
1698 2794 1752 2813 non
1767 2795 1811 2814 om

230 2859 242 2873 ι
257 2854 332 2882 Alter
345 2856 467 2884 codicum
480 2857 633 2886 Graecorum
652 2861 788 2891 Il).zz:‘){iq-
799 2860 916 2888 habebat
929 2884 936 2894 ,
949 2862 1016 2889 alter
1034 2863 1163 2898 t-iuzeiw.
