4074 6192
449 326 478 376 i1
486 329 554 383 45

1649 324 1719 380 Μ.
1764 321 2039 379 AUREI."
2078 321 2475 378 CASSIODORI

3624 318 3725 397 eis

438 445 562 503 nino
594 441 754 500 fuisse
786 441 996 505 falsum,
1024 439 1147 510 quia
1178 437 1268 493 ille
1296 436 1470 493 infans
1498 436 1564 492 de
1593 453 1701 509 quo
1747 435 2028 506 iuraverat
2060 442 2100 497 Λ
2135 436 2390 492 adversus
2417 437 2602 494 hostes
2623 438 2695 494 ita
2722 441 2900 495 cuncti
2924 439 3433 508 commovebantur,
3483 447 3546 494 ut
3592 452 3730 510 pene

439 535 582 591 illius
604 531 1028 602 eratcojusdam
1060 529 1328 585 Eustatbii
1360 530 1590 596 nomine,
1618 530 1753 585 fabri
1798 528 2028 589 ferrarii,

438 626 856 692 Tusonoaerus,
885 623 975 677 lib.
1005 639 1042 691 ι,
1067 639 1186 692 cap.
1214 620 1302 688 21,
1334 640 1388 691 p.
1416 619 1503 676 52.

1025 751 1255 809 CAPUT
1279 751 1373 806 XX
1388 754 1446 807 V.

509 868 587 924 De
609 848 860 923 divisione
880 865 1182 919 Antioc/ieni
1210 865 1388 936 populi
1403 874 1612 936 propter
1639 864 1990 920 Eustathium.

509 976 662 1033 Tunc
688 977 846 1045 igitur
870 976 919 1029 in
950 974 1232 1029 Antiochia
1261 974 1440 1043 gravis
1468 974 1661 1030 seditio
1683 975 1748 1029 de.
1764 973 2031 1032 Eustathii

435 1068 773 1140 depositione
799 1066 1053 1133 surrexit,
1080 1074 1134 1120 ct
1190 1074 1376 1135 postea
1415 1065 1482 1120 de
1532 1066 1875 1137 episcopatus
1928 1068 2029 1124 ele-

432 1163 614 1219 ctione
645 1170 821 1215 tantus
848 1159 984 1229 ignis
1014 1174 1271 1214 accensus
1295 1167 1399 1224 est,
1432 1167 1487 1213 ut
1522 1174 1660 1228 pene
1687 1159 1875 1215 civitas
1904 1160 2025 1215 uni—

432 1270 587 1309 versa
612 1251 900 1323 deperiret,
934 1250 1136 1321 popqu
1168 1250 1218 1302 in
1246 1249 1378 1303 duas
1402 1260 1587 1320 partes
1615 1250 1928 1305 dissidente.
1961 1249 2029 1306 Et

431 1345 550 1399 aliis
571 1344 786 1413 quidem
818 1340 1105 1396 Eusebium
1156 1337 1455 1395 Palaestinae
1479 1341 1754 1396 transferri
1799 1350 2028 1398 conten-

334 1464 346 1474 -
433 1437 686 1493 dentibus
712 1436 763 1489 in
797 1432 1156 1497 Antiochiam,
1201 1430 1321 1484 aliis
1351 1439 1531 1485 autem
1579 1431 1919 1488 studentibus
1968 1441 2028 1487 ut

434 1536 794 1582 reverteretur
821 1523 1151 1579 Eustathius.
1182 1521 1313 1577 Erat
1342 1520 1482 1578 enim
1516 1522 1567 1575 in
1590 1529 1819 1593 utraque
1874 1532 2030 1594 parte

431 1629 485 1673 et
513 1618 743 1689 populus
770 1616 1022 1683 civitatis,
1057 1621 1109 1666 et
1143 1613 1387 1670 militaris
1418 1628 1628 1677 manus,
1659 1622 1715 1669 et
1771 1622 2029 1686 tanquam

2139 528 2383 597 usquead
2402 529 2608 598 gladios
2629 531 2991 600 pervenirent,
3013 531 3112 587 nisi
3127 531 3507 587 Deusettimor
3527 530 3731 603 princig

2143 619 2226 689 pis
2240 619 2540 677 cohiberet.
2571 621 2703 677 Nam
2732 623 3146 694 imperatorsuis
3158 623 3730 693 epistolisseditionem

2138 712 2492 782 compescuit.
2534 712 2796 769 Eusebius
2847 722 3030 769 autem
3085 712 3384 769 Palzestinze
3431 713 3732 786 repudiavit

2141 802 2264 876 [ms.
2296 801 2512 868 Μερόη
2546 803 2875 876 repedavit};
2909 805 3054 875 quod
3102 805 3397 871 admiratus
3438 807 3732 883 imperator

2137 895 2412 967 scripsitei
2441 914 2454 949 :
2478 896 2812 967 propositum
2838 897 3079 964 laudans,
3113 913 3344 969 eumque
3369 898 3586 964 beatum
3616 898 3729 954 cla-

2137 1003 2310 1053 mans,
2352 997 2406 1042 et
2434 988 2576 1057 quod
2607 1005 2715 1043 non
2742 990 2901 1044 unius
2940 989 3193 1056 civitatis,
3244 990 3339 1045 sed
3370 989 3534 1045 totius
3586 988 3731 1046 orbis

2136 1077 2316 1147 potius
2344 1078 2504 1147 digne
2534 1078 2917 1134 decerneretur
2939 1081 3245 1150 episcopus.
3301 1082 3376 1135 De
3403 1092 3601 1136 θεοτετο
3631 1098 3730 1136 au-

2132 1181 2240 1228 tem
2272 1187 2369 1242 per
2398 1187 2570 1228 annos
2597 1182 2723 1229 octo
2754 1174 3315 1229 diciturAntiochena:
3355 1173 3609 1229 Ecclesia:
3638 1190 3729 1229 va.

2131 1276 2283 1335 casse
2312 1262 2489 1317 sedes.
2523 1261 2762 1318 Tandem
2778 1279 2908 1319 vero
2935 1264 3111 1319 studio
3137 1264 3477 1320 inimicorum
3503 1265 3728 1321 Nicaeum

2135 1350 2282 1420 fidei,
2307 1351 2594 1407 ordinatur
2622 1352 2987 1424 Euphronius.
3022 1355 3115 1409 llis
3146 1337 3307 1425 igitur
3359 1356 3410 1410 in
3447 1356 3552 1421 hoc
3577 1357 3729 1421 volu-

2129 1444 2278 1499 mine
2331 1446 2435 1500 rite
2495 1448 2787 1510 contextis,
2832 1455 3044 1516 tempus
3068 1454 3171 1509 est
3201 1455 3260 1502 ut
3306 1447 3582 1516 sequentis
3610 1447 3730 1503 libri

2131 1533 2416 1589 ordinetur
2445 1536 2575 1608 [ed.,
2606 1534 2906 1608 ordiamur]
2951 1536 3184 1591 initium.
3240 1538 3539 1604 Somnus,
3575 1538 3665 1597 lib.
3690 1554 3729 1607 ι,

2133 1639 2254 1694 cap.
2289 1623 2378 1680 18.
2404 1624 2548 1681 Edit.
2577 1626 2770 1681 Christ.
2815 1625 2989 1682 Vales.
3019 1644 3138 1698 cap.
3168 1627 3256 1694 24,
3281 1647 3335 1700 p.
3362 1628 3449 1687 59.

431 1739 3710 1777 MM

1618 1804 1969 1916 LIBER
2048 1836 2595 1926 TERTIUS.

1831 1957 2326 1982 _——————w

850 2020 1012 2093 236
1045 2018 1275 2077 CAPUT
1301 2017 1589 2076 PRHIUM.

536 2115 611 2173 De
632 2114 968 2171 conversione
987 2114 1156 2187 gentis
1188 2112 1439 2168 Indorum
1457 2120 1610 2185 atque
1632 2113 1930 2173 Persarum.

509 2252 565 2309 In
596 2251 930 2324 temporibus
978 2249 1215 2335 religiosi
1263 2249 1523 2320 principis
1559 2249 1919 2322 Constantini,
1978 2263 2034 2311 et

432 2344 688 2403 ludorum
720 2352 911 2413 gentes
939 2351 996 2396 et
1025 2339 1302 2396 lbet-orum
1331 2340 1623 2397 Christiani
1655 2341 1923 2413 dogmatis
1952 2361 2032 2402 ru-

433 2438 669 2493 dimenta
699 2440 1075 2505 susceperunt.
1102 2432 1209 2489 Sed
1237 2432 1402 2488 etiam
1432 2430 1715 2490 Armenios
1738 2442 1867 2492 tunc
1920 2437 2032 2508 pri-

435 2548 580 2588 mum
609 2529 785 2585 audivi
810 2528 1145 2586 Christianos
1178 2527 1420 2584 effectos.
1449 2528 1614 2584 Aiunt
1655 2532 1799 2586 enim
1829 2532 2034 2587 Tirida.

435 2632 542 2680 tem
565 2636 747 2691 regem
790 2628 916 2676 tunc
975 2620 1152 2691 gentis
1189 2620 1331 2675 illius
1379 2636 1446 2676 ex
1494 2622 1730 2692 quodam
1793 2625 2031 2681 mirabili

435 2716 588 2783 signo
612 2711 729 2777 Dei,
761 2710 904 2781 quod
946 2710 1090 2766 circa
1122 2710 1239 2780 ejus
1261 2710 1481 2767 domum
1521 2714 1723 2782 evenit,
1764 2713 2034 2772 Christia-

434 2822 561 2862 num
591 2804 751 2860 fuisse
777 2804 995 2868 factum,
1020 2810 1075 2857 et
1101 2818 1291 2858 omnes
1313 2804 1469 2858 simul
1516 2803 1634 2874 ejus
1665 2806 1855 2863 ditioni
1907 2809 2032 2865 sub-

432 2897 608 2969 jectos
664 2911 765 2950 una
823 2896 1188 2966 przcceptione
1229 2896 1457 2966 iussisse
1518 2905 1575 2952 ut
1624 2898 1871 2954 similiter
1920 2899 2032 2957 Deo

435 2990 573 3047 colla
605 2990 1002 3045 submitterent.
1052 2987 1200 3045 Unde
1243 3000 1298 3045 et
1345 2990 1484 3061 apud
1515 2998 1742 3047 cmtcros
1789 2992 2033 3050 confines

437 3079 803 3134 Christianum
837 3078 1030 3147 dogma
1057 3078 1321 3141 transivit,
1355 3088 1410 3134 et
1463 3081 1803 3137 multitudine
1846 3083 2033 3142 dilata-

436 3182 548 3227 tmn
598 3179 700 3226 est.
776 3169 931 3240 Apud
974 3170 1163 3224 Persas
1231 3178 1411 3225 autem
1461 3171 1670 3226 initium
1723 3171 2033 3230 Christiani-

438 3264 562 3317 tatis
590 3263 798 3317 :estimo
823 3261 1173 3325 celebratum,
1199 3260 1328 3315 dum
1362 3261 1578 3330 quidam
1632 3279 1821 3318 eorum
1871 3278 2032 3320 occa-

436 3358 590 3413 sione
619 3354 929 3411 commercii
960 3353 1026 3408 ad
1051 3350 1334 3408 Ostroinos
1368 3362 1423 3407 et
1480 3354 1546 3409 ad
1606 3356 1888 3429 Armenios
1944 3371 2031 3412 ve-

439 3450 668 3513 nientes,
699 3455 760 3502 ut
780 3438 1002 3515 assolet,
1024 3446 1227 3502 sanctis
1262 3447 1364 3501 illis
1410 3448 1851 3518 colloquerentur
1877 3449 2026 3516 viris,

437 3544 689 3596 eteorum
720 3539 944 3593 virtutes
971 3538 1363 3608 caperircntur.
1388 3538 1681 3605 50203153.,
1707 3539 1796 3592 lib.
1824 3555 1858 3595 ιι
1909 3556 2025 3611 cap.

438 3629 494 3688 ’1.
522 3628 667 3686 Edit.
700 3626 891 3684 Christ.
930 3627 1106 3682 Vales.
1141 3644 1256 3697 cap.
1293 3627 1346 3693 8,
1371 3645 1423 3699 p.
1458 3626 1581 3681 454.

1064 3778 1291 3836 CAPUT
1328 3777 1389 3834 ll.

441 3903 708 3967 Quomoac
742 3897 903 3950 fodiri
928 3893 1252 3967 Christianos
1277 3894 1628 3967 accusaverim
1650 3894 1790 3967 apud
1813 3892 2025 3957 Persas,
2052 3913 2059 3919 '

561 3974 614 4035 ,θ’
667 3982 714 4022 ρι
763 3968 961 4038 quanti,
1015 3976 1062 4016 et
1107 3963 1287 4035 quibus
1336 3964 1501 4016 modis
1540 3964 1683 4033 passi
1739 3966 1841 4017 sint
1891 3967 2032 4035 apud

513 3990 543 4098 Ἰ
561 3990 614 4035 ιι,
667 3990 714 4022 η

547 4048 725 4095 ’ersas.

514 4151 753 4219 Cumque
770 4155 1010 4219 tempore
1025 4145 1688 4222 procedentecrescerent,
1704 4156 1763 4204 et
1775 4149 2033 4203 ecclesias

438 4252 495 4299 et
522 4240 837 4299 sacerdotes
867 4237 1069 4310 pariter
1122 4244 1458 4306 ceterosque
1509 4237 1789 4313 ministros
1832 4239 2033 4295 habere

438 4341 736 4405 creperum.
756 4329 874 4385 Hoc
894 4337 1074 4383 autem
1099 4326 1297 4382 factum
1313 4343 1420 4384 non
1449 4328 1797 4385 mediocriter
1828 4331 2033 4386 contri-

439 4428 619 4481 stabat
644 4437 853 4492 magos,
876 4421 969 4491 qui
998 4420 1316 4490 religionem
1342 4422 1655 4487 Persarum,
1685 4423 1850 4478 veluti
1897 4438 2034 4494 quze-

439 4519 562 4570 dam
591 4512 947 4570 sacerdotalis
977 4512 1167 4575 tribus,
1218 4527 1316 4582 per
1370 4513 1775 4570 successionem
1821 4515 2034 4583 generis

438 4610 507 4663 ah
532 4606 685 4662 initio
728 4605 1076 4659 commissam
1126 4604 1329 4659 habere
1369 4614 1685 4661 noscuntur.
1747 4605 2032 4661 Afticiebat

439 4702 582 4757 enim
612 4699 666 4754 id
689 4697 855 4753 etiam
880 4694 1095 4751 Judmos
1118 4697 1437 4781 natqraliter
1454 4697 1856 4767 quodammodo
1883 4698 2033 4752 Citri-

438 4791 598 4850 stiani
625 4789 895 4860 dogmatis
933 4788 1198 4844 inimicos.
1258 4790 1601 4861 Quapropter
1643 4802 2033 4847 accusaverunt

442 4884 581 4956 apud
602 4881 866 4953 Saporem
894 4888 1024 4935 tunc
1051 4894 1233 4957 regem
1285 4878 1611 4951 Symeonem
1659 4880 2026 4950 archiepisco-

438 4991 563 5044 pum
585 4972 846 5028 Seleucia:
869 4980 923 5025 ει
954 4970 1322 5041 Ctesiphontis
1374 4970 1650 5026 civitatum
1702 4971 1754 5024 in
1814 4971 2031 5028 Perside

439 5063 719 5132 regalium,
739 5071 995 5130 tauquam
1026 5061 1231 5115 amicus
1262 5070 1401 5116 esset
1432 5059 1627 5116 Caesari
1663 5061 2029 5119 Romanorum

361 5144 370 5149 ’
438 5152 890 5224 eiquePet‘sarmn
946 5151 1159 5220 negotia
1218 5151 1512 5222 depalarct.
1558 5153 1795 5210 Creticus
1849 5163 2031 5210 autem

439 5248 875 5315 derogationibus
905 5248 987 5302 his
1014 5248 1270 5317 Sapores,
1301 5248 1532 5317 primum
1562 5248 1777 5317 quidem
1816 5250 2033 5305 tributis

438 5338 714 5391 immensis
733 5338 1069 5393 Christianos
1098 5338 1385 5407 alliciebat,
1404 5354 1469 5393 eo
1482 5341 1624 5409 quod
1655 5340 1916 5410 plurimos
1937 5357 2030 5396 co-

438 5443 556 5481 rum
586 5435 928 5495 agnosceret,
959 5428 1049 5496 qui
1099 5437 1472 5498 paupertatem
1522 5431 1692 5497 magis
1731 5430 2029 5500 eligerent;
2060 5461 2062 5464 ν

440 5519 853 5588 crudelibusque
880 5519 1011 5574 viris
1042 5520 1348 5589 huiusmodi
1400 5521 1714 5577 exactiones
1784 5521 2034 5591 injunxit,

438 5621 704 5681 quatenus
734 5626 798 5665 ex
827 5619 1066 5679 egestate
1080 5614 2038 5681 pecuniarum,etnimietateexacto-

438 5717 555 5756 rum
578 5703 685 5763 vim
718 5703 881 5771 passi,
912 5702 1144 5773 propria:
1158 5703 1430 5773 religionis
1452 5702 1572 5773 jura
1606 5711 2034 5759 contemnerent.

442 5792 573 5845 l‘ost
602 5792 717 5846 lucc
745 5799 925 5847 autem
947 5793 1259 5849 sacerdotes
1286 5794 1673 5864 ministrosque
1722 5793 1817 5850 Dei
1846 5795 2036 5863 gladiis

442 5880 746 5935 minacibus
774 5882 1072 5948 interemit,
1105 5884 1357 5938 ecclesias
1381 5882 1663 5947 subvertit,
1688 5892 1742 5939 et
1788 5900 1914 5939 vasa
1939 5900 2034 5941 ea-

2054 2033 2098 2099 B
2125 2043 2242 2084 rum
2264 2031 2452 2086 omnia
2466 2030 2780 2101 publicavit.
2805 2030 3130 2103 Symconcm
3164 2046 3292 2087 vero
3336 2029 3531 2087 deduc!
3568 2030 3727 2102 iussi.

2135 2122 2201 2179 ad
2231 2136 2310 2186 se,
2344 2131 2596 2191 tanquam
2627 2123 2958 2194 proditorem
2979 2124 3260 2178 l'crsarnm
3279 2137 3425 2192 regni
3449 2134 3611 2193 atque
3641 2139 3727 2180 re-

2133 2209 2367 2282 ligionis.
2422 2212 2561 2284 Magi
2603 2215 2892 2286 siquidem,
2941 2219 3320 2271 auxiliantibus
3368 2217 3466 2271 sibi
3508 2215 3726 2272 «intimis.

2134 2326 2255 2366 cum
2301 2310 2647 2367 festinatione
2676 2322 2893 2366 sanctas
2947 2314 3203 2366 ecclesias
3238 2314 3601 2367 destruebant.
3631 2311 3722 2383 Sy-

2133 2419 2293 2458 meon
2316 2413 2495 2460 autem
2528 2407 2971 2476 comprehcnsm,
2998 2405 3249 2472 lcrroqnc
3279 2412 3508 2470 vinctus,
3540 2408 3605 2458 ad
3645 2421 3728 2461 re~

2132 2510 2256 2567 gem
2288 2512 2458 2566 usque
2482 2496 2783 2553 deducitur.
2813 2497 2911 2564 Qui
2947 2514 3022 2551 vir
3052 2498 3273 2551 (‘nt'tlllS
3299 2506 3381 2552 est
3408 2508 3650 2564 magnus,
3673 2504 3729 2550 et

2135 2591 2285 2645 omni
2316 2590 2631 2647 fortitudine
2663 2596 2953 2661 pretiosus.
2984 2590 3114 2645 Diam
3141 2606 3260 2644 cuin
3290 2605 3414 2645 cum
3470 2602 3727 2658 torquen-

2132 2678 2258 2737 dum
2284 2679 2521 2751 Sapores
2536 2680 2778 2749 jussissct
2813 2682 3105 2742 introduci,
3134 2693 3309 2750 neque
3333 2690 3527 2737 linunt.
3556 2694 3729 2748 neque

2134 2771 2401 2829 adoravit.
2439 2769 2544 2826 Pro
2567 2787 2671 2840 qua
2701 2786 2758 2827 re
2786 2771 3158 2833 vehementius
3200 2770 3453 2831 cﬂeratus
3500 2770 3729 2837 res,.in~

2134 2865 2354 2935 quisivit
2373 2880 2469 2921 cur
2491 2882 2597 2920 non
2622 2864 2923 2931 adorasset,
2948 2865 3147 2935 quippe
3175 2863 3321 2934 quod
3376 2864 3524 2935 prius
3553 2863 3729 2920 facere

2135 2965 2512 3013 consueverat.
2546 2956 2624 3010 Διι
2662 2971 2822 3025 qticm
2859 2956 3092 3027 Symcon
3122 2973 3134 3009 :
3169 2953 3322 3010 Prius
3364 2954 3583 3025 quidem
3622 2968 3726 3010 neu

2134 3050 2348 3106 vinctus
2368 3050 2703 3116 adducebar,
2729 3059 2787 3104 ut
2809 3063 3060 3119 negarem
3090 3049 3201 3103 veri
3236 3047 3328 3103 Dei
3356 3048 3644 3116 culturam,
3674 3057 3730 3102 ct

2136 3142 2268 3196 nihil
2300 3141 2367 3196 .in
2418 3141 2525 3197 hoc
2570 3141 2845 3206 dubitans,
2876 3155 2995 3210 qua:
3041 3149 3166 3195 sunt
3185 3139 3446 3196 solemnia
3473 3139 3613 3209 regis
3639 3140 3728 3193 im-

2134 3222 2547 3303 piebam;nunc
2612 3242 2792 3288 autem
2846 3233 2926 3288 fas
2982 3231 3111 3285 mihi
3159 3247 3266 3286 non
3312 3239 3397 3287 est
3448 3229 3553 3286 hoc
3605 3243 3731 3298 age-

2136 3339 2216 3380 re.
2286 3323 2421 3379 Veni
2473 3339 2706 3394 namque
2744 3339 2842 3395 pro
2891 3332 3077 3378 nostro
3118 3321 3369 3392 dogmate
3400 3332 3478 3376 .et
3529 3321 3732 3392 pietate

2061 3424 2106 3488 ο
2136 3413 2530 3470 decertaturus.
2579 3413 2708 3471 llaec
2760 3415 3035 3469 dicentem
3094 3408 3355 3486 meum
3429 3429 3521 3468 rex
3600 3414 3730 3469 ado-

2134 3521 2257 3562 rare
2286 3506 2444 3578 237
2493 3506 2695 3569 solem,
2738 3513 2796 3561 et
2839 3505 3055 3560 facienti
3103 3505 3330 3575 plurima
3373 3519 3434 3560 se
3477 3502 3728 3558 daturum

2131 3614 2257 3655 cum
2282 3599 2519 3663 maxime
2544 3599 2749 3654 honore
2777 3613 2998 3654 munera
3022 3597 3424 3669 eompromisit;
3454 3597 3728 3653 reluctan-

2140 3698 2245 3745 tem
2273 3706 2404 3746 vero
2434 3690 2807 3747 interminatus
2830 3698 2916 3745 est
2943 3704 3062 3745 esse
3091 3690 3408 3745 moriturum
3430 3697 3485 3743 ct
3511 3705 3728 3744 omnem

2134 3780 2563 3837 Christianowm
2601 3790 2842 3849 gentem.
2881 3779 3123 3851 Cumque
3151 3796 3252 3836 nec
3292 3780 3603 3836 terroribus.
3630 3798 3729 3850 po-

2134 3873 2327 3927 tuisset
2363 3885 2583 3927 movere
2611 3870 2969 3941 Symeoncm,
3014 3887 3117 3927 nec
3145 3872 3383 3927 mulcere
3412 3873 3728 3942 promissio—

2134 3964 2314 4032 nibus,
2361 3963 2457 4019 sed
2502 3961 2712 4020 fortiter
2761 3975 3136 4035 permaneret,
3188 3980 3460 4034 nunquam
3502 3960 3729 4033 'qnoque

2136 4056 2385 4111 adoraret
2413 4055 2617 4124 solem,
2647 4073 2715 4112 ne
2745 4058 2988 4128 proditor
3015 4073 3123 4113 sua:
3153 4059 3425 4127 religionis
3451 4059 3728 4117 existeret.

2132 4149 2392 4219 praecepit
2412 4164 2535 4204 eum
2562 4150 2614 4203 in
2641 4149 2867 4205 vinculis
2888 4151 3140 4213 retineri,
3172 4151 3401 4205 credens
3421 4166 3542 4204 eum
3571 4166 3729 4220 posse

2134 4241 2295 4309 longo
2326 4250 2570 4311 tempore
2595 4242 2884 4296 declinare.
2917 4241 3161 4310 Cumque
3190 4243 3478 4297 duceretur
3505 4244 3571 4295 ad
3603 4257 3725 4296 car-

2135 4344 2347 4398 cerem,
2402 4333 2532 4388 vidit
2583 4349 2709 4389 eum
2763 4332 3052 4389 Ustazades
3108 4335 3247 4407 [nl.,
3312 4333 3623 4400 Ustazancs,
3676 4342 3731 4388 et

2139 4422 2445 4495 Ustazarcs]
2467 4424 2649 4479 senior
2669 4424 2883 4494 quidam
2907 4425 3206 4492 eunuchus,
3231 4425 3463 4480 nutritor
3485 4423 3728 4495 Saporis,

2135 4525 2192 4571 et
2218 4517 2391 4587 major
2417 4516 2576 4584 regia:
2602 4517 2814 4581 domus,
2866 4515 2931 4570 Et
2961 4532 3289 4586 consurgens
3313 4517 3557 4572 adoravit
3584 4533 3705 4572 cum

2136 4606 2371 4663 Sedcbat
2402 4622 2631 4676 namque
2661 4619 2787 4663 ante
2827 4607 3021 4677 januas
3068 4610 3239 4677 regis;
3280 4624 3446 4678 quem
3496 4609 3733 4681 Symeon

2138 4698 2430 4769 increpavit
2460 4699 2740 4768 injuriosc,
2773 4708 2831 4754 ct
2855 4716 2976 4754 cum
3007 4700 3184 4755 furore
3212 4699 3483 4767 ειμιιιειγίί,
3514 4714 3730 4756 κίνει-εῖν

2139 4800 2331 4860 tusque
2359 4789 2624 4858 despexit.
2659 4788 2705 4845 Is
2735 4790 2877 4844 enim
2907 4789 3034 4844 dum
3062 4788 3398 4845 Christianus
3424 4798 3587 4852 esset,
3622 4803 3731 4844 non

2134 4889 2281 4936 ante—
2313 4879 2539 4934 nmltum
2571 4888 2785 4949 tempus
2814 4896 2919 4933 vim
2952 4897 3139 4952 passus
3168 4881 3491 4937 adoraverat
3534 4879 3728 4949 solem.

2140 4971 2258 5038 Quo
2288 4972 2446 5035 facto,
2486 4980 2711 5039 repente
2740 4971 2871 5026 ﬂens
2898 4972 3197 5035 eunuchus,
3227 4987 3349 5026 cum
3378 4970 3616 5039 .gcmitu
3637 4984 3718 5026 ve-

2140 5071 2276 5116 stem
2301 5062 2518 5132 quidem
2550 5062 2752 5117 claram
2798 5078 2902 5132 qua
2957 5063 3173 5117 indutus
3215 5072 3334 5119 erat
3384 5073 3581 5117 exutus
3628 5069 3732 5126 est,

2140 5162 2190 5209 et
2218 5148 2492 5222 lugubrem
2523 5154 2793 5223 accipiens
2821 5154 3100 5218 amictum,
3129 5163 3254 5208 ante
3280 5153 3501 5207 domum
3530 5154 3731 5222 regiam

2126 5246 2364 5301 sedebat
2406 5245 2538 5300 licus
2579 5255 2740 5314 atque
2780 5258 3040 5312 gemens:
3076 5242 3221 5299 llcn!
3273 5243 3474 5312 inquit,
3516 5242 3735 5312 qualem

2139 5336 2355 5392 credam
2385 5350 2503 5390 esse
2529 5336 2669 5389 circa
2700 5350 2785 5389 me
2818 5334 3020 5400 Deum,
3047 5349 3207 5404 quem
3238 5348 3340 5403 ego
3370 5335 3580 5402 negavi,
3606 5334 3736 5387 dmn

2144 5442 2241 5495 pro
2289 5424 2392 5480 hac
2441 5439 2604 5479 causa
2654 5423 2854 5478 dudum
2898 5425 3247 5478 amicissimus
3295 5422 3529 5494 Syrticon
3562 5436 3740 5492 neque

2120 5517 2366 5571 verbum
2399 5516 2527 5570 mihi
2557 5516 2881 5581 reddiderit,
2914 5523 2971 5570 ct
2999 5515 3076 5570 sic
3101 5524 3379 5571 aversatus
3405 5530 3523 5570 cum
3551 5515 3747 5569 furore

2144 5611 2482 5666 transit-erit?
2518 5608 2762 5679 Cumque
2788 5611 2901 5664 haec
2927 5608 3162 5680 Sapores
3191 5610 3457 5676 audisset,
3493 5622 3744 5669 evocans

2142 5708 2297 5769 eum,
2326 5716 2546 5756 causam
2576 5703 2751 5757 luctus
2781 5701 3074 5772 inquisivit,
3124 5713 3219 5755 aut
3255 5703 3300 5756 si
3351 5716 3455 5771 qua
3496 5701 3547 5759 ei
3588 5702 3741 5757 circa

2143 5793 2363 5850 domum
2405 5809 2644 5849 :erumna
2688 5788 2994 5864 contigerit.
3030 5792 3381 5864 Restpondens
3420 5792 3741 5863 Ustazades,

2141 5882 2327 5940 εἶιεο
2376 5899 2495 5951 rex,
2549 5885 2680 5940 nihil
2728 5885 2781 5940 in
2822 5883 2978 5952 hujus
3016 5885 3196 5939 smculi
3244 5885 3408 5939 domo
3455 5885 3739 5941 infortunii
