  <div class='ocr_page' id='page_1' title='image "/cluster/home/n/w/nwhite01/storage/ocr_20150623/69/hvd.32044054758727/500.png"; bbox 0 0 3998 6166; ppageno 0'>
   <div class='ocr_carea' id='block_1_1' title="bbox 352 329 474 383">
    <p class='ocr_par' dir='ltr' id='par_1_1' title="bbox 352 329 474 383">
     <span class='ocr_line' id='line_1_1' title="bbox 352 329 474 383; baseline -0.008 0"><span class='ocrx_word' id='word_1_1' title='bbox 352 331 403 383; x_wconf 64' lang='grc' dir='ltr'><em>Ὁ</em></span> <span class='ocrx_word' id='word_1_2' title='bbox 417 329 474 382; x_wconf 78' lang='lat' dir='ltr'><strong>i5</strong></span> 
     </span>
    </p>
   </div>
   <div class='ocr_carea' id='block_1_2' title="bbox 1438 333 2594 391">
    <p class='ocr_par' dir='ltr' id='par_1_2' title="bbox 1438 333 2594 391">
     <span class='ocr_line' id='line_1_2' title="bbox 1438 333 2594 391; baseline -0.001 -4"><span class='ocrx_word' id='word_1_3' title='bbox 1438 336 1751 391; x_wconf 68' lang='lat' dir='ltr'><strong>liiSTOi‘iM</strong></span> <span class='ocrx_word' id='word_1_4' title='bbox 1794 333 2229 388; x_wconf 70' lang='lat' dir='ltr'><strong>&#39;l‘liiPAiiTl&#39;i‘A.</strong></span> <span class='ocrx_word' id='word_1_5' title='bbox 2277 334 2472 389; x_wconf 80' lang='lat' dir='ltr'><strong>LIBER</strong></span> <span class='ocrx_word' id='word_1_6' title='bbox 2514 334 2594 387; x_wconf 82' lang='lat' dir='ltr'><strong>lil.</strong></span> 
     </span>
    </p>
   </div>
   <div class='ocr_carea' id='block_1_3' title="bbox 3534 332 3638 387">
    <p class='ocr_par' dir='ltr' id='par_1_3' title="bbox 3534 332 3638 387">
     <span class='ocr_line' id='line_1_3' title="bbox 3534 332 3638 387; baseline -0.048 0"><span class='ocrx_word' id='word_1_7' title='bbox 3534 332 3638 387; x_wconf 63' lang='lat'><strong>94:;</strong></span> 
     </span>
    </p>
   </div>
   <div class='ocr_carea' id='block_1_4' title="bbox 362 447 3639 522">
    <p class='ocr_par' dir='ltr' id='par_1_4' title="bbox 362 447 3639 522">
     <span class='ocr_line' id='line_1_4' title="bbox 362 447 3639 522; baseline 0.001 -22"><span class='ocrx_word' id='word_1_8' title='bbox 362 460 561 516; x_wconf 77' lang='lat' dir='ltr'><strong>passus</strong></span> <span class='ocrx_word' id='word_1_9' title='bbox 588 461 724 501; x_wconf 88' lang='lat' dir='ltr'><strong>sum.</strong></span> <span class='ocrx_word' id='word_1_10' title='bbox 784 447 995 505; x_wconf 87' lang='lat' dir='ltr'><strong>Utinam</strong></span> <span class='ocrx_word' id='word_1_11' title='bbox 1028 466 1124 521; x_wconf 87' lang='lat' dir='ltr'><strong>pro</strong></span> <span class='ocrx_word' id='word_1_12' title='bbox 1154 450 1238 506; x_wconf 88' lang='lat' dir='ltr'><strong>bis</strong></span> <span class='ocrx_word' id='word_1_13' title='bbox 1263 452 1538 519; x_wconf 68' lang='lat' dir='ltr'><strong>quaeutibi</strong></span> <span class='ocrx_word' id='word_1_14' title='bbox 1570 467 1712 506; x_wconf 86' lang='lat' dir='ltr'><strong>nunc</strong></span> <span class='ocrx_word' id='word_1_15' title='bbox 1756 463 1954 505; x_wconf 84' lang='lat' dir='ltr'><strong>evene-</strong></span> <span class='ocrx_word' id='word_1_16' title='bbox 1983 454 2032 509; x_wconf 78' lang='grc' dir='ltr'>Α</span> <span class='ocrx_word' id='word_1_17' title='bbox 2057 451 2259 519; x_wconf 86' lang='lat' dir='ltr'><strong>pariter</strong></span> <span class='ocrx_word' id='word_1_18' title='bbox 2287 451 2537 507; x_wconf 83' lang='lat' dir='ltr'><strong>adorare.</strong></span> <span class='ocrx_word' id='word_1_19' title='bbox 2568 451 2808 519; x_wconf 88' lang='lat' dir='ltr'><strong>Cumque</strong></span> <span class='ocrx_word' id='word_1_20' title='bbox 2838 449 2975 504; x_wconf 88' lang='lat' dir='ltr'><strong>banc</strong></span> <span class='ocrx_word' id='word_1_21' title='bbox 3001 450 3425 522; x_wconf 77' lang='lat' dir='ltr'><strong>mitius-eligeret</strong></span> <span class='ocrx_word' id='word_1_22' title='bbox 3454 450 3639 513; x_wconf 80' lang='lat' dir='ltr'><strong>vitam,</strong></span> 
     </span>
    </p>
   </div>
   <div class='ocr_carea' id='block_1_5' title="bbox 350 537 1958 611">
    <p class='ocr_par' dir='ltr' id='par_1_5' title="bbox 350 537 1958 611">
     <span class='ocr_line' id='line_1_5' title="bbox 350 537 1958 611; baseline 0.002 -20"><span class='ocrx_word' id='word_1_23' title='bbox 350 545 518 601; x_wconf 24' lang='lat' dir='ltr'><strong>rruut,</strong></span> <span class='ocrx_word' id='word_1_24' title='bbox 539 537 593 592; x_wconf 86' lang='lat' dir='ltr'><strong>in</strong></span> <span class='ocrx_word' id='word_1_25' title='bbox 614 539 887 594; x_wconf 85' lang='lat' dir='ltr'><strong>universas</strong></span> <span class='ocrx_word' id='word_1_26' title='bbox 907 542 1244 598; x_wconf 88' lang='lat' dir='ltr'><strong>calamitates</strong></span> <span class='ocrx_word' id='word_1_27' title='bbox 1263 541 1395 597; x_wconf 86' lang='lat' dir='ltr'><strong>alias</strong></span> <span class='ocrx_word' id='word_1_28' title='bbox 1418 542 1749 598; x_wconf 85' lang='lat' dir='ltr'><strong>incidissem!</strong></span> <span class='ocrx_word' id='word_1_29' title='bbox 1778 540 1958 611; x_wconf 82' lang='lat' dir='ltr'><strong>Lugeo</strong></span> 
     </span>
    </p>
   </div>
   <div class='ocr_carea' id='block_1_6' title="bbox 373 621 1957 700">
    <p class='ocr_par' dir='ltr' id='par_1_6' title="bbox 373 621 1957 700">
     <span class='ocr_line' id='line_1_6' title="bbox 373 621 1957 700; baseline 0.004 -19"><span class='ocrx_word' id='word_1_30' title='bbox 373 640 607 695; x_wconf 85' lang='lat' dir='ltr'><strong>namque</strong></span> <span class='ocrx_word' id='word_1_31' title='bbox 628 644 725 682; x_wconf 91' lang='lat' dir='ltr'><strong>cur</strong></span> <span class='ocrx_word' id='word_1_32' title='bbox 740 621 882 692; x_wconf 83' lang='lat' dir='ltr'><strong>vivo,</strong></span> <span class='ocrx_word' id='word_1_33' title='bbox 916 631 1008 700; x_wconf 88' lang='lat' dir='ltr'><strong>qui</strong></span> <span class='ocrx_word' id='word_1_34' title='bbox 1043 631 1241 686; x_wconf 89' lang='lat' dir='ltr'><strong>dudum</strong></span> <span class='ocrx_word' id='word_1_35' title='bbox 1271 632 1406 687; x_wconf 90' lang='lat' dir='ltr'><strong>mori</strong></span> <span class='ocrx_word' id='word_1_36' title='bbox 1436 632 1748 688; x_wconf 88' lang='lat' dir='ltr'><strong>debueram.</strong></span> <span class='ocrx_word' id='word_1_37' title='bbox 1782 631 1957 687; x_wconf 83' lang='lat' dir='ltr'><strong>Video</strong></span> 
     </span>
    </p>
   </div>
   <div class='ocr_carea' id='block_1_7' title="bbox 373 715 1956 789">
    <p class='ocr_par' dir='ltr' id='par_1_7' title="bbox 373 715 1956 789">
     <span class='ocr_line' id='line_1_7' title="bbox 373 715 1956 789; baseline 0.004 -19"><span class='ocrx_word' id='word_1_38' title='bbox 373 715 571 778; x_wconf 87' lang='lat' dir='ltr'><strong>solem,</strong></span> <span class='ocrx_word' id='word_1_39' title='bbox 604 732 762 786; x_wconf 89' lang='lat' dir='ltr'><strong>quem</strong></span> <span class='ocrx_word' id='word_1_40' title='bbox 794 719 886 773; x_wconf 90' lang='lat' dir='ltr'><strong>tibi</strong></span> <span class='ocrx_word' id='word_1_41' title='bbox 920 735 1109 789; x_wconf 87' lang='lat' dir='ltr'><strong>parere</strong></span> <span class='ocrx_word' id='word_1_42' title='bbox 1136 721 1342 789; x_wconf 88' lang='lat' dir='ltr'><strong>volens,</strong></span> <span class='ocrx_word' id='word_1_43' title='bbox 1392 737 1498 777; x_wconf 91' lang='lat' dir='ltr'><strong>non</strong></span> <span class='ocrx_word' id='word_1_44' title='bbox 1528 730 1652 778; x_wconf 91' lang='lat' dir='ltr'><strong>voto</strong></span> <span class='ocrx_word' id='word_1_45' title='bbox 1682 736 1815 777; x_wconf 65' lang='lat' dir='ltr'><strong>meae</strong></span> <span class='ocrx_word' id='word_1_46' title='bbox 1856 738 1956 777; x_wconf 85' lang='lat' dir='ltr'><strong>vo-</strong></span> 
     </span>
    </p>
   </div>
   <div class='ocr_carea' id='block_1_8' title="bbox 372 807 1958 882">
    <p class='ocr_par' dir='ltr' id='par_1_8' title="bbox 372 807 1958 882">
     <span class='ocr_line' id='line_1_8' title="bbox 372 807 1958 882; baseline 0.003 -22"><span class='ocrx_word' id='word_1_47' title='bbox 372 807 609 873; x_wconf 87' lang='lat' dir='ltr'><strong>luutatis,</strong></span> <span class='ocrx_word' id='word_1_48' title='bbox 653 808 897 871; x_wconf 77' lang='lat' dir='ltr'><strong>adoravi.</strong></span> <span class='ocrx_word' id='word_1_49' title='bbox 947 809 1289 880; x_wconf 74' lang='lat' dir='ltr'><strong>Quapropter</strong></span> <span class='ocrx_word' id='word_1_50' title='bbox 1316 828 1415 882; x_wconf 93' lang='lat' dir='ltr'><strong>pro</strong></span> <span class='ocrx_word' id='word_1_51' title='bbox 1445 821 1675 881; x_wconf 88' lang='lat' dir='ltr'><strong>utroque</strong></span> <span class='ocrx_word' id='word_1_52' title='bbox 1705 826 1791 866; x_wconf 90' lang='lat' dir='ltr'><strong>me</strong></span> <span class='ocrx_word' id='word_1_53' title='bbox 1820 810 1958 866; x_wconf 85' lang='lat' dir='ltr'><strong>mori</strong></span> 
     </span>
    </p>
   </div>
   <div class='ocr_carea' id='block_1_9' title="bbox 372 897 1958 975">
    <p class='ocr_par' dir='ltr' id='par_1_9' title="bbox 372 897 1958 975">
     <span class='ocr_line' id='line_1_9' title="bbox 372 897 1958 975; baseline 0.001 -21"><span class='ocrx_word' id='word_1_54' title='bbox 372 897 720 967; x_wconf 88' lang='lat' dir='ltr'><strong>iustissimum</strong></span> <span class='ocrx_word' id='word_1_55' title='bbox 749 909 868 975; x_wconf 69' lang='lat' dir='ltr'><strong>est:</strong></span> <span class='ocrx_word' id='word_1_56' title='bbox 898 902 1022 970; x_wconf 94' lang='lat' dir='ltr'><strong>quia</strong></span> <span class='ocrx_word' id='word_1_57' title='bbox 1053 902 1384 971; x_wconf 81' lang='lat' dir='ltr'><strong>et.proditor</strong></span> <span class='ocrx_word' id='word_1_58' title='bbox 1412 918 1530 957; x_wconf 91' lang='lat' dir='ltr'><strong>sum</strong></span> <span class='ocrx_word' id='word_1_59' title='bbox 1561 902 1789 969; x_wconf 88' lang='lat' dir='ltr'><strong>Christi,</strong></span> <span class='ocrx_word' id='word_1_60' title='bbox 1820 911 1875 956; x_wconf 88' lang='lat' dir='ltr'><strong>et</strong></span> <span class='ocrx_word' id='word_1_61' title='bbox 1906 910 1958 956; x_wconf 89' lang='lat' dir='ltr'><strong>te</strong></span> 
     </span>
    </p>
   </div>
   <div class='ocr_carea' id='block_1_10' title="bbox 368 982 1959 1060">
    <p class='ocr_par' dir='ltr' id='par_1_10' title="bbox 368 982 1959 1060">
     <span class='ocr_line' id='line_1_10' title="bbox 368 982 1959 1060; baseline 0.003 -16"><span class='ocrx_word' id='word_1_62' title='bbox 368 1004 586 1057; x_wconf 90' lang='lat' dir='ltr'><strong>quoque</strong></span> <span class='ocrx_word' id='word_1_63' title='bbox 614 989 821 1059; x_wconf 88' lang='lat' dir='ltr'><strong>decepi.</strong></span> <span class='ocrx_word' id='word_1_64' title='bbox 853 982 937 1043; x_wconf 82' lang='lat' dir='ltr'><strong>Et</strong></span> <span class='ocrx_word' id='word_1_65' title='bbox 967 990 1057 1045; x_wconf 88' lang='lat' dir='ltr'><strong>ille</strong></span> <span class='ocrx_word' id='word_1_66' title='bbox 1080 990 1300 1060; x_wconf 82' lang='lat' dir='ltr'><strong>quidem</strong></span> <span class='ocrx_word' id='word_1_67' title='bbox 1345 992 1460 1046; x_wconf 77' lang='lat' dir='ltr'><strong>hmc</strong></span> <span class='ocrx_word' id='word_1_68' title='bbox 1503 992 1711 1058; x_wconf 89' lang='lat' dir='ltr'><strong>dicens,</strong></span> <span class='ocrx_word' id='word_1_69' title='bbox 1759 990 1959 1060; x_wconf 84' lang='lat' dir='ltr'><strong>juravit</strong></span> 
     </span>
    </p>
   </div>
   <div class='ocr_carea' id='block_1_11' title="bbox 369 1079 1961 1144">
    <p class='ocr_par' dir='ltr' id='par_1_11' title="bbox 369 1079 1961 1144">
     <span class='ocr_line' id='line_1_11' title="bbox 369 1079 1961 1144; baseline -0.001 -8"><span class='ocrx_word' id='word_1_70' title='bbox 369 1079 491 1136; x_wconf 75' lang='grc' dir='ltr'><strong>οωιί</strong></span> <span class='ocrx_word' id='word_1_71' title='bbox 519 1086 574 1133; x_wconf 90' lang='lat' dir='ltr'><strong>et</strong></span> <span class='ocrx_word' id='word_1_72' title='bbox 602 1086 758 1133; x_wconf 80' lang='lat' dir='ltr'><strong>teme</strong></span> <span class='ocrx_word' id='word_1_73' title='bbox 786 1080 1130 1144; x_wconf 87' lang='lat' dir='ltr'><strong>Creatorem,</strong></span> <span class='ocrx_word' id='word_1_74' title='bbox 1179 1095 1332 1135; x_wconf 86' lang='lat' dir='ltr'><strong>suam</strong></span> <span class='ocrx_word' id='word_1_75' title='bbox 1363 1082 1589 1136; x_wconf 89' lang='lat' dir='ltr'><strong>ulterius</strong></span> <span class='ocrx_word' id='word_1_76' title='bbox 1620 1097 1727 1135; x_wconf 91' lang='lat' dir='ltr'><strong>non</strong></span> <span class='ocrx_word' id='word_1_77' title='bbox 1758 1096 1816 1136; x_wconf 90' lang='lat' dir='ltr'><strong>se</strong></span> <span class='ocrx_word' id='word_1_78' title='bbox 1847 1096 1961 1135; x_wconf 91' lang='lat' dir='ltr'><strong>mu-</strong></span> 
     </span>
    </p>
   </div>
   <div class='ocr_carea' id='block_1_12' title="bbox 371 1170 1956 1243">
    <p class='ocr_par' dir='ltr' id='par_1_12' title="bbox 371 1170 1956 1243">
     <span class='ocr_line' id='line_1_12' title="bbox 371 1170 1956 1243; baseline 0.001 -19"><span class='ocrx_word' id='word_1_79' title='bbox 371 1177 490 1226; x_wconf 87' lang='lat' dir='ltr'><strong>tare</strong></span> <span class='ocrx_word' id='word_1_80' title='bbox 531 1172 869 1226; x_wconf 89' lang='lat' dir='ltr'><strong>sententiam.</strong></span> <span class='ocrx_word' id='word_1_81' title='bbox 918 1170 1155 1243; x_wconf 88' lang='lat' dir='ltr'><strong>Sapores</strong></span> <span class='ocrx_word' id='word_1_82' title='bbox 1198 1180 1378 1228; x_wconf 89' lang='lat' dir='ltr'><strong>autem</strong></span> <span class='ocrx_word' id='word_1_83' title='bbox 1408 1173 1702 1227; x_wconf 59' lang='lat' dir='ltr'><strong>admirans</strong></span> <span class='ocrx_word' id='word_1_84' title='bbox 1730 1171 1956 1226; x_wconf 82' lang='lat' dir='ltr'><strong>eunuchi</strong></span> 
     </span>
    </p>
   </div>
   <div class='ocr_carea' id='block_1_13' title="bbox 371 1260 1956 1334">
    <p class='ocr_par' dir='ltr' id='par_1_13' title="bbox 371 1260 1956 1334">
     <span class='ocr_line' id='line_1_13' title="bbox 371 1260 1956 1334; baseline 0.002 -20"><span class='ocrx_word' id='word_1_85' title='bbox 371 1260 762 1329; x_wconf 65' lang='lat' dir='ltr'><strong>consimilium,</strong></span> <span class='ocrx_word' id='word_1_86' title='bbox 792 1265 1019 1334; x_wconf 82' lang='lat' dir='ltr'><strong>amplius</strong></span> <span class='ocrx_word' id='word_1_87' title='bbox 1043 1266 1299 1322; x_wconf 74' lang='lat' dir='ltr'><strong>smviebat</strong></span> <span class='ocrx_word' id='word_1_88' title='bbox 1325 1268 1580 1322; x_wconf 88' lang='lat' dir='ltr'><strong>adversus</strong></span> <span class='ocrx_word' id='word_1_89' title='bbox 1602 1265 1956 1331; x_wconf 70' lang='lat' dir='ltr'><strong>Christianus,</strong></span> 
     </span>
    </p>
   </div>
   <div class='ocr_carea' id='block_1_14' title="bbox 371 1353 1960 1426">
    <p class='ocr_par' dir='ltr' id='par_1_14' title="bbox 371 1353 1960 1426">
     <span class='ocr_line' id='line_1_14' title="bbox 371 1353 1960 1426; baseline 0.003 -22"><span class='ocrx_word' id='word_1_90' title='bbox 371 1359 627 1420; x_wconf 88' lang='lat' dir='ltr'><strong>tanquam</strong></span> <span class='ocrx_word' id='word_1_91' title='bbox 677 1353 952 1410; x_wconf 88' lang='lat' dir='ltr'><strong>maleﬁciis</strong></span> <span class='ocrx_word' id='word_1_92' title='bbox 981 1355 1085 1410; x_wconf 85' lang='lat' dir='ltr'><strong>hoc</strong></span> <span class='ocrx_word' id='word_1_93' title='bbox 1112 1371 1271 1425; x_wconf 84' lang='lat' dir='ltr'><strong>agere</strong></span> <span class='ocrx_word' id='word_1_94' title='bbox 1301 1358 1671 1426; x_wconf 72' lang='lat' dir='ltr'><strong>praevalerent.</strong></span> <span class='ocrx_word' id='word_1_95' title='bbox 1730 1353 1960 1410; x_wconf 86' lang='lat' dir='ltr'><strong>Parcens</strong></span> 
     </span>
    </p>
   </div>
   <div class='ocr_carea' id='block_1_15' title="bbox 372 1444 1959 1511">
    <p class='ocr_par' dir='ltr' id='par_1_15' title="bbox 372 1444 1959 1511">
     <span class='ocr_line' id='line_1_15' title="bbox 372 1444 1959 1511; baseline 0.001 -17"><span class='ocrx_word' id='word_1_96' title='bbox 372 1451 552 1496; x_wconf 89' lang='lat' dir='ltr'><strong>autem</strong></span> <span class='ocrx_word' id='word_1_97' title='bbox 581 1444 813 1509; x_wconf 77' lang='lat' dir='ltr'><strong>seniori,</strong></span> <span class='ocrx_word' id='word_1_98' title='bbox 858 1460 1000 1498; x_wconf 88' lang='lat' dir='ltr'><strong>nunc</strong></span> <span class='ocrx_word' id='word_1_99' title='bbox 1028 1444 1267 1511; x_wconf 87' lang='lat' dir='ltr'><strong>lenitate,</strong></span> <span class='ocrx_word' id='word_1_100' title='bbox 1319 1462 1458 1499; x_wconf 83' lang='lat' dir='ltr'><strong>nunc.</strong></span> <span class='ocrx_word' id='word_1_101' title='bbox 1486 1446 1646 1499; x_wconf 84' lang='lat' dir='ltr'><strong>minis</strong></span> <span class='ocrx_word' id='word_1_102' title='bbox 1676 1444 1818 1497; x_wconf 76' lang='lat' dir='ltr'><strong>omni</strong></span> <span class='ocrx_word' id='word_1_103' title='bbox 1853 1445 1959 1498; x_wconf 68' lang='lat' dir='ltr'><strong>vir—</strong></span> 
     </span>
    </p>
   </div>
   <div class='ocr_carea' id='block_1_16' title="bbox 374 1534 1957 1603">
    <p class='ocr_par' dir='ltr' id='par_1_16' title="bbox 374 1534 1957 1603">
     <span class='ocr_line' id='line_1_16' title="bbox 374 1534 1957 1603; baseline 0.001 -18"><span class='ocrx_word' id='word_1_104' title='bbox 374 1541 488 1586; x_wconf 92' lang='lat' dir='ltr'><strong>tute</strong></span> <span class='ocrx_word' id='word_1_105' title='bbox 509 1548 631 1587; x_wconf 89' lang='lat' dir='ltr'><strong>eum</strong></span> <span class='ocrx_word' id='word_1_106' title='bbox 654 1537 712 1589; x_wconf 87' lang='lat' dir='ltr'><strong>se</strong></span> <span class='ocrx_word' id='word_1_107' title='bbox 734 1534 1050 1588; x_wconf 76' lang='lat' dir='ltr'><strong>subvertere</strong></span> <span class='ocrx_word' id='word_1_108' title='bbox 1066 1534 1357 1603; x_wconf 83' lang='lat' dir='ltr'><strong>judicabat.</strong></span> <span class='ocrx_word' id='word_1_109' title='bbox 1388 1534 1630 1602; x_wconf 80' lang='lat' dir='ltr'><strong>Cumque</strong></span> <span class='ocrx_word' id='word_1_110' title='bbox 1656 1534 1729 1588; x_wconf 89' lang='lat' dir='ltr'><strong>nil</strong></span> <span class='ocrx_word' id='word_1_111' title='bbox 1753 1541 1957 1601; x_wconf 81' lang='lat' dir='ltr'><strong>ageret,</strong></span> 
     </span>
    </p>
   </div>
   <div class='ocr_carea' id='block_1_17' title="bbox 373 1616 1952 1693">
    <p class='ocr_par' dir='ltr' id='par_1_17' title="bbox 373 1616 1952 1693">
     <span class='ocr_line' id='line_1_17' title="bbox 373 1616 1952 1693; baseline 0 -17"><span class='ocrx_word' id='word_1_112' title='bbox 373 1619 633 1677; x_wconf 76' lang='lat' dir='ltr'><strong>Ustazade</strong></span> <span class='ocrx_word' id='word_1_113' title='bbox 662 1622 946 1693; x_wconf 90' lang='lat' dir='ltr'><strong>proﬁtente</strong></span> <span class='ocrx_word' id='word_1_114' title='bbox 975 1638 1245 1692; x_wconf 81' lang='lat' dir='ltr'><strong>nunquam</strong></span> <span class='ocrx_word' id='word_1_115' title='bbox 1274 1640 1332 1678; x_wconf 87' lang='lat' dir='ltr'><strong>se</strong></span> <span class='ocrx_word' id='word_1_116' title='bbox 1366 1621 1477 1677; x_wconf 84' lang='lat' dir='ltr'><strong>fore</strong></span> <span class='ocrx_word' id='word_1_117' title='bbox 1507 1616 1842 1689; x_wconf 71' lang='lat' dir='ltr'><strong>sic-&#39;fatuuni,</strong></span> <span class='ocrx_word' id='word_1_118' title='bbox 1873 1624 1952 1678; x_wconf 86' lang='lat' dir='ltr'><strong>uti</strong></span> 
     </span>
    </p>
   </div>
   <div class='ocr_carea' id='block_1_18' title="bbox 373 1708 1959 1782">
    <p class='ocr_par' dir='ltr' id='par_1_18' title="bbox 373 1708 1959 1782">
     <span class='ocr_line' id='line_1_18' title="bbox 373 1708 1959 1782; baseline 0.001 -18"><span class='ocrx_word' id='word_1_119' title='bbox 373 1708 609 1781; x_wconf 51' lang='lat' dir='ltr'><strong>pro‘Deo</strong></span> <span class='ocrx_word' id='word_1_120' title='bbox 638 1721 883 1767; x_wconf 85' lang='lat' dir='ltr'><strong>creatore</strong></span> <span class='ocrx_word' id='word_1_121' title='bbox 912 1721 1227 1768; x_wconf 90' lang='lat' dir='ltr'><strong>cunctorum</strong></span> <span class='ocrx_word' id='word_1_122' title='bbox 1260 1710 1347 1767; x_wconf 89' lang='lat' dir='ltr'><strong>illa</strong></span> <span class='ocrx_word' id='word_1_123' title='bbox 1401 1708 1604 1767; x_wconf 72' lang='lat' dir='ltr'><strong>coleret</strong></span> <span class='ocrx_word' id='word_1_124' title='bbox 1632 1713 1810 1782; x_wconf 83' lang='lat' dir='ltr'><strong>potius</strong></span> <span class='ocrx_word' id='word_1_125' title='bbox 1837 1726 1959 1781; x_wconf 65' lang='lat' dir='ltr'><strong>qua:</strong></span> 
     </span>
    </p>
   </div>
   <div class='ocr_carea' id='block_1_19' title="bbox 2060 538 3634 610">
    <p class='ocr_par' dir='ltr' id='par_1_19' title="bbox 2060 538 3634 610">
     <span class='ocr_line' id='line_1_19' title="bbox 2060 538 3634 610; baseline 0.001 -18"><span class='ocrx_word' id='word_1_126' title='bbox 2060 538 2410 608; x_wconf 84' lang='lat' dir='ltr'><strong>spiculatorcs</strong></span> <span class='ocrx_word' id='word_1_127' title='bbox 2438 540 2580 595; x_wconf 89' lang='lat' dir='ltr'><strong>circa</strong></span> <span class='ocrx_word' id='word_1_128' title='bbox 2612 555 2798 594; x_wconf 84' lang='lat' dir='ltr'><strong>necem</strong></span> <span class='ocrx_word' id='word_1_129' title='bbox 2828 549 3117 609; x_wconf 78' lang='lat' dir='ltr'><strong>martyrum</strong></span> <span class='ocrx_word' id='word_1_130' title='bbox 3148 540 3482 610; x_wconf 79' lang='lat' dir='ltr'><strong>laborabant.</strong></span> <span class='ocrx_word' id='word_1_131' title='bbox 3537 538 3634 610; x_wconf 70' lang='lat' dir='ltr'><strong>Sy-</strong></span> 
     </span>
    </p>
   </div>
   <div class='ocr_carea' id='block_1_20' title="bbox 2061 628 3641 699">
    <p class='ocr_par' dir='ltr' id='par_1_20' title="bbox 2061 628 3641 699">
     <span class='ocr_line' id='line_1_20' title="bbox 2061 628 3641 699; baseline 0 -16"><span class='ocrx_word' id='word_1_132' title='bbox 2061 644 2218 683; x_wconf 89' lang='lat' dir='ltr'><strong>meou</strong></span> <span class='ocrx_word' id='word_1_133' title='bbox 2265 639 2445 683; x_wconf 81' lang='lat' dir='ltr'><strong>autem</strong></span> <span class='ocrx_word' id='word_1_134' title='bbox 2476 629 2732 683; x_wconf 81' lang='lat' dir='ltr'><strong>assistens</strong></span> <span class='ocrx_word' id='word_1_135' title='bbox 2761 628 3102 689; x_wconf 83' lang='lat' dir='ltr'><strong>coufortabat</strong></span> <span class='ocrx_word' id='word_1_136' title='bbox 3146 629 3440 694; x_wconf 80' lang='lat' dir='ltr'><strong>universos,</strong></span> <span class='ocrx_word' id='word_1_137' title='bbox 3492 642 3545 687; x_wconf 90' lang='lat' dir='ltr'><strong>ct</strong></span> <span class='ocrx_word' id='word_1_138' title='bbox 3576 632 3641 699; x_wconf 71' lang='lat' dir='ltr'><strong>de</strong></span> 
     </span>
    </p>
   </div>
   <div class='ocr_carea' id='block_1_21' title="bbox 2060 715 3641 787">
    <p class='ocr_par' dir='ltr' id='par_1_21' title="bbox 2060 715 3641 787">
     <span class='ocr_line' id='line_1_21' title="bbox 2060 715 3641 787; baseline 0.003 -17"><span class='ocrx_word' id='word_1_139' title='bbox 2060 717 2457 772; x_wconf 88' lang='lat' dir='ltr'><strong>resurrectione</strong></span> <span class='ocrx_word' id='word_1_140' title='bbox 2484 732 2547 771; x_wconf 87' lang='lat' dir='ltr'><strong>ac</strong></span> <span class='ocrx_word' id='word_1_141' title='bbox 2583 716 2781 786; x_wconf 85' lang='lat' dir='ltr'><strong>pietate</strong></span> <span class='ocrx_word' id='word_1_142' title='bbox 2811 715 3144 785; x_wconf 85' lang='lat' dir='ltr'><strong>loquebatur,</strong></span> <span class='ocrx_word' id='word_1_143' title='bbox 3196 725 3357 787; x_wconf 85' lang='lat' dir='ltr'><strong>atque</strong></span> <span class='ocrx_word' id='word_1_144' title='bbox 3384 719 3450 773; x_wconf 90' lang='lat' dir='ltr'><strong>de</strong></span> <span class='ocrx_word' id='word_1_145' title='bbox 3476 720 3641 775; x_wconf 79' lang='lat' dir='ltr'><strong>sacris</strong></span> 
     </span>
    </p>
   </div>
   <div class='ocr_carea' id='block_1_22' title="bbox 2059 801 3639 876">
    <p class='ocr_par' dir='ltr' id='par_1_22' title="bbox 2059 801 3639 876">
     <span class='ocr_line' id='line_1_22' title="bbox 2059 801 3639 876; baseline 0.001 -16"><span class='ocrx_word' id='word_1_146' title='bbox 2059 804 2350 876; x_wconf 89' lang='lat' dir='ltr'><strong>Seripturis</strong></span> <span class='ocrx_word' id='word_1_147' title='bbox 2379 801 2639 860; x_wconf 83' lang='lat' dir='ltr'><strong>adhibens</strong></span> <span class='ocrx_word' id='word_1_148' title='bbox 2686 803 2879 870; x_wconf 87' lang='lat' dir='ltr'><strong>ﬁdem,</strong></span> <span class='ocrx_word' id='word_1_149' title='bbox 2935 805 3146 861; x_wconf 76' lang='lat' dir='ltr'><strong>dicebat</strong></span> <span class='ocrx_word' id='word_1_150' title='bbox 3179 824 3191 860; x_wconf 92' lang='lat'><strong>:</strong></span> <span class='ocrx_word' id='word_1_151' title='bbox 3225 807 3398 861; x_wconf 72' lang='lat' dir='ltr'><strong>Vitam</strong></span> <span class='ocrx_word' id='word_1_152' title='bbox 3428 808 3639 876; x_wconf 81' lang='lat' dir='ltr'><strong>quidem</strong></span> 
     </span>
    </p>
   </div>
   <div class='ocr_carea' id='block_1_23' title="bbox 2062 890 3643 967">
    <p class='ocr_par' dir='ltr' id='par_1_23' title="bbox 2062 890 3643 967">
     <span class='ocr_line' id='line_1_23' title="bbox 2062 890 3643 967; baseline 0.004 -18"><span class='ocrx_word' id='word_1_153' title='bbox 2062 911 2240 950; x_wconf 88' lang='lat' dir='ltr'><strong>veram</strong></span> <span class='ocrx_word' id='word_1_154' title='bbox 2264 911 2381 950; x_wconf 88' lang='lat' dir='ltr'><strong>esse</strong></span> <span class='ocrx_word' id='word_1_155' title='bbox 2403 897 2480 951; x_wconf 90' lang='lat' dir='ltr'><strong>sic</strong></span> <span class='ocrx_word' id='word_1_156' title='bbox 2501 898 2659 964; x_wconf 90' lang='lat' dir='ltr'><strong>mori,</strong></span> <span class='ocrx_word' id='word_1_157' title='bbox 2683 890 2913 952; x_wconf 86' lang='lat' dir='ltr'><strong>mortem</strong></span> <span class='ocrx_word' id='word_1_158' title='bbox 2936 914 3064 952; x_wconf 90' lang='lat' dir='ltr'><strong>vero</strong></span> <span class='ocrx_word' id='word_1_159' title='bbox 3086 898 3422 954; x_wconf 82' lang='lat' dir='ltr'><strong>manifestam</strong></span> <span class='ocrx_word' id='word_1_160' title='bbox 3447 913 3643 967; x_wconf 78' lang='lat' dir='ltr'><strong>negare</strong></span> 
     </span>
    </p>
   </div>
   <div class='ocr_carea' id='block_1_24' title="bbox 2056 984 3640 1056">
    <p class='ocr_par' dir='ltr' id='par_1_24' title="bbox 2056 984 3640 1056">
     <span class='ocr_line' id='line_1_24' title="bbox 2056 984 3640 1056; baseline 0.003 -17"><span class='ocrx_word' id='word_1_161' title='bbox 2056 984 2226 1040; x_wconf 86' lang='lat' dir='ltr'><strong>Deum</strong></span> <span class='ocrx_word' id='word_1_162' title='bbox 2272 1001 2285 1038; x_wconf 87' lang='lat'><strong>:</strong></span> <span class='ocrx_word' id='word_1_163' title='bbox 2331 985 2591 1053; x_wconf 85' lang='lat' dir='ltr'><strong>adjiciens</strong></span> <span class='ocrx_word' id='word_1_164' title='bbox 2638 984 2764 1056; x_wconf 84' lang='lat' dir='ltr'><strong>quia</strong></span> <span class='ocrx_word' id='word_1_165' title='bbox 2806 995 2931 1055; x_wconf 88' lang='lat' dir='ltr'><strong>post</strong></span> <span class='ocrx_word' id='word_1_166' title='bbox 2973 988 3245 1056; x_wconf 82' lang='lat' dir='ltr'><strong>paululum</strong></span> <span class='ocrx_word' id='word_1_167' title='bbox 3286 991 3446 1043; x_wconf 89' lang='lat' dir='ltr'><strong>etiam</strong></span> <span class='ocrx_word' id='word_1_168' title='bbox 3495 989 3640 1045; x_wconf 90' lang='lat' dir='ltr'><strong>nullo</strong></span> 
     </span>
    </p>
   </div>
   <div class='ocr_carea' id='block_1_25' title="bbox 2046 1075 3642 1144">
    <p class='ocr_par' dir='ltr' id='par_1_25' title="bbox 2046 1075 3642 1144">
     <span class='ocr_line' id='line_1_25' title="bbox 2046 1075 3642 1144; baseline 0.005 -18"><span class='ocrx_word' id='word_1_169' title='bbox 2046 1075 2358 1144; x_wconf 25' lang='lat' dir='ltr'><strong>.perimente</strong></span> <span class='ocrx_word' id='word_1_170' title='bbox 2380 1084 2571 1143; x_wconf 71' lang='lat' dir='ltr'><strong>sponte</strong></span> <span class='ocrx_word' id='word_1_171' title='bbox 2594 1090 2739 1133; x_wconf 92' lang='lat' dir='ltr'><strong>mors</strong></span> <span class='ocrx_word' id='word_1_172' title='bbox 2763 1075 2977 1130; x_wconf 86' lang='lat' dir='ltr'><strong>accidit.</strong></span> <span class='ocrx_word' id='word_1_173' title='bbox 3006 1076 3110 1132; x_wconf 83' lang='lat' dir='ltr'><strong>llic</strong></span> <span class='ocrx_word' id='word_1_174' title='bbox 3129 1085 3210 1133; x_wconf 91' lang='lat' dir='ltr'><strong>est</strong></span> <span class='ocrx_word' id='word_1_175' title='bbox 3230 1078 3372 1133; x_wconf 89' lang='lat' dir='ltr'><strong>enim</strong></span> <span class='ocrx_word' id='word_1_176' title='bbox 3395 1079 3642 1134; x_wconf 89' lang='lat' dir='ltr'><strong>omnibus</strong></span> 
     </span>
    </p>
   </div>
   <div class='ocr_carea' id='block_1_26' title="bbox 2061 1160 3642 1238">
    <p class='ocr_par' dir='ltr' id='par_1_26' title="bbox 2061 1160 3642 1238">
     <span class='ocr_line' id='line_1_26' title="bbox 2061 1160 3642 1238; baseline 0.004 -22"><span class='ocrx_word' id='word_1_177' title='bbox 2061 1163 2200 1218; x_wconf 87' lang='lat' dir='ltr'><strong>natis</strong></span> <span class='ocrx_word' id='word_1_178' title='bbox 2252 1160 2372 1219; x_wconf 88' lang='lat' dir='ltr'><strong>ﬁnis</strong></span> <span class='ocrx_word' id='word_1_179' title='bbox 2408 1161 2761 1219; x_wconf 77' lang='lat' dir='ltr'><strong>inevitabilis.</strong></span> <span class='ocrx_word' id='word_1_180' title='bbox 2811 1163 2937 1219; x_wconf 91' lang='lat' dir='ltr'><strong>Post</strong></span> <span class='ocrx_word' id='word_1_181' title='bbox 2964 1166 3078 1222; x_wconf 76' lang='lat' dir='ltr'><strong>[nec</strong></span> <span class='ocrx_word' id='word_1_182' title='bbox 3105 1179 3284 1222; x_wconf 87' lang='lat' dir='ltr'><strong>autem</strong></span> <span class='ocrx_word' id='word_1_183' title='bbox 3316 1169 3642 1238; x_wconf 82' lang='lat' dir='ltr'><strong>perpetuitas</strong></span> 
     </span>
    </p>
   </div>
   <div class='ocr_carea' id='block_1_27' title="bbox 2059 1252 3639 1327">
    <p class='ocr_par' dir='ltr' id='par_1_27' title="bbox 2059 1252 3639 1327">
     <span class='ocr_line' id='line_1_27' title="bbox 2059 1252 3639 1327; baseline 0.004 -23"><span class='ocrx_word' id='word_1_184' title='bbox 2059 1267 2166 1304; x_wconf 91' lang='lat' dir='ltr'><strong>non</strong></span> <span class='ocrx_word' id='word_1_185' title='bbox 2198 1252 2445 1306; x_wconf 87' lang='lat' dir='ltr'><strong>omnibus</strong></span> <span class='ocrx_word' id='word_1_186' title='bbox 2472 1252 2718 1307; x_wconf 85' lang='lat' dir='ltr'><strong>similiter</strong></span> <span class='ocrx_word' id='word_1_187' title='bbox 2745 1253 2968 1319; x_wconf 86' lang='lat' dir='ltr'><strong>accidit,</strong></span> <span class='ocrx_word' id='word_1_188' title='bbox 3015 1254 3109 1309; x_wconf 91' lang='lat' dir='ltr'><strong>sed</strong></span> <span class='ocrx_word' id='word_1_189' title='bbox 3138 1255 3282 1310; x_wconf 85' lang='lat' dir='ltr'><strong>velut</strong></span> <span class='ocrx_word' id='word_1_190' title='bbox 3311 1272 3377 1311; x_wconf 80' lang='lat' dir='ltr'><strong>ex</strong></span> <span class='ocrx_word' id='word_1_191' title='bbox 3407 1257 3639 1327; x_wconf 84' lang='lat' dir='ltr'><strong>quodam</strong></span> 
     </span>
    </p>
   </div>
   <div class='ocr_carea' id='block_1_28' title="bbox 2060 1341 3642 1418">
    <p class='ocr_par' dir='ltr' id='par_1_28' title="bbox 2060 1341 3642 1418">
     <span class='ocr_line' id='line_1_28' title="bbox 2060 1341 3642 1418; baseline 0.005 -24"><span class='ocrx_word' id='word_1_192' title='bbox 2060 1341 2300 1411; x_wconf 87' lang='lat' dir='ltr'><strong>pondere</strong></span> <span class='ocrx_word' id='word_1_193' title='bbox 2350 1357 2565 1397; x_wconf 90' lang='lat' dir='ltr'><strong>omnem</strong></span> <span class='ocrx_word' id='word_1_194' title='bbox 2616 1343 2882 1399; x_wconf 86' lang='lat' dir='ltr'><strong>rationem</strong></span> <span class='ocrx_word' id='word_1_195' title='bbox 2928 1344 3149 1400; x_wconf 78' lang='lat' dir='ltr'><strong>reddent</strong></span> <span class='ocrx_word' id='word_1_196' title='bbox 3194 1346 3438 1403; x_wconf 83' lang='lat' dir='ltr'><strong>homines</strong></span> <span class='ocrx_word' id='word_1_197' title='bbox 3484 1348 3642 1418; x_wconf 84' lang='lat' dir='ltr'><strong>bujus</strong></span> 
     </span>
    </p>
   </div>
   <div class='ocr_carea' id='block_1_29' title="bbox 2054 1432 3642 1504">
    <p class='ocr_par' dir='ltr' id='par_1_29' title="bbox 2054 1432 3642 1504">
     <span class='ocr_line' id='line_1_29' title="bbox 2054 1432 3642 1504; baseline 0.004 -20"><span class='ocrx_word' id='word_1_198' title='bbox 2054 1432 2182 1503; x_wconf 66' lang='lat' dir='ltr'><strong>vita;</strong></span> <span class='ocrx_word' id='word_1_199' title='bbox 2210 1439 2478 1486; x_wconf 73' lang='lat' dir='ltr'><strong>et&#39;eorum</strong></span> <span class='ocrx_word' id='word_1_200' title='bbox 2509 1447 2626 1502; x_wconf 78' lang='lat' dir='ltr'><strong>qum</strong></span> <span class='ocrx_word' id='word_1_201' title='bbox 2654 1433 2791 1486; x_wconf 81' lang='lat' dir='ltr'><strong>bene</strong></span> <span class='ocrx_word' id='word_1_202' title='bbox 2816 1434 3078 1501; x_wconf 71' lang='lat' dir='ltr'><strong>gesserint</strong></span> <span class='ocrx_word' id='word_1_203' title='bbox 3106 1437 3507 1491; x_wconf 77' lang='lat' dir='ltr'><strong>retributionem</strong></span> <span class='ocrx_word' id='word_1_204' title='bbox 3525 1478 3540 1504; x_wconf 93' lang='lat'><strong>,</strong></span> <span class='ocrx_word' id='word_1_205' title='bbox 3587 1450 3642 1493; x_wconf 90' lang='lat' dir='ltr'><strong>et</strong></span> 
     </span>
    </p>
   </div>
   <div class='ocr_carea' id='block_1_30' title="bbox 2057 1526 3641 1598">
    <p class='ocr_par' dir='ltr' id='par_1_30' title="bbox 2057 1526 3641 1598">
     <span class='ocr_line' id='line_1_30' title="bbox 2057 1526 3641 1598; baseline 0.001 -17"><span class='ocrx_word' id='word_1_206' title='bbox 2057 1540 2247 1596; x_wconf 61' lang='lat' dir='ltr'><strong>paruas</strong></span> <span class='ocrx_word' id='word_1_207' title='bbox 2293 1526 2553 1581; x_wconf 87' lang='lat' dir='ltr'><strong>malorum</strong></span> <span class='ocrx_word' id='word_1_208' title='bbox 2596 1527 2716 1581; x_wconf 83' lang='lat' dir='ltr'><strong>sine</strong></span> <span class='ocrx_word' id='word_1_209' title='bbox 2759 1527 3091 1583; x_wconf 78' lang='lat' dir='ltr'><strong>dubitatione</strong></span> <span class='ocrx_word' id='word_1_210' title='bbox 3138 1530 3414 1598; x_wconf 83' lang='lat' dir='ltr'><strong>recipient.</strong></span> <span class='ocrx_word' id='word_1_211' title='bbox 3472 1528 3641 1598; x_wconf 78' lang='lat' dir='ltr'><strong>Majus</strong></span> 
     </span>
    </p>
   </div>
   <div class='ocr_carea' id='block_1_31' title="bbox 2062 1614 3640 1692">
    <p class='ocr_par' dir='ltr' id='par_1_31' title="bbox 2062 1614 3640 1692">
     <span class='ocr_line' id='line_1_31' title="bbox 2062 1614 3640 1692; baseline 0.002 -21"><span class='ocrx_word' id='word_1_212' title='bbox 2062 1626 2239 1672; x_wconf 90' lang='lat' dir='ltr'><strong>autem</strong></span> <span class='ocrx_word' id='word_1_213' title='bbox 2271 1617 2510 1673; x_wconf 83' lang='lat' dir='ltr'><strong>omnium</strong></span> <span class='ocrx_word' id='word_1_214' title='bbox 2541 1618 2803 1672; x_wconf 82' lang='lat' dir='ltr'><strong>bonorum</strong></span> <span class='ocrx_word' id='word_1_215' title='bbox 2835 1620 2962 1673; x_wconf 89' lang='lat' dir='ltr'><strong>nibil</strong></span> <span class='ocrx_word' id='word_1_216' title='bbox 3012 1629 3092 1675; x_wconf 85' lang='lat' dir='ltr'><strong>est</strong></span> <span class='ocrx_word' id='word_1_217' title='bbox 3138 1637 3202 1675; x_wconf 90' lang='lat' dir='ltr'><strong>ac</strong></span> <span class='ocrx_word' id='word_1_218' title='bbox 3247 1620 3454 1676; x_wconf 84' lang='lat' dir='ltr'><strong>beatius</strong></span> <span class='ocrx_word' id='word_1_219' title='bbox 3478 1614 3640 1692; x_wconf 80' lang='lat' dir='ltr'><strong>quam</strong></span> 
     </span>
    </p>
   </div>
   <div class='ocr_carea' id='block_1_32' title="bbox 2060 1707 3641 1783">
    <p class='ocr_par' dir='ltr' id='par_1_32' title="bbox 2060 1707 3641 1783">
     <span class='ocr_line' id='line_1_32' title="bbox 2060 1707 3641 1783; baseline 0.003 -21"><span class='ocrx_word' id='word_1_220' title='bbox 2060 1708 2421 1776; x_wconf 82' lang='lat' dir='ltr'><strong>eligere‘mori</strong></span> <span class='ocrx_word' id='word_1_221' title='bbox 2455 1724 2551 1779; x_wconf 83' lang='lat' dir='ltr'><strong>pro</strong></span> <span class='ocrx_word' id='word_1_222' title='bbox 2574 1707 2705 1764; x_wconf 79' lang='lat' dir='ltr'><strong>Deo.</strong></span> <span class='ocrx_word' id='word_1_223' title='bbox 2738 1707 2863 1764; x_wconf 74' lang='lat' dir='ltr'><strong>llzec</strong></span> <span class='ocrx_word' id='word_1_224' title='bbox 2889 1712 3101 1766; x_wconf 76' lang='lat' dir='ltr'><strong>dicente</strong></span> <span class='ocrx_word' id='word_1_225' title='bbox 3128 1711 3418 1783; x_wconf 79' lang='lat' dir='ltr'><strong>Symeoue,</strong></span> <span class='ocrx_word' id='word_1_226' title='bbox 3447 1723 3498 1767; x_wconf 90' lang='lat' dir='ltr'><strong>et</strong></span> <span class='ocrx_word' id='word_1_227' title='bbox 3527 1721 3641 1767; x_wconf 81' lang='lat' dir='ltr'><strong>tau-</strong></span> 
     </span>
    </p>
   </div>
   <div class='ocr_carea' id='block_1_33' title="bbox 372 1799 3641 1871">
    <p class='ocr_par' dir='ltr' id='par_1_33' title="bbox 372 1799 3641 1871">
     <span class='ocr_line' id='line_1_33' title="bbox 372 1799 3641 1871; baseline 0.001 -19"><span class='ocrx_word' id='word_1_228' title='bbox 372 1814 405 1853; x_wconf 85' lang='lat' dir='ltr'><strong>a</strong></span> <span class='ocrx_word' id='word_1_229' title='bbox 436 1799 544 1854; x_wconf 90' lang='lat' dir='ltr'><strong>Deo</strong></span> <span class='ocrx_word' id='word_1_230' title='bbox 572 1800 751 1856; x_wconf 84' lang='lat' dir='ltr'><strong>creata</strong></span> <span class='ocrx_word' id='word_1_231' title='bbox 778 1810 922 1867; x_wconf 90' lang='lat' dir='ltr'><strong>sunt,</strong></span> <span class='ocrx_word' id='word_1_232' title='bbox 969 1810 1097 1857; x_wconf 89' lang='lat' dir='ltr'><strong>tunc</strong></span> <span class='ocrx_word' id='word_1_233' title='bbox 1143 1803 1222 1856; x_wconf 90' lang='lat' dir='ltr'><strong>ira</strong></span> <span class='ocrx_word' id='word_1_234' title='bbox 1250 1806 1573 1870; x_wconf 56' lang='lat' dir='ltr'><strong>comu‘uitus,</strong></span> <span class='ocrx_word' id='word_1_235' title='bbox 1598 1801 1753 1871; x_wconf 86' lang='lat' dir='ltr'><strong>jussit</strong></span> <span class='ocrx_word' id='word_1_236' title='bbox 1781 1802 1957 1871; x_wconf 85' lang='lat' dir='ltr'><strong>gladio</strong></span> <span class='ocrx_word' id='word_1_237' title='bbox 1994 1809 2039 1866; x_wconf 68' lang='grc' dir='ltr'><strong>δ</strong></span> <span class='ocrx_word' id='word_1_238' title='bbox 2061 1814 2221 1870; x_wconf 90' lang='lat' dir='ltr'><strong>quam</strong></span> <span class='ocrx_word' id='word_1_239' title='bbox 2246 1799 2378 1853; x_wconf 89' lang='lat' dir='ltr'><strong>ﬁlios</strong></span> <span class='ocrx_word' id='word_1_240' title='bbox 2400 1800 2676 1862; x_wconf 69' lang='lat' dir='ltr'><strong>edocente,</strong></span> <span class='ocrx_word' id='word_1_241' title='bbox 2697 1800 2745 1853; x_wconf 89' lang='lat' dir='ltr'><strong>iu</strong></span> <span class='ocrx_word' id='word_1_242' title='bbox 2758 1801 3137 1857; x_wconf 80' lang='lat' dir='ltr'><strong>certaminibus</strong></span> <span class='ocrx_word' id='word_1_243' title='bbox 3158 1803 3324 1857; x_wconf 89' lang='lat' dir='ltr'><strong>sacris</strong></span> <span class='ocrx_word' id='word_1_244' title='bbox 3351 1801 3514 1858; x_wconf 91' lang='lat' dir='ltr'><strong>modo</strong></span> <span class='ocrx_word' id='word_1_245' title='bbox 3536 1817 3641 1871; x_wconf 78' lang='lat' dir='ltr'><strong>quo</strong></span> 
     </span>
    </p>
   </div>
   <div class='ocr_carea' id='block_1_34' title="bbox 372 1888 1952 1962">
    <p class='ocr_par' dir='ltr' id='par_1_34' title="bbox 372 1888 1952 1962">
     <span class='ocr_line' id='line_1_34' title="bbox 372 1888 1952 1962; baseline 0.001 -17"><span class='ocrx_word' id='word_1_246' title='bbox 372 1893 532 1961; x_wconf 87' lang='lat' dir='ltr'><strong>caput</strong></span> <span class='ocrx_word' id='word_1_247' title='bbox 560 1890 674 1960; x_wconf 87' lang='lat' dir='ltr'><strong>ejus</strong></span> <span class='ocrx_word' id='word_1_248' title='bbox 703 1892 963 1947; x_wconf 87' lang='lat' dir='ltr'><strong>abscindi.</strong></span> <span class='ocrx_word' id='word_1_249' title='bbox 1000 1888 1265 1962; x_wconf 35' lang='lat' dir='ltr'><strong>“Cumque</strong></span> <span class='ocrx_word' id='word_1_250' title='bbox 1312 1894 1600 1948; x_wconf 83' lang='lat' dir='ltr'><strong>duceretur</strong></span> <span class='ocrx_word' id='word_1_251' title='bbox 1629 1894 1693 1947; x_wconf 88' lang='lat' dir='ltr'><strong>ad</strong></span> <span class='ocrx_word' id='word_1_252' title='bbox 1745 1908 1952 1956; x_wconf 81' lang='lat' dir='ltr'><strong>necem,</strong></span> 
     </span>
    </p>
   </div>
   <div class='ocr_carea' id='block_1_35' title="bbox 372 1979 1956 2054">
    <p class='ocr_par' dir='ltr' id='par_1_35' title="bbox 372 1979 1956 2054">
     <span class='ocr_line' id='line_1_35' title="bbox 372 1979 1956 2054; baseline 0.004 -22"><span class='ocrx_word' id='word_1_253' title='bbox 372 1980 580 2048; x_wconf 81' lang='lat' dir='ltr'><strong>rogavit</strong></span> <span class='ocrx_word' id='word_1_254' title='bbox 598 1979 980 2050; x_wconf 85' lang='lat' dir='ltr'><strong>spiculatorem</strong></span> <span class='ocrx_word' id='word_1_255' title='bbox 998 1983 1054 2037; x_wconf 85' lang='lat' dir='ltr'><strong>ut</strong></span> <span class='ocrx_word' id='word_1_256' title='bbox 1069 1984 1341 2054; x_wconf 83' lang='lat' dir='ltr'><strong>paululum</strong></span> <span class='ocrx_word' id='word_1_257' title='bbox 1364 1985 1670 2050; x_wconf 81' lang='lat' dir='ltr'><strong>sustineret,</strong></span> <span class='ocrx_word' id='word_1_258' title='bbox 1705 1993 1956 2053; x_wconf 87' lang='lat' dir='ltr'><strong>tauquam</strong></span> 
     </span>
    </p>
   </div>
   <div class='ocr_carea' id='block_1_36' title="bbox 372 2072 1957 2145">
    <p class='ocr_par' dir='ltr' id='par_1_36' title="bbox 372 2072 1957 2145">
     <span class='ocr_line' id='line_1_36' title="bbox 372 2072 1957 2145; baseline 0.003 -20"><span class='ocrx_word' id='word_1_259' title='bbox 372 2072 572 2141; x_wconf 84' lang='lat' dir='ltr'><strong>aliquid</strong></span> <span class='ocrx_word' id='word_1_260' title='bbox 593 2074 704 2143; x_wconf 85' lang='lat' dir='ltr'><strong>regi</strong></span> <span class='ocrx_word' id='word_1_261' title='bbox 726 2075 1090 2143; x_wconf 87' lang='lat' dir='ltr'><strong>mandaturus,</strong></span> <span class='ocrx_word' id='word_1_262' title='bbox 1116 2083 1170 2131; x_wconf 90' lang='lat' dir='ltr'><strong>et</strong></span> <span class='ocrx_word' id='word_1_263' title='bbox 1192 2092 1389 2133; x_wconf 89' lang='lat' dir='ltr'><strong>vocans</strong></span> <span class='ocrx_word' id='word_1_264' title='bbox 1409 2072 1692 2145; x_wconf 82' lang='lat' dir='ltr'><strong>quemdam</strong></span> <span class='ocrx_word' id='word_1_265' title='bbox 1722 2074 1957 2130; x_wconf 89' lang='lat' dir='ltr'><strong>ﬁdelium</strong></span> 
     </span>
    </p>
   </div>
   <div class='ocr_carea' id='block_1_37' title="bbox 375 2165 1958 2238">
    <p class='ocr_par' dir='ltr' id='par_1_37' title="bbox 375 2165 1958 2238">
     <span class='ocr_line' id='line_1_37' title="bbox 375 2165 1958 2238; baseline 0.003 -20"><span class='ocrx_word' id='word_1_266' title='bbox 375 2166 781 2233; x_wconf 87' lang='lat' dir='ltr'><strong>cunuchorum,</strong></span> <span class='ocrx_word' id='word_1_267' title='bbox 840 2165 998 2235; x_wconf 88' lang='lat' dir='ltr'><strong>jussit</strong></span> <span class='ocrx_word' id='word_1_268' title='bbox 1052 2176 1111 2223; x_wconf 89' lang='lat' dir='ltr'><strong>ut</strong></span> <span class='ocrx_word' id='word_1_269' title='bbox 1159 2168 1362 2223; x_wconf 74' lang='lat' dir='ltr'><strong>diceret</strong></span> <span class='ocrx_word' id='word_1_270' title='bbox 1415 2168 1532 2223; x_wconf 86' lang='lat' dir='ltr'><strong>haec</strong></span> <span class='ocrx_word' id='word_1_271' title='bbox 1582 2167 1774 2238; x_wconf 87' lang='lat' dir='ltr'><strong>Sapori</strong></span> <span class='ocrx_word' id='word_1_272' title='bbox 1809 2185 1822 2221; x_wconf 90' lang='lat'><strong>:</strong></span> <span class='ocrx_word' id='word_1_273' title='bbox 1856 2168 1958 2222; x_wconf 86' lang='lat' dir='ltr'><strong>Pro</strong></span> 
     </span>
    </p>
   </div>
   <div class='ocr_carea' id='block_1_38' title="bbox 373 2254 1957 2329">
    <p class='ocr_par' dir='ltr' id='par_1_38' title="bbox 373 2254 1957 2329">
     <span class='ocr_line' id='line_1_38' title="bbox 373 2254 1957 2329; baseline 0.003 -20"><span class='ocrx_word' id='word_1_274' title='bbox 373 2254 559 2310; x_wconf 81' lang='lat' dir='ltr'><strong>favore</strong></span> <span class='ocrx_word' id='word_1_275' title='bbox 597 2272 758 2324; x_wconf 89' lang='lat' dir='ltr'><strong>quem</strong></span> <span class='ocrx_word' id='word_1_276' title='bbox 798 2258 1058 2314; x_wconf 86' lang='lat' dir='ltr'><strong>hactenus</strong></span> <span class='ocrx_word' id='word_1_277' title='bbox 1085 2274 1116 2313; x_wconf 85' lang='lat' dir='ltr'><strong>a</strong></span> <span class='ocrx_word' id='word_1_278' title='bbox 1140 2258 1423 2329; x_wconf 89' lang='lat' dir='ltr'><strong>juventute</strong></span> <span class='ocrx_word' id='word_1_279' title='bbox 1468 2260 1628 2314; x_wconf 90' lang='lat' dir='ltr'><strong>habui</strong></span> <span class='ocrx_word' id='word_1_280' title='bbox 1672 2260 1813 2314; x_wconf 87' lang='lat' dir='ltr'><strong>circa</strong></span> <span class='ocrx_word' id='word_1_281' title='bbox 1862 2274 1957 2314; x_wconf 85' lang='lat' dir='ltr'><strong>ve-</strong></span> 
     </span>
    </p>
   </div>
   <div class='ocr_carea' id='block_1_39' title="bbox 372 2347 1960 2420">
    <p class='ocr_par' dir='ltr' id='par_1_39' title="bbox 372 2347 1960 2420">
     <span class='ocr_line' id='line_1_39' title="bbox 372 2347 1960 2420; baseline 0.002 -19"><span class='ocrx_word' id='word_1_282' title='bbox 372 2356 542 2401; x_wconf 86' lang='lat' dir='ltr'><strong>stram</strong></span> <span class='ocrx_word' id='word_1_283' title='bbox 581 2347 829 2414; x_wconf 89' lang='lat' dir='ltr'><strong>domum,</strong></span> <span class='ocrx_word' id='word_1_284' title='bbox 883 2364 917 2403; x_wconf 95' lang='lat' dir='ltr'><strong>o</strong></span> <span class='ocrx_word' id='word_1_285' title='bbox 957 2364 1076 2415; x_wconf 83' lang='lat' dir='ltr'><strong>rex,</strong></span> <span class='ocrx_word' id='word_1_286' title='bbox 1127 2349 1272 2420; x_wconf 84' lang='lat' dir='ltr'><strong>patri</strong></span> <span class='ocrx_word' id='word_1_287' title='bbox 1301 2357 1393 2405; x_wconf 92' lang='lat' dir='ltr'><strong>tuo</strong></span> <span class='ocrx_word' id='word_1_288' title='bbox 1424 2357 1479 2404; x_wconf 89' lang='lat' dir='ltr'><strong>et</strong></span> <span class='ocrx_word' id='word_1_289' title='bbox 1510 2350 1600 2404; x_wconf 89' lang='lat' dir='ltr'><strong>tibi</strong></span> <span class='ocrx_word' id='word_1_290' title='bbox 1652 2349 1960 2404; x_wconf 82' lang='lat' dir='ltr'><strong>ministrans</strong></span> 
     </span>
    </p>
   </div>
   <div class='ocr_carea' id='block_1_40' title="bbox 372 2436 1960 2509">
    <p class='ocr_par' dir='ltr' id='par_1_40' title="bbox 372 2436 1960 2509">
     <span class='ocr_line' id='line_1_40' title="bbox 372 2436 1960 2509; baseline 0.003 -18"><span class='ocrx_word' id='word_1_291' title='bbox 372 2436 554 2491; x_wconf 85' lang='lat' dir='ltr'><strong>studio</strong></span> <span class='ocrx_word' id='word_1_292' title='bbox 583 2440 940 2508; x_wconf 86' lang='lat' dir='ltr'><strong>competenti,</strong></span> <span class='ocrx_word' id='word_1_293' title='bbox 972 2440 1195 2495; x_wconf 85' lang='lat' dir='ltr'><strong>testibus</strong></span> <span class='ocrx_word' id='word_1_294' title='bbox 1224 2455 1330 2495; x_wconf 91' lang='lat' dir='ltr'><strong>non</strong></span> <span class='ocrx_word' id='word_1_295' title='bbox 1364 2440 1597 2509; x_wconf 79' lang='lat' dir='ltr'><strong>indigeo,</strong></span> <span class='ocrx_word' id='word_1_296' title='bbox 1648 2449 1703 2494; x_wconf 92' lang='lat' dir='ltr'><strong>tu</strong></span> <span class='ocrx_word' id='word_1_297' title='bbox 1726 2454 1960 2509; x_wconf 85' lang='lat' dir='ltr'><strong>namque</strong></span> 
     </span>
    </p>
   </div>
   <div class='ocr_carea' id='block_1_41' title="bbox 374 2528 1959 2603">
    <p class='ocr_par' dir='ltr' id='par_1_41' title="bbox 374 2528 1959 2603">
     <span class='ocr_line' id='line_1_41' title="bbox 374 2528 1959 2603; baseline 0.003 -21"><span class='ocrx_word' id='word_1_298' title='bbox 374 2528 513 2583; x_wconf 90' lang='lat' dir='ltr'><strong>bene</strong></span> <span class='ocrx_word' id='word_1_299' title='bbox 559 2530 720 2586; x_wconf 76' lang='lat' dir='ltr'><strong>nesti.</strong></span> <span class='ocrx_word' id='word_1_300' title='bbox 771 2530 874 2586; x_wconf 87' lang='lat' dir='ltr'><strong>Pro</strong></span> <span class='ocrx_word' id='word_1_301' title='bbox 903 2532 1152 2589; x_wconf 91' lang='lat' dir='ltr'><strong>omnibus</strong></span> <span class='ocrx_word' id='word_1_302' title='bbox 1181 2545 1310 2600; x_wconf 81' lang='lat' dir='ltr'><strong>ergo</strong></span> <span class='ocrx_word' id='word_1_303' title='bbox 1339 2547 1458 2602; x_wconf 78' lang='lat' dir='ltr'><strong>qua:</strong></span> <span class='ocrx_word' id='word_1_304' title='bbox 1487 2532 1773 2603; x_wconf 88' lang='lat' dir='ltr'><strong>aliquando</strong></span> <span class='ocrx_word' id='word_1_305' title='bbox 1806 2533 1959 2587; x_wconf 84' lang='lat' dir='ltr'><strong>vobis</strong></span> 
     </span>
    </p>
   </div>
   <div class='ocr_carea' id='block_1_42' title="bbox 374 2619 1959 2696">
    <p class='ocr_par' dir='ltr' id='par_1_42' title="bbox 374 2619 1959 2696">
     <span class='ocr_line' id='line_1_42' title="bbox 374 2619 1959 2696; baseline 0.003 -23"><span class='ocrx_word' id='word_1_306' title='bbox 374 2619 640 2690; x_wconf 82' lang='lat' dir='ltr'><strong>impendi,</strong></span> <span class='ocrx_word' id='word_1_307' title='bbox 690 2622 852 2676; x_wconf 88' lang='lat' dir='ltr'><strong>redde</strong></span> <span class='ocrx_word' id='word_1_308' title='bbox 881 2623 1008 2677; x_wconf 90' lang='lat' dir='ltr'><strong>mihi</strong></span> <span class='ocrx_word' id='word_1_309' title='bbox 1038 2620 1532 2694; x_wconf 82' lang='lat' dir='ltr'><strong>compensationem</strong></span> <span class='ocrx_word' id='word_1_310' title='bbox 1560 2621 1959 2696; x_wconf 75' lang='lat' dir='ltr'><strong>hujuscemodi,</strong></span> 
     </span>
    </p>
   </div>
   <div class='ocr_carea' id='block_1_43' title="bbox 376 2711 1960 2788">
    <p class='ocr_par' dir='ltr' id='par_1_43' title="bbox 376 2711 1960 2788">
     <span class='ocr_line' id='line_1_43' title="bbox 376 2711 1960 2788; baseline 0.006 -23"><span class='ocrx_word' id='word_1_311' title='bbox 376 2728 443 2766; x_wconf 89' lang='lat' dir='ltr'><strong>ne</strong></span> <span class='ocrx_word' id='word_1_312' title='bbox 472 2714 591 2781; x_wconf 82' lang='lat' dir='ltr'><strong>quis</strong></span> <span class='ocrx_word' id='word_1_313' title='bbox 635 2713 992 2782; x_wconf 82' lang='lat' dir='ltr'><strong>ignorantium</strong></span> <span class='ocrx_word' id='word_1_314' title='bbox 1022 2720 1178 2785; x_wconf 82' lang='lat' dir='ltr'><strong>putet</strong></span> <span class='ocrx_word' id='word_1_315' title='bbox 1215 2731 1302 2770; x_wconf 90' lang='lat' dir='ltr'><strong>me</strong></span> <span class='ocrx_word' id='word_1_316' title='bbox 1334 2711 1662 2788; x_wconf 77' lang='lat' dir='ltr'><strong>supplicium</strong></span> <span class='ocrx_word' id='word_1_317' title='bbox 1691 2717 1960 2775; x_wconf 88' lang='lat' dir='ltr'><strong>sustinere</strong></span> 
     </span>
    </p>
   </div>
   <div class='ocr_carea' id='block_1_44' title="bbox 375 2801 1961 2878">
    <p class='ocr_par' dir='ltr' id='par_1_44' title="bbox 375 2801 1961 2878">
     <span class='ocr_line' id='line_1_44' title="bbox 375 2801 1961 2878; baseline 0.004 -21"><span class='ocrx_word' id='word_1_318' title='bbox 375 2813 629 2873; x_wconf 60' lang='lat' dir='ltr'><strong>laminam</strong></span> <span class='ocrx_word' id='word_1_319' title='bbox 660 2806 926 2860; x_wconf 88' lang='lat' dir='ltr'><strong>inﬁdelem</strong></span> <span class='ocrx_word' id='word_1_320' title='bbox 954 2801 1108 2878; x_wconf 72' lang='lat' dir='ltr'><strong>regni</strong></span> <span class='ocrx_word' id='word_1_321' title='bbox 1138 2817 1230 2862; x_wconf 92' lang='lat' dir='ltr'><strong>aut</strong></span> <span class='ocrx_word' id='word_1_322' title='bbox 1267 2809 1420 2863; x_wconf 68' lang='lat' dir='ltr'><strong>malze</strong></span> <span class='ocrx_word' id='word_1_323' title='bbox 1449 2810 1745 2878; x_wconf 81' lang='lat' dir='ltr'><strong>cuj‘uspiam</strong></span> <span class='ocrx_word' id='word_1_324' title='bbox 1776 2810 1961 2864; x_wconf 86' lang='lat' dir='ltr'><strong>volun-</strong></span> 
     </span>
    </p>
   </div>
   <div class='ocr_carea' id='block_1_45' title="bbox 375 2890 1955 2970">
    <p class='ocr_par' dir='ltr' id='par_1_45' title="bbox 375 2890 1955 2970">
     <span class='ocr_line' id='line_1_45' title="bbox 375 2890 1955 2970; baseline 0.004 -23"><span class='ocrx_word' id='word_1_325' title='bbox 375 2894 520 2963; x_wconf 90' lang='lat' dir='ltr'><strong>tatis,</strong></span> <span class='ocrx_word' id='word_1_326' title='bbox 568 2898 662 2950; x_wconf 91' lang='lat' dir='ltr'><strong>sed</strong></span> <span class='ocrx_word' id='word_1_327' title='bbox 710 2904 766 2950; x_wconf 92' lang='lat' dir='ltr'><strong>ut</strong></span> <span class='ocrx_word' id='word_1_328' title='bbox 815 2890 994 2967; x_wconf 86' lang='lat' dir='ltr'><strong>potius</strong></span> <span class='ocrx_word' id='word_1_329' title='bbox 1040 2897 1380 2954; x_wconf 89' lang='lat' dir='ltr'><strong>manifestum</strong></span> <span class='ocrx_word' id='word_1_330' title='bbox 1412 2897 1520 2955; x_wconf 76' lang='lat' dir='ltr'><strong>“ﬁat</strong></span> <span class='ocrx_word' id='word_1_331' title='bbox 1569 2900 1711 2970; x_wconf 84' lang='lat' dir='ltr'><strong>quod</strong></span> <span class='ocrx_word' id='word_1_332' title='bbox 1757 2900 1955 2967; x_wconf 83' lang='lat' dir='ltr'><strong>agitur,</strong></span> 
     </span>
    </p>
   </div>
   <div class='ocr_carea' id='block_1_46' title="bbox 374 2983 1961 3061">
    <p class='ocr_par' dir='ltr' id='par_1_46' title="bbox 374 2983 1961 3061">
     <span class='ocr_line' id='line_1_46' title="bbox 374 2983 1961 3061; baseline 0.006 -23"><span class='ocrx_word' id='word_1_333' title='bbox 374 3000 551 3054; x_wconf 63' lang='lat' dir='ltr'><strong>praeco</strong></span> <span class='ocrx_word' id='word_1_334' title='bbox 580 2985 819 3041; x_wconf 84' lang='lat' dir='ltr'><strong>clamans</strong></span> <span class='ocrx_word' id='word_1_335' title='bbox 862 2988 1140 3044; x_wconf 86' lang='lat' dir='ltr'><strong>denuntiet</strong></span> <span class='ocrx_word' id='word_1_336' title='bbox 1182 2990 1466 3059; x_wconf 85' lang='lat' dir='ltr'><strong>universis,</strong></span> <span class='ocrx_word' id='word_1_337' title='bbox 1509 2983 1961 3061; x_wconf 23' lang='lat' dir='ltr'><strong>quia‘Ustazades</strong></span> 
     </span>
    </p>
   </div>
   <div class='ocr_carea' id='block_1_47' title="bbox 373 3075 1957 3150">
    <p class='ocr_par' dir='ltr' id='par_1_47' title="bbox 373 3075 1957 3150">
     <span class='ocr_line' id='line_1_47' title="bbox 373 3075 1957 3150; baseline 0.004 -22"><span class='ocrx_word' id='word_1_338' title='bbox 373 3075 548 3144; x_wconf 68' lang='lat' dir='ltr'><strong>capite</strong></span> <span class='ocrx_word' id='word_1_339' title='bbox 575 3084 874 3143; x_wconf 88' lang='lat' dir='ltr'><strong>truncatur,</strong></span> <span class='ocrx_word' id='word_1_340' title='bbox 905 3093 1013 3134; x_wconf 90' lang='lat' dir='ltr'><strong>non</strong></span> <span class='ocrx_word' id='word_1_341' title='bbox 1034 3080 1174 3148; x_wconf 82' lang='lat' dir='ltr'><strong>regis</strong></span> <span class='ocrx_word' id='word_1_342' title='bbox 1197 3079 1463 3150; x_wconf 87' lang='lat' dir='ltr'><strong>inimicus,</strong></span> <span class='ocrx_word' id='word_1_343' title='bbox 1486 3081 1578 3136; x_wconf 89' lang='lat' dir='ltr'><strong>sed</strong></span> <span class='ocrx_word' id='word_1_344' title='bbox 1596 3080 1957 3136; x_wconf 87' lang='lat' dir='ltr'><strong>Christianum</strong></span> 
     </span>
    </p>
   </div>
   <div class='ocr_carea' id='block_1_48' title="bbox 2057 1888 3643 1960">
    <p class='ocr_par' dir='ltr' id='par_1_48' title="bbox 2057 1888 3643 1960">
     <span class='ocr_line' id='line_1_48' title="bbox 2057 1888 3643 1960; baseline 0.002 -15"><span class='ocrx_word' id='word_1_345' title='bbox 2057 1888 2283 1945; x_wconf 84' lang='lat' dir='ltr'><strong>decebat</strong></span> <span class='ocrx_word' id='word_1_346' title='bbox 2324 1892 2691 1960; x_wconf 81' lang='lat' dir='ltr'><strong>unusquisque</strong></span> <span class='ocrx_word' id='word_1_347' title='bbox 2730 1894 3055 1947; x_wconf 80' lang='lat' dir='ltr'><strong>exercitatus</strong></span> <span class='ocrx_word' id='word_1_348' title='bbox 3100 1895 3350 1950; x_wconf 82' lang='lat' dir='ltr'><strong>alacriter</strong></span> <span class='ocrx_word' id='word_1_349' title='bbox 3394 1896 3643 1951; x_wconf 79' lang='lat' dir='ltr'><strong>currebat</strong></span> 
     </span>
    </p>
   </div>
   <div class='ocr_carea' id='block_1_49' title="bbox 2058 1978 3641 2051">
    <p class='ocr_par' dir='ltr' id='par_1_49' title="bbox 2058 1978 3641 2051">
     <span class='ocr_line' id='line_1_49' title="bbox 2058 1978 3641 2051; baseline 0.002 -19"><span class='ocrx_word' id='word_1_350' title='bbox 2058 1978 2127 2034; x_wconf 86' lang='lat' dir='ltr'><strong>ad</strong></span> <span class='ocrx_word' id='word_1_351' title='bbox 2170 1994 2378 2034; x_wconf 77' lang='lat' dir='ltr'><strong>necem.</strong></span> <span class='ocrx_word' id='word_1_352' title='bbox 2413 1979 2654 2047; x_wconf 82' lang='lat' dir='ltr'><strong>Cumque</strong></span> <span class='ocrx_word' id='word_1_353' title='bbox 2680 1995 2865 2034; x_wconf 88' lang='lat' dir='ltr'><strong>omnes</strong></span> <span class='ocrx_word' id='word_1_354' title='bbox 2897 1990 3111 2035; x_wconf 83' lang='lat' dir='ltr'><strong>centum</strong></span> <span class='ocrx_word' id='word_1_355' title='bbox 3141 1982 3434 2051; x_wconf 81' lang='lat' dir='ltr'><strong>spleulator</strong></span> <span class='ocrx_word' id='word_1_356' title='bbox 3465 1990 3641 2036; x_wconf 79' lang='lat' dir='ltr'><strong>trans-</strong></span> 
     </span>
    </p>
   </div>
   <div class='ocr_carea' id='block_1_50' title="bbox 2059 2068 3639 2144">
    <p class='ocr_par' dir='ltr' id='par_1_50' title="bbox 2059 2068 3639 2144">
     <span class='ocr_line' id='line_1_50' title="bbox 2059 2068 3639 2144; baseline 0 -17"><span class='ocrx_word' id='word_1_357' title='bbox 2059 2074 2213 2139; x_wconf 88' lang='lat' dir='ltr'><strong>isset,</strong></span> <span class='ocrx_word' id='word_1_358' title='bbox 2238 2072 2524 2128; x_wconf 86' lang='lat' dir='ltr'><strong>novissime</strong></span> <span class='ocrx_word' id='word_1_359' title='bbox 2547 2073 2691 2127; x_wconf 86' lang='lat' dir='ltr'><strong>venit</strong></span> <span class='ocrx_word' id='word_1_360' title='bbox 2718 2074 2782 2127; x_wconf 90' lang='lat' dir='ltr'><strong>ad</strong></span> <span class='ocrx_word' id='word_1_361' title='bbox 2798 2071 3148 2144; x_wconf 75' lang='lat' dir='ltr'><strong>Symeouem,</strong></span> <span class='ocrx_word' id='word_1_362' title='bbox 3169 2068 3223 2128; x_wconf 82' lang='lat' dir='ltr'><strong>et</strong></span> <span class='ocrx_word' id='word_1_363' title='bbox 3240 2074 3639 2134; x_wconf 74' lang='lat' dir='ltr'><strong>Abedecallam.</strong></span> 
     </span>
    </p>
   </div>
   <div class='ocr_carea' id='block_1_51' title="bbox 2058 2165 3641 2236">
    <p class='ocr_par' dir='ltr' id='par_1_51' title="bbox 2058 2165 3641 2236">
     <span class='ocr_line' id='line_1_51' title="bbox 2058 2165 3641 2236; baseline 0.001 -16"><span class='ocrx_word' id='word_1_364' title='bbox 2058 2172 2114 2220; x_wconf 89' lang='lat' dir='ltr'><strong>et</strong></span> <span class='ocrx_word' id='word_1_365' title='bbox 2142 2165 2441 2220; x_wconf 68' lang='lat' dir='ltr'><strong>Ananiam;</strong></span> <span class='ocrx_word' id='word_1_366' title='bbox 2487 2165 2648 2219; x_wconf 81' lang='lat' dir='ltr'><strong>ambo</strong></span> <span class='ocrx_word' id='word_1_367' title='bbox 2687 2178 2917 2233; x_wconf 86' lang='lat' dir='ltr'><strong>namque</strong></span> <span class='ocrx_word' id='word_1_368' title='bbox 2961 2181 3146 2232; x_wconf 85' lang='lat' dir='ltr'><strong>senes,</strong></span> <span class='ocrx_word' id='word_1_369' title='bbox 3197 2166 3345 2233; x_wconf 90' lang='lat' dir='ltr'><strong>cani,</strong></span> <span class='ocrx_word' id='word_1_370' title='bbox 3397 2167 3494 2221; x_wconf 84' lang='lat' dir='ltr'><strong>sub</strong></span> <span class='ocrx_word' id='word_1_371' title='bbox 3526 2169 3641 2236; x_wconf 90' lang='lat' dir='ltr'><strong>ejus</strong></span> 
     </span>
    </p>
   </div>
   <div class='ocr_carea' id='block_1_52' title="bbox 2046 2252 3642 2328">
    <p class='ocr_par' dir='ltr' id='par_1_52' title="bbox 2046 2252 3642 2328">
     <span class='ocr_line' id='line_1_52' title="bbox 2046 2252 3642 2328; baseline -0.004 -11"><span class='ocrx_word' id='word_1_372' title='bbox 2046 2252 2299 2317; x_wconf 65' lang='lat' dir='ltr'><strong>EcclcSia</strong></span> <span class='ocrx_word' id='word_1_373' title='bbox 2331 2257 2639 2321; x_wconf 86' lang='lat' dir='ltr'><strong>constituti,</strong></span> <span class='ocrx_word' id='word_1_374' title='bbox 2669 2272 2788 2311; x_wconf 90' lang='lat' dir='ltr'><strong>cum</strong></span> <span class='ocrx_word' id='word_1_375' title='bbox 2826 2272 2890 2312; x_wconf 89' lang='lat' dir='ltr'><strong>eo</strong></span> <span class='ocrx_word' id='word_1_376' title='bbox 2920 2256 3131 2311; x_wconf 81' lang='lat' dir='ltr'><strong>fuerant</strong></span> <span class='ocrx_word' id='word_1_377' title='bbox 3159 2258 3551 2328; x_wconf 84' lang='lat' dir='ltr'><strong>comprehensi,</strong></span> <span class='ocrx_word' id='word_1_378' title='bbox 3588 2269 3642 2312; x_wconf 82' lang='lat' dir='ltr'><strong>et</strong></span> 
     </span>
    </p>
   </div>
   <div class='ocr_carea' id='block_1_53' title="bbox 2061 2346 3639 2417">
    <p class='ocr_par' dir='ltr' id='par_1_53' title="bbox 2061 2346 3639 2417">
     <span class='ocr_line' id='line_1_53' title="bbox 2061 2346 3639 2417; baseline 0 -13"><span class='ocrx_word' id='word_1_379' title='bbox 2061 2356 2215 2404; x_wconf 88' lang='lat' dir='ltr'><strong>erant</strong></span> <span class='ocrx_word' id='word_1_380' title='bbox 2243 2348 2296 2403; x_wconf 90' lang='lat' dir='ltr'><strong>in</strong></span> <span class='ocrx_word' id='word_1_381' title='bbox 2314 2347 2875 2413; x_wconf 73' lang='lat' dir='ltr'><strong>vinculis.Sozonsa.,</strong></span> <span class='ocrx_word' id='word_1_382' title='bbox 2893 2346 2983 2404; x_wconf 85' lang='lat' dir='ltr'><strong>lib.</strong></span> <span class='ocrx_word' id='word_1_383' title='bbox 3010 2366 3194 2417; x_wconf 86' lang='lat' dir='ltr'><strong>tt,rap.</strong></span> <span class='ocrx_word' id='word_1_384' title='bbox 3217 2348 3270 2405; x_wconf 87' lang='lat'><strong>9.</strong></span> <span class='ocrx_word' id='word_1_385' title='bbox 3302 2348 3639 2405; x_wconf 77' lang='lat' dir='ltr'><strong>Edil.Christ.</strong></span> 
     </span>
    </p>
   </div>
   <div class='ocr_carea' id='block_1_54' title="bbox 2068 2438 3641 2514">
    <p class='ocr_par' dir='ltr' id='par_1_54' title="bbox 2068 2438 3641 2514">
     <span class='ocr_line' id='line_1_54' title="bbox 2068 2438 3641 2514; baseline 0.003 -20"><span class='ocrx_word' id='word_1_386' title='bbox 2068 2438 2244 2495; x_wconf 81' lang='lat' dir='ltr'><strong>Vales.</strong></span> <span class='ocrx_word' id='word_1_387' title='bbox 2276 2458 2392 2510; x_wconf 84' lang='lat' dir='ltr'><strong>cap.</strong></span> <span class='ocrx_word' id='word_1_388' title='bbox 2427 2440 2509 2504; x_wconf 79' lang='grc'><strong>10,</strong></span> <span class='ocrx_word' id='word_1_389' title='bbox 2541 2458 2594 2511; x_wconf 78' lang='grc' dir='ltr'><strong>ρ.</strong></span> <span class='ocrx_word' id='word_1_390' title='bbox 2636 2439 2758 2494; x_wconf 73' lang='grc'><strong>458.</strong></span> <span class='ocrx_word' id='word_1_391' title='bbox 2783 2444 2855 2483; x_wconf 67' lang='grc'><strong>³-</strong></span> <span class='ocrx_word' id='word_1_392' title='bbox 2876 2440 3027 2496; x_wconf 87' lang='lat' dir='ltr'><strong>Tunc</strong></span> <span class='ocrx_word' id='word_1_393' title='bbox 3054 2442 3232 2512; x_wconf 85' lang='lat' dir='ltr'><strong>itaque</strong></span> <span class='ocrx_word' id='word_1_394' title='bbox 3262 2442 3520 2514; x_wconf 83' lang='lat' dir='ltr'><strong>Pusicius,</strong></span> <span class='ocrx_word' id='word_1_395' title='bbox 3552 2445 3641 2513; x_wconf 86' lang='lat' dir='ltr'><strong>qui</strong></span> 
     </span>
    </p>
   </div>
   <div class='ocr_carea' id='block_1_55' title="bbox 2060 2531 3642 2601">
    <p class='ocr_par' dir='ltr' id='par_1_55' title="bbox 2060 2531 3642 2601">
     <span class='ocr_line' id='line_1_55' title="bbox 2060 2531 3642 2601; baseline 0.001 -16"><span class='ocrx_word' id='word_1_396' title='bbox 2060 2546 2221 2601; x_wconf 85' lang='lat' dir='ltr'><strong>super</strong></span> <span class='ocrx_word' id='word_1_397' title='bbox 2269 2547 2457 2586; x_wconf 89' lang='lat' dir='ltr'><strong>omnes</strong></span> <span class='ocrx_word' id='word_1_398' title='bbox 2488 2531 2721 2587; x_wconf 88' lang='lat' dir='ltr'><strong>artiﬁces</strong></span> <span class='ocrx_word' id='word_1_399' title='bbox 2752 2533 2892 2601; x_wconf 80' lang='lat' dir='ltr'><strong>regis</strong></span> <span class='ocrx_word' id='word_1_400' title='bbox 2937 2541 3055 2588; x_wconf 90' lang='lat' dir='ltr'><strong>erat</strong></span> <span class='ocrx_word' id='word_1_401' title='bbox 3101 2532 3171 2587; x_wconf 88' lang='lat' dir='ltr'><strong>ibi</strong></span> <span class='ocrx_word' id='word_1_402' title='bbox 3219 2534 3536 2600; x_wconf 87' lang='lat' dir='ltr'><strong>consistens,</strong></span> <span class='ocrx_word' id='word_1_403' title='bbox 3587 2543 3642 2589; x_wconf 90' lang='lat' dir='ltr'><strong>et</strong></span> 
     </span>
    </p>
   </div>
   <div class='ocr_carea' id='block_1_56' title="bbox 2061 2622 3636 2695">
    <p class='ocr_par' dir='ltr' id='par_1_56' title="bbox 2061 2622 3636 2695">
     <span class='ocr_line' id='line_1_56' title="bbox 2061 2622 3636 2695; baseline 0.003 -20"><span class='ocrx_word' id='word_1_404' title='bbox 2061 2622 2247 2677; x_wconf 89' lang='lat' dir='ltr'><strong>videns</strong></span> <span class='ocrx_word' id='word_1_405' title='bbox 2285 2624 2545 2675; x_wconf 81' lang='lat' dir='ltr'><strong>Anauiam</strong></span> <span class='ocrx_word' id='word_1_406' title='bbox 2578 2631 2894 2678; x_wconf 80' lang='lat' dir='ltr'><strong>trementem</strong></span> <span class='ocrx_word' id='word_1_407' title='bbox 2948 2639 3069 2679; x_wconf 88' lang='lat' dir='ltr'><strong>cum</strong></span> <span class='ocrx_word' id='word_1_408' title='bbox 3128 2626 3523 2695; x_wconf 71' lang='lat' dir='ltr'><strong>prmliararctitr</strong></span> <span class='ocrx_word' id='word_1_409' title='bbox 3570 2626 3636 2680; x_wconf 77' lang='lat' dir='ltr'><strong>ad</strong></span> 
     </span>
    </p>
   </div>
   <div class='ocr_carea' id='block_1_57' title="bbox 2062 2704 3644 2783">
    <p class='ocr_par' dir='ltr' id='par_1_57' title="bbox 2062 2704 3644 2783">
     <span class='ocr_line' id='line_1_57' title="bbox 2062 2704 3644 2783; baseline -0.001 -11"><span class='ocrx_word' id='word_1_410' title='bbox 2062 2704 2287 2782; x_wconf 64' lang='lat' dir='ltr'><strong>necem;</strong></span> <span class='ocrx_word' id='word_1_411' title='bbox 2331 2715 2406 2768; x_wconf 88' lang='lat' dir='ltr'><strong>ait</strong></span> <span class='ocrx_word' id='word_1_412' title='bbox 2439 2732 2463 2767; x_wconf 14' lang='lat'><strong>:7</strong></span> <span class='ocrx_word' id='word_1_413' title='bbox 2484 2712 2790 2780; x_wconf 87' lang='lat' dir='ltr'><strong>Paululum,</strong></span> <span class='ocrx_word' id='word_1_414' title='bbox 2837 2730 2870 2769; x_wconf 91' lang='grc' dir='ltr'>ο</span> <span class='ocrx_word' id='word_1_415' title='bbox 2900 2731 3085 2781; x_wconf 80' lang='lat' dir='ltr'><strong>senex,</strong></span> <span class='ocrx_word' id='word_1_416' title='bbox 3135 2716 3323 2771; x_wconf 89' lang='lat' dir='ltr'><strong>claude</strong></span> <span class='ocrx_word' id='word_1_417' title='bbox 3353 2716 3557 2783; x_wconf 85' lang='lat' dir='ltr'><strong>oculos,</strong></span> <span class='ocrx_word' id='word_1_418' title='bbox 3591 2724 3644 2771; x_wconf 87' lang='lat' dir='ltr'><strong>et</strong></span> 
     </span>
    </p>
   </div>
   <div class='ocr_carea' id='block_1_58' title="bbox 2061 2792 3640 2877">
    <p class='ocr_par' dir='ltr' id='par_1_58' title="bbox 2061 2792 3640 2877">
     <span class='ocr_line' id='line_1_58' title="bbox 2061 2792 3640 2877; baseline 0.002 -19"><span class='ocrx_word' id='word_1_419' title='bbox 2061 2821 2282 2860; x_wconf 89' lang='lat' dir='ltr'><strong>securus</strong></span> <span class='ocrx_word' id='word_1_420' title='bbox 2329 2813 2467 2870; x_wconf 77' lang='lat' dir='ltr'><strong>esto,</strong></span> <span class='ocrx_word' id='word_1_421' title='bbox 2518 2821 2639 2859; x_wconf 86' lang='lat' dir='ltr'><strong>mox</strong></span> <span class='ocrx_word' id='word_1_422' title='bbox 2683 2792 2823 2860; x_wconf 86' lang='lat' dir='ltr'><strong>enim</strong></span> <span class='ocrx_word' id='word_1_423' title='bbox 2870 2805 3067 2860; x_wconf 56' lang='lat' dir='ltr'><strong>Chrirti</strong></span> <span class='ocrx_word' id='word_1_424' title='bbox 3115 2807 3318 2863; x_wconf 86' lang='lat' dir='ltr'><strong>videbis</strong></span> <span class='ocrx_word' id='word_1_425' title='bbox 3347 2817 3640 2877; x_wconf 88' lang='lat' dir='ltr'><strong>aspectum.</strong></span> 
     </span>
    </p>
   </div>
   <div class='ocr_carea' id='block_1_59' title="bbox 2038 2897 3645 2969">
    <p class='ocr_par' dir='ltr' id='par_1_59' title="bbox 2038 2897 3645 2969">
     <span class='ocr_line' id='line_1_59' title="bbox 2038 2897 3645 2969; baseline -0.004 -13"><span class='ocrx_word' id='word_1_426' title='bbox 2038 2899 2301 2969; x_wconf 77' lang='lat' dir='ltr'><strong>Cumque</strong></span> <span class='ocrx_word' id='word_1_427' title='bbox 2328 2900 2550 2953; x_wconf 72' lang='lat' dir='ltr'><strong>dixisset</strong></span> <span class='ocrx_word' id='word_1_428' title='bbox 2578 2898 2700 2964; x_wconf 82' lang='lat' dir='ltr'><strong>hoc,</strong></span> <span class='ocrx_word' id='word_1_429' title='bbox 2730 2906 2952 2967; x_wconf 90' lang='lat' dir='ltr'><strong>repente</strong></span> <span class='ocrx_word' id='word_1_430' title='bbox 2979 2897 3425 2967; x_wconf 58' lang='lat' dir='ltr'><strong>comprehensus,</strong></span> <span class='ocrx_word' id='word_1_431' title='bbox 3456 2898 3645 2952; x_wconf 67' lang='lat' dir='ltr'><strong>ductus</strong></span> 
     </span>
    </p>
   </div>
   <div class='ocr_carea' id='block_1_60' title="bbox 2063 2984 3644 3058">
    <p class='ocr_par' dir='ltr' id='par_1_60' title="bbox 2063 2984 3644 3058">
     <span class='ocr_line' id='line_1_60' title="bbox 2063 2984 3644 3058; baseline -0.002 -14"><span class='ocrx_word' id='word_1_432' title='bbox 2063 2990 2130 3044; x_wconf 89' lang='lat' dir='ltr'><strong>ad</strong></span> <span class='ocrx_word' id='word_1_433' title='bbox 2158 3003 2358 3058; x_wconf 80' lang='lat' dir='ltr'><strong>regem,</strong></span> <span class='ocrx_word' id='word_1_434' title='bbox 2390 2998 2445 3042; x_wconf 89' lang='lat' dir='ltr'><strong>et</strong></span> <span class='ocrx_word' id='word_1_435' title='bbox 2474 2987 2810 3041; x_wconf 80' lang='lat' dir='ltr'><strong>Christianus</strong></span> <span class='ocrx_word' id='word_1_436' title='bbox 2839 2999 2959 3040; x_wconf 90' lang='lat' dir='ltr'><strong>esse</strong></span> <span class='ocrx_word' id='word_1_437' title='bbox 2985 2984 3374 3050; x_wconf 78' lang='lat' dir='ltr'><strong>manifestatur,</strong></span> <span class='ocrx_word' id='word_1_438' title='bbox 3407 3001 3473 3041; x_wconf 90' lang='lat' dir='ltr'><strong>eo</strong></span> <span class='ocrx_word' id='word_1_439' title='bbox 3501 2988 3644 3055; x_wconf 86' lang='lat' dir='ltr'><strong>quod</strong></span> 
     </span>
    </p>
   </div>
   <div class='ocr_carea' id='block_1_61' title="bbox 2063 3076 3725 3151">
    <p class='ocr_par' dir='ltr' id='par_1_61' title="bbox 2063 3076 3725 3151">
     <span class='ocr_line' id='line_1_61' title="bbox 2063 3076 3725 3151; baseline -0.001 -18"><span class='ocrx_word' id='word_1_440' title='bbox 2063 3097 2163 3151; x_wconf 91' lang='lat' dir='ltr'><strong>pro</strong></span> <span class='ocrx_word' id='word_1_441' title='bbox 2193 3081 2443 3150; x_wconf 85' lang='lat' dir='ltr'><strong>dogmate</strong></span> <span class='ocrx_word' id='word_1_442' title='bbox 2471 3077 2895 3133; x_wconf 63' lang='lat' dir='ltr'><strong>fuisset‘locutus</strong></span> <span class='ocrx_word' id='word_1_443' title='bbox 2923 3076 3089 3132; x_wconf 87' lang='lat' dir='ltr'><strong>libera</strong></span> <span class='ocrx_word' id='word_1_444' title='bbox 3121 3077 3416 3132; x_wconf 83' lang='lat' dir='ltr'><strong>intentione</strong></span> <span class='ocrx_word' id='word_1_445' title='bbox 3447 3090 3645 3150; x_wconf 80' lang='lat' dir='ltr'><strong>marty-</strong></span> <span class='ocrx_word' id='word_1_446' title='bbox 3720 3093 3725 3099; x_wconf 82' lang='lat'><strong><em>‘</em></strong></span> 
     </span>
    </p>
   </div>
   <div class='ocr_carea' id='block_1_62' title="bbox 372 3160 3646 3251">
    <p class='ocr_par' dir='ltr' id='par_1_62' title="bbox 372 3160 3646 3251">
     <span class='ocr_line' id='line_1_62' title="bbox 372 3160 3646 3251; baseline 0.002 -30"><span class='ocrx_word' id='word_1_447' title='bbox 372 3180 433 3221; x_wconf 83' lang='lat' dir='ltr'><strong>se</strong></span> <span class='ocrx_word' id='word_1_448' title='bbox 473 3180 593 3223; x_wconf 87' lang='lat' dir='ltr'><strong>esse</strong></span> <span class='ocrx_word' id='word_1_449' title='bbox 635 3167 927 3238; x_wconf 89' lang='lat' dir='ltr'><strong>professus,</strong></span> <span class='ocrx_word' id='word_1_450' title='bbox 974 3179 1029 3223; x_wconf 88' lang='lat' dir='ltr'><strong>et</strong></span> <span class='ocrx_word' id='word_1_451' title='bbox 1066 3169 1233 3226; x_wconf 89' lang='lat' dir='ltr'><strong>Deum</strong></span> <span class='ocrx_word' id='word_1_452' title='bbox 1281 3173 1558 3242; x_wconf 87' lang='lat' dir='ltr'><strong>proprium</strong></span> <span class='ocrx_word' id='word_1_453' title='bbox 1595 3173 1735 3244; x_wconf 88' lang='lat' dir='ltr'><strong>apud</strong></span> <span class='ocrx_word' id='word_1_454' title='bbox 1775 3186 1956 3244; x_wconf 80' lang='lat' dir='ltr'><strong>regem</strong></span> <span class='ocrx_word' id='word_1_455' title='bbox 1985 3189 2030 3251; x_wconf 74' lang='grc' dir='ltr'>ε</span> <span class='ocrx_word' id='word_1_456' title='bbox 2066 3174 2231 3230; x_wconf 89' lang='lat' dir='ltr'><strong>ribus.</strong></span> <span class='ocrx_word' id='word_1_457' title='bbox 2281 3160 2438 3226; x_wconf 63' lang='lat' dir='ltr'><strong>Tunc~</strong></span> <span class='ocrx_word' id='word_1_458' title='bbox 2470 3186 2564 3226; x_wconf 87' lang='lat' dir='ltr'><strong>rex</strong></span> <span class='ocrx_word' id='word_1_459' title='bbox 2592 3178 2852 3226; x_wconf 84' lang='lat' dir='ltr'><strong>extraneo</strong></span> <span class='ocrx_word' id='word_1_460' title='bbox 2886 3169 3124 3240; x_wconf 86' lang='lat' dir='ltr'><strong>quodam</strong></span> <span class='ocrx_word' id='word_1_461' title='bbox 3154 3178 3209 3225; x_wconf 91' lang='lat' dir='ltr'><strong>et</strong></span> <span class='ocrx_word' id='word_1_462' title='bbox 3236 3170 3440 3226; x_wconf 83' lang='lat' dir='ltr'><strong>crudeli</strong></span> <span class='ocrx_word' id='word_1_463' title='bbox 3486 3172 3646 3227; x_wconf 89' lang='lat' dir='ltr'><strong>modo</strong></span> 
     </span>
    </p>
   </div>
   <div class='ocr_carea' id='block_1_63' title="bbox 374 3258 1952 3335">
    <p class='ocr_par' dir='ltr' id='par_1_63' title="bbox 374 3258 1952 3335">
     <span class='ocr_line' id='line_1_63' title="bbox 374 3258 1952 3335; baseline 0.005 -27"><span class='ocrx_word' id='word_1_464' title='bbox 374 3269 573 3325; x_wconf 79' lang='lat' dir='ltr'><strong>negare</strong></span> <span class='ocrx_word' id='word_1_465' title='bbox 595 3264 965 3314; x_wconf 84' lang='lat' dir='ltr'><strong>contemnens.</strong></span> <span class='ocrx_word' id='word_1_466' title='bbox 997 3258 1124 3315; x_wconf 76' lang='lat' dir='ltr'><strong>time</strong></span> <span class='ocrx_word' id='word_1_467' title='bbox 1141 3260 1358 3329; x_wconf 84' lang='lat' dir='ltr'><strong>quidem</strong></span> <span class='ocrx_word' id='word_1_468' title='bbox 1381 3262 1659 3335; x_wconf 73' lang='lat' dir='ltr'><strong>eurmchus</strong></span> <span class='ocrx_word' id='word_1_469' title='bbox 1676 3263 1790 3331; x_wconf 85' lang='lat' dir='ltr'><strong>regi</strong></span> <span class='ocrx_word' id='word_1_470' title='bbox 1818 3279 1952 3318; x_wconf 88' lang='lat' dir='ltr'><strong>nun-</strong></span> 
     </span>
    </p>
   </div>
   <div class='ocr_carea' id='block_1_64' title="bbox 375 3344 1954 3419">
    <p class='ocr_par' dir='ltr' id='par_1_64' title="bbox 375 3344 1954 3419">
     <span class='ocr_line' id='line_1_64' title="bbox 375 3344 1954 3419; baseline 0.005 -20"><span class='ocrx_word' id='word_1_471' title='bbox 375 3344 546 3399; x_wconf 84' lang='lat' dir='ltr'><strong>tiavit.</strong></span> <span class='ocrx_word' id='word_1_472' title='bbox 603 3345 774 3402; x_wconf 87' lang='lat' dir='ltr'><strong>Porro</strong></span> <span class='ocrx_word' id='word_1_473' title='bbox 811 3346 1046 3418; x_wconf 83' lang='lat' dir='ltr'><strong>Sapores</strong></span> <span class='ocrx_word' id='word_1_474' title='bbox 1095 3348 1616 3419; x_wconf 78' lang='lat' dir='ltr'><strong>juxta&#39;petitionem</strong></span> <span class='ocrx_word' id='word_1_475' title='bbox 1671 3349 1954 3408; x_wconf 86' lang='lat' dir='ltr'><strong>Ustazadis</strong></span> 
     </span>
    </p>
   </div>
   <div class='ocr_carea' id='block_1_65' title="bbox 373 3439 1956 3514">
    <p class='ocr_par' dir='ltr' id='par_1_65' title="bbox 373 3439 1956 3514">
     <span class='ocr_line' id='line_1_65' title="bbox 373 3439 1956 3514; baseline 0.006 -24"><span class='ocrx_word' id='word_1_476' title='bbox 373 3452 675 3507; x_wconf 52' lang='lat' dir='ltr'><strong>praeconem</strong></span> <span class='ocrx_word' id='word_1_477' title='bbox 698 3439 933 3496; x_wconf 86' lang='lat' dir='ltr'><strong>clamare</strong></span> <span class='ocrx_word' id='word_1_478' title='bbox 954 3442 1111 3497; x_wconf 78' lang='lat' dir='ltr'><strong>fecit.</strong></span> <span class='ocrx_word' id='word_1_479' title='bbox 1130 3441 1458 3498; x_wconf 62' lang='lat' dir='ltr'><strong>jEstimabat</strong></span> <span class='ocrx_word' id='word_1_480' title='bbox 1477 3443 1777 3500; x_wconf 84' lang='lat' dir='ltr'><strong>enim-alios</strong></span> <span class='ocrx_word' id='word_1_481' title='bbox 1797 3460 1956 3514; x_wconf 89' lang='lat' dir='ltr'><strong>posse</strong></span> 
     </span>
    </p>
   </div>
   <div class='ocr_carea' id='block_1_66' title="bbox 373 3521 1957 3607">
    <p class='ocr_par' dir='ltr' id='par_1_66' title="bbox 373 3521 1957 3607">
     <span class='ocr_line' id='line_1_66' title="bbox 373 3521 1957 3607; baseline 0.007 -24"><span class='ocrx_word' id='word_1_482' title='bbox 373 3543 404 3583; x_wconf 86' lang='lat' dir='ltr'><strong>a</strong></span> <span class='ocrx_word' id='word_1_483' title='bbox 431 3521 828 3586; x_wconf 85' lang='lat' dir='ltr'><strong>Cbristianitate</strong></span> <span class='ocrx_word' id='word_1_484' title='bbox 855 3540 1108 3588; x_wconf 78' lang='lat' dir='ltr'><strong>revocare</strong></span> <span class='ocrx_word' id='word_1_485' title='bbox 1128 3533 1482 3600; x_wconf 81' lang='lat' dir='ltr'><strong>Christianos,</strong></span> <span class='ocrx_word' id='word_1_486' title='bbox 1509 3535 1553 3590; x_wconf 90' lang='lat' dir='ltr'><strong>si</strong></span> <span class='ocrx_word' id='word_1_487' title='bbox 1580 3544 1756 3591; x_wconf 90' lang='lat' dir='ltr'><strong>mente</strong></span> <span class='ocrx_word' id='word_1_488' title='bbox 1780 3536 1957 3607; x_wconf 89' lang='lat' dir='ltr'><strong>perci-</strong></span> 
     </span>
    </p>
   </div>
   <div class='ocr_carea' id='block_1_67' title="bbox 376 3620 1956 3699">
    <p class='ocr_par' dir='ltr' id='par_1_67' title="bbox 376 3620 1956 3699">
     <span class='ocr_line' id='line_1_67' title="bbox 376 3620 1956 3699; baseline 0.008 -25"><span class='ocrx_word' id='word_1_489' title='bbox 376 3630 568 3691; x_wconf 84' lang='lat' dir='ltr'><strong>perent</strong></span> <span class='ocrx_word' id='word_1_490' title='bbox 611 3622 736 3690; x_wconf 86' lang='lat' dir='ltr'><strong>quia</strong></span> <span class='ocrx_word' id='word_1_491' title='bbox 784 3620 913 3679; x_wconf 83' lang='lat' dir='ltr'><strong>nulli</strong></span> <span class='ocrx_word' id='word_1_492' title='bbox 958 3635 1204 3695; x_wconf 89' lang='lat' dir='ltr'><strong>parceret</strong></span> <span class='ocrx_word' id='word_1_493' title='bbox 1254 3626 1580 3695; x_wconf 87' lang='lat' dir='ltr'><strong>Christiano,</strong></span> <span class='ocrx_word' id='word_1_494' title='bbox 1631 3629 1720 3699; x_wconf 91' lang='lat' dir='ltr'><strong>qui</strong></span> <span class='ocrx_word' id='word_1_495' title='bbox 1770 3645 1956 3689; x_wconf 86' lang='lat' dir='ltr'><strong>senem</strong></span> 
     </span>
    </p>
   </div>
   <div class='ocr_carea' id='block_1_68' title="bbox 376 3712 1954 3776">
    <p class='ocr_par' dir='ltr' id='par_1_68' title="bbox 376 3712 1954 3776">
     <span class='ocr_line' id='line_1_68' title="bbox 376 3712 1954 3776; baseline 0.006 -11"><span class='ocrx_word' id='word_1_496' title='bbox 376 3712 692 3767; x_wconf 87' lang='lat' dir='ltr'><strong>nutritorem</strong></span> <span class='ocrx_word' id='word_1_497' title='bbox 727 3722 781 3768; x_wconf 87' lang='lat' dir='ltr'><strong>et</strong></span> <span class='ocrx_word' id='word_1_498' title='bbox 825 3713 1075 3770; x_wconf 87' lang='lat' dir='ltr'><strong>devotum</strong></span> <span class='ocrx_word' id='word_1_499' title='bbox 1116 3720 1234 3772; x_wconf 63' lang='lat' dir='ltr'><strong>sum</strong></span> <span class='ocrx_word' id='word_1_500' title='bbox 1256 3716 1631 3775; x_wconf 79' lang='lat' dir='ltr'><strong>familiaritatis</strong></span> <span class='ocrx_word' id='word_1_501' title='bbox 1662 3720 1954 3776; x_wconf 80' lang='lat' dir='ltr'><strong>occideret.</strong></span> 
     </span>
    </p>
   </div>
   <div class='ocr_carea' id='block_1_69' title="bbox 378 3801 1956 3878">
    <p class='ocr_par' dir='ltr' id='par_1_69' title="bbox 378 3801 1956 3878">
     <span class='ocr_line' id='line_1_69' title="bbox 378 3801 1956 3878; baseline 0.006 -21"><span class='ocrx_word' id='word_1_502' title='bbox 378 3801 669 3858; x_wconf 85' lang='lat' dir='ltr'><strong>Ustazades</strong></span> <span class='ocrx_word' id='word_1_503' title='bbox 705 3813 882 3858; x_wconf 88' lang='lat' dir='ltr'><strong>autem</strong></span> <span class='ocrx_word' id='word_1_504' title='bbox 909 3805 1113 3861; x_wconf 85' lang='lat' dir='ltr'><strong>studuit</strong></span> <span class='ocrx_word' id='word_1_505' title='bbox 1143 3808 1362 3863; x_wconf 87' lang='lat' dir='ltr'><strong>clamari</strong></span> <span class='ocrx_word' id='word_1_506' title='bbox 1405 3825 1620 3863; x_wconf 82' lang='lat' dir='ltr'><strong>causam</strong></span> <span class='ocrx_word' id='word_1_507' title='bbox 1650 3825 1760 3865; x_wconf 77' lang='lat' dir='ltr'><strong>sua:</strong></span> <span class='ocrx_word' id='word_1_508' title='bbox 1790 3811 1956 3878; x_wconf 89' lang='lat' dir='ltr'><strong>necis,</strong></span> 
     </span>
    </p>
   </div>
   <div class='ocr_carea' id='block_1_70' title="bbox 376 3894 1956 3967">
    <p class='ocr_par' dir='ltr' id='par_1_70' title="bbox 376 3894 1956 3967">
     <span class='ocr_line' id='line_1_70' title="bbox 376 3894 1956 3967; baseline 0.004 -19"><span class='ocrx_word' id='word_1_509' title='bbox 376 3894 629 3949; x_wconf 77' lang='lat' dir='ltr'><strong>credens</strong></span> <span class='ocrx_word' id='word_1_510' title='bbox 657 3895 779 3963; x_wconf 92' lang='lat' dir='ltr'><strong>quia</strong></span> <span class='ocrx_word' id='word_1_511' title='bbox 830 3912 949 3950; x_wconf 90' lang='lat' dir='ltr'><strong>cum</strong></span> <span class='ocrx_word' id='word_1_512' title='bbox 993 3913 1088 3966; x_wconf 86' lang='lat' dir='ltr'><strong>per</strong></span> <span class='ocrx_word' id='word_1_513' title='bbox 1137 3908 1396 3953; x_wconf 82' lang='lat' dir='ltr'><strong>terrorem</strong></span> <span class='ocrx_word' id='word_1_514' title='bbox 1445 3900 1723 3955; x_wconf 73' lang='lat' dir='ltr'><strong>adorasset</strong></span> <span class='ocrx_word' id='word_1_515' title='bbox 1768 3901 1956 3967; x_wconf 89' lang='lat' dir='ltr'><strong>solem,</strong></span> 
     </span>
    </p>
   </div>
   <div class='ocr_carea' id='block_1_71' title="bbox 376 3984 1961 4046">
    <p class='ocr_par' dir='ltr' id='par_1_71' title="bbox 376 3984 1961 4046">
     <span class='ocr_line' id='line_1_71' title="bbox 376 3984 1961 4046; baseline 0.005 -8"><span class='ocrx_word' id='word_1_516' title='bbox 376 3985 572 4040; x_wconf 89' lang='lat' dir='ltr'><strong>multos</strong></span> <span class='ocrx_word' id='word_1_517' title='bbox 598 3984 1023 4041; x_wconf 68' lang='lat' dir='ltr'><strong>Christianorum</strong></span> <span class='ocrx_word' id='word_1_518' title='bbox 1067 3987 1350 4043; x_wconf 76' lang='lat' dir='ltr'><strong>deduxerit</strong></span> <span class='ocrx_word' id='word_1_519' title='bbox 1393 3989 1459 4043; x_wconf 87' lang='lat' dir='ltr'><strong>ad</strong></span> <span class='ocrx_word' id='word_1_520' title='bbox 1490 3990 1736 4045; x_wconf 89' lang='lat' dir='ltr'><strong>timorem</strong></span> <span class='ocrx_word' id='word_1_521' title='bbox 1771 4007 1784 4045; x_wconf 91' lang='lat'><strong>:</strong></span> <span class='ocrx_word' id='word_1_522' title='bbox 1816 4007 1961 4046; x_wconf 90' lang='lat' dir='ltr'><strong>nunc</strong></span> 
     </span>
    </p>
   </div>
   <div class='ocr_carea' id='block_1_72' title="bbox 374 4079 1961 4148">
    <p class='ocr_par' dir='ltr' id='par_1_72' title="bbox 374 4079 1961 4148">
     <span class='ocr_line' id='line_1_72' title="bbox 374 4079 1961 4148; baseline 0.004 -19"><span class='ocrx_word' id='word_1_523' title='bbox 374 4082 554 4130; x_wconf 87' lang='lat' dir='ltr'><strong>autem</strong></span> <span class='ocrx_word' id='word_1_524' title='bbox 577 4087 965 4144; x_wconf 84' lang='lat' dir='ltr'><strong>cognoscentes</strong></span> <span class='ocrx_word' id='word_1_525' title='bbox 994 4092 1093 4146; x_wconf 89' lang='lat' dir='ltr'><strong>pro</strong></span> <span class='ocrx_word' id='word_1_526' title='bbox 1124 4079 1380 4148; x_wconf 68' lang='lat' dir='ltr'><strong>religione</strong></span> <span class='ocrx_word' id='word_1_527' title='bbox 1410 4088 1678 4135; x_wconf 87' lang='lat' dir='ltr'><strong>mortuum</strong></span> <span class='ocrx_word' id='word_1_528' title='bbox 1698 4081 1961 4148; x_wconf 89' lang='lat' dir='ltr'><strong>,imitato-</strong></span> 
     </span>
    </p>
   </div>
   <div class='ocr_carea' id='block_1_73' title="bbox 372 4166 1962 4242">
    <p class='ocr_par' dir='ltr' id='par_1_73' title="bbox 372 4166 1962 4242">
     <span class='ocr_line' id='line_1_73' title="bbox 372 4166 1962 4242; baseline 0.003 -20"><span class='ocrx_word' id='word_1_529' title='bbox 372 4181 463 4222; x_wconf 86' lang='lat' dir='ltr'><strong>res</strong></span> <span class='ocrx_word' id='word_1_530' title='bbox 491 4167 689 4221; x_wconf 87' lang='lat' dir='ltr'><strong>multos</strong></span> <span class='ocrx_word' id='word_1_531' title='bbox 738 4182 849 4220; x_wconf 83' lang='lat' dir='ltr'><strong>suae</strong></span> <span class='ocrx_word' id='word_1_532' title='bbox 875 4166 1085 4222; x_wconf 83' lang='lat' dir='ltr'><strong>virtutis</strong></span> <span class='ocrx_word' id='word_1_533' title='bbox 1113 4169 1371 4225; x_wconf 83' lang='lat' dir='ltr'><strong>efﬁceret.</strong></span> <span class='ocrx_word' id='word_1_534' title='bbox 1414 4170 1534 4227; x_wconf 85' lang='lat' dir='ltr'><strong>&#39;lloe</strong></span> <span class='ocrx_word' id='word_1_535' title='bbox 1580 4173 1758 4242; x_wconf 85' lang='lat' dir='ltr'><strong>itaque</strong></span> <span class='ocrx_word' id='word_1_536' title='bbox 1800 4172 1962 4227; x_wconf 91' lang='lat' dir='ltr'><strong>modo</strong></span> 
     </span>
    </p>
   </div>
   <div class='ocr_carea' id='block_1_74' title="bbox 378 4254 1965 4328">
    <p class='ocr_par' dir='ltr' id='par_1_74' title="bbox 378 4254 1965 4328">
     <span class='ocr_line' id='line_1_74' title="bbox 378 4254 1965 4328; baseline 0.005 -17"><span class='ocrx_word' id='word_1_537' title='bbox 378 4254 674 4312; x_wconf 85' lang='lat' dir='ltr'><strong>Ustazades</strong></span> <span class='ocrx_word' id='word_1_538' title='bbox 702 4259 1083 4328; x_wconf 83' lang='lat' dir='ltr'><strong>gloriosissima</strong></span> <span class='ocrx_word' id='word_1_539' title='bbox 1111 4266 1285 4314; x_wconf 83' lang='lat' dir='ltr'><strong>morte</strong></span> <span class='ocrx_word' id='word_1_540' title='bbox 1313 4262 1601 4318; x_wconf 77' lang='lat' dir='ltr'><strong>translatus</strong></span> <span class='ocrx_word' id='word_1_541' title='bbox 1641 4274 1739 4317; x_wconf 91' lang='lat' dir='ltr'><strong>est.</strong></span> <span class='ocrx_word' id='word_1_542' title='bbox 1791 4261 1965 4319; x_wconf 78' lang='lat' dir='ltr'><strong>Sozo-</strong></span> 
     </span>
    </p>
   </div>
   <div class='ocr_carea' id='block_1_75' title="bbox 376 4346 1952 4422">
    <p class='ocr_par' dir='ltr' id='par_1_75' title="bbox 376 4346 1952 4422">
     <span class='ocr_line' id='line_1_75' title="bbox 376 4346 1952 4422; baseline 0.004 -22"><span class='ocrx_word' id='word_1_543' title='bbox 376 4346 631 4413; x_wconf 69' lang='lat' dir='ltr'><strong>usu.,’lib.</strong></span> <span class='ocrx_word' id='word_1_544' title='bbox 658 4365 715 4415; x_wconf 85' lang='lat' dir='ltr'><strong>lt,</strong></span> <span class='ocrx_word' id='word_1_545' title='bbox 745 4366 858 4417; x_wconf 82' lang='lat' dir='ltr'><strong>cap.</strong></span> <span class='ocrx_word' id='word_1_546' title='bbox 887 4347 1090 4404; x_wconf 75' lang='lat' dir='ltr'><strong>8.Edit.</strong></span> <span class='ocrx_word' id='word_1_547' title='bbox 1122 4349 1308 4405; x_wconf 79' lang='lat' dir='ltr'><strong>Christ.</strong></span> <span class='ocrx_word' id='word_1_548' title='bbox 1343 4350 1516 4407; x_wconf 70' lang='lat' dir='ltr'><strong>Vales.</strong></span> <span class='ocrx_word' id='word_1_549' title='bbox 1546 4351 1738 4422; x_wconf 84' lang='lat' dir='ltr'><strong>cap.&#39;9,</strong></span> <span class='ocrx_word' id='word_1_550' title='bbox 1769 4351 1952 4421; x_wconf 73' lang='lat' dir='ltr'><strong>p.i53.</strong></span> 
     </span>
    </p>
   </div>
   <div class='ocr_carea' id='block_1_76' title="bbox 372 4441 1955 4513">
    <p class='ocr_par' dir='ltr' id='par_1_76' title="bbox 372 4441 1955 4513">
     <span class='ocr_line' id='line_1_76' title="bbox 372 4441 1955 4513; baseline 0.003 -19"><span class='ocrx_word' id='word_1_551' title='bbox 372 4474 443 4483; x_wconf 95' lang='lat'><strong><em>—</em></strong></span> <span class='ocrx_word' id='word_1_552' title='bbox 462 4441 692 4512; x_wconf 84' lang='lat' dir='ltr'><strong>Symeon</strong></span> <span class='ocrx_word' id='word_1_553' title='bbox 717 4452 896 4498; x_wconf 89' lang='lat' dir='ltr'><strong>autem</strong></span> <span class='ocrx_word' id='word_1_554' title='bbox 921 4443 971 4498; x_wconf 90' lang='lat' dir='ltr'><strong>id</strong></span> <span class='ocrx_word' id='word_1_555' title='bbox 994 4458 1328 4512; x_wconf 83' lang='lat' dir='ltr'><strong>cognoscens</strong></span> <span class='ocrx_word' id='word_1_556' title='bbox 1350 4444 1403 4498; x_wconf 91' lang='lat' dir='ltr'><strong>in</strong></span> <span class='ocrx_word' id='word_1_557' title='bbox 1422 4460 1658 4511; x_wconf 85' lang='lat' dir='ltr'><strong>carcere,</strong></span> <span class='ocrx_word' id='word_1_558' title='bbox 1682 4445 1955 4513; x_wconf 76' lang='lat' dir='ltr'><strong>gratittcos</strong></span> 
     </span>
    </p>
   </div>
   <div class='ocr_carea' id='block_1_77' title="bbox 372 4532 1960 4604">
    <p class='ocr_par' dir='ltr' id='par_1_77' title="bbox 372 4532 1960 4604">
     <span class='ocr_line' id='line_1_77' title="bbox 372 4532 1960 4604; baseline 0.002 -19"><span class='ocrx_word' id='word_1_559' title='bbox 372 4546 472 4601; x_wconf 89' lang='lat' dir='ltr'><strong>pro</strong></span> <span class='ocrx_word' id='word_1_560' title='bbox 495 4546 560 4586; x_wconf 89' lang='lat' dir='ltr'><strong>eo</strong></span> <span class='ocrx_word' id='word_1_561' title='bbox 585 4533 810 4604; x_wconf 79' lang='lat' dir='ltr'><strong>hymnos</strong></span> <span class='ocrx_word' id='word_1_562' title='bbox 833 4534 1023 4588; x_wconf 88' lang='lat' dir='ltr'><strong>obtulit</strong></span> <span class='ocrx_word' id='word_1_563' title='bbox 1048 4532 1178 4589; x_wconf 89' lang='lat' dir='ltr'><strong>Deo.</strong></span> <span class='ocrx_word' id='word_1_564' title='bbox 1210 4534 1392 4590; x_wconf 84' lang='lat' dir='ltr'><strong>Altera</strong></span> <span class='ocrx_word' id='word_1_565' title='bbox 1416 4551 1543 4590; x_wconf 84' lang='lat' dir='ltr'><strong>vero</strong></span> <span class='ocrx_word' id='word_1_566' title='bbox 1568 4534 1673 4598; x_wconf 89' lang='lat' dir='ltr'><strong>die,</strong></span> <span class='ocrx_word' id='word_1_567' title='bbox 1706 4552 1755 4604; x_wconf 73' lang='lat' dir='ltr'><strong>q&#39;</strong></span> <span class='ocrx_word' id='word_1_568' title='bbox 1778 4552 1823 4589; x_wconf 79' lang='lat' dir='ltr'><strong>ae</strong></span> <span class='ocrx_word' id='word_1_569' title='bbox 1846 4546 1960 4589; x_wconf 85' lang='lat' dir='ltr'><strong>erat</strong></span> 
     </span>
    </p>
   </div>
   <div class='ocr_carea' id='block_1_78' title="bbox 371 4622 1959 4700">
    <p class='ocr_par' dir='ltr' id='par_1_78' title="bbox 371 4622 1959 4700">
     <span class='ocr_line' id='line_1_78' title="bbox 371 4622 1959 4700; baseline 0.003 -25"><span class='ocrx_word' id='word_1_570' title='bbox 371 4630 524 4676; x_wconf 87' lang='lat' dir='ltr'><strong>sexta</strong></span> <span class='ocrx_word' id='word_1_571' title='bbox 565 4622 707 4700; x_wconf 51' lang='lat' dir='ltr'><strong>feria.</strong></span> <span class='ocrx_word' id='word_1_572' title='bbox 723 4624 1035 4693; x_wconf 66' lang='lat' dir='ltr'><strong>septimange</strong></span> <span class='ocrx_word' id='word_1_573' title='bbox 1074 4624 1316 4695; x_wconf 88' lang='lat' dir='ltr'><strong>majoris,</strong></span> <span class='ocrx_word' id='word_1_574' title='bbox 1366 4626 1418 4680; x_wconf 92' lang='lat' dir='ltr'><strong>in</strong></span> <span class='ocrx_word' id='word_1_575' title='bbox 1453 4636 1715 4696; x_wconf 60' lang='lat' dir='ltr'><strong>qua&#39;antc</strong></span> <span class='ocrx_word' id='word_1_576' title='bbox 1751 4626 1959 4680; x_wconf 66' lang='lat' dir='ltr'><strong>‘liesur-</strong></span> 
     </span>
    </p>
   </div>
   <div class='ocr_carea' id='block_1_79' title="bbox 370 4713 2003 4773">
    <p class='ocr_par' dir='ltr' id='par_1_79' title="bbox 370 4713 2003 4773">
     <span class='ocr_line' id='line_1_79' title="bbox 370 4713 2003 4773; baseline 0.001 -5"><span class='ocrx_word' id='word_1_577' title='bbox 370 4713 625 4769; x_wconf 87' lang='lat' dir='ltr'><strong>rectionis</strong></span> <span class='ocrx_word' id='word_1_578' title='bbox 654 4714 995 4770; x_wconf 88' lang='lat' dir='ltr'><strong>festivitatem</strong></span> <span class='ocrx_word' id='word_1_579' title='bbox 1026 4732 1201 4770; x_wconf 88' lang='lat' dir='ltr'><strong>annua</strong></span> <span class='ocrx_word' id='word_1_580' title='bbox 1232 4717 1483 4771; x_wconf 85' lang='lat' dir='ltr'><strong>salutaris</strong></span> <span class='ocrx_word' id='word_1_581' title='bbox 1526 4716 1795 4773; x_wconf 84' lang='lat' dir='ltr'><strong>Passionis</strong></span> <span class='ocrx_word' id='word_1_582' title='bbox 1840 4733 1955 4770; x_wconf 86' lang='lat' dir='ltr'><strong>me-</strong></span> <span class='ocrx_word' id='word_1_583' title='bbox 1996 4744 2003 4751; x_wconf 67' lang='grc' dir='ltr'>υ</span> 
     </span>
    </p>
   </div>
   <div class='ocr_carea' id='block_1_80' title="bbox 371 4804 1956 4878">
    <p class='ocr_par' dir='ltr' id='par_1_80' title="bbox 371 4804 1956 4878">
     <span class='ocr_line' id='line_1_80' title="bbox 371 4804 1956 4878; baseline 0.003 -20"><span class='ocrx_word' id='word_1_584' title='bbox 371 4804 542 4859; x_wconf 90' lang='lat' dir='ltr'><strong>moria</strong></span> <span class='ocrx_word' id='word_1_585' title='bbox 562 4806 881 4874; x_wconf 87' lang='lat' dir='ltr'><strong>celebratur,</strong></span> <span class='ocrx_word' id='word_1_586' title='bbox 909 4807 1070 4861; x_wconf 85' lang='lat' dir='ltr'><strong>etiam</strong></span> <span class='ocrx_word' id='word_1_587' title='bbox 1090 4807 1413 4878; x_wconf 83' lang='lat' dir='ltr'><strong>Symeonem</strong></span> <span class='ocrx_word' id='word_1_588' title='bbox 1435 4808 1675 4863; x_wconf 84' lang='lat' dir='ltr'><strong>decrevit</strong></span> <span class='ocrx_word' id='word_1_589' title='bbox 1696 4823 1791 4863; x_wconf 85' lang='lat' dir='ltr'><strong>rex</strong></span> <span class='ocrx_word' id='word_1_590' title='bbox 1813 4807 1956 4862; x_wconf 86' lang='lat' dir='ltr'><strong>ferro</strong></span> 
     </span>
    </p>
   </div>
   <div class='ocr_carea' id='block_1_81' title="bbox 373 4897 1955 4967">
    <p class='ocr_par' dir='ltr' id='par_1_81' title="bbox 373 4897 1955 4967">
     <span class='ocr_line' id='line_1_81' title="bbox 373 4897 1955 4967; baseline -0.001 -15"><span class='ocrx_word' id='word_1_591' title='bbox 373 4897 661 4967; x_wconf 89' lang='lat' dir='ltr'><strong>perimere.</strong></span> <span class='ocrx_word' id='word_1_592' title='bbox 693 4897 959 4953; x_wconf 82' lang='lat' dir='ltr'><strong>Deductus</strong></span> <span class='ocrx_word' id='word_1_593' title='bbox 987 4898 1126 4952; x_wconf 89' lang='lat' dir='ltr'><strong>enim</strong></span> <span class='ocrx_word' id='word_1_594' title='bbox 1158 4912 1354 4953; x_wconf 83' lang='lat' dir='ltr'><strong>rursus</strong></span> <span class='ocrx_word' id='word_1_595' title='bbox 1382 4914 1413 4953; x_wconf 91' lang='lat' dir='ltr'><strong>e</strong></span> <span class='ocrx_word' id='word_1_596' title='bbox 1450 4913 1668 4953; x_wconf 80' lang='lat' dir='ltr'><strong>carcere</strong></span> <span class='ocrx_word' id='word_1_597' title='bbox 1709 4897 1773 4951; x_wconf 91' lang='lat' dir='ltr'><strong>ad</strong></span> <span class='ocrx_word' id='word_1_598' title='bbox 1806 4897 1955 4967; x_wconf 88' lang='lat' dir='ltr'><strong>pala-</strong></span> 
     </span>
    </p>
   </div>
   <div class='ocr_carea' id='block_1_82' title="bbox 372 4980 1957 5059">
    <p class='ocr_par' dir='ltr' id='par_1_82' title="bbox 372 4980 1957 5059">
     <span class='ocr_line' id='line_1_82' title="bbox 372 4980 1957 5059; baseline 0.001 -17"><span class='ocrx_word' id='word_1_599' title='bbox 372 4987 505 5042; x_wconf 88' lang='lat' dir='ltr'><strong>tium</strong></span> <span class='ocrx_word' id='word_1_600' title='bbox 546 4989 707 5057; x_wconf 81' lang='lat' dir='ltr'><strong>regis,</strong></span> <span class='ocrx_word' id='word_1_601' title='bbox 762 4990 922 5043; x_wconf 85' lang='lat' dir='ltr'><strong>nimis</strong></span> <span class='ocrx_word' id='word_1_602' title='bbox 970 4980 1239 5059; x_wconf 62' lang='lat' dir='ltr'><strong>intrepide~</strong></span> <span class='ocrx_word' id='word_1_603' title='bbox 1282 4989 1601 5058; x_wconf 80' lang='lat' dir='ltr'><strong>ioquebatur</strong></span> <span class='ocrx_word' id='word_1_604' title='bbox 1638 4988 1838 5058; x_wconf 75' lang='lat' dir='ltr'><strong>Sapori</strong></span> <span class='ocrx_word' id='word_1_605' title='bbox 1890 4988 1957 5043; x_wconf 90' lang='lat' dir='ltr'><strong>de</strong></span> 
     </span>
    </p>
   </div>
   <div class='ocr_carea' id='block_1_83' title="bbox 369 5079 1952 5149">
    <p class='ocr_par' dir='ltr' id='par_1_83' title="bbox 369 5079 1952 5149">
     <span class='ocr_line' id='line_1_83' title="bbox 369 5079 1952 5149; baseline 0 -16"><span class='ocrx_word' id='word_1_606' title='bbox 369 5079 652 5148; x_wconf 83' lang='lat' dir='ltr'><strong>dogmate;</strong></span> <span class='ocrx_word' id='word_1_607' title='bbox 683 5087 737 5134; x_wconf 90' lang='lat' dir='ltr'><strong>et</strong></span> <span class='ocrx_word' id='word_1_608' title='bbox 761 5092 858 5134; x_wconf 89' lang='lat' dir='ltr'><strong>nec</strong></span> <span class='ocrx_word' id='word_1_609' title='bbox 882 5079 1028 5134; x_wconf 90' lang='lat' dir='ltr'><strong>illum</strong></span> <span class='ocrx_word' id='word_1_610' title='bbox 1054 5095 1155 5135; x_wconf 89' lang='lat' dir='ltr'><strong>nec</strong></span> <span class='ocrx_word' id='word_1_611' title='bbox 1180 5080 1347 5135; x_wconf 89' lang='lat' dir='ltr'><strong>solem</strong></span> <span class='ocrx_word' id='word_1_612' title='bbox 1377 5095 1564 5149; x_wconf 88' lang='lat' dir='ltr'><strong>passus</strong></span> <span class='ocrx_word' id='word_1_613' title='bbox 1590 5089 1671 5134; x_wconf 89' lang='lat' dir='ltr'><strong>est</strong></span> <span class='ocrx_word' id='word_1_614' title='bbox 1710 5079 1952 5133; x_wconf 88' lang='lat' dir='ltr'><strong>adorare.</strong></span> 
     </span>
    </p>
   </div>
   <div class='ocr_carea' id='block_1_84' title="bbox 368 5167 1957 5239">
    <p class='ocr_par' dir='ltr' id='par_1_84' title="bbox 368 5167 1957 5239">
     <span class='ocr_line' id='line_1_84' title="bbox 368 5167 1957 5239; baseline 0.001 -18"><span class='ocrx_word' id='word_1_615' title='bbox 368 5167 678 5239; x_wconf 83' lang='lat' dir='ltr'><strong>Eademque</strong></span> <span class='ocrx_word' id='word_1_616' title='bbox 724 5167 812 5223; x_wconf 90' lang='lat' dir='ltr'><strong>die</strong></span> <span class='ocrx_word' id='word_1_617' title='bbox 852 5170 1098 5224; x_wconf 86' lang='lat' dir='ltr'><strong>similiter</strong></span> <span class='ocrx_word' id='word_1_618' title='bbox 1145 5170 1377 5224; x_wconf 87' lang='lat' dir='ltr'><strong>interimi</strong></span> <span class='ocrx_word' id='word_1_619' title='bbox 1419 5169 1552 5238; x_wconf 90' lang='lat' dir='ltr'><strong>jussi</strong></span> <span class='ocrx_word' id='word_1_620' title='bbox 1599 5178 1722 5223; x_wconf 91' lang='lat' dir='ltr'><strong>sunt</strong></span> <span class='ocrx_word' id='word_1_621' title='bbox 1770 5176 1822 5224; x_wconf 90' lang='lat' dir='ltr'><strong>et</strong></span> <span class='ocrx_word' id='word_1_622' title='bbox 1868 5168 1957 5222; x_wconf 88' lang='lat' dir='ltr'><strong>alii</strong></span> 
     </span>
    </p>
   </div>
   <div class='ocr_carea' id='block_1_85' title="bbox 369 5261 1952 5332">
    <p class='ocr_par' dir='ltr' id='par_1_85' title="bbox 369 5261 1952 5332">
     <span class='ocr_line' id='line_1_85' title="bbox 369 5261 1952 5332; baseline 0.001 -17"><span class='ocrx_word' id='word_1_623' title='bbox 369 5270 583 5316; x_wconf 89' lang='lat' dir='ltr'><strong>centum</strong></span> <span class='ocrx_word' id='word_1_624' title='bbox 614 5261 664 5315; x_wconf 92' lang='lat' dir='ltr'><strong>in</strong></span> <span class='ocrx_word' id='word_1_625' title='bbox 687 5277 902 5317; x_wconf 87' lang='lat' dir='ltr'><strong>carcere</strong></span> <span class='ocrx_word' id='word_1_626' title='bbox 924 5263 1216 5318; x_wconf 86' lang='lat' dir='ltr'><strong>constituti.</strong></span> <span class='ocrx_word' id='word_1_627' title='bbox 1251 5263 1549 5319; x_wconf 81' lang='lat' dir='ltr'><strong>Novissime</strong></span> <span class='ocrx_word' id='word_1_628' title='bbox 1569 5280 1697 5317; x_wconf 90' lang='lat' dir='ltr'><strong>vero</strong></span> <span class='ocrx_word' id='word_1_629' title='bbox 1726 5262 1952 5332; x_wconf 83' lang='lat' dir='ltr'><strong>Symeo-</strong></span> 
     </span>
    </p>
   </div>
   <div class='ocr_carea' id='block_1_86' title="bbox 368 5353 1955 5425">
    <p class='ocr_par' dir='ltr' id='par_1_86' title="bbox 368 5353 1955 5425">
     <span class='ocr_line' id='line_1_86' title="bbox 368 5353 1955 5425; baseline -0.002 -17"><span class='ocrx_word' id='word_1_630' title='bbox 368 5368 490 5408; x_wconf 83' lang='lat' dir='ltr'><strong>nem</strong></span> <span class='ocrx_word' id='word_1_631' title='bbox 531 5353 699 5409; x_wconf 89' lang='lat' dir='ltr'><strong>occidi</strong></span> <span class='ocrx_word' id='word_1_632' title='bbox 744 5362 1066 5425; x_wconf 75' lang='lat' dir='ltr'><strong>praeceptum</strong></span> <span class='ocrx_word' id='word_1_633' title='bbox 1106 5364 1219 5422; x_wconf 83' lang='lat' dir='ltr'><strong>est,</strong></span> <span class='ocrx_word' id='word_1_634' title='bbox 1263 5356 1334 5409; x_wconf 90' lang='lat' dir='ltr'><strong>ita</strong></span> <span class='ocrx_word' id='word_1_635' title='bbox 1382 5363 1439 5409; x_wconf 87' lang='lat' dir='ltr'><strong>ut</strong></span> <span class='ocrx_word' id='word_1_636' title='bbox 1479 5363 1706 5410; x_wconf 79' lang='lat' dir='ltr'><strong>mortem</strong></span> <span class='ocrx_word' id='word_1_637' title='bbox 1747 5353 1955 5407; x_wconf 87' lang='lat' dir='ltr'><strong>videret</strong></span> 
     </span>
    </p>
   </div>
   <div class='ocr_carea' id='block_1_87' title="bbox 370 5444 1954 5516">
    <p class='ocr_par' dir='ltr' id='par_1_87' title="bbox 370 5444 1954 5516">
     <span class='ocr_line' id='line_1_87' title="bbox 370 5444 1954 5516; baseline -0.001 -18"><span class='ocrx_word' id='word_1_638' title='bbox 370 5446 757 5500; x_wconf 81' lang='lat' dir='ltr'><strong>miiversorum.</strong></span> <span class='ocrx_word' id='word_1_639' title='bbox 807 5444 976 5500; x_wconf 84' lang='lat' dir='ltr'><strong>Erant</strong></span> <span class='ocrx_word' id='word_1_640' title='bbox 1005 5446 1203 5500; x_wconf 86' lang='lat' dir='ltr'><strong>etenim</strong></span> <span class='ocrx_word' id='word_1_641' title='bbox 1234 5447 1425 5501; x_wconf 88' lang='lat' dir='ltr'><strong>borum</strong></span> <span class='ocrx_word' id='word_1_642' title='bbox 1457 5446 1545 5500; x_wconf 92' lang='lat' dir='ltr'><strong>alii</strong></span> <span class='ocrx_word' id='word_1_643' title='bbox 1592 5444 1805 5516; x_wconf 90' lang='lat' dir='ltr'><strong>quidem</strong></span> <span class='ocrx_word' id='word_1_644' title='bbox 1837 5444 1954 5514; x_wconf 86' lang='lat' dir='ltr'><strong>epi-</strong></span> 
     </span>
    </p>
   </div>
   <div class='ocr_carea' id='block_1_88' title="bbox 366 5537 1951 5609">
    <p class='ocr_par' dir='ltr' id='par_1_88' title="bbox 366 5537 1951 5609">
     <span class='ocr_line' id='line_1_88' title="bbox 366 5537 1951 5609; baseline -0.001 -18"><span class='ocrx_word' id='word_1_645' title='bbox 366 5537 537 5607; x_wconf 87' lang='lat' dir='ltr'><strong>seopi,</strong></span> <span class='ocrx_word' id='word_1_646' title='bbox 563 5538 649 5591; x_wconf 77' lang='lat' dir='ltr'><strong>alii</strong></span> <span class='ocrx_word' id='word_1_647' title='bbox 674 5537 997 5609; x_wconf 80' lang='lat' dir='ltr'><strong>presbyteri,</strong></span> <span class='ocrx_word' id='word_1_648' title='bbox 1019 5538 1104 5592; x_wconf 87' lang='lat' dir='ltr'><strong>alii</strong></span> <span class='ocrx_word' id='word_1_649' title='bbox 1128 5539 1459 5595; x_wconf 80' lang='lat' dir='ltr'><strong>diversorum</strong></span> <span class='ocrx_word' id='word_1_650' title='bbox 1478 5540 1724 5594; x_wconf 88' lang='lat' dir='ltr'><strong>ordinum</strong></span> <span class='ocrx_word' id='word_1_651' title='bbox 1748 5537 1951 5592; x_wconf 89' lang='lat' dir='ltr'><strong>clerici.</strong></span> 
     </span>
    </p>
   </div>
   <div class='ocr_carea' id='block_1_89' title="bbox 362 5628 1954 5697">
    <p class='ocr_par' dir='ltr' id='par_1_89' title="bbox 362 5628 1954 5697">
     <span class='ocr_line' id='line_1_89' title="bbox 362 5628 1954 5697; baseline 0.001 -16"><span class='ocrx_word' id='word_1_652' title='bbox 362 5628 604 5697; x_wconf 89' lang='lat' dir='ltr'><strong>Cumque</strong></span> <span class='ocrx_word' id='word_1_653' title='bbox 645 5644 832 5684; x_wconf 89' lang='lat' dir='ltr'><strong>omnes</strong></span> <span class='ocrx_word' id='word_1_654' title='bbox 873 5629 1201 5684; x_wconf 86' lang='lat' dir='ltr'><strong>ducerentur</strong></span> <span class='ocrx_word' id='word_1_655' title='bbox 1247 5632 1313 5687; x_wconf 90' lang='lat' dir='ltr'><strong>ad</strong></span> <span class='ocrx_word' id='word_1_656' title='bbox 1357 5639 1613 5691; x_wconf 84' lang='lat' dir='ltr'><strong>mortem,</strong></span> <span class='ocrx_word' id='word_1_657' title='bbox 1665 5628 1954 5682; x_wconf 79' lang='lat' dir='ltr'><strong>adveniens</strong></span> 
     </span>
    </p>
   </div>
   <div class='ocr_carea' id='block_1_90' title="bbox 363 5719 1954 5791">
    <p class='ocr_par' dir='ltr' id='par_1_90' title="bbox 363 5719 1954 5791">
     <span class='ocr_line' id='line_1_90' title="bbox 363 5719 1954 5791; baseline -0.001 -18"><span class='ocrx_word' id='word_1_658' title='bbox 363 5733 605 5773; x_wconf 86' lang='lat' dir='ltr'><strong>summus</strong></span> <span class='ocrx_word' id='word_1_659' title='bbox 628 5720 874 5789; x_wconf 83' lang='lat' dir='ltr'><strong>princeps</strong></span> <span class='ocrx_word' id='word_1_660' title='bbox 905 5734 1203 5787; x_wconf 82' lang='lat' dir='ltr'><strong>magorum,</strong></span> <span class='ocrx_word' id='word_1_661' title='bbox 1235 5721 1601 5791; x_wconf 82' lang='lat' dir='ltr'><strong>interrogabat</strong></span> <span class='ocrx_word' id='word_1_662' title='bbox 1621 5735 1735 5783; x_wconf 85' lang='lat' dir='ltr'><strong>cos,</strong></span> <span class='ocrx_word' id='word_1_663' title='bbox 1767 5721 1809 5773; x_wconf 92' lang='lat' dir='ltr'><strong>si</strong></span> <span class='ocrx_word' id='word_1_664' title='bbox 1843 5719 1954 5772; x_wconf 85' lang='lat' dir='ltr'><strong>vel-</strong></span> 
     </span>
    </p>
   </div>
   <div class='ocr_carea' id='block_1_91' title="bbox 364 5802 1948 5877">
    <p class='ocr_par' dir='ltr' id='par_1_91' title="bbox 364 5802 1948 5877">
     <span class='ocr_line' id='line_1_91' title="bbox 364 5802 1948 5877; baseline -0.003 -13"><span class='ocrx_word' id='word_1_665' title='bbox 364 5805 475 5864; x_wconf 78' lang='lat' dir='ltr'><strong>ient</strong></span> <span class='ocrx_word' id='word_1_666' title='bbox 522 5809 721 5875; x_wconf 66' lang='lat' dir='ltr'><strong>virere,</strong></span> <span class='ocrx_word' id='word_1_667' title='bbox 769 5802 835 5863; x_wconf 78' lang='grc' dir='ltr'><strong>ρι’</strong></span> <span class='ocrx_word' id='word_1_668' title='bbox 872 5809 1011 5877; x_wconf 75' lang='lat' dir='ltr'><strong>regis</strong></span> <span class='ocrx_word' id='word_1_669' title='bbox 1056 5810 1366 5877; x_wconf 72' lang='lat' dir='ltr'><strong>religionem</strong></span> <span class='ocrx_word' id='word_1_670' title='bbox 1418 5811 1616 5874; x_wconf 71' lang='lat' dir='ltr'><strong>celere,</strong></span> <span class='ocrx_word' id='word_1_671' title='bbox 1662 5818 1723 5862; x_wconf 81' lang='lat' dir='ltr'><strong>et</strong></span> <span class='ocrx_word' id='word_1_672' title='bbox 1780 5809 1948 5862; x_wconf 77' lang='lat' dir='ltr'><strong>solem</strong></span> 
     </span>
    </p>
   </div>
   <div class='ocr_carea' id='block_1_92' title="bbox 2054 3258 3646 3331">
    <p class='ocr_par' dir='ltr' id='par_1_92' title="bbox 2054 3258 3646 3331">
     <span class='ocr_line' id='line_1_92' title="bbox 2054 3258 3646 3331; baseline -0.003 -9"><span class='ocrx_word' id='word_1_673' title='bbox 2054 3281 2179 3322; x_wconf 90' lang='lat' dir='ltr'><strong>eum</strong></span> <span class='ocrx_word' id='word_1_674' title='bbox 2208 3263 2345 3319; x_wconf 88' lang='lat' dir='ltr'><strong>mori</strong></span> <span class='ocrx_word' id='word_1_675' title='bbox 2376 3261 2657 3331; x_wconf 80' lang='lat' dir='ltr'><strong>pr:ecepit,</strong></span> <span class='ocrx_word' id='word_1_676' title='bbox 2699 3262 2773 3315; x_wconf 88' lang='lat' dir='ltr'><strong>ita</strong></span> <span class='ocrx_word' id='word_1_677' title='bbox 2814 3270 2873 3315; x_wconf 92' lang='lat' dir='ltr'><strong>ut</strong></span> <span class='ocrx_word' id='word_1_678' title='bbox 2901 3258 3175 3330; x_wconf 88' lang='lat' dir='ltr'><strong>perforata</strong></span> <span class='ocrx_word' id='word_1_679' title='bbox 3205 3263 3418 3317; x_wconf 88' lang='lat' dir='ltr'><strong>cervice</strong></span> <span class='ocrx_word' id='word_1_680' title='bbox 3452 3263 3646 3318; x_wconf 83' lang='lat' dir='ltr'><strong>exinde</strong></span> 
     </span>
    </p>
   </div>
   <div class='ocr_carea' id='block_1_93' title="bbox 2030 3351 3646 3427">
    <p class='ocr_par' dir='ltr' id='par_1_93' title="bbox 2030 3351 3646 3427">
     <span class='ocr_line' id='line_1_93' title="bbox 2030 3351 3646 3427; baseline -0.002 -15"><span class='ocrx_word' id='word_1_681' title='bbox 2030 3354 2742 3427; x_wconf 54' lang='lat' dir='ltr'><strong>“linguamejusejieercnt.</strong></span> <span class='ocrx_word' id='word_1_682' title='bbox 2777 3351 2894 3408; x_wconf 78' lang='lat' dir='ltr'><strong>Hoc</strong></span> <span class='ocrx_word' id='word_1_683' title='bbox 2921 3354 3100 3424; x_wconf 88' lang='lat' dir='ltr'><strong>itaque</strong></span> <span class='ocrx_word' id='word_1_684' title='bbox 3130 3353 3291 3421; x_wconf 90' lang='lat' dir='ltr'><strong>facto,</strong></span> <span class='ocrx_word' id='word_1_685' title='bbox 3323 3355 3646 3423; x_wconf 87' lang='lat' dir='ltr'><strong>quibusdam</strong></span> 
     </span>
    </p>
   </div>
   <div class='ocr_carea' id='block_1_94' title="bbox 2058 3442 3647 3514">
    <p class='ocr_par' dir='ltr' id='par_1_94' title="bbox 2058 3442 3647 3514">
     <span class='ocr_line' id='line_1_94' title="bbox 2058 3442 3647 3514; baseline -0.004 -9"><span class='ocrx_word' id='word_1_686' title='bbox 2058 3445 2433 3505; x_wconf 81' lang='lat' dir='ltr'><strong>accusantibus</strong></span> <span class='ocrx_word' id='word_1_687' title='bbox 2456 3445 2617 3500; x_wconf 88' lang='lat' dir='ltr'><strong>etiam</strong></span> <span class='ocrx_word' id='word_1_688' title='bbox 2648 3444 2806 3499; x_wconf 87' lang='lat' dir='ltr'><strong>ﬁliam</strong></span> <span class='ocrx_word' id='word_1_689' title='bbox 2829 3442 2963 3513; x_wconf 88' lang='lat' dir='ltr'><strong>ejus,</strong></span> <span class='ocrx_word' id='word_1_690' title='bbox 2996 3445 3145 3514; x_wconf 85' lang='lat' dir='ltr'><strong>virgo</strong></span> <span class='ocrx_word' id='word_1_691' title='bbox 3167 3458 3321 3501; x_wconf 77' lang='lat' dir='ltr'><strong>saera</strong></span> <span class='ocrx_word' id='word_1_692' title='bbox 3349 3454 3473 3501; x_wconf 91' lang='lat' dir='ltr'><strong>tunc</strong></span> <span class='ocrx_word' id='word_1_693' title='bbox 3498 3462 3647 3502; x_wconf 86' lang='lat' dir='ltr'><strong>com-</strong></span> 
     </span>
    </p>
   </div>
   <div class='ocr_carea' id='block_1_95' title="bbox 2060 3528 3647 3610">
    <p class='ocr_par' dir='ltr' id='par_1_95' title="bbox 2060 3528 3647 3610">
     <span class='ocr_line' id='line_1_95' title="bbox 2060 3528 3647 3610; baseline -0.002 -17"><span class='ocrx_word' id='word_1_694' title='bbox 2060 3536 2325 3610; x_wconf 82' lang='lat' dir='ltr'><strong>prehensa</strong></span> <span class='ocrx_word' id='word_1_695' title='bbox 2355 3528 2632 3606; x_wconf 85' lang='lat' dir='ltr'><strong>perempta</strong></span> <span class='ocrx_word' id='word_1_696' title='bbox 2654 3542 2756 3590; x_wconf 91' lang='lat' dir='ltr'><strong>est.</strong></span> <span class='ocrx_word' id='word_1_697' title='bbox 2790 3533 3049 3602; x_wconf 87' lang='lat' dir='ltr'><strong>Sequenti</strong></span> <span class='ocrx_word' id='word_1_698' title='bbox 3075 3550 3204 3590; x_wconf 88' lang='lat' dir='ltr'><strong>vero</strong></span> <span class='ocrx_word' id='word_1_699' title='bbox 3233 3551 3396 3601; x_wconf 88' lang='lat' dir='ltr'><strong>anno,</strong></span> <span class='ocrx_word' id='word_1_700' title='bbox 3426 3534 3512 3590; x_wconf 88' lang='lat' dir='ltr'><strong>die</strong></span> <span class='ocrx_word' id='word_1_701' title='bbox 3540 3550 3647 3605; x_wconf 91' lang='lat' dir='ltr'><strong>quo</strong></span> 
     </span>
    </p>
   </div>
   <div class='ocr_carea' id='block_1_96' title="bbox 2036 3614 3647 3697">
    <p class='ocr_par' dir='ltr' id='par_1_96' title="bbox 2036 3614 3647 3697">
     <span class='ocr_line' id='line_1_96' title="bbox 2036 3614 3647 3697; baseline -0.002 -13"><span class='ocrx_word' id='word_1_702' title='bbox 2036 3626 2332 3687; x_wconf 38' lang='lat' dir='ltr'><strong>“Passionis</strong></span> <span class='ocrx_word' id='word_1_703' title='bbox 2353 3625 2554 3682; x_wconf 84' lang='lat' dir='ltr'><strong>Christi</strong></span> <span class='ocrx_word' id='word_1_704' title='bbox 2584 3626 2842 3682; x_wconf 89' lang='lat' dir='ltr'><strong>memoria</strong></span> <span class='ocrx_word' id='word_1_705' title='bbox 2865 3614 3238 3682; x_wconf 87' lang='lat' dir='ltr'><strong>celebrabatur</strong></span> <span class='ocrx_word' id='word_1_706' title='bbox 3266 3636 3322 3683; x_wconf 86' lang='lat' dir='ltr'><strong>et</strong></span> <span class='ocrx_word' id='word_1_707' title='bbox 3364 3636 3647 3697; x_wconf 81' lang='lat' dir='ltr'><strong>exspecta-</strong></span> 
     </span>
    </p>
   </div>
   <div class='ocr_carea' id='block_1_97' title="bbox 2037 3718 3648 3791">
    <p class='ocr_par' dir='ltr' id='par_1_97' title="bbox 2037 3718 3648 3791">
     <span class='ocr_line' id='line_1_97' title="bbox 2037 3718 3648 3791; baseline -0.001 -15"><span class='ocrx_word' id='word_1_708' title='bbox 2037 3720 2218 3777; x_wconf 79' lang='lat' dir='ltr'><strong>&#39;ba&#39;tur</strong></span> <span class='ocrx_word' id='word_1_709' title='bbox 2245 3719 2677 3775; x_wconf 46' lang='lat' dir='ltr'><strong>Rcsurreeti‘onis</strong></span> <span class='ocrx_word' id='word_1_710' title='bbox 2716 3718 3007 3786; x_wconf 82' lang='lat' dir='ltr'><strong>festivitas,</strong></span> <span class='ocrx_word' id='word_1_711' title='bbox 3038 3718 3401 3775; x_wconf 85' lang='lat' dir='ltr'><strong>crudelissima</strong></span> <span class='ocrx_word' id='word_1_712' title='bbox 3430 3720 3648 3791; x_wconf 86' lang='lat' dir='ltr'><strong>Saporis</strong></span> 
     </span>
    </p>
   </div>
   <div class='ocr_carea' id='block_1_98' title="bbox 2064 3808 3643 3881">
    <p class='ocr_par' dir='ltr' id='par_1_98' title="bbox 2064 3808 3643 3881">
     <span class='ocr_line' id='line_1_98' title="bbox 2064 3808 3643 3881; baseline 0.003 -20"><span class='ocrx_word' id='word_1_713' title='bbox 2064 3812 2353 3881; x_wconf 69' lang='lat' dir='ltr'><strong>przeceptio</strong></span> <span class='ocrx_word' id='word_1_714' title='bbox 2396 3825 2492 3879; x_wconf 78' lang='lat' dir='ltr'><strong>per</strong></span> <span class='ocrx_word' id='word_1_715' title='bbox 2536 3825 2751 3865; x_wconf 87' lang='lat' dir='ltr'><strong>omnem</strong></span> <span class='ocrx_word' id='word_1_716' title='bbox 2800 3808 3084 3866; x_wconf 84' lang='lat' dir='ltr'><strong>Persarum</strong></span> <span class='ocrx_word' id='word_1_717' title='bbox 3131 3812 3367 3866; x_wconf 85' lang='lat' dir='ltr'><strong>cucurrit</strong></span> <span class='ocrx_word' id='word_1_718' title='bbox 3399 3820 3595 3869; x_wconf 78' lang='lat' dir='ltr'><strong>terram</strong></span> <span class='ocrx_word' id='word_1_719' title='bbox 3630 3829 3643 3865; x_wconf 87' lang='lat'><strong>:</strong></span> 
     </span>
    </p>
   </div>
   <div class='ocr_carea' id='block_1_99' title="bbox 2064 3898 3648 3970">
    <p class='ocr_par' dir='ltr' id='par_1_99' title="bbox 2064 3898 3648 3970">
     <span class='ocr_line' id='line_1_99' title="bbox 2064 3898 3648 3970; baseline 0.001 -16"><span class='ocrx_word' id='word_1_720' title='bbox 2064 3910 2240 3955; x_wconf 77' lang='lat' dir='ltr'><strong>morte</strong></span> <span class='ocrx_word' id='word_1_721' title='bbox 2290 3899 2656 3956; x_wconf 85' lang='lat' dir='ltr'><strong>condemnans</strong></span> <span class='ocrx_word' id='word_1_722' title='bbox 2701 3914 2797 3954; x_wconf 84' lang='lat' dir='ltr'><strong>eos</strong></span> <span class='ocrx_word' id='word_1_723' title='bbox 2842 3900 2941 3968; x_wconf 80' lang='lat' dir='ltr'><strong>qui</strong></span> <span class='ocrx_word' id='word_1_724' title='bbox 2992 3914 3053 3955; x_wconf 87' lang='lat' dir='ltr'><strong>se</strong></span> <span class='ocrx_word' id='word_1_725' title='bbox 3100 3898 3479 3970; x_wconf 84' lang='lat' dir='ltr'><strong>proﬁterentur</strong></span> <span class='ocrx_word' id='word_1_726' title='bbox 3530 3916 3648 3956; x_wconf 76' lang='lat' dir='ltr'><strong>che</strong></span> 
     </span>
    </p>
   </div>
   <div class='ocr_carea' id='block_1_100' title="bbox 2031 3982 3646 4061">
    <p class='ocr_par' dir='ltr' id='par_1_100' title="bbox 2031 3982 3646 4061">
     <span class='ocr_line' id='line_1_100' title="bbox 2031 3982 3646 4061; baseline 0.002 -18"><span class='ocrx_word' id='word_1_727' title='bbox 2031 3982 2418 4061; x_wconf 76' lang='lat' dir='ltr'><strong>&quot;Christianos.</strong></span> <span class='ocrx_word' id='word_1_728' title='bbox 2475 3988 2593 4056; x_wconf 81' lang='lat' dir='ltr'><strong>Quo</strong></span> <span class='ocrx_word' id='word_1_729' title='bbox 2655 3998 2898 4060; x_wconf 88' lang='lat' dir='ltr'><strong>tempore</strong></span> <span class='ocrx_word' id='word_1_730' title='bbox 2951 3989 3122 4047; x_wconf 88' lang='lat' dir='ltr'><strong>fertur</strong></span> <span class='ocrx_word' id='word_1_731' title='bbox 3175 3991 3312 4046; x_wconf 90' lang='lat' dir='ltr'><strong>ultra</strong></span> <span class='ocrx_word' id='word_1_732' title='bbox 3343 3999 3646 4047; x_wconf 76' lang='lat' dir='ltr'><strong>&#39;nuzuerum</strong></span> 
     </span>
    </p>
   </div>
   <div class='ocr_carea' id='block_1_101' title="bbox 2068 4080 3647 4150">
    <p class='ocr_par' dir='ltr' id='par_1_101' title="bbox 2068 4080 3647 4150">
     <span class='ocr_line' id='line_1_101' title="bbox 2068 4080 3647 4150; baseline 0.004 -18"><span class='ocrx_word' id='word_1_733' title='bbox 2068 4080 2462 4135; x_wconf 86' lang='lat' dir='ltr'><strong>multitudinem</strong></span> <span class='ocrx_word' id='word_1_734' title='bbox 2497 4080 2922 4136; x_wconf 84' lang='lat' dir='ltr'><strong>Christianorum</strong></span> <span class='ocrx_word' id='word_1_735' title='bbox 2971 4080 3148 4150; x_wconf 81' lang='lat' dir='ltr'><strong>gladio</strong></span> <span class='ocrx_word' id='word_1_736' title='bbox 3182 4082 3439 4137; x_wconf 67' lang='lat' dir='ltr'><strong>cendisse</strong></span> <span class='ocrx_word' id='word_1_737' title='bbox 3468 4100 3481 4135; x_wconf 92' lang='lat'><strong>:</strong></span> <span class='ocrx_word' id='word_1_738' title='bbox 3512 4083 3647 4138; x_wconf 88' lang='lat' dir='ltr'><strong>alios</strong></span> 
     </span>
    </p>
   </div>
   <div class='ocr_carea' id='block_1_102' title="bbox 2043 4172 3650 4242">
    <p class='ocr_par' dir='ltr' id='par_1_102' title="bbox 2043 4172 3650 4242">
     <span class='ocr_line' id='line_1_102' title="bbox 2043 4172 3650 4242; baseline 0.001 -15"><span class='ocrx_word' id='word_1_739' title='bbox 2043 4187 2297 4241; x_wconf 77' lang='lat' dir='ltr'><strong>namque</strong></span> <span class='ocrx_word' id='word_1_740' title='bbox 2330 4188 2426 4242; x_wconf 85' lang='lat' dir='ltr'><strong>per</strong></span> <span class='ocrx_word' id='word_1_741' title='bbox 2455 4173 2699 4228; x_wconf 88' lang='lat' dir='ltr'><strong>civitates</strong></span> <span class='ocrx_word' id='word_1_742' title='bbox 2728 4181 2783 4227; x_wconf 90' lang='lat' dir='ltr'><strong>et</strong></span> <span class='ocrx_word' id='word_1_743' title='bbox 2812 4172 3029 4229; x_wconf 87' lang='lat' dir='ltr'><strong>castella</strong></span> <span class='ocrx_word' id='word_1_744' title='bbox 3062 4172 3345 4242; x_wconf 83' lang='lat' dir='ltr'><strong>diligenter</strong></span> <span class='ocrx_word' id='word_1_745' title='bbox 3393 4174 3532 4242; x_wconf 87' lang='lat' dir='ltr'><strong>magi</strong></span> <span class='ocrx_word' id='word_1_746' title='bbox 3563 4190 3650 4229; x_wconf 80' lang='lat' dir='ltr'><strong>re—</strong></span> 
     </span>
    </p>
   </div>
   <div class='ocr_carea' id='block_1_103' title="bbox 2038 4263 3648 4334">
    <p class='ocr_par' dir='ltr' id='par_1_103' title="bbox 2038 4263 3648 4334">
     <span class='ocr_line' id='line_1_103' title="bbox 2038 4263 3648 4334; baseline 0.002 -19"><span class='ocrx_word' id='word_1_747' title='bbox 2038 4263 2372 4333; x_wconf 59' lang='lat' dir='ltr'><strong>quirentes,</strong></span> <span class='ocrx_word' id='word_1_748' title='bbox 2422 4264 2628 4318; x_wconf 59' lang='lat' dir='ltr'><strong>celatos</strong></span> <span class='ocrx_word' id='word_1_749' title='bbox 2678 4263 3060 4330; x_wconf 85' lang='lat' dir='ltr'><strong>inveniebant;</strong></span> <span class='ocrx_word' id='word_1_750' title='bbox 3115 4264 3207 4318; x_wconf 87' lang='lat' dir='ltr'><strong>alii</strong></span> <span class='ocrx_word' id='word_1_751' title='bbox 3257 4279 3388 4319; x_wconf 83' lang='lat' dir='ltr'><strong>vero</strong></span> <span class='ocrx_word' id='word_1_752' title='bbox 3434 4274 3648 4334; x_wconf 82' lang='lat' dir='ltr'><strong>sponte,</strong></span> 
     </span>
    </p>
   </div>
   <div class='ocr_carea' id='block_1_104' title="bbox 2067 4353 3650 4424">
    <p class='ocr_par' dir='ltr' id='par_1_104' title="bbox 2067 4353 3650 4424">
     <span class='ocr_line' id='line_1_104' title="bbox 2067 4353 3650 4424; baseline 0.003 -18"><span class='ocrx_word' id='word_1_753' title='bbox 2067 4354 2212 4407; x_wconf 89' lang='lat' dir='ltr'><strong>nullo</strong></span> <span class='ocrx_word' id='word_1_754' title='bbox 2241 4353 2471 4418; x_wconf 76' lang='lat' dir='ltr'><strong>dicente,</strong></span> <span class='ocrx_word' id='word_1_755' title='bbox 2518 4353 2837 4424; x_wconf 85' lang='lat' dir='ltr'><strong>semetipsos</strong></span> <span class='ocrx_word' id='word_1_756' title='bbox 2864 4353 3187 4419; x_wconf 82' lang='lat' dir='ltr'><strong>offerebant,</strong></span> <span class='ocrx_word' id='word_1_757' title='bbox 3234 4369 3301 4409; x_wconf 90' lang='lat' dir='ltr'><strong>ne</strong></span> <span class='ocrx_word' id='word_1_758' title='bbox 3330 4355 3491 4424; x_wconf 77' lang='lat'><strong>238</strong></span> <span class='ocrx_word' id='word_1_759' title='bbox 3521 4357 3650 4410; x_wconf 86' lang='lat' dir='ltr'><strong>taci-</strong></span> 
     </span>
    </p>
   </div>
   <div class='ocr_carea' id='block_1_105' title="bbox 2067 4434 3647 4511">
    <p class='ocr_par' dir='ltr' id='par_1_105' title="bbox 2067 4434 3647 4511">
     <span class='ocr_line' id='line_1_105' title="bbox 2067 4434 3647 4511; baseline 0.004 -16"><span class='ocrx_word' id='word_1_760' title='bbox 2067 4441 2319 4495; x_wconf 77' lang='lat' dir='ltr'><strong>turnitate</strong></span> <span class='ocrx_word' id='word_1_761' title='bbox 2358 4434 2638 4496; x_wconf 63' lang='lat' dir='ltr'><strong>Qtristum</strong></span> <span class='ocrx_word' id='word_1_762' title='bbox 2674 4456 2883 4511; x_wconf 79' lang='lat' dir='ltr'><strong>negare</strong></span> <span class='ocrx_word' id='word_1_763' title='bbox 2928 4443 3255 4497; x_wconf 83' lang='lat' dir='ltr'><strong>viderentur.</strong></span> <span class='ocrx_word' id='word_1_764' title='bbox 3313 4442 3478 4511; x_wconf 85' lang='lat' dir='ltr'><strong>Igitur</strong></span> <span class='ocrx_word' id='word_1_765' title='bbox 3522 4445 3647 4501; x_wconf 87' lang='lat' dir='ltr'><strong>dum</strong></span> 
     </span>
    </p>
   </div>
   <div class='ocr_carea' id='block_1_106' title="bbox 2066 4529 3648 4605">
    <p class='ocr_par' dir='ltr' id='par_1_106' title="bbox 2066 4529 3648 4605">
     <span class='ocr_line' id='line_1_106' title="bbox 2066 4529 3648 4605; baseline 0.004 -19"><span class='ocrx_word' id='word_1_766' title='bbox 2066 4548 2254 4587; x_wconf 82' lang='lat' dir='ltr'><strong>0man</strong></span> <span class='ocrx_word' id='word_1_767' title='bbox 2299 4529 2587 4587; x_wconf 83' lang='lat' dir='ltr'><strong>Christiani</strong></span> <span class='ocrx_word' id='word_1_768' title='bbox 2634 4533 2749 4588; x_wconf 91' lang='lat' dir='ltr'><strong>sine</strong></span> <span class='ocrx_word' id='word_1_769' title='bbox 2796 4534 3060 4602; x_wconf 73' lang='lat' dir='ltr'><strong>parcitate</strong></span> <span class='ocrx_word' id='word_1_770' title='bbox 3117 4534 3286 4605; x_wconf 60' lang='grc' dir='ltr'><strong>[σόη</strong></span> <span class='ocrx_word' id='word_1_771' title='bbox 3338 4552 3512 4605; x_wconf 88' lang='lat' dir='ltr'><strong>neque</strong></span> <span class='ocrx_word' id='word_1_772' title='bbox 3556 4537 3648 4593; x_wconf 90' lang='lat' dir='ltr'><strong>ulli</strong></span> 
     </span>
    </p>
   </div>
   <div class='ocr_carea' id='block_1_107' title="bbox 2027 4620 3646 4696">
    <p class='ocr_par' dir='ltr' id='par_1_107' title="bbox 2027 4620 3646 4696">
     <span class='ocr_line' id='line_1_107' title="bbox 2027 4620 3646 4696; baseline 0.004 -21"><span class='ocrx_word' id='word_1_773' title='bbox 2027 4620 2393 4692; x_wconf 52' lang='lat' dir='ltr'><strong>Hparccretur]</strong></span> <span class='ocrx_word' id='word_1_774' title='bbox 2426 4622 2836 4691; x_wconf 85' lang='lat' dir='ltr'><strong>perimcrentur,</strong></span> <span class='ocrx_word' id='word_1_775' title='bbox 2871 4624 3032 4677; x_wconf 89' lang='lat' dir='ltr'><strong>etiam</strong></span> <span class='ocrx_word' id='word_1_776' title='bbox 3073 4625 3226 4679; x_wconf 88' lang='lat' dir='ltr'><strong>multi</strong></span> <span class='ocrx_word' id='word_1_777' title='bbox 3258 4626 3308 4680; x_wconf 90' lang='lat' dir='ltr'><strong>iu</strong></span> <span class='ocrx_word' id='word_1_778' title='bbox 3334 4626 3461 4696; x_wconf 84' lang='lat' dir='ltr'><strong>ipsis</strong></span> <span class='ocrx_word' id='word_1_779' title='bbox 3491 4641 3646 4696; x_wconf 74' lang='lat' dir='ltr'><strong>rega-</strong></span> 
     </span>
    </p>
   </div>
   <div class='ocr_carea' id='block_1_108' title="bbox 2059 4712 3643 4783">
    <p class='ocr_par' dir='ltr' id='par_1_108' title="bbox 2059 4712 3643 4783">
     <span class='ocr_line' id='line_1_108' title="bbox 2059 4712 3643 4783; baseline 0.004 -17"><span class='ocrx_word' id='word_1_780' title='bbox 2059 4713 2199 4767; x_wconf 89' lang='lat' dir='ltr'><strong>libus</strong></span> <span class='ocrx_word' id='word_1_781' title='bbox 2249 4721 2371 4767; x_wconf 90' lang='lat' dir='ltr'><strong>sunt</strong></span> <span class='ocrx_word' id='word_1_782' title='bbox 2397 4712 2594 4777; x_wconf 86' lang='lat' dir='ltr'><strong>occisi,</strong></span> <span class='ocrx_word' id='word_1_783' title='bbox 2643 4727 2765 4766; x_wconf 77' lang='lat' dir='ltr'><strong>cum</strong></span> <span class='ocrx_word' id='word_1_784' title='bbox 2795 4713 2987 4783; x_wconf 87' lang='lat' dir='ltr'><strong>quibus</strong></span> <span class='ocrx_word' id='word_1_785' title='bbox 3025 4713 3315 4770; x_wconf 15' lang='lat' dir='ltr'><strong>etlAzaucs</strong></span> <span class='ocrx_word' id='word_1_786' title='bbox 3362 4716 3643 4772; x_wconf 87' lang='lat' dir='ltr'><strong>eunuchus</strong></span> 
     </span>
    </p>
   </div>
   <div class='ocr_carea' id='block_1_109' title="bbox 2060 4797 3645 4876">
    <p class='ocr_par' dir='ltr' id='par_1_109' title="bbox 2060 4797 3645 4876">
     <span class='ocr_line' id='line_1_109' title="bbox 2060 4797 3645 4876; baseline 0.001 -17"><span class='ocrx_word' id='word_1_787' title='bbox 2060 4805 2171 4873; x_wconf 85' lang='lat' dir='ltr'><strong>regi</strong></span> <span class='ocrx_word' id='word_1_788' title='bbox 2218 4805 2451 4859; x_wconf 84' lang='lat' dir='ltr'><strong>maxime</strong></span> <span class='ocrx_word' id='word_1_789' title='bbox 2492 4811 2694 4871; x_wconf 77' lang='lat' dir='ltr'><strong>gratus.</strong></span> <span class='ocrx_word' id='word_1_790' title='bbox 2742 4803 2894 4871; x_wconf 85' lang='lat' dir='ltr'><strong>Quod</strong></span> <span class='ocrx_word' id='word_1_791' title='bbox 2941 4797 3067 4860; x_wconf 86' lang='lat' dir='ltr'><strong>dum</strong></span> <span class='ocrx_word' id='word_1_792' title='bbox 3116 4808 3349 4875; x_wconf 88' lang='lat' dir='ltr'><strong>Saporcs</strong></span> <span class='ocrx_word' id='word_1_793' title='bbox 3387 4807 3645 4876; x_wconf 83' lang='lat' dir='ltr'><strong>audisset,</strong></span> 
     </span>
    </p>
   </div>
   <div class='ocr_carea' id='block_1_110' title="bbox 2060 4894 3643 4965">
    <p class='ocr_par' dir='ltr' id='par_1_110' title="bbox 2060 4894 3643 4965">
     <span class='ocr_line' id='line_1_110' title="bbox 2060 4894 3643 4965; baseline -0.001 -16"><span class='ocrx_word' id='word_1_794' title='bbox 2060 4895 2227 4950; x_wconf 87' lang='lat' dir='ltr'><strong>tristis</strong></span> <span class='ocrx_word' id='word_1_795' title='bbox 2242 4894 2433 4958; x_wconf 82' lang='lat' dir='ltr'><strong>factus,</strong></span> <span class='ocrx_word' id='word_1_796' title='bbox 2459 4894 2597 4948; x_wconf 87' lang='lat' dir='ltr'><strong>bane</strong></span> <span class='ocrx_word' id='word_1_797' title='bbox 2614 4896 2923 4963; x_wconf 84' lang='lat' dir='ltr'><strong>generalem</strong></span> <span class='ocrx_word' id='word_1_798' title='bbox 2944 4895 3369 4965; x_wconf 86' lang='lat' dir='ltr'><strong>peremptiouem</strong></span> <span class='ocrx_word' id='word_1_799' title='bbox 3394 4895 3643 4962; x_wconf 89' lang='lat' dir='ltr'><strong>removit,</strong></span> 
     </span>
    </p>
   </div>
   <div class='ocr_carea' id='block_1_111' title="bbox 2022 4985 3644 5055">
    <p class='ocr_par' dir='ltr' id='par_1_111' title="bbox 2022 4985 3644 5055">
     <span class='ocr_line' id='line_1_111' title="bbox 2022 4985 3644 5055; baseline 0.001 -14"><span class='ocrx_word' id='word_1_800' title='bbox 2022 4993 2114 5041; x_wconf 44' lang='lat' dir='ltr'><strong>&#39;et</strong></span> <span class='ocrx_word' id='word_1_801' title='bbox 2141 4986 2482 5041; x_wconf 89' lang='lat' dir='ltr'><strong>solummodo</strong></span> <span class='ocrx_word' id='word_1_802' title='bbox 2528 4993 2888 5055; x_wconf 54' lang='lat' dir='ltr'><strong>praeceptores</strong></span> <span class='ocrx_word' id='word_1_803' title='bbox 2932 4986 3206 5054; x_wconf 85' lang='lat' dir='ltr'><strong>religionis</strong></span> <span class='ocrx_word' id='word_1_804' title='bbox 3241 4985 3402 5054; x_wconf 87' lang='lat' dir='ltr'><strong>jussit</strong></span> <span class='ocrx_word' id='word_1_805' title='bbox 3450 4988 3644 5043; x_wconf 86' lang='lat' dir='ltr'><strong>occidi.</strong></span> 
     </span>
    </p>
   </div>
   <div class='ocr_carea' id='block_1_112' title="bbox 2059 5066 3643 5147">
    <p class='ocr_par' dir='ltr' id='par_1_112' title="bbox 2059 5066 3643 5147">
     <span class='ocr_line' id='line_1_112' title="bbox 2059 5066 3643 5147; baseline 0.001 -15"><span class='ocrx_word' id='word_1_806' title='bbox 2059 5079 2154 5133; x_wconf 81' lang='lat' dir='ltr'><strong>illo</strong></span> <span class='ocrx_word' id='word_1_807' title='bbox 2171 5066 2432 5146; x_wconf 82' lang='lat' dir='ltr'><strong>siquidem</strong></span> <span class='ocrx_word' id='word_1_808' title='bbox 2458 5085 2717 5146; x_wconf 80' lang='lat' dir='ltr'><strong>tempore,</strong></span> <span class='ocrx_word' id='word_1_809' title='bbox 2741 5078 3107 5146; x_wconf 78' lang='lat' dir='ltr'><strong>:egritudinem</strong></span> <span class='ocrx_word' id='word_1_810' title='bbox 3132 5079 3437 5133; x_wconf 86' lang='lat' dir='ltr'><strong>iucurrente</strong></span> <span class='ocrx_word' id='word_1_811' title='bbox 3459 5080 3643 5147; x_wconf 84' lang='lat' dir='ltr'><strong>regina</strong></span> 
     </span>
    </p>
   </div>
   <div class='ocr_carea' id='block_1_113' title="bbox 2077 5167 3643 5242">
    <p class='ocr_par' dir='ltr' id='par_1_113' title="bbox 2077 5167 3643 5242">
     <span class='ocr_line' id='line_1_113' title="bbox 2077 5167 3643 5242; baseline 0.001 -19"><span class='ocrx_word' id='word_1_812' title='bbox 2077 5169 2386 5232; x_wconf 60' lang='lat' dir='ltr'><strong>Summam,</strong></span> <span class='ocrx_word' id='word_1_813' title='bbox 2419 5168 2509 5223; x_wconf 88' lang='lat' dir='ltr'><strong>lib.</strong></span> <span class='ocrx_word' id='word_1_814' title='bbox 2535 5184 2590 5234; x_wconf 87' lang='lat' dir='ltr'><strong>tt,</strong></span> <span class='ocrx_word' id='word_1_815' title='bbox 2621 5184 2736 5238; x_wconf 86' lang='lat' dir='ltr'><strong>cap.</strong></span> <span class='ocrx_word' id='word_1_816' title='bbox 2778 5169 2854 5221; x_wconf 65' lang='lat'><strong>10.</strong></span> <span class='ocrx_word' id='word_1_817' title='bbox 2885 5167 3029 5221; x_wconf 78' lang='lat' dir='ltr'><strong>Edit.</strong></span> <span class='ocrx_word' id='word_1_818' title='bbox 3064 5167 3255 5222; x_wconf 79' lang='lat' dir='ltr'><strong>Christ.</strong></span> <span class='ocrx_word' id='word_1_819' title='bbox 3307 5169 3478 5224; x_wconf 64' lang='grc' dir='ltr'><strong>ναίω.</strong></span> <span class='ocrx_word' id='word_1_820' title='bbox 3524 5188 3643 5242; x_wconf 74' lang='lat' dir='ltr'><strong>cap.</strong></span> 
     </span>
    </p>
   </div>
   <div class='ocr_carea' id='block_1_114' title="bbox 2062 5257 3647 5337">
    <p class='ocr_par' dir='ltr' id='par_1_114' title="bbox 2062 5257 3647 5337">
     <span class='ocr_line' id='line_1_114' title="bbox 2062 5257 3647 5337; baseline 0.001 -24"><span class='ocrx_word' id='word_1_821' title='bbox 2062 5260 2145 5324; x_wconf 77' lang='lat' dir='ltr'><strong>il,</strong></span> <span class='ocrx_word' id='word_1_822' title='bbox 2162 5277 2215 5329; x_wconf 82' lang='grc' dir='ltr'><strong>ρ.</strong></span> <span class='ocrx_word' id='word_1_823' title='bbox 2232 5257 2333 5312; x_wconf 69' lang='grc'><strong>459</strong></span> <span class='ocrx_word' id='word_1_824' title='bbox 2346 5290 2378 5326; x_wconf 87' lang='grc'><strong>-,</strong></span> <span class='ocrx_word' id='word_1_825' title='bbox 2395 5259 2678 5329; x_wconf 81' lang='lat' dir='ltr'><strong>Symeonis</strong></span> <span class='ocrx_word' id='word_1_826' title='bbox 2689 5259 2929 5327; x_wconf 85' lang='lat' dir='ltr'><strong>episcopi</strong></span> <span class='ocrx_word' id='word_1_827' title='bbox 2944 5272 3117 5325; x_wconf 83' lang='lat' dir='ltr'><strong>soror,</strong></span> <span class='ocrx_word' id='word_1_828' title='bbox 3137 5261 3352 5316; x_wconf 85' lang='lat' dir='ltr'><strong>nomine</strong></span> <span class='ocrx_word' id='word_1_829' title='bbox 3366 5261 3647 5337; x_wconf 79' lang='lat' dir='ltr'><strong>Titarbua,</strong></span> 
     </span>
    </p>
   </div>
   <div class='ocr_carea' id='block_1_115' title="bbox 2058 5341 3643 5420">
    <p class='ocr_par' dir='ltr' id='par_1_115' title="bbox 2058 5341 3643 5420">
     <span class='ocr_line' id='line_1_115' title="bbox 2058 5341 3643 5420; baseline -0.003 -13"><span class='ocrx_word' id='word_1_830' title='bbox 2058 5349 2451 5419; x_wconf 85' lang='lat' dir='ltr'><strong>comprehensa</strong></span> <span class='ocrx_word' id='word_1_831' title='bbox 2478 5358 2563 5403; x_wconf 89' lang='lat' dir='ltr'><strong>est</strong></span> <span class='ocrx_word' id='word_1_832' title='bbox 2589 5364 2709 5402; x_wconf 89' lang='lat' dir='ltr'><strong>cum</strong></span> <span class='ocrx_word' id='word_1_833' title='bbox 2740 5346 2935 5402; x_wconf 82' lang='lat' dir='ltr'><strong>famula</strong></span> <span class='ocrx_word' id='word_1_834' title='bbox 2965 5364 3117 5403; x_wconf 89' lang='lat' dir='ltr'><strong>suam</strong></span> <span class='ocrx_word' id='word_1_835' title='bbox 3147 5341 3408 5420; x_wconf 59' lang='lat' dir='ltr'><strong>sequente</strong></span> <span class='ocrx_word' id='word_1_836' title='bbox 3456 5353 3643 5418; x_wconf 84' lang='lat' dir='ltr'><strong>vitam,</strong></span> 
     </span>
    </p>
   </div>
   <div class='ocr_carea' id='block_1_116' title="bbox 2058 5438 3640 5512">
    <p class='ocr_par' dir='ltr' id='par_1_116' title="bbox 2058 5438 3640 5512">
     <span class='ocr_line' id='line_1_116' title="bbox 2058 5438 3640 5512; baseline 0.001 -16"><span class='ocrx_word' id='word_1_837' title='bbox 2058 5456 2191 5512; x_wconf 88' lang='lat' dir='ltr'><strong>quas</strong></span> <span class='ocrx_word' id='word_1_838' title='bbox 2216 5441 2440 5510; x_wconf 79' lang='lat' dir='ltr'><strong>contigit</strong></span> <span class='ocrx_word' id='word_1_839' title='bbox 2470 5440 2639 5494; x_wconf 85' lang='lat' dir='ltr'><strong>teneri</strong></span> <span class='ocrx_word' id='word_1_840' title='bbox 2671 5456 2767 5511; x_wconf 90' lang='lat' dir='ltr'><strong>per</strong></span> <span class='ocrx_word' id='word_1_841' title='bbox 2796 5439 3013 5495; x_wconf 88' lang='lat' dir='ltr'><strong>insidias</strong></span> <span class='ocrx_word' id='word_1_842' title='bbox 3042 5438 3347 5496; x_wconf 71' lang='lat' dir='ltr'><strong>Judaeorum</strong></span> <span class='ocrx_word' id='word_1_843' title='bbox 3377 5457 3640 5497; x_wconf 66' lang='lat' dir='ltr'><strong>accusan-</strong></span> 
     </span>
    </p>
   </div>
   <div class='ocr_carea' id='block_1_117' title="bbox 2062 5524 3610 5610">
    <p class='ocr_par' dir='ltr' id='par_1_117' title="bbox 2062 5524 3610 5610">
     <span class='ocr_line' id='line_1_117' title="bbox 2062 5524 3610 5610; baseline 0.002 -22"><span class='ocrx_word' id='word_1_844' title='bbox 2062 5535 2220 5596; x_wconf 91' lang='lat' dir='ltr'><strong>tium,</strong></span> <span class='ocrx_word' id='word_1_845' title='bbox 2253 5548 2407 5602; x_wconf 75' lang='lat' dir='ltr'><strong>quasr</strong></span> <span class='ocrx_word' id='word_1_846' title='bbox 2457 5531 2718 5587; x_wconf 85' lang='lat' dir='ltr'><strong>maleﬁcia</strong></span> <span class='ocrx_word' id='word_1_847' title='bbox 2748 5533 2949 5600; x_wconf 68' lang='lat' dir='ltr'><strong>regina:</strong></span> <span class='ocrx_word' id='word_1_848' title='bbox 2978 5524 3258 5600; x_wconf 83' lang='lat' dir='ltr'><strong>fecissent,</strong></span> <span class='ocrx_word' id='word_1_849' title='bbox 3293 5545 3514 5606; x_wconf 65' lang='lat' dir='ltr'><strong>propter</strong></span> <span class='ocrx_word' id='word_1_850' title='bbox 3537 5535 3610 5610; x_wconf 75' lang='lat' dir='ltr'><strong>Sy</strong></span> 
     </span>
    </p>
   </div>
   <div class='ocr_carea' id='block_1_118' title="bbox 2058 5620 3644 5694">
    <p class='ocr_par' dir='ltr' id='par_1_118' title="bbox 2058 5620 3644 5694">
     <span class='ocr_line' id='line_1_118' title="bbox 2058 5620 3644 5694; baseline 0.002 -17"><span class='ocrx_word' id='word_1_851' title='bbox 2058 5623 2265 5677; x_wconf 89' lang='lat' dir='ltr'><strong>meonis</strong></span> <span class='ocrx_word' id='word_1_852' title='bbox 2284 5630 2531 5675; x_wconf 81' lang='lat' dir='ltr'><strong>mortem.</strong></span> <span class='ocrx_word' id='word_1_853' title='bbox 2562 5620 2762 5686; x_wconf 78' lang='lat' dir='ltr'><strong>Regina</strong></span> <span class='ocrx_word' id='word_1_854' title='bbox 2788 5637 2916 5675; x_wconf 87' lang='lat' dir='ltr'><strong>vero</strong></span> <span class='ocrx_word' id='word_1_855' title='bbox 2935 5622 3076 5690; x_wconf 90' lang='lat' dir='ltr'><strong>(cum</strong></span> <span class='ocrx_word' id='word_1_856' title='bbox 3094 5623 3308 5678; x_wconf 88' lang='lat' dir='ltr'><strong>soleant</strong></span> <span class='ocrx_word' id='word_1_857' title='bbox 3331 5626 3644 5694; x_wconf 69' lang='lat' dir='ltr'><strong>Iarguentcs</strong></span> 
     </span>
    </p>
   </div>
   <div class='ocr_carea' id='block_1_119' title="bbox 2048 5707 3636 5786">
    <p class='ocr_par' dir='ltr' id='par_1_119' title="bbox 2048 5707 3636 5786">
     <span class='ocr_line' id='line_1_119' title="bbox 2048 5707 3636 5786; baseline 0.004 -27"><span class='ocrx_word' id='word_1_858' title='bbox 2048 5710 2360 5780; x_wconf 78' lang='lat' dir='ltr'><strong>.bujustnodi</strong></span> <span class='ocrx_word' id='word_1_859' title='bbox 2399 5712 2557 5764; x_wconf 86' lang='lat' dir='ltr'><strong>rebus</strong></span> <span class='ocrx_word' id='word_1_860' title='bbox 2579 5708 2712 5781; x_wconf 61' lang='grc' dir='ltr'><strong>[θείη</strong></span> <span class='ocrx_word' id='word_1_861' title='bbox 2739 5707 2859 5764; x_wconf 81' lang='lat' dir='ltr'><strong>Niv.</strong></span> <span class='ocrx_word' id='word_1_862' title='bbox 2905 5719 2952 5763; x_wconf 85' lang='lat' dir='ltr'><strong>et</strong></span> <span class='ocrx_word' id='word_1_863' title='bbox 3002 5709 3189 5779; x_wconf 78' lang='lat' dir='ltr'><strong>Frob.,</strong></span> <span class='ocrx_word' id='word_1_864' title='bbox 3226 5713 3445 5786; x_wconf 66' lang='lat' dir='ltr'><strong>spebw]</strong></span> <span class='ocrx_word' id='word_1_865' title='bbox 3486 5729 3636 5771; x_wconf 73' lang='lat' dir='ltr'><strong>aure:</strong></span> 
     </span>
    </p>
   </div>
   <div class='ocr_carea' id='block_1_120' title="bbox 2057 5796 3641 5872">
    <p class='ocr_par' dir='ltr' id='par_1_120' title="bbox 2057 5796 3641 5872">
     <span class='ocr_line' id='line_1_120' title="bbox 2057 5796 3641 5872; baseline 0 -14"><span class='ocrx_word' id='word_1_866' title='bbox 2057 5798 2489 5869; x_wconf 72' lang='lat' dir='ltr'><strong>accommodare)</strong></span> <span class='ocrx_word' id='word_1_867' title='bbox 2502 5796 2770 5872; x_wconf 59' lang='lat' dir='ltr'><strong>suspicata</strong></span> <span class='ocrx_word' id='word_1_868' title='bbox 2794 5812 2875 5857; x_wconf 84' lang='lat' dir='ltr'><strong>est</strong></span> <span class='ocrx_word' id='word_1_869' title='bbox 2894 5817 3076 5859; x_wconf 83' lang='lat' dir='ltr'><strong>veram</strong></span> <span class='ocrx_word' id='word_1_870' title='bbox 3095 5819 3210 5861; x_wconf 72' lang='lat' dir='ltr'><strong>esse</strong></span> <span class='ocrx_word' id='word_1_871' title='bbox 3225 5804 3641 5865; x_wconf 74' lang='lat' dir='ltr'><strong>detractionem.</strong></span> 
     </span>
    </p>
   </div>
  </div>
