4074 6192
388 368 496 427 M7

1638 364 1709 421 Μ.
1750 362 2029 421 AURELll
2063 356 2491 422 CASSIODORI‘

3568 357 3677 418 918

390 486 446 535 et
474 479 709 537 maxime
737 494 771 536 a
799 457 1219 553 Judieis.factant
1238 520 1253 546 ,
1287 494 1407 534 cum
1440 488 1495 533 et
1523 472 1639 549 ipéa
1666 475 1860 532 smtilia
1888 491 1979 531 sa-
2007 461 2057 538 Α
2084 457 2208 548 quia
2235 460 2363 533 dum
2387 477 2442 532 in
2466 475 2686 533 civitate
2703 444 2918 531 Persica
2946 461 3231 547 episcopus
3253 474 3442 531 fuisset
3463 469 3678 531 ordine-4

390 582 566 646 peret,
595 588 798 643 eosque
828 566 946 629 sine
973 570 1256 629 mendacio
1283 580 1338 627 et
1366 570 1466 626 sibi
1493 570 1734 626 faventes
1757 565 1988 624 arbitra-

392 672 560 721 retur.
616 664 907 721 Sumentes
951 673 1131 720 autem
1182 663 1323 743 magi
1371 661 1678 718 Tharbuam
1728 670 1778 717 et
1828 662 1985 743 alias,

389 755 581 810 mortis
626 755 837 811 acerba:
866 756 1150 827 perculere
1193 742 1478 827 Supplicio.
1528 752 1812 825 Stipitibus
1842 746 1985 808 enim

390 847 657 918 alligatas,
686 857 947 919 serraque
975 848 1238 905 (ludentes
1261 846 1358 918 per
1383 832 1639 909 metlium‘,
1663 860 1757 902 eas
1778 844 1985 901 crudeli

390 952 526 995 nece
554 940 953 1008 laceraverunt,
1003 948 1060 1019 et
1084 942 1237 1013 quasi
1265 940 1545 1019 expiantes
1573 939 1865 1019 reginam,
1883 953 1990 1019 per

391 1027 599 1084 medios
621 1030 833 1101 stipites
858 1016 1087 1087 transire
1102 1008 1369 1087 iecerunt.
1402 1010 1601 1084 Ferunt
1626 1008 1804 1084 tiut‘em
1829 1008 1988 1085 istam

392 1117 701 1176 Tharbuam
750 1119 1053 1192 Speciosam
1101 1113 1258 1177 valde
1300 1121 1483 1187 fuisse,
1533 1126 1589 1176 et
1617 1137 1644 1174 a
1676 1110 1843 1189 magis
1871 1120 1989 1189 qui-

391 1208 615 1266 busdam
633 1210 960 1279 adamatam,
980 1218 1036 1266 et
1051 1211 1280 1293 latenter
1293 1211 1360 1291 ad
1377 1201 1720 1266 concubitum
1737 1208 1986 1281 petitam,
2004 1220 2010 1243 ι

392 1303 661 1377 promissa
690 1300 944 1359 mercede
971 1303 1163 1359 salutis
1189 1301 1299 1358 sua:
1323 1312 1378 1358 et
1406 1303 1661 1367 aliarum,
1691 1301 1735 1357 si
1766 1293 1992 1357 consen-

392 1394 522 1450 tiret
550 1395 617 1450 ad
646 1394 854 1450 vitium.
907 1395 1037 1463 Qua:
1067 1412 1168 1451 nec
1196 1394 1439 1449 auditum
1468 1394 1690 1449 luxnria:
1719 1383 1875 1463 passa
1904 1380 1990 1448 est

393 1486 684 1553 sustinere,
734 1485 830 1542 sed
875 1486 1085 1556 injuriis
1128 1500 1227 1556 pro
1276 1487 1417 1556 turpi
1469 1486 1730 1557 petitione
1780 1470 1985 1550 relatis,

396 1562 653 1634 alacrit'er
679 1564 910 1633 accessit
953 1578 1021 1632 ad
1061 1567 1313 1647 mortem,
1363 1594 1430 1632 ne
1462 1577 1699 1631 tradcret
1743 1585 1989 1631 sanctam

397 1669 785 1741 virginitatem.
829 1666 1073 1739 Cumque
1099 1669 1443 1747 circumirent
1472 1670 1610 1737 magi
1640 1675 1696 1723 et
1725 1667 1991 1738 principes

395 1775 585 1818 corum
612 1752 914 1817 universam
936 1758 1267 1832 provinciam
1289 1759 1584 1841 secundum
1605 1758 1829 1831 Saporis
1851 1777 1991 1832 pra:-

2091 576 2198 638 tus,
2223 567 2391 624 multa
2418 584 2561 640 stepe
2589 568 2658 625 sit
2682 582 2892 640 passus,
2922 569 3241 647 etplagatus
3269 576 3431 647 atque
3455 562 3677 647 tractus,

2088 660 2226 740 virili
2254 668 2436 732 mente
2463 658 2798 716 sustinuerit.
2832 659 3074 733 Cumque
3102 645 3237 715 nulli
3276 645 3541 731 potuisset
3569 646 3680 716 illic

2087 741 2316 808 suadere
2345 762 2405 808 ut
2430 751 2766 809 Christianus
2792 748 2956 820 esset,
2990 751 3225 825 graviter
3248 749 3428 808 ferens
3454 751 3683 808 maledi-

2090 843 2167 897 xit
2211 842 2446 923 civitati,
2488 852 2543 899 et
2584 844 2779 900 exinde
2815 843 3080 901 discessit.
3128 840 3258 903 Post
3286 855 3514 915 paucum
3551 860 3681 923 vero

2090 921 2301 1004 tempus
2348 935 2665 1009 primatibus
2696 924 2821 1013 ejus
2865 936 2970 992 loci
3001 936 3054 991 in
3082 951 3264 1008 regem
3310 921 3674 1007 peccantibus;

2089 1022 2473 1097 Superveniens
2502 1016 2770 1084 eiercitus
2793 1044 2915 1083 cum
2942 1026 3197 1084 trecentis
3225 1027 3526 1099 elephantis
3555 1029 3684 1084 civi-

2089 1127 2255 1174 tatem
2281 1120 2563 1187 subvertit,
2597 1127 2651 1176 et
2675 1116 2819 1176 velut
2840 1120 3139 1195 desolatam
3160 1106 3435 1191 regionem
3466 1117 3682 1178 arentes

2089 1211 2383 1266 seminibus
2435 1211 2795 1267 tradiderunt.
2858 1198 3098 1269 Milesius
3138 1220 3333 1269 'autem
3395 1200 3683 1286 episcopus

2090 1301 2430 1358 solummodo
2448 1318 2632 1373 peram
2649 1297 3051 1372 circumferens,
3075 1294 3196 1374 qua:
3210 1308 3421 1361 sacrbm
3439 1307 3680 1363 codicem

2090 1389 2502 1461 Evangeliorum
2530 1393 2793 1462 habebat,
2839 1397 3081 1467 perrexit
3110 1386 3413 1455 orationem
3438 1388 3683 1455 iacimus

2091 1479 2159 1535 ad
2190 1479 2647 1555 Hierosolymam,
2688 1492 2746 1541 et
2787 1485 2910 1542 inde
2938 1487 2992 1542 in
3022 1486 3338 1561 Egyptum,
3385 1497 3442 1545 ut
3472 1479 3681 1547 videret

2091 1568 2391 1631 titonaebos
2434 1576 2630 1653 ibidem
2679 1588 3081 1639 conversantes.
3136 1578 3321 1649 Qualis
3369 1582 3531 1651 igitur
3579 1583 3681 1638 iste

2092 1662 2335 1738 sanctus;
2382 1666 2439 1724 et
2481 1666 2867 1727 miraculorum
2910 1670 3069 1727 fuerit
3097 1683 3374 1743 operator,
3406 1674 3526 1745 Syri
3556 1684 3682 1730 sunt

2094 1765 2298 1826 testes,‘
2331 1757 2422 1830 qui
2465 1750 2583 1839 ejiis
2627 1770 2780 1817 actus
2806 1762 3080 1834 vitamque
3107 1765 3456 1836 scripserunt.
3489 1762 3682 1821 Fertur

396 1854 640 1925 ceptum,
687 1862 748 1908 ut
784 1853 1099 1909 sacerdotes
1126 1862 1182 1908 et
1211 1852 1466 1909 doctores
1492 1846 1762 1935 dogmatis
1791 1868 1985 1924 appre-
2021 1852 2067 1915 Β
2095 1852 2276 1921 itaque
2318 1840 2507 1907 eorum
2553 1854 2645 1925 qui
2676 1846 2803 1911 tunc
2833 1856 3092 1928 martyrio
3129 1858 3375 1913 coronati
3411 1869 3536 1913 sunt
3582 1860 3680 1913 sub

398 1943 699 2014 benderent
726 1938 1048 2021 Christiani,
1092 1945 1391 2019 puniebant
1427 1940 1713 2017 episcopos
1751 1954 1807 2000 et
1831 1959 1986 2015 prcs-

398 2034 639 2113 byteros.
666 2044 720 2092 et
740 2024 984 2091 maxime
1016 2052 1114 2107 per
1135 2026 1409 2107 regionem
1447 2030 1865 2092 Adiabenorum.
1890 2032 1991 2092 llic

398 2124 629 2197 namque
662 2118 812 2185 locus
856 2136 938 2183 est
968 2125 1236 2197 Persicus,
1285 2136 1341 2182 et
1379 2127 1698 2199 plerumque
1725 2126 1989 2183 Christia-

400 2235 613 2275 norum.
639 2203 936 2287 Somni-18.,
967 2218 1057 2274 lib.
1087 2234 1141 2283 ιι,
1167 2235 1285 2292 cap.
1303 2217 1326 2272 1
1345 2220 1388 2273 l.
1414 2210 1559 2273 E’dit.
1584 2218 1776 2273 Christ.
1808 2215 1986 2272 Vales.

398 2328 519 2385 cap.
550 2304 636 2378 12,
661 2329 715 2383 ρ.
739 2311 864 2368 460.
894 2344 947 2351 -
976 2302 1097 2368 lloc
1126 2312 1267 2368 enim
1300 2319 1545 2383 tempore
1575 2320 1629 2365 et
1652 2310 1990 2380 Acepsimam

399 2393 713 2476 episcopum
768 2388 1272 2477 appreltenderunt,
1323 2405 1379 2460 et
1431 2398 1630 2481 multos
1675 2398 1993 2481 clericbrum

399 2495 549 2565 ejus;
583 2488 939 2566 terrentesque
968 2497 1282 2566 prmsulem,
1330 2480 1584 2552 suﬂicere
1611 2495 1712 2549 sibi
1743 2490 1992 2549 credide-

401 2586 558 2654 runt,
606 2587 742 2644 alios
771 2586 1000 2643 nudatos
1029 2589 1346 2644 substantiis
1374 2588 1725 2644 dimittentcs.
1757 2585 1996 2642 Jacobus

400 2687 581 2751 autem
611 2678 829 2749 quidam
858 2678 1141 2751 presbyter
1169 2677 1326 2735 Ponti
1362 2681 1508 2753 [ms.,
1555 2678 1769 2751 sponte]
1796 2684 1993 2747 seque-

400 2759 561 2824 batur
588 2762 951 2843 A'cepsimatn,
998 2776 1054 2824 et
1099 2768 1408 2839 supplicans
1453 2772 1643 2838 magis,
1696 2767 1995 2835 identidem

401 2850 600 2914 meruit
624 2852 844 2915 i‘rretiri.
876 2859 1027 2914 Tunc
1047 2856 1189 2915 enim
1211 2868 1266 2914 et
1289 2861 1404 2914 scni
1428 2856 1681 2916 alacriter
1701 2860 1992 2928 serviebat,

402 2960 461 3005 et
481 2938 603 3020 ejus
630 2937 845 3006 ‘cladem
875 2950 1215 3021 aliquatenus
1244 2950 1539 3021 levigabat',
1589 2949 1883 3027 plagasque
1934 2942 1994 3008 ut

402 3033 620 3116 poterat
646 3037 838 3099 curare
876 3059 985 3098 non
1030 3043 1329 3099 desinebat.
1381 3042 1512 3100 Post
1558 3045 1834 3119 paululum
1864 3061 1996 3102 vero

404 3118 581 3205 pinnis
625 3134 933 3192 crudelibus
959 3150 1082 3190 eum
1128 3136 1267 3206 magi
1298 3140 1589 3203 torserunt,
1637 3118 1894 3208 cogentes
1938 3149 1997 3193 ut

404 3226 660 3284 adoraret
677 3227 869 3283 solem.
894 3226 1011 3304 Quo
1033 3226 1341 3301 reSpuente,
1372 3229 1637 3288 miserunt
1659 3246 1783 3286 eum
1802 3224 1995 3285 rursus
2023 3237 2070 3301 ο

407 3319 461 3374 in
492 3308 754 3403 vvincula.
825 3317 930 3375 Sed
978 3313 1039 3375 et
1089 3310 1287 3378 multos
1341 3321 1477 3379 alios
1534 3306 1881 3394 presbyieros
1936 3318 1999 3378 et

407 3406 669 3470 diaconos
714 3412 800 3468 hat
825 3412 990 3470 ebant
1031 3408 1084 3469 in
1122 3407 1342 3472 carcere
1385 3423 1509 3487 post
1536 3414 1768 3486 ﬂagella.
1818 3410 1997 3471 Pauca

408 3515 654 3585 tempore
708 3514 1095 3576 praetereunte,
1167 3507 1420 3578 princeps
1471 3520 1752 3577 magorum
1802 3504 1869 3567 de
1920 3504 2001 3563 eis

406 3582 678 3654 consuluit
696 3611 876 3667 regem
894 3613 909 3667 ;
932 3604 1261 3669 acceptaque
1281 3592 1553 3669 potestate
1575 3607 1632 3653 ut
1652 3600 1837 3668 ageret
1856 3596 2002 3668 quod
2018 3606 2035 3615 ‘

410 3684 595 3760 vellet,
645 3692 692 3746 si
738 3691 911 3748 solem
959 3706 1067 3746 non
1116 3689 1432 3757 adorarent,
1490 3689 1768 3745 mandavit
1818 3690 1897 3745 eis
1946 3690 2001 3745 in

410 3766 630 3839 carcere
675 3784 878 3853 regiam
916 3778 1273 3839 volunta'em.
1324 3780 1526 3849 Quibus
1556 3789 1742 3854 aperte
1771 3797 2001 3852 respon-

412 3874 665 3933 dentibus
708 3890 983 3948 nunquam
1012 3891 1071 3935 se
1114 3874 1230 3931 fore
1267 3874 1572 3946 proditores
1618 3871 1848 3938 Christi,
1902 3866 2005 3928 nec

412 3958 643 4025 adorare
689 3971 883 4035 solem,
926 3970 1044 4025 sine
1093 3964 1198 4023 ulla
1245 3960 1504 4038 parcitate
1554 3983 1650 4022 eos
1691 3967 2003 4022 verberibus

417 4050 653 4115 laniavit.
712 4059 844 4135 Cum
901 4060 1094 4128 quibus
1148 4056 1460 4128 Aceps’itnas
1509 4074 1609 4127 pro
1662 4057 2004 4115 c0nfessione

414 4142 680 4220 dogmatis
708 4150 935 4205 viriliter
959 4159 1041 4204 est
1068 4149 1367 4206 defunctus.
1403 4148 1627 4216 Quidam
1656 4166 1785 4206 vero
1810 4145 2003 4207 Arme-

420 4225 627 4297 tttorum
652 4228 779 4298 cum
804 4249 983 4297 cssmt
1010 4234 1224 4297 obsides
1240 4239 1391 4311 apud
1416 4230 1629 4309 Heia-as,
1662 4257 1860 4313 corpus
1887 4242 2006 4312 ejus

415 4332 720 4397 atterentes
771 4336 1021 4409 latenter,
1068 4340 1358 4412 sepultura:
1401 4340 1596 4399 debita:
1644 4331 2002 4398 tradiderunt.

418 4433 539 4523 Alii,
569 4416 698 4488 vero
745 4432 871 4488 licet
907 4449 1012 4488 non
1056 4428 1233 4488 minus
1280 4431 1806 4504 ﬂagellati,’pnctcr
1851 4432 2003 4504 spem

417 4516 700 4591 vixerunt;
741 4534 797 4580 et
839 4541 945 4579 non
991 4518 1260 4580 mutantes
1308 4516 1664 4590 voluntatem,
1717 4522 1897 4581 denuo
1938 4523 2006 4578 ad

2092 1958 2258 2013 regno
2297 1942 2536 2016 Saporis,
2581 1946 2821 2003 virorum
2863 1952 2928 2003 ac
2975 1948 3294 2004 feminarum
3320 1947 3482 2005 fuisse
3511 1950 3673 2005 millia

2091 2038 2241 2106 quasi
2263 2039 2556 2094 sexdecim.
2578 2039 2872 2108 Samariam,
2889 2042 2978 2097 lib.
3002 2050 3192 2112 n,cap.
3217 2038 3304 2097 l3.
3321 2041 3463 2097 Edit.
3485 2041 3677 2098 Christ.

2104 2125 2279 2183 Vales.
2311 2145 2428 2201 cap.
2462 2128 2550 2195 14,
2574 2148 2627 2200 ρ.
2660 2129 2783 2184 462.

2684 2264 2920 2323 CAPUT
2959 2266 3043 2324 Ill.

2096 2365 2334 2447 Epistula
2345 2375 2672 2432 Constantini
2686 2378 2756 2432 ad
2767 2376 3050 2435 Persarum
3067 2394 3235 2453 regem
3246 2378 3341 2454 prb
3352 2367 3682 2442 Christianis.

2164 2488 2223 2544 ln
2255 2478 2473 2547 Perside
2522 2507 2649 2548 vero
2683 2491 2984 2551 fautoribus
3033 2496 3249 2566 pietatis
3298 2494 3683 2557 Constantinus

2096 2573 2367 2651 Augustus
2397 2591 2589 2653 sponte
2613 2587 2913 2655 prospexit.
2966 2585 3281 2657 Agnoscens
3309 2590 3455 2643 enim
3486 2603 3581 2646 eos
3617 2590 3683 2644 ali

2097 2670 2276 2749 impiis
2300 2668 2650 2731 vehementer
2675 2660 2859 2745 allligi,
2890 2688 3183 2747 eorumque
3211 2680 3393 2749 regem
3415 2678 3685 2736 erroribus

2096 2762 2426 2818 servientem
2457 2760 2587 2838 [ed.,
2620 2766 2954 2846 stevientcm]
2985 2761 3198 2824 diversa
3219 2770 3298 2825 eis
3320 2769 3520 2826 inferre
3545 2772 3687 2843 peri-

2096 2854 2239 2920 cula,
2262 2856 2478 2927 scripsit
2503 2857 2552 2913 ei
2575 2873 2671 2928 per
2689 2856 2916 2927 legatos,
2944 2860 3035 2930 qui
3066 2867 3194 2917 tunc
3213 2860 3460 2929 aderant,
3486 2865 3687 2919 monita

2098 2947 2315 3015 pietatis
2349 2965 2363 3001 :
2395 2963 2593 3035 rogans
2640 2959 2699 3004 ut
2750 2949 2985 3006 cultores
3032 2950 3126 3007 Dei
3173 2952 3317 3022 apud
3368 2968 3491 3008 eum
3529 2952 3688 3021 digno

2092 3038 2306 3117 honore
2335 3041 2663 3110 potirentur.
2695 3040 2803 3097 Sed
2833 3042 3025 3098 melius
3052 3038 3287 3099 's‘tudium
3318 3045 3391 3116 pii
3423 3045 3681 3116 principis

2099 3122 2197 3201 per
2225 3130 2342 3201 ejus
2369 3132 2576 3188 litteras
2606 3133 2805 3190 valebit
2832 3134 3072 3204 agnosci.

2524 3264 2781 3324 briareus
2806 3283 3150 3325 CONSTANTINI
3180 3286 3287 3329 th.

2460 3361 2541 3416 Ad
2564 3361 2823 3432 Saporem
2851 3378 3032 3434 regem
3062 3352 3342 3419 Persarum
3363 3406 3379 3421 .

2349 3460 2432 3534 De
2476 3472 2801 3551 providentia
2850 3480 2949 3535 Dei
2989 3498 3115 3554 ergo
3165 3480 3414 3538 homines:

2174 3574 2602 3647 Sacratissimam
2625 3591 2937 3647 custodiens
2959 3590 3139 3657 ﬁdem,
3173 3594 3413 3649 veritatis
3441 3594 3561 3650 luce
3581 3580 3706 3666 pair—

2100 3684 2354 3755 licipatus
2382 3683 2502 3741 sam
2537 3702 2550 3740 :
2585 3684 2799 3740 luminis
2826 3684 3053 3740 veritate
3080 3686 3437 3754 gubernatus,
3482 3703 3695 3744 sacram

2103 3793 2373 3848 cognosco
2415 3778 2594 3833 ﬁdem.
2642 3763 2883 3849 Denique
2920 3794 3019 3848 per
3057 3777 3191 3845 haec,
3243 3780 3400 3836 sicuti
3441 3796 3529 3836 res
3572 3781 3699 3852 ipsa

2096 3862 2448 3935 conﬁrmant,
2499 3858 2862 3928 venerabilem
2907 3860 3369 3939 religi0ttetttesse
3395 3873 3696 3943 conspicio,

2096 3951 2162 4017 et
2212 3954 2512 4018 doctrinam
2570 3953 2858 4032 agnitionis
2918 3963 3242 4018 sanctissimi
3299 3950 3393 4018 Dei
3449 3948 3701 4019 omnibus

2106 4055 2452 4131 oilercn'tem',
2502 4054 2808 4131 liujusmodi
2837 4056 3041 4110 cultum
3073 4073 3159 4111 me
3188 4058 3389 4113 habere
3414 4057 3694 4128 proliteor.

2109 4130 2242 4213 Quia
2266 4147 2422 4216 hujus
2445 4146 2536 4202 Dei
2558 4138 2815 4203 virtutem
2840 4146 2892 4200 in
2909 4147 3109 4203 auxilio
3137 4147 3363 4213 habens,
3379 4149 3639 4204 inchoans
3666 4164 3700 4204 a

2109 4237 2305 4294 ﬁnibus
2331 4237 2585 4308 Oceani,-
2613 4254 2829 4294 omnem
2874 4230 3136 4294 terrarum
3174 4238 3370 4296 orbem
3400 4234 3702 4296 ﬁrmissima

2108 4334 2207 4403 spe
2228 4332 2413 4387 salutis
2440 4332 2669 4399 obtinui;
2689 4332 2758 4392 ita
2784 4338 2841 4387 ut
2857 4330 3192 4400 universi'qui
3218 4346 3316 4401 per
3340 4339 3422 4386 tot
3446 4339 3706 4403 tyrannos

2098 4414 2351 4479 cladibus
2372 4423 2701 4494 quotitlianis
2727 4421 2943 4477 fuerant
2968 4421 3237 4492 subjugati
3252 4461 3269 4489 ,
3297 4430 3354 4477 et
3374 4422 3441 4477 ad
3461 4423 3706 4478 obscuri-

2112 4526 2278 4572 tatem
2299 4532 2468 4587 usque
2484 4516 2755 4587 perducti,
2780 4507 3116 4587 resumen'tes
3135 4504 3498 4578 communium
3514 4505 3705 4571 rerum

417 4598 626 4669 vincula
673 4606 797 4668 sunt
827 4615 1053 4681 reducti,
1085 4611 1207 4670 cum
1228 4615 1430 4684 quibus
1455 4625 1573 4671 erat
1601 4615 1844 4673 Aithalas
1868 4632 1884 4683 ς
1912 4616 2004 4685 qui
2034 4625 2087 4684 Ι)
2114 4602 2427 4675 vindictam,
2462 4609 2695 4665 rediviva
2726 4609 3124 4689 quodammodo
3152 4611 3431 4666 curatione
3460 4625 3709 4679 resurges

417 4708 733 4785 dumuimis
763 4717 945 4763 tensus
973 4709 1294 4778 caederetur,
1322 4709 1534 4765 humeri
1561 4717 1690 4764 sunt
1729 4708 2003 4778 disjuncti,

419 4801 493 4856 ita
549 4789 607 4855 ut
659 4808 900 4854 mortuas
953 4808 1143 4868 postea
1200 4815 1391 4855 manus
1444 4808 1662 4869 portare
1712 4790 2008 4865 videretur,

418 4879 618 4961 aliique
647 4890 763 4959 ejus
783 4878 862 4945 ori
888 4889 1040 4944 cibos
1068 4889 1345 4944 oll‘errent.
1376 4888 1488 4944 Sub
1513 4888 1619 4944 hoc
1637 4889 1819 4959 itaque
1841 4902 2008 4957 regno

420 4967 731 5041 testimonio
763 4983 916 5038 bona:
945 4982 1068 5037 vita:
1099 4982 1342 5038 translati
1370 4991 1497 5037 sunt
1524 4981 1855 5055 presbyteri,
1888 4981 2007 5035 dia-

418 5075 574 5154 coni,
604 5066 856 5154 monachi
897 5084 953 5131 et
979 5090 1148 5132 sacrae
1192 5076 1546 5149 virgines,~et
1574 5074 1628 5129 in
1670 5073 1790 5130 aliis
1817 5059 2010 5129 ofﬁciis

418 5152 673 5228 Ecclesia:
688 5152 1007 5236 constituti,
1062 5184 1126 5224 ac
1152 5183 1251 5237 pro
1288 5168 1542 5237 dogmate
1569 5166 1878 5223 laborantes
1920 5166 2005 5221 itt-

420 5246 654 5319 numerie
681 5261 1072 5318 multitudines.
1105 5253 1415 5329 Eodemque
1445 5268 1690 5329 tempore
1716 5274 1904 5329 passus
1925 5266 2009 5314 est

420 5349 669 5415 unaeum
692 5357 871 5412 Marea
892 5356 1089 5412 Bicbor
1103 5355 1388 5425 episcopus
1409 5362 1571 5424 atque
1591 5354 1775 5410 clerici
1791 5352 2009 5408 circiter

419 5436 634 5525 dti'penti
662 5456 718 5502 et
743 5445 1149 5519 quinquaginta,
1201 5444 1292 5514 qui
1333 5460 1455 5499 eum
1482 5458 1551 5498 eo
1594 5432 1738 5513 capti
1768 5458 1798 5496 a
1829 5441 2007 5499 Persis

416 5524 635 5596 fuerant
671 5530 1073 5611 comprehensi.
1106 5534 1257 5592 Tunc
1297 5536 1459 5591 etiam
1506 5535 1746 5591 Milesius
1789 5534 2010 5590 nomine

416 5639 678 5707 martyrio
705 5641 995 5691 coronatus
1014 5640 1115 5700 est,
1138 5636 1231 5702 qul
1253 5628 1485 5703 primum
1507 5626 1723 5699 quidem
1744 5626 2012 5682 militabat
2037 5685 2040 5688 ,

374 5758 383 5771 ς
420 5723 564 5795 apud
588 5725 800 5791 l‘ersas,
829 5726 1020 5794 postea
1048 5738 1178 5779 vero
1204 5722 1391 5778 relicta
1420 5721 1611 5777 militia
1639 5720 2013 5778 conversatio-

422 5829 545 5868 nem
574 5816 777 5871 zelatus
802 5823 886 5870 est
911 5810 1284 5884 apostolicam.
1333 5812 1628 5877 Somnum,
1673 5814 1764 5868 lib.
1796 5829 1864 5879 ιι,
1891 5829 2007 5883 cap.

417 5895 512 5955 ‘H.
532 5902 673 5957 ﬁdit.
704 5903 892 5958 Christ.
922 5902 1073 5958 Vales
1116 5921 1228 5976 cap.
1259 5905 1345 5973 15,
1368 5923 1422 5979 ρ.
1451 5905 2008 5962 i6l.--'Diciturc::im

2110 4712 2249 4758 rent.
2279 4704 2431 4757 Hunc
2454 4702 2619 4757 Deum
2642 4702 2762 4757 colo
2785 4702 2938 4773 cujus
2956 4704 3166 4771 signum
3190 4701 3300 4757 Deo
3322 4703 3534 4758 dicatus
3553 4718 3708 4758 meus

2110 4798 2382 4852 exercitus
2430 4805 2612 4875 portat
2660 4798 2712 4851 in
2762 4798 3018 4863 humeris,
3067 4806 3121 4871 et
3161 4813 3190 4850 a
3238 4810 3347 4866 quo
3387 4796 3513 4850 dum
3557 4795 3708 4865 justo

2102 4905 2362 4961 sermone
2386 4874 2587 4960 aliquid
2609 4882 2866 4960 poscitur,
2898 4874 3235 4960 impetratur.
3260 4888 3339 4943 Ex
3368 4888 3497 4959 ipSis
3523 4881 3707 4969 autem

2112 4986 2298 5056 tropaei
2342 4983 2640 5051 insignibus
2679 4977 2939 5037 beneﬁcia
2976 4989 3202 5051 repente
3244 4980 3500 5052 suscipio.
3550 4979 3707 5035 Ilunc

2111 5077 2297 5149 itaque
2328 5076 2494 5131 Deum
2521 5071 2811 5129 immortali
2839 5072 3098 5127 memoria
3128 5087 3214 5127 me
3243 5071 3513 5139 honorare
3541 5071 3708 5141 proli-

2117 5179 2256 5236 teor,
2305 5181 2540 5237 eumque
2585 5180 2794 5221 summa
2824 5179 3067 5234 puraque
3109 5172 3294 5220 mente
3322 5179 3484 5233 super
3522 5164 3706 5217 omnia

2115 5275 2233 5314 esse
2260 5256 2442 5327 credo.
2487 5256 2637 5313 llunc
2667 5250 2936 5310 inclinatis
2959 5254 3186 5323 genibus
3209 5254 3494 5316 invocabo.
3545 5255 3707 5325 239

2115 5349 2324 5418 fugiens
2351 5358 2602 5405 cunctum
2632 5345 3049 5403 abominabilem
3087 5346 3402 5414 sanguinem
3430 5355 3487 5399 et
3513 5344 3709 5400 odores

2116 5439 2401 5496 horribiles
2430 5454 2493 5495 ac
2522 5436 2822 5507 fugiendus,
2871 5450 3194 5506 omnemque
3236 5444 3506 5491 terrenam
3553 5435 3701 5489 ﬂam-

2119 5548 2262 5586 mam
2294 5531 2449 5585 nimis
2476 5530 2639 5585 evito.
2662 5527 2864 5596 Quibus
2892 5528 3143 5583 omnibus
3170 5526 3437 5585 nefandus
3476 5537 3531 5585 et
3570 5530 3705 5584 inef-

2118 5621 2296 5678 fabilis
2339 5624 2492 5677 error
2538 5620 2736 5677 multos
2791 5619 3060 5690 gentium,
3111 5633 3175 5674 ac
3211 5632 3412 5687 genera
3456 5622 3703 5677 universa

2116 5717 2436 5790 prostravit,
2485 5722 2540 5770 et
2583 5714 2795 5771 inferno
2842 5711 3186 5769 contradidit.
3221 5710 3351 5779 Quae
3392 5712 3534 5767 enim
3563 5702 3708 5769 Dens

2119 5808 2357 5864 omnium
2380 5816 2600 5878 propter
2620 5806 2867 5860 homines
2889 5803 3222 5874 providentia
3244 5819 3354 5858 sua:
3383 5803 3702 5869 clementim,

2120 5896 2576 5969 mansure-tum,
2606 5890 2859 5973 prgiuxit
2891 5897 2940 5949 in
2969 5888 3490 5958 tnuitdunt,"l:.tic'au
3519 5894 3698 5949 inius-
