3998 6166
319 302 453 372 949'

1405 310 1724 369 HISTORIA
1764 310 2206 369 TMPARTITA.
2246 309 2449 366 LIBER
2487 310 2574 367 Ill.

3505 316 3612 369 ενι)

319 429 582 499 cujusque
629 426 954 485 desiderium
985 425 1127 481 trahi
1165 440 1273 481 non
1316 426 1532 497 patitur.
1584 425 1689 482 Sed
1718 440 1910 496 puram
1942 431 1989 491 Α
2015 425 2213 482 Niaeni
2254 425 2491 489 concilii,
2548 425 3030 479 Alexamtrinortnn
3079 424 3329 483 Etclrsitc
3376 431 3609 497 suscepit

317 517 694 576 tantummodo
733 526 969 573 mentem
1012 524 1067 572 et
1114 515 1515 572 immaculatam
1563 516 1797 571 animam
1845 514 1915 571 ab

318 610 569 665 omnibus
595 609 700 681 [εει.
720 648 735 672 ,
769 604 1096 677 hominibus]
1126 607 1324 675 exigit,
1378 607 1590 662 virtutis
1617 615 1673 661 et
1702 606 1917 676 pietatis

319 711 474 758 actus
493 704 670 770 exqui;
686 700 746 767 it,
769 700 1195 756 mansuetudinis
1215 708 1268 754 et
1292 698 1595 754 clementia:
1616 698 1917 753 delectatur

316 795 595 867 operibus,
625 795 787 850 mites
810 802 975 858 amat,
1007 792 1323 849 babetodio
1355 792 1712 857 turbulentos,
1744 792 1917 863 diligit

324 887 505 954 fidem,
555 886 708 956 punit
738 884 1048 956 perfidiam,
1096 900 1421 955 omnemque
1468 885 1764 955 potentiam
1791 899 1914 940 cum

322 975 463 1033 fastu
509 977 771 1047 despicit,
819 977 1174 1047 superborum
1224 977 1379 1046 punit
1427 977 1804 1046 aSperitatem,
1850 972 1917 1029 2d
1996 1012 1999 1015 »

323 1067 519 1124 fastum
565 1070 805 1124 elevatos
850 1069 1140 1132 interimit,
1192 1068 1484 1123 humilibus
1515 1078 1694 1123 autem
1726 1083 1790 1123 ac
1819 1084 1913 1138 pa-

323 1161 580 1217 tientibus
624 1162 783 1230 digna
826 1161 1092 1216 retribuit.
1139 1159 1229 1217 Sic
1276 1160 1456 1230 itaque
1501 1160 1663 1214 etiam
1696 1174 1915 1227 regnum

321 1254 522 1323 justum
546 1252 968 1323 magnipendens
993 1240 1265 1321 adjutorio
1287 1267 1396 1306 sua:
1419 1250 1632 1306 virtutis
1655 1251 1913 1317 extendit,

321 1346 750 1417 sapientiamque
795 1346 997 1413 regiam
1033 1344 1180 1415 pacis
1228 1344 1615 1413 tranquillitate
1660 1343 1915 1398 custodit.

323 1436 441 1493 Non
468 1451 598 1506 ergo
627 1436 812 1492 videor
841 1436 971 1491 mihi
1004 1450 1209 1504 errare,
1259 1435 1426 1489 frater
1468 1434 1575 1500 mi,
1628 1434 1770 1488 hunc
1800 1448 1920 1489 esse

323 1525 692 1585 confitendum
721 1527 890 1583 Deum
909 1528 1149 1583 omnium
1178 1526 1473 1597 principem
1502 1534 1665 1596 atque
1684 1533 1919 1595 patrem,

320 1626 487 1688 quem
518 1618 670 1673 multi
716 1627 1006 1687 regnantes
1052 1619 1191 1688 apud
1243 1610 1341 1674 nos
1384 1617 1599 1673 vesanis
1638 1618 1921 1679 erroribus

324 1708 570 1774 seducti,
599 1708 871 1777 denegare
901 1716 1266 1764 tentaveruut.
1298 1707 1404 1763 Sed
1436 1708 1554 1763 illos
1582 1723 1772 1762 omnes
1802 1707 1920 1762 linis

2019 518 2341 574 Athanasius
2378 519 2745 589 praesulatum.
2776 516 2939 587 Cujus
2980 520 3401 590 persecutiones,
3432 521 3610 594 fugas,

2019 612 2394 675 contumelias,
2435 610 2733 681 crebraque
2779 611 3020 682 pericula
3062 613 3358 670 transferre
3400 614 3607 683 distuli,

2016 719 2137 773 quae
2179 703 2404 758 Rufinus
2444 719 2542 757 suo
2587 702 2891 758 nobilitavit
2917 703 3154 772 eloquio.
3184 703 3610 773 Tueononmus,

2016 798 2110 854 lib.
2139 814 2176 865 t,
2208 814 2254 853 ε.
2286 795 2377 864 9.6,
2416 814 2471 868 p.
2503 795 2593 852 59.
2625 797 2728 852 An.
2771 795 2922 853 Dom.
2950 796 3077 867 328,
3112 797 3304 855 Baron.
3337 799 3460 856 5‘26.

2636 952 2864 1012 CAPUT
2907 956 2967 1011 V.

2020 1065 2153 1136 Quir
2174 1079 2355 1124 contra
2381 1070 2725 1153 Athanasium
2747 1079 2891 1154 gesto
2920 1072 3045 1154 sint,
3065 1081 3114 1126 et
3144 1075 3397 1145 quomodo
3427 1079 3615 1148 confit.

2513 1144 2647 1212 gerit
2692 1144 2761 1195 ad
2768 1204 2772 1209 Α
2808 1144 3111 1214 principem.

2093 1248 2223 1308 Post
2252 1251 2478 1321 plurima
2515 1266 2644 1307 vero
2686 1253 2910 1308 consilia
2952 1255 3121 1312 turbis
3155 1256 3615 1329 seditionibusque

2018 1346 2311 1416 completa.
2355 1354 2412 1400 et
2435 1346 2701 1402 clamores
2747 1358 3121 1405 accusatorum
3168 1352 3510 1421 poscentium
3558 1361 3615 1409 ut

2022 1437 2347 1492 Athanasius
2370 1444 2624 1508 tanquam
2647 1453 2837 1509 magus
2862 1439 3132 1496 violentus
3164 1449 3220 1497 et
3238 1442 3497 1512 indignus
3524 1458 3613 1500 su-

2023 1527 2266 1582 ecrdotin
2296 1526 2660 1593 damnaretur,
2699 1528 2889 1582 directi
2921 1529 2990 1583 ab
3016 1528 3344 1599 imperatore
3371 1540 3614 1587 metuen-

2022 1627 2105 1672 tes
2149 1632 2217 1671 ne
2254 1632 2377 1670 eum
2415 1616 2593 1685 aliqua
2645 1617 2923 1673 invasione
2976 1618 3333 1687 pcrimerent,
3391 1604 3614 1677 latenter

2023 1723 2145 1761 eum
2171 1707 2238 1761 de
2267 1706 2498 1762 concilio
2524 1706 2927 1762 subtraxeruut.
2962 1709 3029 1761 At
3057 1709 3147 1763 ille
3175 1710 3351 1766 sciens
3382 1726 3485 1765 non
3515 1714 3614 1768 sibi

326 1798 1075 1869 comprehenditexitialis,ita
1092 1799 1919 1869 utomnegeuushominnmpost
1953 1800 2138 1875 δῖοι-θ
2169 1809 2339 1855 tutum
2371 1807 2558 1855 contra
2610 1807 2692 1854 tot
2737 1813 3082 1855 accusatores
3129 1816 3309 1870 agere,
3353 1802 3619 1872 judicibus

320 1904 423 1947 eos
445 1904 758 1960 exsurgens,
788 1891 967 1947 clades
984 1906 1173 1947 eorum
1198 1908 1295 1962 pro
1319 1892 1714 1948 maledictiOnis
1735 1907 1920 1949 exem-

329 1982 418 2053 plo
439 1999 743 2054 proponere
768 1984 1032 2041 videatur.
1059 1983 1259 2040 llorum
1284 1986 1443 2056 igitur
1466 2002 1627 2040 unum
1645 2000 1766 2041 esse
1793 2001 1921 2042 reor

328 2067 704 2143 Valerianum,
751 2092 911 2145 quem
962 2076 1108 2131 velut
1151 2077 1395 2145 quaedam
1436 2077 1605 2145 virga.
1633 2077 1920 2132 iracundia:

327 2166 615 2221 divinando
660 2169 857 2222 nostris
904 2168 1061 2222 terris
1089 2168 1385 2239 expellens,
1432 2169 1628 2224 vestris
1676 2170 1921 2239 partibus

322 2260 546 2315 tradidit
598 2260 947 2329 puniendum.
1005 2260 1106 2328 Qui
1158 2261 1365 2317 scilicet
1422 2260 1759 2315 verecundia:
1810 2273 1921 2314 sua:

331 2348 863 2423 fatuosissimusled.,
892 2349 1014 2406 Νἰυ.
1043 2360 1091 2405 et
1111 2351 1298 2418 Frob.,
1322 2347 1758 2422 nobilissimum],
1779 2350 1920 2419 apud

329 2457 429 2496 nos
477 2450 738 2511 tropaeum
792 2441 1196 2499 demonstrasse
1252 2443 1614 2512 cognoscitur.
1665 2441 1770 2496 Sed
1817 2441 1922 2497 hoc

327 2532 546 2601 quidem
572 2533 622 2587 in
648 2534 844 2587 bonam
868 2544 1077 2602 partem
1099 2548 1418 2589 conversum
1442 2541 1546 2601 est,
1571 2541 1628 2587 ut
1654 2532 1706 2587 in
1733 2542 1921 2588 nostro

326 2624 526 2680 steculo
549 2624 851 2694 hujusmodi
880 2624 1201 2697 suppliciqu
1231 2624 1380 2680 fieret
1410 2624 1772 2681 manifestum.
1806 2622 1920 2679 Vidi

329 2723 563 2783 namque
612 2724 668 2770 et
705 2729 807 2783 ego
855 2716 1067 2772 illorum
1119 2717 1279 2787 liuent
1325 2716 1416 2785 qui
1463 2732 1633 2787 nuper
1679 2715 1922 2771 nefandis

329 2807 776 2877 praeceptionibus
807 2807 917 2862 Deo
962 2809 1215 2864 devotum
1247 2808 1501 2880 populum
1549 2808 1916 2863 turbaverunt.

329 2897 673 2967 Quapmpter
700 2899 897 2953 multas
933 2898 1044 2953 Deo
1074 2900 1254 2956 refero
1280 2902 1505 2969 gratias,
1538 2885 1792 2971 quoniam
1835 2900 1919 2955 iu-

330 2997 481 3057 tegra
537 2989 874 3059 providentia
928 3007 1090 3049 omne
1144 3008 1312 3063 genus
1363 2995 1687 3062 humanum,
1737 2995 1922 3050 colens

329 3078 503 3148 legem
534 3080 766 3135 divinam
786 3123 802 3147 ,
855 3083 1061 3138 reddita
1089 3083 1191 3138 sibi
1221 3098 1354 3154 pace
1382 3084 1638 3139 decenter
1665 3084 1917 3139 exsultat.

2025 1890 2187 1944 etiam
2216 1888 2462 1953 inimicis,
2510 1887 2775 1962 synodum
2806 1889 3137 1958 relinquens,
3168 1892 3348 1946 venire
3394 1893 3617 1948 festina-

2024 1981 2100 2034 vit
2139 1982 2202 2033 ad
2236 1982 2634 2051 imperatorem.
2668 1981 2961 2044 Sozouesq
2996 1981 3084 2036 lib.
3120 2000 3171 2046 ιι,
3202 2000 3315 2054 cap.
3346 1980 3436 2037 ραι.
3472 1985 3615 2040 Edit.

2022 2068 2172 2125 Cirris
2185 2082 2213 2124 '.
3480 2130 3486 2138 ,

2096 2164 2259 2234 igitur
2306 2162 2629 2217 Athanasius
2677 2161 2744 2215 ad
2790 2162 3088 2232 principem
3130 2163 3370 2227 veniens,
3402 2179 3617 2223 omnem

2024 2255 2496 2324 p‘riesuznptimtcm
2526 2260 2717 2308 contra
2758 2268 2818 2309 se
2849 2249 3045 2326 factam
3086 2252 3461 2323 episcoporum
3488 2255 3620 2311 edo-

2024 2356 2154 2402 cuit.
2184 2346 2252 2398 At
2282 2346 2351 2398 illi
2377 2344 2441 2399 al
2473 2343 2744 2399 Mareoten
2772 2344 3177 2409 convenientes,
3209 2346 3465 2414 quosdam
3498 2363 3625 2403 cou-

2020 2436 2359 2493 cordantium
2393 2435 2609 2491 sibimet
2650 2435 2995 2491 sacerdotum
3034 2438 3298 2492 miserunt
3326 2439 3391 2492 ad
3420 2440 3621 2509 prinei~
3712 2432 3715 2435 λ

2024 2545 2169 2601 pem,
2186 2528 2239 2583 id
2254 2537 2354 2596 est,
2380 2526 2750 2597 Thcngouium
2772 2527 3065 2593 Nicamum,
3090 2538 3252 2599 atque
3280 2529 3621 2586 Theodorum

2023 2618 2378 2687 Pcrinthiunt,
2427 2618 2595 2673 Ma:in
2629 2602 3160 2686 Chalcedonenscm,
3195 2619 3499 2690 Narcissum
3528 2622 3618 2677 Οἱς

2024 2715 2201 2780 licem,
2229 2723 2284 2770 et
2310 2712 2512 2768 similes
2542 2713 2753 2776 borum,
2788 2713 3067 2769 mendacia
3099 2720 3361 2775 texentcs,
3393 2724 3447 2768 et
3475 2730 3620 2784 qua:-

2023 2804 2145 2858 dam
2176 2812 2480 2861 commenta
2513 2803 2794 2872 litigentes,
2824 2810 2879 2857 et
2909 2803 3079 2858 nudas
3108 2804 3265 2859 valde
3303 2805 3621 2872 calumnias,

2023 2893 2174 2961 quasi
2206 2908 2365 2947 veras
2406 2891 2781 2948 accusationes
2826 2892 3041 2946 sibimet
3068 2903 3475 2963 componentes.
3507 2897 3623 2963 Quo

2017 2978 2165 3037 facta
2198 2990 2461 3037 venerunt
2481 2981 2546 3035 ad
2574 2980 2772 3036 Ailiam
2794 2982 3088 3037 civitatem.
3122 2979 3455 3051 Praeceperat
3483 2984 3623 3039 enim

2025 3074 2321 3145 imperator
2368 3081 2426 3127 ut
2475 3088 2637 3129 omne
2680 3074 2966 3129 concilium
3020 3089 3057 3128 va
3103 3072 3245 3146 Tyro
3302 3077 3511 3131 teniret
3560 3080 3624 3131 ad

333 3169 487 3225 Unde
514 3172 674 3226 etiam
704 3174 991 3243 nobisipsis
1020 3175 1185 3230 credo
1215 3177 1469 3244 quoniam
1501 3176 1704 3245 optime
1732 3184 1917 3230 caute-

2036 3162 2246 3219 Ailiam.
2295 3163 2405 3219 Nec
2441 3174 2548 3219 non
2576 3162 2632 3219 et
2658 3165 2794 3219 alios
2823 3164 3057 3236 undique
3082 3168 3401 3236 congregari
3425 3184 3626 3239 praece-

329 3278 437 3333 que
459 3264 702 3319 universa
736 3267 1088 3335 proveniunt,
1128 3266 1342 3337 quando
1370 3284 1465 3338 per
1495 3268 1705 3321 illorum
1733 3283 1921 3337 puram

330 3355 773 3426 probabilemque
817 3357 1132 3426 religionem
1177 3358 1520 3428 divinantque
1558 3359 1920 3422 concordiam,

331 3447 583 3503 universa
610 3448 663 3504 in
693 3464 753 3504 se
780 3449 1029 3520 dignatur
1068 3452 1293 3519 erigere.
1338 3451 1505 3518 Igitur
1533 3451 1599 3505 de
1631 3450 1721 3504 tali
1752 3449 1925 3503 homi-

330 3553 461 3593 num
489 3540 737 3607 collegio,
774 3540 825 3594 id
854 3550 930 3596 est
962 3538 1392 3596 Christianorum
1426 3544 1547 3612 (pro
1576 3543 1769 3612 quibus
1794 3542 1927 3597 mihi

332 3630 511 3685 omnis
552 3640 634 3684 est
677 3631 909 3702 sermo),
942 3648 1101 3702 quam
1134 3649 1218 3687 me
1249 3632 1474 3688 libenter
1503 3633 1679 3688 credis
1716 3633 1924 3698 audire,

331 3720 550 3791 quando
593 3721 755 3775 etiam
798 3723 1090 3777 eminentia
1124 3727 1236 3778 loca
1270 3722 1526 3779 Persidos
1551 3738 1767 3794 pereas
1808 3739 1924 3777 am-

333 3811 474 3882 plius
499 3826 659 3880 quam
682 3811 839 3882 cupio
860 3813 1226 3868 decorautur?
1255 3812 1333 3868 Tu
1355 3829 1484 3882 ergo
1509 3800 1713 3883 optime
1732 3813 1927 3884 guber-

332 3900 568 3966 naveris,
601 3900 646 3956 si
694 3901 856 3957 fueris
903 3902 1042 3958 sicut
1090 3903 1196 3973 illi,
1245 3913 1300 3959 et
1346 3905 1598 3962 habueris
1641 3920 1929 3960 conuuuue

335 3993 479 4063 quod
504 3992 599 4047 illi.
624 3992 716 4047 Sic
738 3994 879 4048 enim
904 3993 1130 4048 habebis
1149 3995 1388 4050 omnium
1411 3996 1697 4050 Dominum
1722 3997 1925 4061 mitem,

332 4084 731 4156 placidumque,
763 4093 926 4155 atque
956 4086 1268 4157 propitium.
1302 4086 1412 4143 llos
1463 4087 1641 4156 igitur,
1672 4088 1928 4157 quoniam

332 4184 519 4232 tantus
555 4190 619 4230 ac
664 4174 785 4230 talis
831 4177 1040 4240 existis,
1088 4177 1410 4233 commendo
1442 4180 1536 4233 tibi
1582 4179 1835 4248 quoniam
1876 4187 1932 4233 et

335 4269 538 4338 pietate
568 4267 815 4336 probaris
844 4267 1084 4337 insignis.
1127 4267 1236 4324 llos
1264 4270 1424 4336 dilige
1454 4276 1845 4339 competenter,
1876 4278 1928 4323 et

335 4361 500 4415 facito
540 4359 837 4414 clementia:
870 4369 972 4414 tua:
1014 4361 1325 4430 participes,
1378 4362 1469 4414 tibi
1510 4361 1665 4415 simul
1698 4371 1750 4414 et
1778 4362 1928 4415 nobis

338 4475 347 4521 ε
374 4455 655 4508 tazbilurns
679 4452 861 4520 gratia:
885 4453 1144 4508 iunneusa
1169 4454 1290 4523 jura
1322 4471 1414 4525 per
1440 4454 1616 4509 fidem.

410 4546 535 4600 llzcc
575 4545 735 4612 igitur
775 4546 1010 4616 Optimus
1051 4546 1346 4617 imperator
1397 4546 1595 4616 pietate
1638 4544 1927 4600 decoratus

336 4641 464 4708 egit,
520 4657 705 4699 curam
760 4659 868 4699 non
915 4643 1087 4697 solum
1144 4641 1510 4709 subjectorum
1561 4641 1786 4706 habens,
1837 4641 1932 4695 sed

335 4733 498 4786 etiam
547 4750 733 4790 eormn
765 4736 854 4807 qtti
898 4736 997 4794 sub
1026 4735 1215 4789 alienis
1258 4734 1635 4803 gubernaculis
1678 4736 1933 4802 regebat»

334 4832 443 4879 tur.
466 4824 807 4898 Quapropter
835 4838 888 4882 et
919 4828 1031 4896 ipse
1060 4827 1236 4881 divina
1253 4826 1588 4896 protectione
1603 4826 1808 4896 potitus
1830 4836 1930 4887 est,

335 4923 391 4972 et
442 4918 745 4973 universam
790 4917 1058 4989 Europam
1114 4927 1277 4988 atque
1330 4918 1574 4990 Libyam,
1628 4935 1789 4990 Super
1840 4919 1934 4973 bas

336 5006 501 5061 etiam
534 5009 823 5064 maximam
870 5010 1005 5064 Asim
1034 5018 1241 5079 partem
1286 5018 1494 5084 tepens,
1535 5010 1809 5079 subjectos
1840 5009 1935 5063 ba-

335 5097 454 5152 buit
486 5099 683 5169 ubique
710 5100 955 5155 devotos.
993 5100 1098 5155 Sed
1122 5103 1282 5155 etiam
1314 5102 1667 5155 barbarorum
1698 5100 1787 5153 alii
1815 5100 1935 5170 qui-

334 5190 460 5245 dem
490 5200 683 5260 sponte
713 5192 1039 5256 serviebant,
1074 5191 1162 5244 alii
1191 5191 1407 5247 devicti.
1444 5188 1649 5260 Ubique
1682 5190 1934 5258 triumphi

338 5283 682 5350 videbantur,
713 5294 768 5338 et
793 5286 965 5338 victor
995 5285 1318 5339 «eruebatur
1347 5284 1397 5337 in
1430 5283 1677 5337 utttnibus
1706 5283 1935 5352 impera-

347 5386 446 5430 tur.
476 5372 887 5441 Tusononerus,
914 5372 1002 5427 lib.
1029 5391 1044 5429 ι
1069 5415 1083 5438 ,
1115 5391 1160 5428 c.
1183 5362 1274 5439 Eii,
1298 5391 1349 5445 p.
1383 5372 1470 5426 56.

959 5483 1189 5542 CAPUT
1228 5484 1317 5540 IV.

377 5574 447 5627 De
477 5577 768 5633 Aleumdri
814 5578 1076 5649 pontiﬁcis
1122 5576 1465 5632 Alexandrini
1510 5578 1639 5648 ﬁne,
1687 5585 1737 5630 et
1784 5577 1933 5633 initio

857 5651 1098 5717 prwsulis
1126 5648 1419 5701 Athanasii.
1438 5720 1443 5725 ε

414 5739 624 5798 interea
660 5742 964 5799 Alexandro
988 5742 1218 5796 mirabili
1246 5756 1399 5809 sene,
1429 5740 1521 5811 qui
1562 5739 1672 5795 Arii
1698 5750 1939 5811 prostra-

346 5842 497 5888 verat
543 5833 920 5892 blasuhcmias.
951 5831 1225 5897 defuncto,
1278 5844 1400 5903 post
1441 5846 1653 5887 menses
1697 5832 1939 5903 Quinque

2027 3263 2199 3325 perat,
2232 3266 2500 3325 quatenus
2543 3257 2741 3325 templa
2769 3255 3030 3312 mdilicata
3057 3256 3452 3314 dedicarentur.
3484 3259 3624 3316 Misit

2020 3346 2224 3437 itaque,
2248 3345 2453 3416 pariter
2480 3345 2709 3402 devotos
2735 3346 2880 3403 viros
2906 3347 3038 3421 [ed.,
3072 3346 3122 3402 Ν
3128 3350 3192 3403 iv.
3241 3359 3288 3403 et
3320 3348 3508 3419 Frob.,
3536 3351 3625 3437 “9|-

2026 3432 2225 3505 dicum]
2270 3436 2473 3505 pietate
2512 3451 2575 3491 ac
2614 3435 2717 3490 fide
2741 3436 3091 3505 clarissituos,
3119 3439 3299 3492 omnia
3331 3432 3627 3507 largissime

1970 3542 1975 3545 δ
2028 3526 2257 3596 expendi
2286 3526 2625 3597 prtecipiens,
2656 3544 2762 3582 non
2790 3528 2964 3583 solum
2994 3528 3336 3598 pontiﬁcibus
3358 3546 3420 3586 ac
3448 3548 3625 3587 sacer-

2026 3617 2262 3682 dotibus,
2294 3618 2391 3671 sed
2417 3618 2583 3672 etiam
2636 3619 2920 3687 egentibus
2963 3621 3246 3684 universis,
3279 3624 3368 3692 qui
3395 3623 3627 3694 undique

2021 3712 2440 3767 concurrebant.
2475 3710 2645 3767 Porro
2666 3710 2841 3768 fuerat
2869 3722 3191 3769 exornatum
3214 3714 3376 3769 etiam
3406 3730 3625 3772 sacrum

2032 3807 2204 3862 altare
2244 3806 2421 3877 palliis
2448 3805 2717 3874 regalibus
2760 3815 2921 3876 atque
2953 3807 3112 3873 vasis,
3136 3822 3269 3862 auro
3297 3815 3352 3863 et
3376 3809 3627 3878 pretiosis

2031 3896 2292 3968 lapidibus
2334 3897 2666 3952 decoratum.
2698 3892 3114 3963 thtzunonmus,
3162 3896 3251 3953 lib.
3284 3915 3319 3963 ι,
3366 3914 3485 3970 cap.
3539 3901 3625 3967 30,

2032 4005 2153 4059 pag.
2181 3988 2212 4040 li
2227 3987 2266 4041 ι.
2412 3986 2417 3991 ’

2646 4118 2878 4174 CAPUT
2923 4119 3007 4175 Vl.

2035 4208 2305 4289 Qitottrorlo
2333 4213 2401 4289 sit
2441 4212 2630 4289 {tr-ins“
2646 4212 2711 4265 ab
2756 4213 2941 4289 exsilio
2986 4224 3285 4289 revocatus,
3327 4224 3391 4289 et
3424 4222 3629 4289 qualem

2104 4281 2334 4334 libellam
2362 4281 2561 4335 dederit
2591 4280 2930 4336 Constantino
2955 4325 2969 4349 ,
2996 4294 3047 4337 et
3086 4285 3152 4338 de
3176 4280 3450 4355 fraudibus
3477 4289 3632 4344 Aria-

2105 4368 2309 4404 norunt.

2106 4441 2405 4512 imperator
2427 4443 2631 4497 interea
2668 4444 2852 4497 Arium
2879 4444 2945 4499 de
2975 4445 3164 4501 exsilio
3194 4448 3489 4515 revocavit,
3517 4452 3634 4518 jus-

1991 4536 2211 4608 ;sitque
2243 4533 2472 4604 utquod
2501 4533 2567 4589 de
2612 4534 2721 4589 Deo
2769 4536 3034 4601 crederet,
3066 4538 3331 4608 scriptura
3380 4552 3634 4598 currente

2040 4625 2326 4697 proferret.
2356 4624 2507 4681 Tunc
2535 4625 2623 4680 ille
2672 4629 2965 4682 novitatem
2998 4628 3272 4685 nominum
3303 4645 3465 4700 quam
3489 4634 3636 4703 prius

2041 4718 2391 4773 adinveuerat
2442 4716 2747 4788 declinans,
2801 4721 2958 4774 aliam
3016 4722 3451 4792 explanationem
3502 4740 3635 4781 (Oll-

2043 4811 2235 4878 texnit,
2267 4810 2595 4881 simplicibus
2619 4812 2795 4866 verbis
2820 4818 2942 4867 eam
2971 4821 3025 4868 ct
3045 4812 3226 4868 divina
3250 4813 3481 4869 lectione
3501 4832 3631 4871 con:

2044 4902 2278 4964 firmans,
2304 4901 2677 4972 jusjurandum
2705 4918 2921 4975 quoque
2947 4905 3172 4975 prxbuit
3200 4905 3275 4958 ita
3303 4921 3363 4960 se
3389 4906 3633 4971 credere,

2042 5008 2097 5052 et
2127 4999 2240 5053 haec
2268 4999 2427 5051 eziam
2479 5006 2658 5052 mente
2688 5014 2897 5069 sapere,
2931 4986 3188 5068 Inihilque
3234 4998 3391 5052 aliter
3435 4999 3638 5054 intellic

2042 5105 2188 5161 gere.
2218 5089 2419 5143 Toxlus
2437 5089 2588 5143 enim
2620 5089 2736 5159 ejus
2758 5091 3107 5161 expositionis
3128 5089 3436 5159 hujusmodi
3462 5100 3545 5147 est
3580 5108 3594 5145 :

2116 5186 2275 5256 21.0
2307 5182 2555 5238 Piiss'mo
2598 5194 2659 5240 et
2705 5186 2815 5241 Deo
2853 5187 3221 5241 amantissimo
3265 5187 3491 5243 Dornino
3541 5205 3638 5243 no—

2045 5285 2157 5329 Sit‘t)
2204 5273 2515 5344 imperatori
2551 5272 2908 5331 Constantino
2948 5276 3106 5332 Arius
3130 5285 3184 5331 et
3218 5275 3450 5333 Euzoius
3481 5296 3633 5349 pres-
3692 5282 3695 5285 ’

2032 5368 2239 5443 'Lyteri.
2398 5398 2425 5409 ε

2115 5464 2266 5519 Sicut
2304 5464 2558 5535 prmcepit
2607 5462 2715 5517 Deo
2744 5459 2984 5515 amabilis
3030 5459 3202 5528 pictas
3250 5468 3372 5525 tua,
3422 5457 3639 5513 domme

2042 5558 2353 5629 imperator,
2411 5557 2731 5628 exponimus
2788 5562 3028 5608 nostram
3081 5550 3267 5618 fidem,
3320 5564 3377 5609 et
3421 5551 3639 5621 scriptis

2038 5642 2359 5721 profitemur
2379 5666 2560 5706 coram
2594 5649 2704 5704 Deo
2736 5648 2813 5702 sic
2844 5645 3067 5701 credere
3096 5653 3150 5700 et
3180 5662 3299 5711 nos,
3343 5653 3397 5701 et
3445 5659 3638 5700 omnes

2043 5745 2133 5815 qui
2166 5743 2443 5799 nobiscum
2484 5749 2627 5805 sunt,
2659 5739 2815 5795 sicuti
2861 5737 3158 5808 subjectum
3209 5745 3307 5793 est.
3356 5735 3637 5791 Credimus

2045 5835 2097 5890 in
2130 5851 2291 5891 unum
2326 5835 2492 5890 Deum
2528 5822 3232 5900 Patremomnipotentem,
3266 5837 3315 5885 et
3350 5828 3635 5886 Dominum
