4074 6192
491 330 514 383 t
542 305 677 386 4055

1773 346 1846 405 II.
1886 341 2164 403 AURELII
2200 341 2602 403 CASSIODURI

3749 338 3858 403 95:;

490 453 716 514 "timere
735 451 1139 531 jacuﬁp'ronus
1170 477 1186 514 :
1216 473 1412 532 rogans
1439 460 1608 518 Deum
1637 470 1698 518 ut
1726 463 2010 535 impediret
2031 469 2142 517 ter-
2170 462 2216 522 Α
2250 457 2505 528 Phryges,
2535 465 2589 510 et
2621 454 3039 522 Valentini-auos,
3074 465 3127 512 ct
3177 457 3570 527 Marcionistas,
3615 471 3666 515 el.
3698 461 3840 519 Ρω-

557 550 757 605 miuum
787 551 1126 608 inimicorum
1154 552 1289 623 ejus.
1315 553 1590 612 Sozoucu.
1614 597 1630 622 ,
1661 556 1755 612 lib.
1785 571 1844 623 ιι,
1887 573 2003 629 cap.
2051 557 2142 614 28.

550 637 700 695 Edit.
733 638 927 696 Christ.
968 641 1143 697 Vales.
1177 660 1292 699 ceu.
1317 643 1408 710 29,
1434 663 1486 716 p.
1519 645 1646 700 488.

624 730 753 787 Haec
793 733 954 802 igitur
997 731 1303 790 Alexander
1346 752 1550 805 pronus
1594 738 1803 793 orabat.
1850 738 2150 810 Imperator

557 833 735 884 autem
773 825 841 881 de
885 824 1016 880 Ario
1059 827 1293 898 experiri
1323 829 1546 894 volens,
1594 845 1716 885 eum
1765 831 1834 886 ad
1888 833 2147 902 palatium

560 917 828 985 evocavit,
870 927 1361 989 percunctatusque
1389 929 1472 975 est
1499 921 1542 975 si
1573 920 1771 976 Nicteni
1799 923 2014 978 concilii
2053 925 2150 980 de-

553 1018 702 1064 creta
728 1018 988 1066 servaret.
1020 1010 1114 1066 Ille
1141 1027 1271 1067 vero
1303 1013 1433 1066 nihil
1461 1021 1726 1080 moratus,
1769 1025 1993 1085 repente
2021 1018 2147 1072 sub-

555 1102 772 1171 scripsit
798 1101 1015 1158 decreta
1040 1103 1183 1168 fidei,
1211 1105 1309 1174 per
1336 1106 1784 1175 subscriptionem
1815 1116 1930 1163 arte
1956 1110 2148 1164 callida

557 1192 1006 1249 circumveniens.
1037 1193 1105 1249 Et
1134 1195 1428 1264 imperator
1448 1197 1663 1265 quidem
1709 1197 1955 1266 miratus,
1988 1201 2037 1255 ei
2069 1201 2151 1256 in-

557 1283 679 1337 tulit
715 1283 1108 1352 jusjurandum.
1152 1284 1256 1351 Qui
1285 1286 1451 1341 etiam
1493 1287 1597 1342 hoc
1625 1287 1992 1345 fraudulenter
2018 1294 2159 1362 egit,-

557 1373 954 1443 quodammodo
976 1375 1349 1445 jusjurandum
1381 1387 1496 1432 arte
1545 1377 1826 1436 deludens.
1857 1380 2010 1448 Quod
2061 1398 2152 1438 au-

557 1474 668 1519 tem
695 1465 872 1521 audivi
913 1466 984 1522 de
1021 1467 1124 1523 hac
1169 1468 1576 1532 machinatione
1614 1471 1914 1528 conscribo.
1960 1472 2152 1528 Fertur

551 1557 702 1612 enim
756 1559 1136 1628 conscripsisse
1188 1559 1373 1614 Arium
1423 1569 1624 1616 sectam
1667 1577 1820 1617 suam
1869 1564 1923 1618 in
1965 1565 2151 1620 charta

548 1651 722 1716 ‘quam
751 1649 849 1703 sub
879 1649 963 1703 ala
993 1649 1202 1706 ferebat
1233 1669 1246 1704 :
1281 1650 1421 1707 unde
1449 1668 1578 1708 vere
1603 1668 1661 1709 se
1684 1653 1866 1724 jurare
1901 1657 2147 1720 credidit,

557 1735 744 1793 dicens
771 1738 849 1794 sic
877 1754 937 1794 se
984 1755 1174 1810 sapere
1211 1741 1349 1796 sicut
1376 1743 1696 1813 scripsisset.
1746 1744 1862 1800 Hoc
1905 1747 2047 1801 enim
2078 1747 2150 1802 ita

2251 550 2444 616 lianos,
2475 558 2529 605 et
2573 551 2663 620 qui
2715 549 2847 604 alias
2874 550 3106 607 haereses
3149 552 3418 606 colebant.
3465 551 3661 608 Contra
3703 573 3844 626 quos

2249 655 2439 696 omnes
2468 641 2761 712 imperator
2783 642 2957 711 posita
3002 642 3120 710 lege
3161 642 3387 697 sancivit
3427 643 3624 698 auferri
3652 656 3846 703 eorum

2250 731 2486 786 oratoria
2517 738 2573 786 et
2600 731 2841 787 ecclesiis
2869 731 3160 802 applicari;
3211 743 3265 788 et
3293 748 3467 803 neque
3496 735 3548 790 in
3591 735 3846 794 domibus

2250 822 2583 892 privatorum
2623 838 2718 879 eos
2765 824 3212 893 congregationes
3257 827 3574 896 patiebatur,
3620 844 3722 884 nec
3744 846 3847 900 pu-

2250 911 2389 968 blice
2417 912 2708 968 celebrare.
2741 913 2927 968 Melius
2947 914 3385 984 enimjudicabat
3410 918 3462 973 iu
3491 919 3720 976 ecclesia
3752 936 3848 975 ca-

2249 1003 2445 1060 tholica
2475 1005 2999 1072 communicandum,
3025 1015 3079 1062 et
3103 1007 3161 1061 in
3179 1019 3303 1062 eam
3325 1012 3530 1066 cunctis
3552 1014 3848 1068 convenire

2250 1095 2529 1152 suadebat.
2562 1096 2788 1167 Propter
2817 1115 2976 1168 quam
3010 1101 3181 1170 legem
3219 1104 3452 1159 arbitror
3480 1106 3697 1163 haeresis
3726 1125 3846 1165 me-

2251 1188 2477 1242 moriam
2507 1187 2670 1244 fuisse
2716 1189 3065 1245 destructanr.
3097 1191 3228 1248 Nam
3259 1196 3498 1264 priorum
3538 1200 3846 1270 principu'n

2245 1277 2583 1347 temporibus
2609 1277 2806 1334 Christi
2827 1281 3065 1338 cultores
3090 1281 3212 1339 licet
3242 1294 3510 1341 sectarum
3532 1289 3849 1348 diversitate

2250 1368 2547 1437 differrent,
2576 1369 2716 1439 apud
2739 1385 2977 1440 paganos
3010 1381 3188 1429 tamen
3211 1373 3501 1432 Christiani
3541 1395 3660 1435 esse
3690 1395 3851 1453 put...

2252 1459 2466 1525 bantur,
2497 1469 2554 1516 et
2584 1461 2828 1516 similiter
2873 1463 3211 1533 passionibus
3245 1467 3620 1536 subjacehant,
3649 1486 3714 1527 ac
3759 1490 3849 1528 se-

2253 1552 2513 1622 metipsos
2541 1561 2764 1624 propter
2783 1569 3095 1610 communes
3113 1561 3518 1627 persecutiones
3537 1565 3852 1624 examinare

2251 1661 2363 1701 non
2391 1656 2665 1716 poterant,
2696 1657 3060 1718 et-propterea
3090 1649 3247 1706 facile
3275 1653 3417 1708 inter
3439 1671 3498 1711 se
3525 1660 3850 1714 convenien-

2257 1750 2338 1796 tes
2383 1740 2572 1796 missas
2610 1741 2975 1797 celebrabant.
3027 1742 3094 1797 Et
3118 1744 3242 1800 licet
3286 1757 3467 1803 essent
3511 1751 3684 1819 pauci,
3737 1765 3850 1809 non

559 1826 758 1883 factum
788 1829 1012 1886 audiens
1053 1846 1151 1900 ego
1189 1835 1514 1904 conscripsi;
1554 1836 1679 1906 quia
1718 1853 1849 1892 vero
1878 1847 1932 1892 et
1970 1839 2142 1909 jusju-
2175 1843 2218 1902 Β
2241 1828 2423 1888 tamen
2451 1829 2771 1886 videbantur
2797 1845 2917 1886 esse
2957 1831 3130 1888 divisi.
3175 1833 3306 1890 Post
3329 1837 3470 1893 hanc
3498 1842 3632 1894 vero
3663 1840 3844 1912 legem

557 1919 785 1974 randum
830 1921 1087 1992 prmbuit,
1146 1939 1215 1978 ex
1266 1925 1507 1994 epistolis
1555 1928 1895 1998 imperatoris
1936 1924 2151 2000 agnovi.

557 2008 794 2067 Credens
823 2013 982 2082 igitur
1019 2015 1330 2084 imperator,
1363 2018 1561 2089 suscipi
1609 2036 1731 2076 eum
1780 2024 1847 2077 ab
1895 2025 2152 2094 episcopo

557 2101 1166 2174 Constantinopolitanae
1197 2108 1344 2163 urbis
1392 2110 1696 2168 Alexandro
1725 2113 1780 2168 in
1817 2118 2154 2171 communio-

557 2205 678 2245 nem
706 2195 979 2263 prtecepit.
1009 2194 1139 2250 Erat
1163 2198 1305 2252 enim
1330 2206 1458 2255 tunc
1485 2201 1784 2258 sabbatum.
1817 2203 1885 2258 Et
1905 2208 2151 2275 sequenti

555 2283 644 2339 die
705 2300 802 2340 eos
860 2287 1259 2344 communicare
1304 2293 1654 2362 exspectabat
1696 2295 2006 2363 alterutris;
2057 2298 2151 2353 sed

554 2377 1000 2447 pmsumptiones
1025 2377 1134 2433 Arii
1151 2379 1352 2447 judicia
1376 2383 1469 2438 Dei
1497 2393 1682 2440 secuta
1711 2395 1853 2440 sunt.
1871 2385 2003 2441 Nam
2025 2389 2148 2446 dum

554 2478 802 2532 egressus
826 2483 891 2522 ex
923 2469 1183 2540 imperiali
1215 2473 1398 2530 fuisset
1429 2477 1580 2544 aula,
1609 2479 1881 2548 obsequiis
1903 2480 2150 2536 honora-

553 2555 714 2611 batur
740 2559 1031 2614 satellitum
1063 2562 1295 2629 Eusebii,
1329 2575 1383 2620 et
1411 2581 1508 2636 per
1537 2568 1766 2622 mediatu
1797 2577 1924 2624 tunc
1960 2571 2145 2625 civita-

554 2653 664 2701 tem
708 2651 1024 2720 perspicuus
1072 2657 1384 2725 apparebat.
1434 2658 1674 2728 Cumque
1719 2661 1954 2716 venisset
1994 2662 2145 2732 juxta

553 2736 732 2794 locum
759 2741 844 2796 cui
873 2754 956 2798 est
985 2748 1307 2802 vocabulum
1336 2749 1672 2806 Constantini
1700 2751 1895 2820 forum,
1927 2755 2014 2809 ubi
2054 2771 2148 2811 co-

551 2829 733 2885 lumna
761 2836 1139 2907 porphyretica
1181 2841 1444 2898 collocata
1473 2838 1581 2908 est,
1615 2851 1790 2899 terror
1817 2859 1938 2900 eum
1966 2847 2145 2904 subito

551 2937 620 2974 ex
647 2923 877 2990 quodam
927 2925 1268 2984 conscientim
1313 2940 1523 2986 secreto
1554 2934 1892 3002 constrinxit,
1940 2945 1996 2992 et
2022 2953 2144 2993 cum

550 3011 831 3072 formidine
861 3027 1044 3074 secuta
1075 3029 1158 3076 est
1180 3024 1384 3080 ventris
1405 3025 1613 3082 effusio.
1646 3026 2143 3102 Percunctatusque

548 3107 594 3161 si
623 3122 866 3166 secessus
891 3122 1034 3169 esset
1060 3114 1112 3168 in
1154 3116 1417 3184 proximo,
1469 3127 1524 3174 et
1545 3134 1844 3190 agnoscens
1872 3138 1991 3180 esse
2020 3134 2141 3195 post

2258 1924 2432 1988 neque
2457 1918 2671 1988 publice
2699 1921 2753 1974 in
2782 1920 3036 1977 ecclesias
3064 1932 3313 1992 poterant
3339 1931 3646 1995 convenire,
3673 1945 3852 2000 neque

2255 2013 2504 2075 latenter,
2524 2015 2648 2067 dum
2672 2013 2913 2084 episcopi
2936 2017 3280 2072 eivitatumet
3293 2018 3478 2074 clerici
3499 2021 3856 2078 observantes

2255 2105 2380 2159 talia
2420 2105 2790 2174 prohiberent.
2825 2105 2958 2162 llinc
3002 2120 3132 2176 ergo
3182 2109 3396 2178 plurimi
3445 2121 3744 2169 metuentes
3775 2117 3848 2170 ad

2251 2194 2548 2252 Ecclesiam
2575 2212 2634 2253 se
2658 2198 2980 2254 catholicam
3024 2205 3384 2258 contulerunt.
3418 2204 3520 2258 Alii
3545 2221 3671 2262 vero
3701 2223 3856 2262 man-

2252 2295 2438 2340 serunt
2475 2287 2528 2341 in
2559 2302 2654 2343 sua
2677 2289 2966 2354 sententia,
3007 2307 3117 2345 non
3160 2300 3336 2347 tamen
3365 2309 3704 2352 successores
3732 2297 3850 2352 lia--

2252 2377 2388 2432 resis
2427 2378 2780 2448 reliquerunt.
2831 2378 3126 2445 Somnum,
3158 2381 3259 2438 ab.
3282 2395 3343 2449 ιι,
3395 2399 3511 2456 cap.
3560 2385 3650 2442 δυ.
3696 2386 3842 2442 Edit.

2247 2467 2444 2524 Christ.
2484 2469 2655 2524 Vales.
2690 2485 2806 2541 cap.
2835 2471 2921 2536 52,
2952 2490 3004 2542 ρ.
3037 2472 3158 2526 492.

2855 2603 3084 2661 CAPUT
3122 2599 3235 2661 XII.

2252 2692 2526 2772 Quomon
2566 2687 2727 2772 et
2775 2695 3056 2772 imperator
3085 2696 3454 2772 (.‘onstmtliuus
3505 2702 3842 2772 imperatores

2313 2775 2419 2904 ires
2446 2766 2583 2834 ﬁlios
2630 2766 2908 2837 reliquerit,
2959 2778 3007 2820 et
3033 2780 3271 2838 percepto
3303 2766 3610 2839 baptismate
3647 2778 3714 2830 sit
3745 2779 3840 2830 de-

2342 2846 2545 2890 auctus.

2342 2851 2545 2890 unctus.

2317 2925 2558 2996 Cumque
2585 2926 3018 2993 religiosissimus
3049 2929 3341 2999 imperator
3378 2933 3556 3001 potius
3586 2935 3848 2991 Christia-

2239 3016 2416 3070 nitate
2437 3015 2715 3084 gauleret,
2750 3025 2808 3072 et
2823 3018 2932 3072 veri
2963 3017 3091 3090 [κάη
3124 3019 3270 3094 vere]
3313 3021 3406 3076 Dei
3437 3025 3742 3079 testimonio
3774 3028 3844 3077 ti-

2227 3107 2365 3162 'dem
2395 3106 2663 3162 Nicaenam
2693 3107 2936 3163 roborari
2979 3122 3353 3179 cognosceret,
3387 3113 3439 3166 in
3480 3113 3560 3168 his
3586 3131 3707 3184 qua!
3737 3117 3827 3172 lue

547 3197 883 3256 Constantini
915 3202 1106 3271 forum,
1135 3210 1369 3275 perrexit
1392 3210 1534 3268 illuc.
1567 3213 1684 3279 Quo
1715 3213 1877 3284 facto,
1899 3216 2138 3278 defectus

2245 3208 2365 3253 rant
2392 3198 2460 3252 de
2481 3198 2608 3253 Ario
2636 3208 2785 3268 gesta
2814 3199 3113 3255 laetabatur.
3140 3202 3245 3270 Qui
3275 3218 3396 3258 cum
3427 3215 3535 3260 tres
3566 3207 3842 3262 habuisset

546 3305 670 3346 eum
712 3294 926 3363 quidam
956 3313 1076 3352 cum
1121 3298 1384 3358 ell’nsione
1427 3307 1704 3376 corripuit,
1757 3317 1811 3362 et
1858 3325 1961 3364 una
2009 3327 2132 3367 cum

545 3386 874 3443 stercoribus
901 3398 1108 3446 meatus
1135 3408 1351 3464 quoque
1392 3399 1674 3469 prolapsus
1702 3410 1803 3456 est.
1834 3385 1984 3459 Tune
2007 3420 2134 3475 ergo

544 3474 804 3544 concidit,
831 3486 887 3532 et
906 3483 1176 3550 sanguinis
1204 3485 1488 3542 multitudo
1518 3505 1638 3544 cum
1684 3492 1964 3548 subtlibus
1997 3474 2134 3549 inte-

544 3564 700 3621 stinis
726 3569 1118 3640 subsequenter
1155 3575 1394 3644 efﬂuxit;
1442 3578 1904 3652 decurrebantque
1935 3585 2136 3654 pariter

545 3673 665 3713 cum
695 3661 881 3730 splene
909 3664 1072 3720 etiam
1102 3668 1314 3724 interna
1337 3671 1556 3739 jecoris.
1598 3673 1660 3728 Et
1688 3675 1757 3729 ita
1799 3677 1998 3732 factum
2029 3690 2130 3745 est,

545 3756 603 3800 ut
624 3762 845 3820 repente
870 3767 1186 3824 sequeretur
1213 3769 1266 3814 et
1295 3777 1459 3816 mors.
1501 3762 1756 3820 Secessus
1783 3782 1908 3822 vero
1941 3769 2028 3822 ubi
2055 3779 2134 3824 ta-

543 3837 612 3892 lia
641 3849 791 3908 gesta
819 3853 960 3909 sunt,
996 3847 1046 3901 in
1081 3848 1672 3920 Cou.~'tantinopolitana
1706 3856 1837 3910 urbe
1866 3867 2134 3915 monstra-

542 3929 720 4002 batur,
741 3935 894 3990 sicuti
925 3937 1052 4005 dixi,
1087 3951 1206 4010 post
1240 3942 1577 4000 Constantini
1619 3947 1792 4003 farnm
1823 3961 1986 4020 atque
2013 3969 2130 4008 ma-

541 4021 733 4076 cellqu
765 4025 816 4078 in
848 4029 1058 4095 porticu
1087 4033 1436 4089 constitutum
1466 4054 1478 4089 :
1515 4052 1809 4110 omnesque
1857 4050 2133 4099 transeun-

541 4119 622 4166 tes
650 4114 814 4184 digito
854 4121 1110 4176 notabant
1155 4123 1361 4191 locum,
1411 4127 1782 4187 detestabilem
1811 4135 1921 4190 Arii
1949 4152 2131 4192 recor—

539 4201 728 4260 dantes
784 4207 1073 4266 interituzn'.
1127 4215 1423 4282 Socnares,
1459 4220 1550 4276 lib.
1611 4240 1646 4288 ι,
1678 4240 1798 4296 cap.
1850 4225 1940 4282 25.
1973 4227 2121 4286 Edit.

539 4291 730 4352 Christ.
777 4295 946 4354 Vales.
980 4319 1093 4374 cap.
1120 4305 1207 4374 58,
1239 4327 1292 4378 p.
1328 4310 1416 4365 75.

611 4384 738 4443 I'ost
763 4390 980 4460 aliquod
1010 4402 1220 4468 tempus
1247 4402 1464 4470 quidam
1491 4403 1760 4463 fautorum
1794 4407 2006 4466 Ariante
2033 4423 2128 4467 ve-

536 4479 700 4533 sania:
743 4481 892 4539 dives
935 4500 998 4542 ac
1041 4497 1233 4558 potens
1277 4495 1512 4550 studium
1564 4498 1750 4554 habuit
1796 4509 1853 4554 ut
1879 4503 2126 4560 eumdem

2241 3289 2398 3354 ﬁlios,
2429 3305 2525 3346 eos
2553 3289 2794 3346 Ctesares
2823 3295 3170 3363 nuncupavit,
3189 3303 3243 3349 et
3264 3296 3502 3365 singulos
3527 3313 3716 3353 eorum
3743 3317 3841 3367 ρετ

2237 3381 2471 3437 decenos
2513 3397 2686 3437 annos
2711 3383 2922 3453 imperii
2949 3385 3032 3439 sui
3062 3385 3330 3455 principes
3358 3403 3480 3443 esse
3524 3391 3835 3445 constituit.

2236 3473 2294 3530 Id
2320 3485 2422 3541 est,
2454 3476 2684 3544 primum
2706 3477 2922 3545 quidem
2952 3477 3117 3532 tilium
3143 3473 3222 3532 sui
3253 3481 3484 3536 nominis
3525 3483 3840 3546 Constanti-

2237 3582 2364 3620 num
2395 3565 2774 3636 liesperiarum
2804 3570 3038 3638 partium
3063 3571 3113 3626 in
3136 3572 3415 3628 decennali
3455 3591 3555 3631 suo
3585 3577 3715 3632 fecit
3744 3580 3845 3634 Ita-

2235 3656 2365 3711 bere
2392 3656 2780 3727 principatum;
2823 3662 3117 3715 secundum
3148 3675 3278 3718 vero
3318 3667 3401 3720 avi
3433 3667 3649 3722 nomine
3692 3669 3839 3725 Cun-

2233 3750 2491 3804 stantium
2540 3749 2988 3807 invicennalibus
3031 3755 3144 3810 suis
3199 3753 3462 3812 Cznsarem
3512 3761 3562 3813 in
3605 3760 3831 3818 Oriente

2234 3839 2832 3908 constituit;juniorem
2859 3857 2988 3897 vero
3027 3842 3375 3901 Constantem
3413 3848 3462 3901 in
3490 3853 3600 3904 suis
3629 3852 3829 3906 tricen-

2235 3930 2444 3986 nalibus
2465 3931 2750 3988 ordinavit.
2780 3933 2936 3989 Anno
2965 3950 3094 3991 vero
3125 3948 3246 4005 post
3278 3940 3390 3995 haec
3422 3949 3709 4008 transacto,
3756 3944 3837 3998 in-

2231 4039 2444 4094 gressus
2468 4027 2866 4096 sexagesimum
2895 4030 3138 4097 quintum
3169 4033 3344 4088 anatis
3374 4050 3594 4100 annum,
3617 4039 3834 4105 :egritn-

2231 4117 2356 4172 dine
2377 4128 2584 4188 captus,
2615 4135 2679 4175 ex
2732 4120 2864 4175 urbe
2905 4120 3524 4195 Constantinopolitana,
3581 4129 3733 4196 quasi
3765 4129 3836 4182 :ul

2230 4209 2427 4264 calidas
2448 4225 2614 4279 aquas
2647 4224 2892 4280 egressus
2939 4222 3040 4270 est.
3073 4215 3370 4282 Socnnss,
3403 4219 3493 4274 lib.
3521 4237 3556 4285 ι,
3587 4238 3704 4291 cap.
3737 4221 3832 4276 ‘25.

2235 4300 2374 4357 Edil.
2407 4302 2596 4359 Christ.
2636 4305 2806 4362 Vales.
2835 4323 2952 4378 cap.
2979 4309 3070 4377 58,
3092 4328 3145 4379 ρ.
3181 4310 3266 4366 74.

2301 4394 2402 4461 Qui
2447 4411 2570 4451 cum
2618 4396 2942 4454 Nicomedia:
2981 4401 3218 4469 degeret,
3273 4405 3527 4473 languore
3554 4418 3836 4476 gravatus,

2230 4501 2330 4541 nec
2359 4488 2610 4556 ignorans
2639 4491 2757 4546 vita:
2788 4490 2946 4559 hujus
2976 4492 3260 4561 incertum,
3293 4499 3518 4564 gratiam
3563 4501 3702 4552 sacri
3738 4502 3836 4554 ha-

537 4565 711 4624 locum
734 4587 765 4626 a
793 4575 1009 4643 publica
1039 4593 1395 4651 compararet.
1431 4584 1496 4642 Ει
1525 4588 1807 4647 “struens
1835 4593 1978 4663 quod
2009 4605 2128 4650 erat
2161 4607 2203 4663 ο
2233 4578 2496 4648 ptismatis
2516 4590 2599 4634 est
2642 4582 2886 4651 adeptus.
2915 4583 3204 4639 Distulerat
3232 4589 3373 4642 enim
3405 4606 3573 4657 usque
3606 4593 3672 4645 ad
3705 4594 3836 4647 illud

536 4661 802 4729 primitus,
833 4663 1051 4722 domum
1076 4670 1146 4724 ibi
1169 4674 1470 4744 constituit,
1493 4687 1757 4746 quatenus
1783 4661 1982 4737 oblivio
2005 4686 2127 4739 lacti

535 4754 872 4822 procederet,
903 4768 958 4812 et
982 4775 1079 4829 per
1103 4766 1499 4821 successionem
1535 4769 1840 4838 hujusmodi
1871 4777 2128 4829 memoria

532 4843 820 4912 deperiret.
853 4847 1017 4905 Fama
1059 4860 1237 4910 tamen
1267 4872 1362 4925 per
1389 4869 1636 4914 cunctam
1677 4865 1914 4917 cucurrit
1943 4866 2128 4920 civita-

534 4948 662 5000 tem,
696 4948 751 4995 et
779 4943 894 4996 orbi
918 4951 1182 5000 terrarum
1214 4959 1440 5004 mortem
1475 4952 1584 5006 Arii
1613 4953 1928 5010 declaravit.
1969 4957 2128 5013 Sozo-

520 5032 680 5097 'u£u.,
714 5033 804 5087 lib.
838 5051 893 5102 II,
922 5054 1038 5106 cap.
1064 5037 1152 5093 ‘28.
1179 5039 1321 5094 Edil.
1357 5042 1547 5097 Christ.

1146 5173 1373 5228 CAPUT
1415 5174 1502 5230 XI.

532 5254 683 5320 Quod
705 5260 1060 5342 prius-Ariani
1090 5278 1202 5316 cum
1233 5266 1537 5343 orthodox-is
1575 5270 1941 5343 conveniebant
1965 5275 2117 5343 atque

603 5332 1081 5412 communicabat",
1130 5347 1178 5412 et
1209 5336 1270 5387 de
1310 5338 1774 5412 lege_Constantirti
1819 5355 1920 5412 qua
1954 5332 2118 5411 jussit

600 5399 956 5454 hwrcticorum
983 5406 1214 5458 oratoria
1241 5399 1468 5462 ecclesiis
1495 5411 1768 5479 applicari.

604 5502 715 5557 Arii
743 5519 870 5560 vero
890 5505 1105 5576 dogma,
1137 5507 1260 5562 licet
1287 5508 1425 5579 apud
1452 5514 1650 5566 multos
1669 5512 2119 5581 diSputationibus

525 5600 895 5668 extolleretur,
944 5604 1182 5660 nondum
1214 5613 1392 5660 tamen
1438 5607 1492 5660 in
1533 5606 1804 5676 proprium
1837 5604 2114 5660 discerne-

523 5693 686 5744 batur
723 5693 1003 5762 populum,
1047 5697 1214 5749 autin
1258 5697 1474 5752 nomine
1509 5696 1792 5752 constabat
1839 5695 2114 5761 auctoris;

523 5788 617 5834 sed
649 5799 835 5838 omnes
861 5785 1018 5839 simul
1044 5786 1094 5839 in
1120 5787 1346 5841 ecclesia
1375 5777 1767 5840 conveniebant
1793 5791 1958 5853 atque
1973 5797 2118 5837 com-

527 5872 902 5946 municabant,
952 5885 1142 5945 praeter
1193 5877 1554 5939 Novatianos.
1606 5885 1660 5931 et
1708 5875 1797 5942 qui
1853 5883 2113 5934 vocantur

2238 4680 2448 4741 tempus
2473 4672 2596 4744 (An.
2640 4671 2793 4728 Dom.
2829 4674 2980 4744 559),
3014 4677 3067 4731 in
3097 4676 3332 4733 Jordane
3375 4680 3534 4734 fluvio
3566 4684 3670 4738 hoc
3704 4701 3834 4753 pro-

2235 4767 2427 4820 mereri
2451 4767 2778 4823 desiderans.
2809 4769 2977 4826 Porro
3003 4782 3182 4827 autem
3214 4784 3326 4830 tres
3374 4777 3510 4831 filios
3531 4780 3695 4848 243
3727 4781 3832 4834 int-

2229 4859 2366 4926 perii
2402 4858 2618 4928 reliquit
2661 4861 2919 4927 lneredes,
2971 4872 3027 4918 et
3074 4865 3426 4922 Athanasium
3459 4884 3713 4937 magnum
3739 4888 3828 4926 re.

2230 4950 2366 5004 verti
2391 4961 2648 5022 praecepit
2673 4952 2726 5006 in
2769 4953 3173 5021 Alexandriam,
3207 4959 3332 5013 licet
3379 4960 3642 5020 Eusebius
3693 4983 3831 5035 pne-

2228 5056 2352 5095 sens
2381 5051 2542 5106 esset,
2573 5050 2627 5096 et
2648 5043 2910 5098 niteretur
2929 5049 3199 5102 con-traria
3227 5050 3470 5106 suadere.
3502 5052 3828 5111 Tneononc-

2224 5132 2346 5195 ‘t‘Us,
2369 5132 2457 5186 lib.
2489 5149 2527 5194 ι,
2558 5149 2673 5204 cap.
2702 5133 2789 5198 ‘25,
2821 5153 2873 5202 p.
2919 5135 3006 5191 (35.

2300 5227 2618 5281 Nicanedim
2647 5229 2697 5282 in
2741 5231 3050 5284 suburbano
3098 5235 3236 5289 sacri
3284 5235 3621 5307 baptismatis
3669 5240 3829 5294 donis

2228 5317 2466 5373 initiatus
2497 5335 2596 5374 εει.
2637 5319 2933 5387 Ξοῑωιεαη
2964 5323 3054 5378 lib.
3088 5341 3142 5390 tt,
3176 5342 3294 5395 cap.
3318 5326 3408 5382 52.
3459 5327 3599 5383 ludit.
3631 5330 3832 5388 Christ.

2237 5409 2406 5464 Vales.
2433 5429 2548 5482 cap.
2574 5411 2661 5475 54,
2692 5431 2746 5482 ρ.
2777 5412 2900 5468 945.

2294 5503 2370 5558 lta
2401 5501 2543 5560 laeto
2593 5515 2940 5574 testamento,
2974 5506 3142 5561 tribus
3178 5507 3301 5564 filiis
3345 5510 3651 5566 haeredibns
3686 5529 3831 5569 con-

2223 5596 2444 5662 stitutis,
2476 5605 2557 5652 est
2585 5595 2889 5652 defunctus.
2921 5597 3129 5666 Corpus
3168 5609 3354 5674 autem.
3379 5605 3726 5672 Imperatoris
3769 5605 3826 5658 ir

2221 5705 2388 5745 aureo
2435 5690 2612 5744 loculo
2652 5690 3006 5752 collocatum,
3053 5690 3119 5743 ad
3165 5690 3690 5764 Constantinomlim
3739 5709 3830 5752 est

2221 5779 2523 5846 devectum,
2548 5788 2601 5834 et
2631 5780 2682 5833 in
2713 5779 2893 5849 palatii
2919 5779 3067 5833 celso
3091 5780 3211 5834 loco
3236 5787 3552 5852 repositum.
3587 5789 3744 5852 Quod
3773 5790 3825 5841 in

2224 5861 2400 5925 inultis
2432 5871 2719 5928 honoribus
2749 5879 2905 5942 atque
2935 5875 3282 5929 veneratione
3312 5879 3460 5941 quasi
3496 5881 3699 5933 vireret
3725 5880 3790 5930 ln
3815 5915 3828 5922 ρ
