4074 6192
284 292 393 353 9M:

290 493 390 551 340
428 499 708 563 secundum
736 496 998 565 Cassiod,
1031 497 1129 553 vel.
1163 497 1261 554 5H
1309 498 1589 568 secundum
1632 498 1878 569 Raram).

286 586 415 647 Erat
443 597 624 644 autem
654 590 874 659 quintus
901 605 1077 646 annus
1108 588 1300 645 mortis
1344 588 1683 645 Constantini
1712 589 1881 659 patris

286 678 671 750 Augustorum.
722 677 1157 749 Prtesidebatque
1202 687 1331 744 tunc
1383 677 1639 747 Ecclesiae
1686 679 1878 751 Antio-

284 770 475 827 cheam
499 769 735 827 Placitus
761 786 1044 828 successor
1070 764 1383 843 Euphronii.
1414 771 1680 827 Fautores
1720 772 1881 839 igitur

285 861 502 919 Eusebii
543 878 724 934 opera:
763 864 997 934 pretium
1035 863 1338 934 iudicantes
1381 862 1677 919 Athanasio
1722 863 1881 918 dero-

283 969 434 1025 gare,
467 955 699 1026 primum
751 956 969 1024 quidem
1009 956 1320 1013 calumniati
1365 964 1492 1012 sunt
1536 955 1692 1025 quasi
1726 939 1899 1011 extra‘

284 1050 523 1121 regulam
565 1049 780 1124 fecisset
806 1065 967 1120 quam
998 1059 1128 1107 tunc
1172 1051 1274 1122 ipsi
1322 1051 1713 1126 decreverant:
1745 1064 1879 1119 quo-

283 1141 428 1201 niam
461 1157 569 1197 non
599 1156 668 1196 ex
708 1142 975 1197 sententia
1015 1142 1318 1213 communis
1362 1141 1577 1214 concilii
1604 1140 1880 1211 episcopo-

283 1245 403 1286 rum
430 1220 712 1302 receperat
739 1231 1135 1306 sacerdotium,
1177 1232 1271 1288 sed
1317 1231 1534 1303 sibimet
1577 1230 1879 1299 arrogando

285 1321 335 1377 in
361 1320 654 1387 Ecclesiam
683 1321 872 1380 fuisset
912 1322 1203 1390 ingressus.
1237 1321 1441 1392 Deinde
1482 1322 1737 1395 quoniam
1765 1319 1882 1393 ejus

282 1413 517 1468 adventu
552 1415 765 1469 turbata
805 1427 1024 1483 genera,
1070 1413 1284 1483 plurimi
1314 1414 1578 1469 seditione
1608 1414 1719 1483 sint
1735 1429 1881 1469 mor—

283 1504 397 1569 tui;
428 1513 484 1558 ct
509 1505 634 1576 quia
664 1505 829 1576 aliqui
852 1504 919 1559 ab
945 1502 1242 1560 Athanasio
1261 1505 1405 1572 caesi,
1431 1504 1703 1573 iudicibus
1730 1503 1879 1559 dice-

281 1604 473 1652 rentur
498 1611 618 1653 esse
646 1597 953 1653 contraditi.
983 1596 1282 1663 Sosus-res,
1310 1598 1403 1654 lib.
1428 1615 1487 1669 ιι,
1510 1615 1626 1668 cap.
1659 1596 1725 1665 5;
1750 1599 1874 1669 edit.

280 1688 475 1745 Christ.
520 1688 696 1743 Vales.
725 1705 843 1759 cap.
876 1688 907 1742 7
931 1698 979 1743 et
1010 1689 1064 1753 8,
1090 1707 1141 1759 p.
1176 1689 1266 1744 84.

1324 295 1643 354 HISTORIA
1684 295 2123 353 TRIPARTITA.
2169 297 2377 355 LIBER
2409 298 2494 354 IV.

284 407 570 465 consulatu
616 406 911 465 Marcellini
946 414 1002 463 et
1041 406 1258 463 Probini
1291 407 1369 479 (id
1396 417 1495 475 est,
1535 425 1675 463 anno
1718 407 1871 463 Dom.
1904 411 1950 468 Α

3461 314 3577 371 962.

2599 407 2827 465 CAPUT
2867 408 2957 466 XI.

1984 495 2583 589 οιςιηςξιΐρένεξιοτὲξιξ
2602 499 2994 589 fleeces"!
3016 502 3235 589 ista“.
3282 510 3345 589 ει,
3380 505 3585 589 [πιαίνει

2018 569 2357 647 Athanasius,
2385 568 2434 624 et
2463 586 2577 641 qua!
2598 571 2738 624 mala
2764 587 2857 641 per
2895 568 3198 643 Gregorium
3224 568 3532 641 'qesta'st'nt.
3572 568 3581 587 ί

2055 682 2267 758 Interea
2297 681 2615 752 Gregorium
2644 683 2942 740 deducebat
2969 685 3024 741 in
3068 683 3448 746 Naandriam
3477 690 3579 766 Sy:

1980 773 2174 847 rianus,
2201 773 2458 844 magister
2497 774 2720 843 militiae,
2758 783 2815 831 et
2860 791 2980 832 cum
3030 793 3098 835 eo
3136 782 3329 837 armati
3375 784 3575 842 milites

1983 872 2210 941 numero
2255 866 2497 936 quinque
2538 868 2723 937 millia,
2771 870 2966 950 quibus
2993 872 3156 927 etiam
3186 874 3409 932 aderant
3455 879 3585 949 Arii

1980 965 2280 1013 sectatores
2316 957 2389 1013 ibi
2428 967 2722 1019 morantes.
2770 960 2878 1017 Sed
2922 964 3196 1039 quomodo
3246 965 3573 1027 Athanasius

1980 1048 2207 1123 ecclesia
2237 1049 2443 1120 pulsus,
2484 1066 2554 1125 ne
2592 1060 2880 1129 caperetur
2915 1053 3120 1130 effugit,
3168 1058 3402 1135 arbitror
3452 1076 3582 1127 esse,

1981 1138 2285 1195 dicendum.
2344 1139 2474 1197 Erat
2518 1143 2660 1221 enim
2699 1160 2946 1219 vespera,
2988 1149 3148 1220 247
3176 1157 3231 1206 et
3258 1154 3488 1225 populus
3516 1156 3571 1212 in

1980 1229 2175 1299 vigiliis
2217 1230 2576 1311 observabat:
2607 1235 3031 1314 sperabaturque
3076 1240 3257 1297 futura
3297 1244 3569 1304 collectio.

1979 1317 2125 1392 Inter
2149 1322 2262 1378 haec
2289 1324 2441 1399 venit
2467 1326 2725 1401 magister
2747 1328 3001 1401 militum,
3033 1339 3088 1389 et
3120 1333 3264 1390 circa
3285 1336 3570 1394 ecclesiam

1980 1425 2079 1487 per
2103 1412 2357 1483 cohortes
2404 1429 2532 1487 suos
2572 1417 2769 1493 milites
2792 1404 3085 1487 ordinavit.
3108 1419 3430 1495 Athanasius
3475 1406 3577 1487 au-l

1982 1509 2092 1562 tem
2121 1503 2306 1558 videns
2324 1518 2447 1574 quae
2478 1504 2696 1571 liebant,
2724 1511 2981 1577 cogitavit
3008 1498 3089 1570 ne
3114 1525 3339 1587 propter
3362 1535 3424 1587 se
3462 1521 3571 1578 ulla

1980 1593 2129 1670 lgcsio
2164 1597 2365 1666 populo
2394 1599 2720 1669 proveniret.
2769 1598 2836 1679 Et
2873 1582 3190 1679 praecipiens
3217 1582 3466 1669 diacono
3512 1623 3574 1669 ut

1982 1686 2283 1772 compleret
2308 1688 2636 1767 orationem,
2668 1678 2852 1769 rursus
2880 1678 3144 1765 psalmum
3190 1697 3317 1753 fecit
3345 1700 3569 1772 imponi.

351 1798 467 1856 Hac
497 1799 850 1869 derogatione
878 1809 1007 1857 tunc
1036 1802 1214 1858 habita
1237 1801 1636 1857 constituerunt
1663 1802 1873 1871 episco—

1981 1770 2226 1856 Dumque
2270 1781 2624 1858 consonantia
2672 1784 2984 1852 psalmodia:
3043 1770 3435 1863 celebraretur,
3475 1781 3579 1864 per.

281 1906 410 1963 pum
440 1891 495 1947 in
520 1891 863 1971 Alexandria,
887 1892 1063 1962 primo
1088 1888 1303 1962 quidem
1342 1890 1633 1947 Eusebium
1674 1904 1877 1959 cogno-

282 1991 468 2037 mento
514 1978 843 2039 Emisentun.
891 1982 1189 2049 Socures,
1219 1983 1309 2038 lib.
1364 1999 1420 2049 ιι,
1452 1999 1590 2054 ,cap.
1634 1982 1697 2050 6;
1746 1982 1873 2037 edit.

280 2075 480 2133 Christ.
508 2075 682 2135 Yales.
712 2092 828 2137 cap.
859 2075 912 2141 9.,
944 2094 997 2146 ρ.
1031 2075 1122 2131 85.

355 2189 476 2256 Quo
503 2187 774 2253 ordinato,
822 2198 879 2245 et
923 2190 975 2244 in
1025 2189 1409 2246 Alexandriam
1452 2190 1530 2245 ire
1576 2199 1872 2258 metuente,

283 2278 600 2346 Gregorium
625 2280 869 2351 fecerunt
898 2282 1231 2353 episcopum.
1265 2280 1360 2337 His
1392 2282 1462 2355 ita
1490 2282 1677 2351 gestis,
1703 2292 1877 2336 trans-

285 2373 655 2427 fnrmaverunt
694 2368 871 2435 fidem,
920 2371 1050 2425 nihil
1088 2372 1304 2442 quidem
1353 2371 1634 2441 culpantes
1678 2371 1876 2433 Niczcni

284 2462 531 2528 concilii;
578 2461 669 2517 sed
713 2462 1032 2532 principium
1074 2461 1397 2530 przebcntes,
1454 2469 1720 2532 quatenus
1772 2462 1877 2517 fre-

284 2554 574 2623 quentibus
601 2554 847 2609 cont-iliis
876 2553 979 2608 alia
1010 2553 1238 2609 subinde
1267 2563 1537 2609 mutantes
1563 2561 1618 2609 et
1644 2555 1879 2609 recitan-

286 2652 390 2707 tes.
439 2645 701 2701 terminus
748 2643 867 2699 lidei
916 2645 1177 2714 paulatim
1229 2643 1280 2698 in
1306 2643 1555 2699 Arianam
1603 2646 1875 2706 vesaniam

284 2731 591 2801 repedaret.
614 2732 913 2801 Socmrcs,
933 2733 1021 2787 lib.
1047 2748 1105 2800 tl,
1128 2748 1244 2805 cap.
1270 2732 1321 2801 7;
1334 2732 1457 2788 edit.
1481 2732 1675 2789 Christ.
1701 2735 1872 2811 Vales.

287 2843 407 2899 cap.
442 2825 492 2892 9,
518 2846 576 2899 p._
607 2827 695 2883 86.

908 3027 1139 3084 CAPUT
1179 3027 1246 3083 X.

1978 1881 2139 1922 unam
2182 1866 2408 1941 ianuam
2449 1874 2693 1930 ecclesia:
2734 1877 3149 1946 egrediebantur
3191 1866 3402 1943 omnes.
3452 1885 3571 1954 Quo

1979 1954 2141 2024 facto,
2192 1960 2393 2017 milites
2435 1964 2652 2033 quidem
2701 1967 2821 2021 sine
2867 1972 3235 2028 commotione
3282 1983 3570 2035 steterunt.

1977 2046 2303 2106 Athanasius
2353 2061 2535 2109 autem
2584 2055 2727 2111 inter
2754 2058 2964 2114 medios
2992 2061 3333 2131 psallentium
3373 2046 3572 2126 illarsus

1977 2138 2258 2195 abscessit.
2287 2140 2353 2216 Et
2397 2143 2501 2212 hoc
2546 2146 2708 2202 modo
2749 2147 2981 2221 fugiens,
3036 2138 3265 2227 Romam
3299 2161 3573 2227 profectus

1978 2239 2081 2285 est.
2104 2228 2284 2289 Porro
2313 2234 2603 2304 Gregorius
2631 2239 3011 2312 Alexandrinae
3041 2225 3169 2315 tunc
3197 2225 3446 2318 pne—sedit
3467 2251 3571 2309 Ec-

1978 2320 2174 2381 cle>i;c.
2209 2324 2689 2405 Alexandrittorum
2712 2347 2849 2405 vero,
2870 2333 3020 2404 plebs
3051 2342 3163 2403 non
3205 2338 3385 2409 terens
3424 2343 3569 2412 quod

1978 2421 2099 2466 erat
2123 2425 2353 2485 gestum,
2385 2419 2667 2475 ecclesiam
2698 2436 2816 2490 qua:
2855 2423 3093 2496 Dionysii
3122 2439 3462 2500 nuncupatur
3482 2432 3570 2487 in.

1978 2503 2177 2561 cendit.
2211 2505 2512 2577 Socnnes,
2542 2510 2634 2566 lib.
2665 2527 2724 2591 ιι,
2753 2529 2872 2586 cap.
2903 2513 2972 2584 8';
3008 2518 3133 2572 edit.
3166 2517 3357 2576 Christ.
3392 2522 3566 2582 Vales.
3604 2504 3613 2511 Ι

1978 2599 2419 2675 cup.ll,p.88.
2606 2658 2689 2661 λ,
3254 2600 3255 2603 “
3356 2625 3363 2632 ’
3488 2608 3491 2612 ’

2587 2758 2818 2817 CAPUT
2858 2761 2965 2823 XIL

1981 2864 2134 2951 Quod
2174 2879 2409 2951 mortuo.
2438 2868 2683 2951 Euselgia
2721 2872 2938 2951 Paulus
2973 2879 3027 2931 in
3081 2880 3353 2951 ecclesiam
3391 2901 3569 2940 rursus

2016 2938 2337 3003 introductus
2363 2940 2449 3003 sit,
2483 2952 2530 2994 et
2557 2942 2619 2994 ab
2649 2943 2860 2997 Ariauis
2882 2943 3225 3025 Macedonius
3247 2938 3530 3023 institutus.

2053 3049 2315 3105 Eusebius
2343 3062 2523 3108 autem
2573 3055 2894 3123 legationem
2937 3060 3083 3122 misit
3127 3063 3196 3118 ad
3238 3062 3436 3123 Julium
3465 3068 3570 3127 Bo-

289 3133 530 3206 Epistola
552 3137 1082 3235 Antiocherii'courilii
1126 3142 1188 3235 de
1214 3142 1337 3235 lida,
1365 3142 1507 3235 et
1532 3143 1661 3203 bello
1706 3120 1877 3218 ἔπι-ἀη-
1904 3152 2154 3235 Canens:
2199 3143 2346 3199 urbis
2391 3120 2727 3216 episcopum,
2776 3163 2971 3219 rogans
3008 3120 3068 3213 ut
3112 3164 3300 3212 contra
3330 3120 3572 3219 Athana-

610 3211 741 3277 cico,
768 3219 817 3263 et
842 3211 906 3264 (te
932 3212 1219 3267 Antiochia:
1243 3222 1553 3268 lerrwmatu.

357 3316 469 3375 Nos
508 3334 685 3388 neque
727 3336 987 3391 sequaces
1021 3321 1132 3396 Arii
1162 3323 1385 3391 fuimus;
1416 3325 1688 3403 quomodo
1733 3327 1876 3400 enim

284 3410 526 3482 episcopi
598 3414 969 3484 presbyterum
1029 3417 1415 3495 sequeremur?
1471 3416 1655 3487 Neque
1717 3418 1874 3473 aliam

284 3503 592 3573 quampiam
624 3502 782 3558 fidem
813 3506 1017 3575 absque
1051 3506 1295 3576 exposita
1348 3508 1646 3577 antiquitus
1688 3524 1875 3566 susce-

283 3592 482 3662 pimus.
523 3594 630 3650 Sed
676 3596 840 3650 etiam
883 3611 983 3663 nos
1021 3597 1423 3653 examinatores
1467 3607 1522 3653 et
1566 3600 1876 3667 cognitores

283 3685 403 3754 ejus
451 3686 572 3743 fidei
619 3688 743 3744 facti
775 3705 997 3757 smnus;
1029 3697 1084 3744 et
1111 3688 1471 3759 judicavimus
1507 3692 1687 3762 potius
1714 3707 1874 3764 quam

280 3778 458 3833 secuti
486 3795 689 3834 smnus.
727 3778 1016 3836 Didicimus
1052 3781 1194 3835 enim
1243 3781 1312 3835 ab
1360 3782 1514 3836 initio
1554 3783 1775 3845 credere
1823 3786 1874 3843 in

281 3886 451 3924 unum
476 3870 648 3925 Deum
676 3872 937 3937 omnium,
969 3871 1136 3931 Deum
1166 3872 1537 3936 universorum
1567 3874 1874 3945 intelligibi-

281 3963 414 4017 lium
444 3964 884 4032 sensibiliumque
909 3971 1210 4019 creatorem
1257 3972 1313 4018 et
1355 3963 1707 4033 provisorem,
1741 3966 1872 4020 etin

277 4069 448 4110 unum
478 4054 667 4109 Filium
694 4055 1025 4125 unigenitum
1055 4063 1181 4125 ante
1209 4056 1390 4123 ontuia
1418 4056 1611 4120 smcula
1634 4057 1873 4119 existen-

280 4153 412 4206 tem,
444 4152 500 4203 et
527 4158 649 4203 cum
677 4161 777 4199 suo
805 4144 1050 4215 genitore
1077 4152 1407 4215 manentem,
1439 4160 1537 4214 per
1564 4160 1723 4214 quem
1757 4161 1872 4211 ont-

278 4240 371 4291 nia
402 4234 538 4292 facta
569 4247 696 4293 sunt
724 4238 1037 4292 visibiliaet
1059 4235 1379 4303 invisibilia;
1402 4245 1457 4290 et
1485 4238 1583 4306 qui
1609 4238 1662 4290 in
1694 4238 1874 4295 novis-

274 4328 429 4384 simis
459 4338 667 4401 tempor
688 4328 785 4384 bus
816 4344 912 4399 per
944 4328 1143 4382 bonam
1190 4326 1520 4396 voluntatem
1555 4325 1728 4382 Patris
1774 4326 1871 4383 de-

272 4420 505 4487 scendit,
538 4415 594 4476 et
621 4438 690 4477 ex
731 4430 916 4480 sancta
945 4421 1164 4492 Virgine
1194 4439 1414 4489 carnem
1460 4425 1767 4494 assumpsit.
1815 4434 1873 4480 et

272 4528 493 4569 onmem
520 4516 853 4572 voluntatem
887 4516 1060 4572 Patris
1098 4517 1182 4575 sui
1230 4517 1507 4587 implevit:
1539 4533 1729 4587 passus
1765 4526 1867 4585 est,
1901 4553 1952 4612 υ

272 4611 333 4659 et
362 4606 673 4671 resurrexit,
705 4615 762 4662 et
791 4607 844 4661 in
872 4606 1040 4663 cmlos
1060 4608 1321 4671 ascendit,
1354 4616 1408 4663 et
1438 4608 1489 4663 in
1519 4608 1740 4662 dextera
1770 4607 1871 4661 Pa~
1904 4606 1943 4617 "

272 4696 373 4753 tris
419 4697 593 4763 sedet,
645 4704 904 4754 venturus
944 4697 1189 4767 judicare
1225 4699 1379 4753 vivos
1426 4706 1481 4753 et
1522 4706 1784 4764 mortuos,
1817 4706 1872 4752 et

266 4804 370 4846 rex
400 4798 685 4859 permanet
724 4790 1062 4847 iutt‘teruum
1104 4798 1157 4845 et
1197 4789 1355 4844 Deus.
1402 4787 1682 4845 Credimus
1721 4798 1777 4853 ct
1817 4788 1869 4847 in

266 4881 532 4952 Spiritum
559 4890 824 4938 sanctum.
855 4880 911 4936 Si
939 4890 1119 4937 autem
1159 4880 1522 4952 adjiciendum
1552 4890 1656 4947 cst,
1692 4878 1868 4935 credi—

267 4992 389 5030 mus
416 4986 473 5030 ct
499 4975 678 5030 carnis
716 4973 1166 5036 resurrectionem
1216 4980 1271 5029 ct
1319 4973 1481 5027 vitam
1531 4981 1866 5043 perpetuam.

266 5068 393 5124 llaec
423 5069 475 5123 in
500 5068 672 5139 prima
710 5069 1011 5123 scribentes
1042 5065 1269 5136 epistola
1319 5065 1629 5120 civitatibus
1675 5065 1872 5133 dirige—

262 5162 418 5216 bant.
449 5159 557 5216 Sed
591 5168 715 5231 post
742 5158 1016 5231 paululum
1056 5157 1214 5211 aliam
1245 5159 1297 5211 in
1324 5155 1607 5211 Antiochia
1632 5154 1872 5210 dictave-

262 5259 410 5307 runt.
458 5250 659 5306 Eodem
706 5260 950 5321 tempore
991 5250 1157 5304 etiam
1206 5248 1592 5318 rempublicam
1643 5246 1869 5314 contigit

267 5343 426 5399 valde
457 5343 682 5399 turbari.
715 5341 861 5399 Gens
890 5357 1125 5412 namque
1145 5341 1474 5397 Francorum
1495 5339 1638 5396 circa
1667 5338 1869 5397 Gallias

264 5435 561 5491 constituta
600 5434 861 5490 Romanis
898 5443 1015 5489 erat
1056 5433 1268 5488 infesta.
1320 5432 1475 5487 Tunc
1514 5432 1658 5487 enim
1706 5431 1868 5488 etiam

265 5534 609 5583 tememolus
636 5526 902 5582 maximus
931 5525 986 5581 in
1012 5524 1234 5581 Oriente
1271 5522 1443 5578 factus
1469 5532 1571 5589 est,
1602 5531 1655 5577 et
1681 5520 1870 5594 prmci-

264 5633 374 5690 pue
418 5619 474 5672 in
504 5617 812 5685 Antiochia,
862 5631 985 5687 qum
1020 5631 1167 5672 anno
1203 5613 1406 5684 iugiter
1444 5621 1530 5671 est
1572 5621 1862 5669 commota.

263 5710 568 5780 Securus,
593 5710 683 5769 lib.
708 5725 770 5781 ιι,
795 5726 911 5781 cap.
939 5710 1001 5780 7;
1021 5710 1148 5767 edit.
1179 5707 1371 5767 Clu't'st.
1415 5706 1591 5763 Vates.
1615 5722 1734 5778 cap.
1776 5705 1863 5775 l0,

265 5819 324 5875 ρ.
362 5802 454 5859 86.

1980 3231 2120 3288 sium
2144 3231 2311 3302 judex
2333 3243 2499 3290 esset.
2533 3235 2639 3292 Sed
2679 3253 2800 3310 qua).
2825 3241 2894 3313 de
2934 3243 3233 3313 Athanasio
3257 3247 3573 3311 decreverat

1978 3323 2459 3401 Juliuspliusehius
2500 3344 2606 3384 non
2650 3332 2885 3387 occurrit
2926 3348 3220 3403 agnoscere
3250 3357 3263 3392 :
3293 3324 3417 3409 quia
3441 3324 3571 3401 dum

1979 3434 2211 3488 paucum
2239 3430 2449 3491 tempus
2475 3423 2697 3488 vixisset
2724 3434 2849 3496 post
2871 3429 3181 3497 concilium,
3202 3432 3314 3487 vita
3337 3435 3573 3503 privatus
3632 3500 3635 3504 I

1978 3520 2082 3565 est.
2111 3510 2452 3595 Quapropter
2476 3513 3015 3598 Constantinopolim:
3054 3518 3276 3577 Paulum
3306 3539 3489 3581 rursus
3518 3526 3571 3583 in

1978 3602 2261 3673 ecclesiam
2288 3604 2720 3679 introduxerunt.
2750 3606 2895 3662 Idem
2923 3617 2979 3664 et
3005 3610 3188 3673 Ariani
3210 3610 3262 3666 in
3283 3601 3572 3683 ecclesiam

1978 3712 2096 3766 quae
2126 3713 2267 3753 nunc
2305 3698 2501 3752 dicitur
2532 3696 2681 3754 Pauli
2722 3700 3045 3766 ordinavere
3087 3692 3478 3761 .tIacedonium.
3509 3706 3573 3764 Et

1977 3789 2081 3844 hoc
2104 3790 2363 3872 gerebant
2391 3787 2630 3847 fautores
2674 3789 2891 3849 Eusebii
2938 3810 3385 3868 successoresque
3432 3815 3570 3870 pra:-

1978 3880 2317 3949 sumptionis,
2351 3880 2399 3934 id
2428 3888 2532 3942 est,
2563 3874 2908 3950 Theogouins
2930 3882 3197 3951 Nictcaus,
3232 3885 3394 3942 Maris
3416 3890 3571 3944 Chal-

1975 3973 2317 4037 cedonensis,
2343 3971 2660 4030 Theodorus
2688 3972 2979 4040 Ileracle'e,
3008 3985 3064 4031 et
3088 3978 3299 4048 reliqui.
3331 3978 3437 4035 Sed
3472 3980 3572 4037 Ur-

1975 4067 2155 4122 saeius
2172 4075 2227 4121 et
2248 4065 2444 4120 Valens
2460 4066 2726 4132 haeretici,
2758 4076 2945 4137 postea
2970 4068 3209 4131 libellum
3238 4072 3569 4141 pmnitentiae

1973 4155 2115 4216 Iulio
2147 4157 2437 4213 otl‘erentes
2470 4159 2750 4229 episcopo,
2797 4166 2853 4214 et
2890 4161 3290 4217 consentientes
3332 4166 3569 4219 consub-

1974 4252 2340 4306 stantialitatis
2361 4252 2548 4318 verbo,
2570 4253 2972 4309 communicare
3000 4265 3331 4317 meruerunt.
3363 4256 3569 4318 Sosiu-

1975 4362 2093 4413 res,
2141 4347 2233 4401 lib.
2292 4329 2634 4419 ιιίοαρξθ,
2680 4348 2806 4401 edit.
2853 4346 3046 4403 Christ.
3108 4348 3284 4409 Vales.
3327 4367 3443 4421 cap.
3503 4353 3563 4406 ll

1971 4448 2021 4497 ει
2051 4439 2138 4505 ιε,
2169 4457 2220 4510 ρ.
2251 4439 2339 4503 89,
3290 4494 3303 4505 .
3337 4431 3342 4434 ’
3396 4428 3399 4435 ’

2584 4551 2811 4669 CAPUT
2856 4595 2996 4652 xm.

1973 4707 2243 4785 Quomodo
2267 4708 2615 4785 lfarmog‘enes
2636 4686 2881 4785 magiae}
2900 4710 3118 4785 militum
3145 4712 3317 4769 colens
3343 4713 3569 4771 Paulum
3638 4768 3651 4785 ,

2045 4780 2110 4859 ab
2136 4782 2354 4859 ecclesia
2382 4783 2591 4859 pellere,
2640 4797 2672 4834 a
2703 4780 2892 4852 populo
2929 4783 2996 4837 sit
3021 4795 3334 4856 peremptus,
3364 4796 3415 4840 et
3452 4803 3566 4859 qua

1950 4862 1965 4868 ‘
2042 4853 2269 4907 vindicta
2290 4853 2614 4923 processerit.

2046 4967 2254 5028 Interea
2298 4976 2521 5040 propter
2574 4968 2948 5030 Macedonium
3005 4974 3193 5043 ingens
3257 4966 3564 5045 przrliorum

1976 5058 2189 5120 ﬂamma
2231 5062 2502 5128 surgebat,
2527 5070 2583 5117 et
2622 5061 2934 5120 intestinum
2980 5066 3179 5121 bellum
3226 5067 3564 5124 Christiano-

1978 5168 2095 5208 runt
2124 5154 2176 5208 in
2207 5154 2423 5209 civitate
2450 5155 2605 5210 tuulti
2634 5158 2910 5226 sanguinis
2951 5156 3214 5215 cll'usione
3243 5162 3561 5232 pullulabat.

1971 5242 2124 5309 Quod
2173 5258 2296 5297 cum
2341 5244 2581 5300 audisset
2624 5245 2973 5302 Constantius
3014 5248 3311 5306 Antiochiae
3360 5252 3566 5324 positus

1973 5336 2286 5405 imperator,
2320 5333 2642 5403 Hermogeni
2672 5338 2929 5407 magistro
2958 5340 3182 5394 militum
3214 5341 3564 5400 Thraciarum

1973 5427 2205 5496 injunxit
2225 5434 2285 5481 ut
2307 5424 2529 5483 Paulum
2565 5426 2793 5483 ecclesia
2824 5428 3067 5497 pelleret.
3101 5429 3204 5498 Qui
3253 5431 3564 5490 Constanti-

1974 5517 2215 5590 nopolim
2244 5519 2488 5584 veniens,
2520 5520 2782 5575 maximas
2822 5522 3004 5577 turbas
3028 5524 3137 5592 egit
3166 5523 3294 5597 [cd.,
3322 5541 3565 5583 commo-

1971 5614 2114 5687 vit]:
2148 5628 2348 5683 cogens
2392 5622 2453 5668 ut
2491 5615 2785 5685 pelleretur
2827 5616 3130 5687 episcopus.
3177 5619 3337 5675 Facta
3384 5633 3565 5679 autem

1972 5706 2259 5772 seditione,
2309 5706 2542 5777 populus
2587 5719 2708 5763 erat
2756 5719 3083 5779 purpuratus
3139 5713 3203 5766 ad
3279 5713 3562 5771 ultionem.

1974 5798 2216 5868 Cumque
2248 5797 2621 5868 Hermogenes
2649 5785 2928 5857 insisteret
2944 5810 3004 5856 ut
3031 5802 3247 5859 militari
3274 5820 3438 5861 manu
3467 5820 3562 5861 cx-
