4074 6192
534 212 637 270 965

1767 214 1836 271 Μ.
1877 211 2155 283 Αυιὶειιι
2193 212 2588 272 (ςΑδδιοῡοῐιι

3706 208 3773 263 96
3786 213 3805 266 ι

529 331 754 406 pelleret
794 331 1041 398 Paulum,
1083 345 1344 392 accensus
1382 330 1628 405 populus,
1662 336 1722 384 ut
1750 326 1865 383 ﬁeri
1890 328 2029 384 solet
2058 327 2112 383 in
2141 332 2192 390 Α
2217 327 2340 383 dem
2380 329 2496 384 haec
2537 329 2768 401 scripsit.
2813 316 3138 390 AthanaSius
3164 337 3345 394 autem
3375 337 3431 399 et
3460 328 3654 389 Paulus
3681 330 3797 400 epi-

531 420 743 487 talibus,
777 422 1217 499 irrationabiliter
1238 421 1287 478 ei
1318 422 1622 486 resistebat,
1651 419 1871 489 ejusque
1889 418 2107 474 domum

528 512 896 582 incendentes,
926 514 1209 592 ipsumque
1239 515 1515 577 trahentes
1538 512 1942 569 interemerunt.
1984 509 2110 581 ﬂxae

531 615 678 675 gesta
718 613 842 661 sunt
889 604 1173 679 consulatu
1201 604 1501 679 Constantii
1550 602 1712 673 tertio
1766 608 1823 655 et
1869 600 2110 667 secundo

530 699 834 754 Constantis
873 697 951 769 (id
986 708 1081 765 est,
1131 716 1269 756 anno
1308 698 1463 754 Dom.
1512 696 1659 769 5M).
1701 696 1819 769 Quo
1866 703 2112 775 tempore

529 787 795 843 Constans
823 790 1036 858 quidem
1068 788 1307 845 Francos
1336 788 1703 866 Romanorum
1753 785 1985 856 subjecit
2013 785 2113 841 im-

531 880 700 948 perio.
748 880 1092 937 Constantius
1157 888 1336 945 autem
1379 880 1445 934 de
1499 879 1719 945 interitu
1763 875 2113 946 Hermogenis

530 984 713 1039 agens,
749 971 814 1026 ab
841 972 1121 1026 Antiochia
1156 972 1365 1027 veredis
1393 969 1913 1040 Constantinopolim
1942 966 2109 1034 venit,

522 1071 585 1118 et
613 1062 833 1120 Paulum
857 1063 1069 1134 quidem
1092 1064 1298 1140 expulit
1315 1064 1531 1119 civitate
1551 1062 1679 1141 [ed.,
1707 1061 1890 1116 urbem
1906 1060 2112 1141 damno

533 1154 856 1225 inulctavit],
885 1157 1005 1210 urbi
1034 1138 1164 1221 vero
1216 1140 1410 1225 damna
1457 1138 1744 1233 concussit,
1779 1138 2026 1211 auferens
2062 1151 2111 1206 ei

533 1243 783 1299 frumenti
814 1261 842 1298 a
866 1262 966 1300 suo
987 1253 1140 1316 patre
1169 1246 1349 1300 collati
1378 1244 1517 1299 ultra
1546 1230 1899 1315 quadraginta
1945 1240 2114 1296 millia

538 1335 859 1404 modiorum,
912 1350 1030 1407 quae
1069 1334 1309 1409 quotidie
1356 1334 1755 1403 frangebantur.
1801 1331 1933 1385 Nam
1976 1342 2115 1400 pene

534 1425 807 1499 octoginta
857 1425 1019 1478 millia
1050 1440 1148 1495 per
1174 1424 1288 1497 dies
1328 1423 1583 1502 singulos,
1615 1422 1749 1477 urbe
1790 1418 2113 1502 Alexandria

544 1515 808 1581 mittente,
858 1516 1032 1587 primo
1078 1499 1534 1571 ministrabantur.
1584 1514 1701 1593 Hoc
1738 1499 1922 1594 itaque
1949 1499 2113 1579 facto

541 1604 911 1662 Macedoniam
975 1607 1191 1663 distulit
1243 1615 1480 1664 statuere
1534 1606 1683 1662 urbis
1764 1605 2111 1675 episcopum;

2213 418 2383 474 stolas
2408 418 2531 474 Julii
2558 419 2910 479 orientalibus
2938 421 3208 493 episcopis
3246 420 3576 487 direserunt,
3606 429 3662 474 et
3686 420 3802 483 sin-

2211 508 2320 578 guli
2348 524 2532 565 eorum
2556 525 2681 566 suas
2706 510 2862 567 sedes
2908 511 3085 583 adepti
3117 521 3258 567 sunt.
3285 510 3575 576 Sozam-2m,
3603 510 3697 566 tib.
3723 526 3802 578 tu,

2207 613 2328 672 cap.
2362 597 2426 665 7;
2455 600 2579 653 edit.
2609 597 2800 683 Christ.
2845 600 3017 679 Vales.
3050 619 3165 672 cap.
3197 600 3252 669 8,
3283 619 3336 671 p.
3367 600 3489 658 507.

2708 737 2875 822 3m
2902 735 3130 821 CAPUT
3169 737 3283 821 xvi

2488 845 2629 913 Quid
2657 845 2949 902 Orientales
2969 846 3112 902 Julia
3138 849 3513 919 rescripserint.

2287 959 2486 1015 Verum
2525 960 2807 1031 pontilices
2842 958 3075 1017 Orientis
3114 961 3348 1030 graviter
3393 961 3497 1017 hoc
3546 962 3802 1029 ferentes,

2215 1059 2270 1129 et
2301 1051 2354 1105 in
2383 1050 2663 1106 Antiochia
2692 1051 3000 1120 congregati
3031 1052 3156 1123 (An.
3187 1050 3339 1106 Dom.
3371 1051 3519 1123 346),
3548 1053 3691 1110 Julio
3713 1073 3806 1109 rc-

2191 1144 2545 1222 ‘scripserunt
2569 1142 2872 1223 epistolam,
2906 1152 3095 1223 ornato
3124 1144 3337 1225 quidem
3368 1146 3505 1226 ston
3533 1148 3807 1227 composi-

2217 1242 2350 1302 tam,
2374 1233 2544 1288 ironia
2565 1248 2696 1288 vero
2725 1222 2957 1288 maxime
2982 1222 3216 1303 plenam,
3247 1240 3300 1287 et
3330 1249 3436 1289 non
3471 1222 3589 1289 sine
3635 1222 3805 1300 inter-

2214 1324 2525 1403 minationis
2581 1323 2841 1395 qualitate
2891 1323 3212 1403 confectam.
3266 1323 3594 1403 Fatebantur
3656 1314 3804 1383 enim

2215 1401 2365 1486 circa
2389 1431 2576 1472 omnes
2605 1401 3304 1496 ItomanorummEcclesiaui
3342 1401 3473 1492 esse
3492 1404 3805 1495 muniﬁcam

2216 1494 2682 1593 [insaSantheodg
2712 1507 2965 1578 unicam],
2994 1507 3157 1563 veluti
3187 1496 3305 1589 qum
3334 1510 3682 1591 apostolicam
3706 1494 3813 1593 ha.-

2217 1599 2370 1659 beret
2397 1613 2602 1663 curam,
2635 1604 2690 1651 et
2724 1597 3017 1681 antiquitus
3044 1605 3218 1673 mater
3261 1596 3474 1666 pietatis
3519 1598 3806 1675 existeret,

541 1696 868 1763 irascebatur
891 1699 1032 1771 enim
1074 1706 1130 1752 et
1157 1698 1413 1762 adversus
1457 1713 1601 1773 eum,
1641 1711 1749 1752 non
1789 1672 1966 1767 solum
1991 1695 2117 1766 quia
2147 1700 2196 1773 Β
2219 1688 2346 1744 licet
2374 1688 2441 1742 ab
2463 1684 2681 1765 Oriente
2702 1674 2913 1761 ἒᾶβειῐι
2944 1672 3318 1764 Ρῆἓύὶοεῐοτοε
3343 1672 3607 1765 dogmatis
3640 1679 3807 1761 athe}

540 1796 737 1858 praeter
764 1770 927 1857 ipsius
949 1788 1279 1843 voluntatem
1303 1787 1477 1843 fuerat
1505 1770 1801 1863 ordinatus,
1847 1785 1943 1856 sed
1990 1785 2113 1865 quia
2154 1770 2166 1785 ’

540 1887 760 1950 propter
780 1879 1069 1935 seditiones
1098 1881 1238 1936 inter
1277 1894 1400 1935 eum
1437 1878 1767 1956 Paulumque
1795 1877 1965 1933 factas
1994 1878 2115 1948 plu-

541 1970 660 2023 riuni
688 1971 976 2040 perierant,
1006 1970 1164 2025 simul
1190 1981 1245 2025 et
1283 1970 1537 2046 magister
1560 1969 1789 2045 militum
1816 1966 1993 2046 fuerat
2034 1969 2116 2022 in-

542 2069 854 2131 teremptus.
887 2059 1168 2116 Dimittens
1193 2074 1323 2130 ergo
1346 2044 1469 2119 eum
1499 2044 1692 2136 missas
1734 2044 1911 2131 facere
1940 2060 1990 2114 in
2021 2074 2114 2129 ec-

540 2149 702 2205 clesia
731 2151 903 2206 solum
934 2152 985 2206 in
1017 2150 1122 2223 qua
1150 2151 1325 2207 fuerat
1353 2152 1651 2218 ordinatus,
1682 2152 1860 2221 denuo
1885 2159 1968 2206 est
1989 2166 2117 2221 pro-

541 2239 710 2296 fectus
739 2242 790 2296 in
819 2240 1176 2316 Antiochiam.
1205 2241 1499 2307 SOCBATES,
1531 2240 1694 2309 Iib.u,
1721 2257 1837 2317 cap.
1864 2239 1962 2308 iO;
1987 2240 2113 2296 edit.

540 2329 728 2387 Christ.
769 2331 943 2387 Vales.
969 2349 1084 2404 cap.
1116 2333 1185 2386 12
1209 2342 1259 2388 et
1289 2333 1374 2402 15,
1402 2352 1456 2406 p.
1489 2332 1579 2389 90.

1125 2489 1353 2547 CAPUT
1391 2490 1529 2545 XIV.

542 2597 829 2683 Quomodon
855 2598 1155 2683 Gregorius.
1189 2601 1253 2654 ab
1299 2602 1621 2683 alexandria
1673 2603 2027 2683 sit_remotus,
2065 2612 2118 2663 et

788 2668 1035 2741 Georgius
1062 2671 1286 2725 Arianus
1314 2670 1385 2725 ibi
1414 2673 1568 2743 fuerit
1596 2680 1851 2728 evocatus.

607 2783 789 2837 Ariani
815 2791 1074 2852 prmterea
1096 2781 1410 2851 Gregorium
1431 2791 1774 2859 removentes
1795 2783 1862 2839 ab
1888 2782 2117 2839 Alexan-

508 2908 509 2911 η
537 2873 650 2928 dria
683 2882 936 2943 tanquam
964 2872 1237 2938 odibilem,
1267 2879 1321 2927 et
1340 2873 1463 2942 quia
1499 2881 1723 2943 propter
1750 2887 1873 2947 eum
1915 2873 2116 2956 factum

539 2962 724 3017 fuisset
749 2961 1077 3030 incendium,
1111 2976 1209 3017 nec
1232 2976 1338 3017 non
1365 2969 1419 3016 et
1442 2962 1581 3032 quia»
1604 2963 1778 3018 minus
1821 2977 2009 3018 eorum
2034 2961 2117 3021 Γο-

2216 1780 2441 1857 nissent.
2572 1793 2702 1833 vero
2724 1760 2839 1843 non
2879 1760 3163 1847 propterea
3185 1776 3423 1852 secundo
3450 1760 3572 1832 loco
3598 1760 3807 1853 haben:

2214 1860 2316 1945 dos
2344 1870 2740 1947 existimabant.
2765 1883 2831 1924 eo
2857 1869 3001 1940 quod
3029 1884 3137 1927 non
3162 1856 3527 1937 magnitudine
3552 1878 3644 1923 aut
3664 1867 3811 1940 mul-

2217 1962 2443 2040 titudine
2463 1948 2801 2040 abundarent
2827 1961 3206 2025 ecclesiarum,
3239 1976 3359 2016 cum
3390 1961 3511 2038 vitae
3540 1961 3811 2030 qualitate

2210 2069 2321 2126 non
2355 2038 2639 2125 cederent;
2662 2038 2974 2123 crimenque
2997 2050 3139 2111 Julia
3162 2051 3539 2131 importabant,
3569 2068 3635 2108 eo
3654 2053 3812 2123 quod

2202 2143 2497 2220 Idthanasii
2535 2143 2891 2213 sectatoribus
2938 2144 3362 2210 communicasse
3408 2132 3695 2210 videretur,
3740 2154 3811 2211 es

2216 2240 2471 2303 tanquam
2511 2248 2698 2289 eorum
2743 2233 3097 2289 contumelias
3146 2233 3451 2302 irrogasset,
3502 2225 3811 2304 eorumque

2217 2325 2541 2381 sententiam
2599 2324 2977 2392 destruxisset;
3048 2334 3105 2381 et
3144 2327 3304 2381 veluti
3372 2326 3624 2396 injustum
3679 2328 3809 2396 ejus

2212 2415 2412 2496 iactum
2435 2402 2918 2488 ecclesiasticisque
2932 2417 3297 2473 sanctionibus
3312 2417 3592 2496 dissonans
3613 2433 3813 2496 argue:

2210 2488 2363 2563 bant.
2389 2506 2482 2589 [iis
2511 2507 2581 2561 ila
2603 2506 2947 2584 conscriptis,
2973 2505 3291 2587 addiderunt
3318 2500 3441 2577 quia
3476 2488 3551 2563 si‘
3566 2488 3812 2579 suscipe;

2216 2607 2301 2655 ret
2325 2584 2495 2661 Julius
2524 2587 2937 2673 damnationem
2957 2601 3024 2654 ab
3050 2584 3126 2654 eis
3162 2599 3382 2666 factam,
3426 2608 3481 2656 et
3519 2601 3809 2656 ordinatos

2218 2691 2501 2761 episcopos
2536 2692 2589 2761 in
2616 2690 2988 2751 damnatorum
3016 2692 3134 2748 loco
3165 2691 3424 2758 ﬁrmaret,
3443 2709 3629 2769 pacem
3673 2711 3809 2769 cuin;

2218 2798 2285 2843 eo
2310 2792 2367 2839 et
2387 2783 2818 2838 communionem
2850 2783 3126 2863 haberent.
3159 2782 3214 2838 Si
3261 2799 3386 2849 vero
3415 2762 3622 2855 placitis
3646 2762 3810 2857 ipso:

2212 2890 2335 2950 rum
2383 2876 2676 2943 resisteret,
2727 2876 2992 2930 contraria
3037 2876 3399 2942 celebrarent;
3437 2876 3634 2947 quippe
3672 2892 3810 2952 cum

2218 2968 2508 3024 orientales
2550 2967 2786 3039 episcopi
2816 2984 2923 3022 non
2954 2967 3296 3034 restitissent,
3336 2968 3459 3022 dum
3501 2968 3731 3049 Not-atus
3766 2985 3808 3047 ει

538 3053 695 3109 vehat
717 3067 977 3119 errorem,
1008 3061 1366 3107 evocaverunt
1407 3051 1695 3121 Georgium
1737 3052 2111 3132 Cappadocem
2140 3061 2185 3125 C
2216 3058 2460 3113 Romana
2489 3058 2779 3128 pelleretur
2801 3056 3056 3114 Ecclesia.
3090 3057 3164 3136 De
3190 3058 3272 3126 liis
3300 3067 3479 3137 autem
3501 3046 3622 3132 quae
3652 3046 3807 3135 pmf

538 3147 746 3203 Arianae
793 3146 1039 3201 vesanim.
1072 3144 1368 3211 SOCRATES,
1418 3145 1507 3199 lib.
1551 3162 1607 3227 ut,
1658 3162 1773 3218 cap.
1826 3146 1921 3217 l0;
1981 3145 2109 3223 edit.

536 3239 728 3294 Christ.
767 3239 941 3294 Vales.
972 3256 1089 3310 cap.
1123 3237 1208 3305 14,
1238 3257 1290 3310 p.
1326 3236 1414 3294 9i.
1908 3231 1913 3236 ’

1126 3413 1353 3470 CAPUT
1392 3413 1502 3468 XV.

535 3532 837 3591 Athanasio,
871 3527 1039 3582 Paulo
1088 3536 1137 3599 et
1164 3529 1282 3582 aliis
1322 3528 1619 3599 ortlzodaxis
1646 3528 1894 3599 episcopis
1936 3528 2114 3594 Roma

538 3606 542 3613 ’
601 3601 911 3677 constitutis,
937 3599 1060 3671 quid
1088 3597 1435 3677 Orientalibus
1475 3598 1647 3675 Julius
1675 3597 1953 3654 Romanus
1980 3603 2114 3653 scri-

600 3673 779 3743 pserit.

600 3782 763 3850 Igitur
788 3779 1110 3852 Athanasius
1130 3776 1439 3848 relinquens
1454 3779 1859 3847 Alexandriam,
1886 3779 2110 3839 Romam

532 3871 804 3941 profectus
833 3880 932 3925 est.
963 3868 1202 3936 Contigit
1229 3883 1407 3923 autem
1433 3868 1622 3939 eodem
1661 3859 1904 3939 tempore
1950 3871 2111 3925 etiarn

535 3960 757 4016 Paulum
788 3956 1436 4029 (Tonstantinopolitanum
1478 3959 1785 4030 pontiﬁcem
1837 3961 1961 4016 illuc
2008 3978 2113 4017 una

531 4063 856 4104 concurrere
880 4087 896 4112 ,
960 4057 1014 4103 et
1071 4048 1378 4103 Marcellum
1429 4049 1673 4119 Ancyrae,
1723 4049 2113 4119 Asclepamque

533 4137 706 4194 Gem.
727 4138 829 4206 Qui
852 4139 979 4194 dum
1004 4138 1213 4194 Arianis
1230 4146 1379 4195 esset
1405 4138 1683 4208 adversus,
1710 4140 2109 4217 inscriptionem

533 4245 717 4303 passus
753 4231 819 4284 ab
847 4229 951 4295 his,
993 4231 1149 4299 quasi
1186 4229 1542 4297 "subvertisset
1588 4230 1779 4305 altare,
1827 4230 2114 4305 damnatus

531 4330 629 4377 est.
663 4319 768 4375 Pro
796 4336 903 4390 quo
927 4318 1237 4378 Gamorum
1267 4317 1505 4380 Ecclesia
1538 4304 1827 4394 Quintiano
1857 4303 2108 4379 commit-

2216 3155 2301 3225 ter
2318 3162 2602 3203 commune
2630 3149 2884 3224 placitum
2913 3147 2982 3205 de
3008 3149 3235 3223 concilio
3256 3136 3469 3204 Nicmno
3495 3160 3803 3218 gesserant,

2215 3239 2345 3310 nihil
2375 3240 2424 3295 ei
2453 3239 2745 3321 rescribere
2777 3227 3096 3296 maluerunt.
3130 3241 3421 3307 Somnum,
3445 3243 3536 3298 lib.
3564 3259 3637 3307 ut,
3668 3231 3807 3313 cap‘.

2215 3329 2282 3413 6';
2309 3330 2433 3386 edit.
2456 3328 2648 3386 Christ.
2688 3330 2862 3386 Vales.
2895 3348 3010 3403 cap.
3037 3330 3092 3400 8,
3123 3350 3174 3402 ρ.
3207 3331 3326 3388 507.
3789 3329 3796 3334 ’

2803 3462 3031 3530 CAPUT
3071 3462 3226 3536 xvu.

2252 3569 2391 3637 Quid
2418 3574 2704 3639 Athanasio
2748 3574 3122 3635 Alexandriam
3150 3588 3411 3651 remeante
3447 3580 3753 3660 provenerit.

2286 3685 2411 3743 Ilaec
2439 3688 2620 3758 itaque
2649 3687 2936 3743 orientales
2964 3688 3197 3759 episcopi
3223 3687 3363 3763 lulio
3391 3688 3630 3752 Romano
3656 3706 3807 3761 pon-

2216 3775 2341 3839 tillci
2384 3778 2791 3849 rescripserunt.
2827 3777 2970 3854 Cum
3010 3794 3143 3854 vero
3190 3764 3510 3836 Athanasius
3554 3781 3807 3836 Alman-

2215 3869 2385 3924 driam
2438 3868 2625 3923 [uisset
2675 3870 2974 3939 ingressus,
3024 3871 3349 3941 compressio
3396 3870 3577 3947 populi
3624 3860 3809 3944 partis

2214 3957 2448 4027 Georgii,
2482 3959 2572 4030 qui
2604 3960 2711 4015 illic
2740 3961 2914 4015 fuerat
2956 3961 3238 4033 ordinatus
3283 3963 3586 4035 cpiscopus,
3628 3966 3810 4022 vehe-

2218 4064 2368 4106 mens
2392 4049 2531 4105 facta
2559 4058 2660 4105 est.
2690 4049 2757 4106 Et
2785 4067 2852 4107 ex
2870 4092 2877 4099 .
2896 4052 3000 4131 hoc
3027 4041 3276 4108 dicebant
3312 4055 3493 4110 turbas
3529 4064 3582 4112 ct
3629 4072 3810 4113 ncces

2214 4141 2493 4217 hominum
2523 4142 2857 4220 provenisse,
2886 4151 2940 4197 et
2964 4143 3266 4213 hujusmodi
3294 4146 3513 4200 crimina
3542 4138 3592 4200 in
3622 4147 3806 4200 Atha-

2208 4232 2421 4306 nasium
2444 4232 2592 4285 velut
2612 4241 2885 4287 auctorem
2915 4231 3133 4288 sceleris
3177 4232 3499 4299 referebant,
3530 4250 3645 4289 cum
3675 4235 3807 4292 hsce

2214 4323 2266 4378 in
2297 4310 2680 4379 certaminibus
2722 4323 3028 4393 frequenter
3054 4325 3323 4380 eveniant.
3364 4323 3443 4381 Ob
3471 4342 3625 4397 quam
3663 4340 3810 4381 cau—

533 4414 680 4477 titur.
711 4411 980 4468 Lucianus
1005 4420 1185 4509 autem
1208 4410 1675 4490 liadrianopolites
1704 4413 2007 4485 episcopus,
2042 4413 2111 4469 ob
2136 4432 2192 4509 Ι)
2214 4429 2327 4468 sam
2355 4413 2586 4469 Sabinus
2612 4413 3008 4470 Macedoniam
3055 4416 3249 4485 praesul
3292 4416 3577 4482 haereseos,
3623 4416 3811 4470 Atha-

531 4506 688 4560 aliam
718 4499 1116 4561 accusationen't
1140 4502 1379 4559 Ecclesia
1401 4519 1498 4559 sua
1520 4504 1778 4587 privatus,
1803 4504 2031 4573 degebat
2056 4504 2109 4558 in
2148 4499 2155 4524 ⁵

532 4598 664 4652 urbe
702 4596 892 4651 Roma.
942 4595 1286 4665 Coguoseeus
1326 4609 1456 4670 ergo
1505 4596 1780 4676 Romanus
1824 4597 2112 4674 episcopus

416 4744 433 4766 ο
528 4685 1131 4756 criminasinguloruta,
1154 4696 1211 4741 et
1242 4701 1435 4742 omnes
1461 4685 1677 4742 Nicaeae
1707 4686 1937 4755 concilia
1981 4702 2113 4745 con-

530 4779 762 4834 cordare
788 4778 1149 4848 comperiens,
1181 4792 1275 4833 eos
1305 4777 1357 4830 in
1393 4776 1826 4832 communionem
1853 4777 2108 4846 suscepit,

530 4880 787 4945 tauquam
818 4870 1053 4924 omnium
1085 4884 1268 4924 curam
1297 4881 1511 4936 gerens,
1539 4874 1760 4936 prapter
1800 4866 1943 4921 sedis
1982 4882 2112 4937 pro-

534 4961 663 5028 prim
682 4959 1017 5027 dignitatem,
1039 4956 1368 5026 singulisque
1394 4953 1635 5009 reddidit
1671 4969 1796 5010 suas
1833 4955 2109 5023 ecclesias,

531 5061 587 5105 ct
607 5049 957 5105 orientalibus
982 5049 1197 5117 scripsit
1247 5045 1514 5116 episcopis
1551 5064 1563 5098 :
1608 5047 1831 5116 culpane
1855 5047 1978 5114 quia
2004 5062 2114 5101 non

530 5150 676 5197 recte
706 5149 1026 5195 tractassem
1044 5140 1188 5193 viros
1232 5138 1599 5207 inculpabiles,
1628 5136 1699 5192 de
1725 5139 1837 5192 suis
1874 5138 2116 5193 ecclesiis

433 5235 445 5243 ’
531 5248 627 5287 eos
658 5231 1010 5300 cxpellcntes,
1043 5239 1098 5285 et
1144 5230 1286 5299 quod
1316 5229 1609 5284 constituta
1655 5228 1852 5283 Nicaeni
1900 5228 2116 5306 concilii

530 5322 754 5387 minime
805 5330 1209 5376 conservarent.
1256 5318 1492 5387 Quorum
1544 5334 1746 5388 paucos
1796 5319 1863 5373 ad
1911 5326 2112 5373 certam

529 5413 673 5490 diem
719 5410 932 5466 sibimet
960 5411 1147 5464 adesse
1177 5410 1454 5490 praecepit,
1484 5419 1546 5464 ut
1572 5424 1755 5464 coram
1802 5409 1881 5464 eis
1926 5418 2113 5464 osten-

531 5485 683 5567 deret
704 5503 907 5573 justum
931 5519 988 5558 se
1016 5519 1177 5572 super
1205 5503 1280 5557 eis
1304 5485 1590 5573 protulisse
1613 5501 1915 5555 decretum.
1954 5498 2022 5553 Et
2047 5500 2114 5554 de

532 5578 728 5655 caetero
781 5611 888 5649 non
932 5610 991 5649 se
1032 5610 1311 5664 passurum
1341 5593 1713 5648 interminatus
1753 5601 1855 5654 est,
1898 5592 1999 5646 nisi
2047 5593 2112 5645 ab

540 5687 837 5757 lmjusmoili
870 5688 1038 5743 turbis
1076 5696 1130 5742 et
1170 5688 1405 5753 novitate
1439 5691 1734 5741 cessarent.
1766 5682 1831 5737 Et
1863 5683 1949 5737 ille
1994 5684 2112 5754 qui-

2212 4504 2425 4558 .nasium
2463 4503 2770 4573 frequenter
2809 4513 3044 4560 accusat.
3074 4505 3177 4572 Qui
3200 4506 3246 4560 si
3292 4505 3553 4575 cogitaret
3592 4516 3809 4576 quanta

2217 4595 2357 4650 mala
2382 4605 2566 4653 contra
2594 4596 3019 4652 Athanasiumct
3040 4596 3433 4653 Homonsianos
3459 4597 3637 4652 Ariani
3664 4612 3809 4666 ges-

2216 4694 2421 4749 serunt,
2452 4693 2549 4741 aut
2586 4696 2785 4755 quanta
2823 4687 3049 4743 concilia
3098 4697 3320 4758 propter
3357 4703 3477 4742 eum
3524 4688 3811 4744 celebrata

2214 4786 2360 4841 sunt,
2388 4785 2483 4832 aut
2503 4788 2703 4846 quanta
2730 4785 2918 4833 contra
2940 4791 3129 4833 omnes
3156 4777 3427 4853 Ecclesiae
3453 4776 3813 4832 Macedonius

2218 4868 2597 4940 lueresiarches
2641 4869 2820 4935 gessit,
2848 4869 3168 4945 erubescens
3212 4860 3349 4940 forte
3392 4870 3662 4923 tacuisset.
3688 4865 3813 4923 So-

2210 4946 2443 5027 ertnns,
2473 4961 2562 5028 lib.
2586 4977 2641 5023 ti,
2668 4979 2782 5031 cap.
2814 4961 2911 5041 il;
2943 4964 3065 5044 edit.
3107 4960 3297 5016 Christ.
3333 4961 3508 5016 Vales.
3554 4976 3669 5029 cap.
3702 4956 3805 5027 {3,

2218 5071 2270 5121 p.
2313 5052 2399 5107 9|.

2784 5222 3008 5279 CAPUT
3052 5222 3232 5305 xvut.
3318 5260 3325 5267 μ

2227 5339 2490 5407 Quomodo
2520 5337 2717 5392 Paulus
2746 5338 2911 5391 denuo
2938 5336 3387 5407 Constantinopoli
3423 5340 3492 5391 sit
3526 5342 3802 5407 expulsus,

2291 5417 2339 5463 et
2366 5414 2495 5479 ‘qure
2546 5425 2693 5464 neces
2737 5408 3028 5479 introducto
3071 5410 3127 5463 in
3166 5404 3455 5464 Ecclesium
3488 5404 3803 5469 Macedonia

2290 5481 2394 5534 sint
2424 5482 2596 5547 factm.

2292 5589 2639 5645 Constantius
2663 5589 2825 5657 igitur
2850 5588 3139 5659 imperator
3168 5589 3219 5644 in
3266 5588 3547 5645 Antiochia
3576 5586 3801 5655 degens,

2227 5698 2344 5737 cum
2391 5682 2623 5739 audisset
2663 5698 2843 5737 rursus
2892 5683 3107 5737 Paulum
3154 5679 3797 5755 Constantitmpalitanaiu
