3986 6400
466 412 518 464 ll
1847 399 2063 459 VlGlLil

2178 399 2379 457 ΡΑΙἈ.

2468 371 2499 393 \

3670 406 3743 461 i1

460 530 721 584 ducerem
765 525 834 583 ad
881 523 1239 582 Iustinianum
1268 522 1674 593 imperatorem.
1716 518 1889 588 Quem
1917 533 2042 577 cum
2077 524 2120 583 Α
2149 516 2290 572 male
2316 516 2429 587 agit
2457 530 2581 573 eum
2608 517 2783 573 servis
2810 519 2916 575 tuis
2943 519 3222 581 Romanis.
3261 531 3317 580 et
3341 523 3598 597 eumipsa
3630 527 3750 597 ple-

462 617 810 674 adduxissent
845 613 1395 685 Constantinopolim,
1445 612 1665 681 gavisus
1694 619 1779 665 est
1808 611 2046 680 impera-

462 720 572 778 tor,
591 716 647 766 et
674 707 800 765 fecit
826 720 950 764 eum
980 704 1267 776 patricium
1291 710 1348 757 et
1368 702 1651 768 comitem,
1677 708 1734 757 et
1752 698 2053 757 transmisit

450 814 586 856 «eum
608 798 763 868 juxta
794 795 930 852 lines
959 793 1266 860 Persarum,
1297 801 1353 850 et
1380 791 1453 849 ibi
1485 791 1649 853 vitam
1677 789 1866 847 linivit.
1904 788 2050 844 Beli-

458 888 663 945 sarium
692 900 822 944 vero
851 884 1202 955 interrogavit
1228 883 1544 953 imperator,
1574 879 1850 951 quomodo
1869 894 1931 936 se
1950 878 2051 934 ba-

464 982 616 1037 bcret
660 994 784 1037 eam
835 977 1120 1044 Romanis,
1169 975 1257 1032 vel
1283 973 1562 1046 quomodo
1588 973 1644 1028 in
1686 973 1810 1029 loco
1837 969 2052 1029 Silverii

462 1073 698 1130 statuissr
716 1079 740 1127 t
760 1069 1032 1142 Vigilium.
1073 1067 1227 1125 Tunc
1253 1067 1456 1137 gratias
1483 1065 1534 1122 ei
1561 1073 1792 1135 egerunt
1818 1064 2055 1135 impera-

465 1175 551 1221 tor
575 1170 633 1220 et
659 1162 899 1231 Augusta
927 1169 983 1226 ι,
1013 1167 1070 1216 et
1094 1159 1219 1215 data
1251 1157 1303 1214 ei
1340 1155 1623 1226 dignitate,
1670 1155 1867 1211 iterum
1906 1154 2054 1210 misit

458 1270 589 1313 eum
616 1255 672 1311 in
699 1251 935 1313 Africam
962 1250 1010 1307 ι’.
1063 1248 1167 1318 Qui
1196 1248 1421 1306 veniens
1454 1248 1509 1303 in
1538 1243 1676 1305 lines
1703 1246 1917 1312 Africae,
1951 1245 2052 1301 sub

466 1343 597 1401 dolo
623 1343 772 1414 pacis
800 1339 1070 1397 interfecit
1088 1337 1479 1396 Gontharidem
1509 1336 1591 1411 (ι)
1622 1351 1804 1406 regem
1840 1335 2055 1392 Vanda-

470 1439 676 1501 lorum,
718 1441 779 1491 et
812 1433 1032 1490 redacta
1070 1439 1155 1488 est
1195 1428 1378 1489 Africa
1421 1430 1523 1486 sub
1565 1429 1864 1500 repnhlica.
1903 1427 2055 1483 Tunc

468 1525 756 1583 Belisarius
775 1523 1033 1597 patricius
1069 1521 1292 1578 veniens
1313 1520 1570 1587 Romam,
1593 1520 1661 1576 de
1693 1519 1878 1591 spoliis
1905 1517 2050 1575 Van-

457 1616 711 1672 dalorum
753 1615 951 1672 obtulit
980 1626 1003 1653 ε
1038 1613 1202 1670 beato
1231 1610 1392 1668 Petro
1437 1611 1685 1683 apostolo
1731 1626 1831 1680 per
1866 1625 2056 1665 manus

466 1707 649 1778 Vigilii
676 1721 829 1778 papa:
847 1720 1065 1761 crucem
1087 1718 1307 1759 auream
1327 1717 1449 1758 cum
1465 1702 1711 1771 gemmis,
1736 1708 2054 1771 pensantem

469 1800 636 1856 libras
663 1807 902 1863 centum,
945 1796 998 1853 in
1027 1812 1133 1868 qua
1163 1795 1382 1867 scripsit
1408 1795 1667 1851 victorias
1692 1809 1820 1850 suas
1849 1810 1862 1846 :
1894 1808 2054 1849 cero-

469 1898 612 1948 stata
641 1899 897 1961 argentea
924 1889 1026 1961 (li),
1060 1889 1321 1944 deaurata
1350 1885 1556 1956 majora
1584 1887 1712 1951 duo,
1758 1900 1880 1956 qum
1907 1892 2055 1940 stant

470 1997 639 2054 usque
665 1981 829 2038 hodie
857 1989 982 2038 ante
1009 1995 1207 2050 corpus
1238 1979 1379 2034 beati
1410 1977 1555 2032 Petri
1586 1976 1840 2049 apostoli.
1867 1974 1974 2031 Sed
1999 1984 2056 2030 et

467 2075 573 2130 alia
613 2072 783 2131 multa
827 2073 969 2130 dona
1012 2082 1067 2131 et
1094 2073 1469 2144 elecmosynas
1498 2085 1795 2142 pauperum
1828 2069 2056 2137 largitus

467 2175 571 2222 est.
609 2163 761 2222 Fecit
783 2165 945 2221 etiam
974 2163 1265 2220 Belisarius
1293 2163 1551 2232 patricius
1578 2160 1973 2217 xcnodochiutn
2002 2160 2054 2214 in

471 2257 555 2310 via
587 2253 742 2320 Lata,
792 2264 847 2310 et
894 2255 948 2309 in
988 2255 1073 2309 via
1118 2253 1378 2308 Flaminia
1415 2251 1569 2321 juxta
1598 2251 1871 2306 civitatem
1898 2250 2057 2305 Ortas

468 2343 717 2420 |Ostiam|
747 2345 1133 2401 monasterium
1166 2343 1351 2399 Sancti
1389 2341 1684 2410 Juvenalis,
1726 2342 1815 2398 ubi
1846 2357 2057 2413 posses-

463 2435 649 2491 siones
678 2443 735 2491 et
771 2435 915 2490 dona
957 2434 1128 2489 multa
1158 2433 1382 2502 largitus
1409 2445 1514 2489 est.
1574 2428 1784 2486 Eodem
1815 2439 2058 2501 tempore

466 2524 755 2583 Theodora
776 2525 1014 2594 Angusta
1034 2523 1252 2594 scripsit
1273 2523 1340 2579 ad
1366 2522 1618 2594 Vigilinm
1640 2538 1835 2593 papam
1861 2541 1875 2578 :
1901 2517 2056 2588 Veni,

469 2616 702 2688 adimple
747 2617 903 2672 nobis
942 2630 1066 2686 quae
1093 2630 1264 2685 prona
1309 2614 1590 2671 voluntate
1632 2621 1724 2668 tua
1762 2614 2057 2684 promisisti

468 2708 536 2764 de
563 2715 716 2779 patre
758 2715 944 2762 nostro
974 2705 1248 2768 Anthimo,
1300 2713 1358 2761 et
1397 2719 1593 2760 revoca
1639 2719 1763 2761 eum
1794 2705 1848 2760 in
1879 2702 2060 2760 oﬂieio

471 2814 593 2855 suo.
641 2797 723 2854 Ad
751 2798 868 2854 hzcc
905 2797 1184 2867 rescripsit
1219 2795 1480 2865 Vigilius:
1536 2796 1692 2854 Absit
1730 2796 1837 2853 hoc
1876 2813 1907 2853 a
1950 2813 2056 2862 me,

469 2890 686 2945 domina
709 2888 949 2958 Augusta
976 2904 990 2942 :
1015 2888 1167 2959 prius
1187 2887 1401 2943 locutus
1429 2903 1546 2941 sum
1571 2888 1711 2942 male
1731 2897 1788 2943 et
1812 2887 2065 2959 insipien-

473 2990 575 3047 ter,
604 2979 768 3036 modo
795 2986 977 3034 autem
1004 2977 1152 3033 nnllo
1183 2977 1349 3034 modo
1375 2978 1471 3032 tibi
1493 2979 1796 3045 consentio,
1826 2987 1885 3037 ut
1911 2994 2064 3035 revo-

470 3083 591 3125 cem
637 3067 912 3126 hominem
943 3067 1256 3123 haereticnm
1286 3076 1343 3124 et
1370 3066 1908 3125 anathematizatum.
1948 3068 2061 3125 Etsi

474 3157 744 3228 indignus,
774 3156 1009 3213 vicarius
1026 3172 1146 3212 sum
1171 3157 1315 3212 beati
1341 3155 1487 3212 Petri
1510 3157 1766 3227 apostoli,
1787 3159 2063 3229 quomodo

474 3250 690 3305 fuerunt
731 3257 1103 3305 antecessores
1152 3247 1258 3302 mei
1315 3246 1640 3303 sanctissimi
1686 3248 1959 3318 Agapctus
2005 3257 2060 3305 ct

473 3342 751 3407 Silverius,
777 3340 869 3413 qui
897 3356 1023 3397 eum
1045 3340 1460 3401 damnaverunt.
1488 3338 1640 3396 Tunc
1665 3340 1892 3399 Romani
1917 3340 2062 3397 fece-

479 3439 607 3491 runt
628 3432 1007 3503 soggestiones
1033 3446 1165 3486 suas
1191 3430 1218 3469 ά
1259 3439 1452 3486 contra
1494 3430 1766 3500 Vigilium,
1815 3447 1885 3489 eo
1921 3433 2064 3502 quod

472 3540 598 3580 cum
626 3524 856 3581 consilio
883 3522 1003 3593 ejus
1034 3521 1320 3594 depositus
1361 3520 1550 3578 fuisset
1576 3521 1837 3580 Silverius
1865 3524 2066 3580 beatis-

474 3615 643 3671 simus
667 3628 829 3686 papa.
862 3612 1240 3683 Suggerimus,
1273 3612 1541 3684 inquiunt,
1571 3612 1756 3684 pietati
1789 3621 1913 3679 ture,
1939 3615 2065 3687 quia

548 3755 628 3828 (a)
659 3751 803 3810 idem
832 3752 981 3821 cod.,
1012 3749 1353 3809 Widlharim.

478 3879 609 3936 ergo
629 3873 896 3936 novantes
922 3861 1157 3936 haeretici
1180 3876 1343 3936 quam
1378 3868 1709 3936 pramature
1730 3861 2063 3936 triumphent

481 3932 567 3991 «ιε’
579 3934 861 4002 naufragio
887 3932 1046 4004 hujus
1089 3932 1632 4004 naviculaanando
1659 3933 1719 4004 ei
1742 3932 2063 4004 praesidebat

485 4007 724 4087 Yigilius.
749 4001 806 4060 Si
831 4001 1024 4087 auctor
1048 4010 1132 4087 est
1150 4003 1303 4087 “illius.
1327 4001 1571 4087 epistola;
1599 4001 1833 4087 inicique
1860 4001 2067 4087 humu:

484 4072 575 4142 he,
597 4091 761 4146 quam
788 4090 858 4130 es
887 4073 1125 4146 Liberati
1149 4072 1424 4129 breviario
1450 4072 1732 4146 objiciunt,
1761 4072 1895 4127 nihil
1923 4072 2067 4146 aliud

483 4143 746 4227 ams
784 4159 948 4227 ειιξξιπι
975 4144 1119 4227 (ιιιοά
1159 4158 1229 4227 es
1256 4151 1516 4227 ,ιςηψονθ
1559 4143 1833 4227 esse?”
1861 4143 2070 4227 υτθίθε·

479 4219 648 4296 si_one_
662 4217 717 4270 in
733 4210 971 4296 gratiam
989 4210 1352 4296 iniperatﬁcis
1376 4210 1475 4296 spe
1498 4210 2071 4296 pontiﬁcatusobeua-

482 4288 535 4342 di
564 4287 653 4369 vel
677 4283 945 4369 retinendi
970 4283 1234 4369 lhakesim
1282 4283 1571 4369 proless‘gs
1606 4299 1728 4369 eam
1774 4283 2065 4369 epistolam

482 4356 779 4426 scripserit,
807 4355 1022 4430 quando
1046 4354 1224 4430 adhuc
1253 4352 1469 4409 vivente
1495 4352 1730 4430 _Si_lverio
1763 4352 2068 4430 pseudope-

482 4442 555 4498 pa
582 4423 763 4482 esset:
793 4423 954 4498 quem
979 4425 1024 4480 si
1052 4424 1148 4498 vel
1167 4440 1398 4498 errasse,
1427 4425 1517 4480 vel
1547 4423 1858 4498 haereticum
1892 4424 2066 4498 etsi-

488 4493 791 4554 inoniacum
815 4493 1002 4566 fuisse
1048 4493 1163 4566 ipsi,
1197 4496 1513 4566 probarent,
1556 4495 1758 4566 nullam
1799 4493 2068 4566 maculam

485 4566 739 4624 Ecclesiae
763 4561 1084 4622 orthodoxae
1115 4561 1340 4635 ejusque
1377 4565 1719 4635 dogmatibus
1743 4561 2064 4635 indigerent.

487 4635 645 4706 Quod
671 4647 851 4693 autem
880 4646 1002 4706 post
1025 4633 1228 4706 obitum
1258 4633 1764 4706 'Silverii,_quando
1793 4650 1892 4704 per
1928 4634 2066 4706 dile-

2149 608 2218 664 be
2243 624 2362 674 sua,
2389 617 2445 664 et
2473 609 2598 683 quia
2626 609 2952 667 homicidam
2981 612 3130 667 illum
3157 626 3491 670 accusamus.
3542 621 3634 675 Sic
3659 623 3752 671 est

2150 699 2205 756 in
2250 698 2487 757 furoran
2528 715 2740 769 versus,
2787 709 2849 757 ut
2893 700 3052 758 daret
3096 702 3310 777 alapam
3349 712 3566 762 notario
3592 725 3736 774 suo;

2150 790 2243 860 qui
2270 805 2398 849 mox
2426 789 2493 847 ul
2521 791 2688 863 pedes
2719 790 2836 862 ejus
2861 793 3062 850 eadem
3087 795 3400 865 exspiravit.
3429 794 3561 852 Item
3590 799 3743 856 dedit

2153 889 2406 952 nepotem
2432 896 2588 937 suum
2616 880 2842 952 Vigilius
2866 883 3081 939 Asterie
3107 885 3318 940 consuli
3348 883 3514 941 filium
3541 889 3741 944 mulie-

2150 974 2228 1030 ris
2252 973 2464 1040 vidua;
2492 987 2603 1044 quo
2627 990 2753 1030 casu
2784 974 3033 1041 faciente,
3065 975 3191 1032 fecit
3213 992 3339 1033 eum
3358 978 3533 1034 teneri
3552 987 3741 1046 nocte,

2153 1071 2208 1121 et
2237 1064 2422 1120 tandin
2457 1064 2591 1120 caedi
2640 1065 2878 1136 quandiu
2919 1067 3084 1122 vitam
3112 1065 3309 1122 ﬁniret.
3357 1066 3479 1136 Quo
3528 1069 3742 1139 audito,

2154 1158 2392 1229 Augusta
2421 1157 2568 1213 misit
2612 1156 2957 1217 Anthemium
3001 1160 3309 1216 scriboncm
3335 1175 3458 1217 cum
3492 1160 3746 1232 jussione

2154 1266 2272 1317 sua,
2300 1258 2357 1306 et
2391 1265 2513 1307 cum
2541 1251 2739 1306 virtute
2766 1251 2972 1322 majore
2999 1252 3070 1309 ad
3098 1251 3347 1322 Romam,
3402 1254 3590 1312 dicens
3615 1273 3628 1310 :
3684 1255 3747 1312 Si

2155 1356 2277 1397 eum
2309 1341 2577 1397 inveneris
2621 1343 2672 1396 in
2705 1341 2921 1397 basilica
2945 1342 3126 1398 Sancti
3159 1342 3327 1410 Petri,
3379 1360 3581 1415 parce:
3615 1363 3743 1402 nam

2155 1432 2199 1486 si
2229 1431 2284 1487 in
2314 1429 2615 1493 Lateranis,
2645 1439 2739 1486 aut
2766 1431 2820 1487 in
2851 1433 3084 1502 palatio,
3111 1443 3205 1488 ant
3231 1435 3284 1490 in
3312 1436 3552 1503 qualibet
3576 1438 3742 1493 ecch»

2155 1524 2236 1579 sia
2285 1523 2556 1579 inveneris
2585 1523 2856 1594 Vigilium,
2909 1540 3034 1580 mox
3091 1526 3402 1596 impositum
3451 1528 3505 1583 in
3562 1530 3745 1584 navim

2157 1615 2359 1685 perduc
2398 1630 2521 1670 eum
2551 1631 2723 1686 usque
2751 1616 2819 1672 ad
2849 1633 2965 1672 uos.
2999 1617 3155 1685 Nam,
3185 1618 3229 1673 si
3262 1635 3368 1674 non
3401 1618 3615 1689 feceris,
3646 1637 3750 1691 per

2161 1705 2436 1761 Viventem
2467 1707 2519 1762 in
2545 1707 2762 1772 saecula,
2794 1708 3063 1763 excoriari
3093 1709 3375 1765 tefaciam.
3406 1708 3507 1778 Qui
3535 1710 3749 1767 Anthe-

2157 1798 2297 1852 mins
2323 1798 2498 1853 scribo
2527 1799 2749 1853 veniens
2778 1798 3027 1866 Romam,
3060 1800 3267 1856 invenit
3292 1816 3415 1857 eum
3437 1802 3491 1858 in
3512 1804 3748 1859 ecclesia

2090 1921 2135 1978 Β
2161 1885 2373 1978 Sanctae
2400 1886 2650 1953 Cmcilize,
2697 1904 2732 1942 ι
2778 1888 3032 1944 calendas
3077 1888 3330 1947 Decembr
3345 1891 3390 1946 is
3432 1892 3572 1965 (erat
3599 1895 3752 1948 enim

2159 1976 2275 2032 dies
2314 1977 2509 2034 natalis
2541 1976 2680 2048 ejus)
2730 1993 2953 2033 munera
2992 1989 3307 2049 erogantem
3352 1982 3422 2038 ad
3466 1985 3753 2054 populum.

2157 2066 2432 2124 Tenentes
2459 2082 2590 2139 ergo
2619 2083 2767 2138 eum,
2796 2069 3165 2140 deposuerunt
3190 2072 3258 2127 ad
3283 2071 3542 2138 Tiberim,
3573 2085 3629 2132 et
3652 2077 3756 2131 mi-

2156 2167 2344 2215 serunt
2375 2176 2499 2214 eum
2541 2160 2595 2215 in
2625 2160 2824 2216 navim.
2858 2159 3019 2220 Plebs
3047 2172 3228 2221 autem
3273 2173 3331 2220 et
3376 2167 3608 2237 populus
3652 2183 3757 2224 se-

2159 2251 2430 2320 quebatur
2454 2265 2601 2316 eum,
2633 2251 3018 2321 acclamantes,
3045 2261 3105 2308 ut
3132 2255 3439 2312 orationem
3469 2257 3537 2311 ab
3563 2272 3632 2312 eo
3656 2273 3759 2314 ac-

2157 2341 2422 2411 ciperent.
2441 2340 2680 2411 Dataque
2701 2342 2966 2409 oratione,
2989 2344 3266 2414 respondit
3289 2346 3465 2401 omnis
3483 2348 3717 2420 pepulus
3740 2366 3756 2401 :

2160 2429 2370 2497 Amen;
2418 2437 2474 2487 et
2502 2438 2647 2487 mota
2683 2438 2769 2488 est
2805 2433 2978 2489 navis.
3023 2433 3276 2490 Videntes
3326 2434 3556 2492 Romani
3600 2437 3761 2507 quod

2161 2528 2306 2577 mota
2336 2528 2483 2577 esset
2506 2521 2658 2577 navis
2703 2521 2760 2576 in
2796 2536 2903 2591 qua
2931 2522 3155 2579 sedebat
3182 2523 3426 2594 Vigilius,
3458 2527 3627 2597 cmpit
3658 2544 3763 2599 po-

2161 2613 2319 2682 pulus
2355 2611 2565 2682 jactare
2592 2621 2715 2683 post
2740 2628 2866 2668 eum
2889 2611 3122 2684 lapides,
3172 2613 3338 2670 fustes
3381 2614 3552 2690 [cum
3579 2617 3761 2673 calci-

2162 2704 2283 2772 bus,
2313 2701 2390 2778 et]
2415 2703 2671 2768 eacabos,
2695 2712 2751 2759 et
2773 2702 2955 2759 dicere
2979 2722 2992 2756 :
3024 2703 3217 2761 Fames
3249 2711 3341 2761 tua
3378 2713 3577 2763 tecum.
3607 2707 3764 2765 Μοτ-

2163 2797 2341 2852 talitas
2367 2804 2565 2851 tecum.
2607 2794 2745 2851 Male
2773 2793 2949 2851 fecisti
2984 2795 3263 2865 Romanis,
3312 2798 3455 2854 male
3502 2798 3761 2856 invenias

2162 2887 2252 2942 ubi
2279 2887 2449 2943 vadis.
2490 2887 2558 2942 Et
2583 2885 2801 2956 quidam
2825 2895 3096 2943 amatores
3115 2887 3234 2957 ejus
3254 2888 3427 2944 secuti
3456 2896 3585 2944 sunt
3622 2904 3762 2946 eum

2163 2978 2232 3034 de
2259 2978 2509 3034 ecclesia.
2551 2975 2655 3044 Qui
2689 2977 2966 3046 ingressus
3009 2976 3248 3034 Siciliam
3297 2988 3323 3018 ο
3370 2979 3425 3035 in
3472 2980 3765 3037 civitatem

2163 3070 2545 3138 Catanensem,
2568 3071 2864 3143 permissus
2891 3078 2977 3125 est
3004 3068 3187 3127 facere
3209 3069 3636 3129 ordinationem.
3656 3089 3767 3144 per

2164 3175 2407 3217 mensem
2454 3159 2831 3226 Decembrem,
2880 3159 3228 3232 presbyteros
3268 3167 3328 3216 et
3365 3160 3646 3232 diaconos,
3706 3164 3767 3220 in

2165 3252 2360 3324 quibus
2389 3251 2752 3307 retransmisit
2792 3248 2978 3306 Romae
3021 3250 3350 3322 Ampliatum
3380 3253 3769 3326 presbyterum

2171 3353 2228 3399 et
2250 3344 2644 3400 vicedominum
2673 3357 2850 3410 suum,
2881 3348 2940 3398 et
2963 3340 3309 3398 Valentinum
3338 3343 3658 3415 episcopum
3692 3345 3769 3401 ad

2172 3442 2388 3490 sanctas
2434 3432 2684 3489 Ruﬁnam
2729 3442 2787 3488 et
2830 3431 3134 3488 Secundam
3159 3471 3178 3498 ,
3228 3433 3299 3488 ad
3338 3433 3770 3492 custodiendum

2172 3524 2489 3597 Lateranas,
2519 3533 2575 3580 et
2599 3522 3013 3596 gubernandum
3048 3523 3278 3580 clerum.
3328 3522 3394 3580 Et
3431 3524 3773 3582 valefaciens

2173 3617 2442 3684 omnibus,
2475 3617 2748 3687 ingressus
2765 3624 2851 3671 est
2874 3613 3404 3687 Constantinopolim
3438 3616 3457 3657 ί
3489 3618 3545 3675 in
3580 3619 3770 3690 vigilia

2257 3752 2332 3828 (ὁ)
2358 3752 2416 3809 in
2438 3752 2631 3810 eodem
2658 3750 2813 3809 deest
2841 3761 3108 3825 argentea.

2163 3861 2611 3990 :eiqtigszigilium
2638 3860 2879 3931 legitima
2904 3863 3291 3933 subrogatione
3319 3864 3604 3921 sull'ectum
3631 3864 3777 3924 fuis-

2240 4003 2426 4088 illaec
2451 4001 2899 4088 sub_pontiiicatu
2922 4000 3147 4059 Joannis
3171 4001 3215 4058 ll
3241 4018 3386 4061 anno
3403 4003 3604 4063 Christi
3631 4007 3770 4077 533,

2167 4075 2461 4141 contigisse
2484 4071 2754 4127 videntur.
2779 4071 2936 4128 loeu.
3757 4071 3767 4077 “

2243 4143 2432 4226 illaec-
2464 4142 2716 4226 ρὶιιξιιῒο,⁸
2739 4143 2894 4226 cujus
2921 4142 3086 4226 etiam
3122 4144 3370 4226 meminit
3419 4154 3627 4226 auctor;
3663 4147 3774 4205 Mi-

2169 4212 3108 4288 scelkeuhistorizehfortasseufaeta
3160 4223 3246 4288 est
3288 4216 3772 4288 subhpontiilcatu

2170 4284 2405 4360 Silverii,
2448 4297 2602 4360 anno
2644 4282 2843 4360 C_hristi
2877 4282 3004 4360 557,
3052 4285 3272 4360 quando
3319 4282 3612 4360 Belisarius
3640 4300 3778 4360 post

2170 4355 2413 4429 devictos
2439 4353 2896 4429 GothosRojmam
2917 4353 3149 4429 subegit.
3176 4355 3235 4415 Si
3260 4363 3440 4429 tamen
3462 4353 3778 4429 aliqua'do-

2172 4426 2323 4481 natio
2350 4423 2492 4509 facta
2518 4432 2603 4479 est
2624 4423 3132 4509 Y‘ig-ilio,"0portuit
3159 4441 3280 4509 eam
3318 4423 3569 4509 oblatam
3591 4427 3774 4509 fuisse.

2169 4633 2278 4692 non
2308 4634 2471 4691 fuisse
2493 4633 2811 4704 ingressum,
2841 4634 3026 4690 videre
3052 4643 3137 4691 est
3161 4651 3230 4692 ex
3258 4633 3546 4704 Procopio.
3578 4636 3739 4693 ipsa.

484 4703 721 4791 ciionem
750 4705 839 4762 vel
864 4703 1311 4790 approbationem
1347 4704 1478 4787 cieri
1508 4703 1906 4787 Romanipapa
1936 4704 2070 4771 legi-
2102 4723 2148 4782 ο
2241 4704 2280 4791 δ’
2311 4703 2604 4790 llistoriam
2642 4716 2771 4788 quas
2796 4705 3066 4774 sequitur,
3106 4720 3279 4828 nsgue
3326 4707 3396 4762 ad
3425 4703 3515 4762 illa
3553 4709 3723 4763 verba
3755 4727 3770 4762 :

489 4787 650 4833 timus
675 4791 797 4833 esse
823 4783 1010 4833 euenit.
1041 4775 1173 4831 nihil
1203 4774 1393 4830 borum
1415 4774 1633 4833 dixerit.
1656 4781 1950 4833 scripserit.
1982 4775 2068 4830 vel
2176 4774 2279 4833 θαι
2304 4790 2570 4833 inamsus
2591 4775 2856 4833 Siciliam.
2883 4783 3017 4833 ete..
3064 4776 3133 4833 de
3212 4775 3277 4832 de
3305 4786 3615 4833 suspectam
3644 4793 3770 4833 esse

489 4781 650 4857 timus
675 4773 1010 4857 essecafpit,
1040 4775 1173 4857 nihil
1203 4774 1393 4857 borum
1415 4774 1633 4857 digerit,
1655 4773 1950 4857 scripserit,
1982 4775 2068 4856 vel
2102 4773 2140 4782 '
2175 4774 2280 4857 Qui
2304 4777 2570 4857 ingressus
2591 4773 2856 4857 Siciliam,
2882 4773 3017 4843 ete.,

487 4849 679 4919 egerit,
702 4845 1018 4903 indicabunt
1031 4845 1144 4919 illae
1168 4845 1535 4919 anathematis
1552 4845 1834 4919 sententia:
1855 4858 1990 4913 quas
2016 4845 2071 4901 in

493 4913 829 4984 A'ntliimum,
857 4924 997 4972 teste
1020 4913 1308 4985 Gregorio,
1336 4929 1368 4969 a
1395 4913 1883 4985 prredecessoribus
1910 4923 2071 4971 antea

486 4987 930 5054 condemnatum,
969 4994 1026 5041 et
1063 4985 1119 5040 in
1146 4984 1487 5041 Theodoram
1514 4985 1806 5054 Angustam
1832 4999 2074 5054 pronun-

491 5058 667 5114 tiavit.
694 5055 832 5125 Quid
856 5071 989 5113 vero
1015 5055 1085 5112 de
1109 5055 1224 5126 ipsa
1253 5056 1481 5126 epistola
1513 5053 1617 5111 sub
1643 5053 1863 5126 nomine
1891 5053 2073 5126 Vigilii

489 5145 558 5184 ex
588 5123 842 5198 Liberata
864 5123 1145 5198 desumpta
1155 5123 1509 5198 sentiendum
1551 5126 1642 5198 sit,
1669 5124 1910 5180 dicemus
1937 5123 2074 5180 infra

491 5202 543 5255 in
569 5198 714 5268 notis
739 5195 1088 5268 epistolarum
1117 5195 1540 5268 ejusdem._Ssv.
1570 5195 1768 5268 limus.

563 5281 591 5307 ⁸·
618 5264 978 5324 Iustinianum
1018 5265 1088 5323 de
1129 5264 1441 5323 revocando
1485 5265 1743 5322 Antbimo
1786 5264 1840 5321 in
1887 5264 2073 5322 sedem

493 5353 644 5397 suam
672 5339 950 5396 conscium
980 5353 1088 5393 non
1118 5337 1304 5401 fuisse,
1345 5336 1440 5393 sed
1468 5336 1658 5406 potius
1687 5351 1752 5393 ea
1780 5335 1960 5406 omnia
1990 5351 2080 5392 se-

493 5417 645 5466 creta
692 5409 1095 5465 machinatione
1120 5406 1421 5464 Theodorus
1449 5404 1701 5474 Augustae
1728 5420 1851 5461 cum
1880 5404 2076 5474 Vigiluo

492 5479 782 5536 commissa
824 5492 966 5542 esse.
1016 5477 1217 5533 indicat
1256 5477 1485 5548 epistola
1513 5475 1800 5548 Justiuiani
1828 5474 1898 5548 ad
1923 5474 2078 5548 Men-

494 5566 638 5615 nam,
688 5562 810 5618 qua:
848 5562 1010 5618 supra
1039 5562 1239 5604 excusa
1272 5545 1359 5604 est
1384 5547 1497 5618 sub
1522 5547 1751 5604 Silverio
1778 5563 1792 5599 :
1834 5545 1897 5618 in
1923 5545 2080 5616 cujus

495 5620 600 5675 tine
630 5615 771 5675 inter
810 5615 947 5673 alios
975 5618 1337 5674 exsecrandos
1379 5617 1663 5674 htnrclicos
1707 5615 2080 5672 condemnan-

493 5691 613 5767 dos
638 5695 926 5767 enumerat
975 5687 1289 5767 dntbimum
1335 5686 1691 5767 Trapezuntis
1736 5685 2080 5767 episcopum.

497 5845 659 5883 causa
683 5826 890 5898 gratias
917 5842 1026 5898 non
1075 5826 1267 5898 egerit,
1296 5826 1404 5883 nisi
1446 5826 1589 5898 forte
1641 5841 1959 5898 persuasum
1983 5829 2088 5883 sibi

512 5894 763 5955 habuerit
807 5895 1095 5955 Silverium
1119 5894 1287 5968 'justa
1332 5896 1601 5956 sententia
1641 5894 2086 5960 condemnatum,

3212 4775 3277 4848 de
3305 4786 3615 4848 suspectam
3644 4793 3778 4835 esse

2174 4843 2440 4918 Barouins
2458 4843 2756 4918 amabili,
2780 4859 3009 4918 numero
3027 4843 3118 4918 ξι,
3150 4846 3365 4917 probat,
3393 4843 3460 4902 eo
3482 4862 3778 4918 argumen-

2174 4925 2232 4974 to
2261 4914 2450 4982 fretus,
2479 4915 2624 4983 quod
2654 4914 2816 4984 trium
2853 4914 3211 4984 capitulorum
3242 4931 3403 4973 causa
3432 4914 3639 4973 tantum
3668 4934 3779 4973 vo-

2174 4994 2330 5058 catus
2356 4983 2536 5058 fuerit,
2568 5000 2691 5058 eum
2720 4983 3573 5058 Mennaﬁonstantinopolitanus
3600 4996 3777 5058 atque

2176 5057 2419 5129 primat-ii
2441 5054 2676 5129 Orientis
2701 5054 2961 5129 episcopi,
2993 5055 3172 5129 edicto
3199 5054 3485 5129 Iustiniani
3505 5057 3574 5112 de
3594 5054 3778 5129 tribus

2176 5125 2430 5197 capitulis
2455 5125 2771 5183 damnandis
2791 5125 3160 5197 promulgato,
3211 5141 3321 5180 non
3352 5127 3502 5197 prius
3528 5128 3779 5185 subscri-

2172 5198 2306 5254 bere
2329 5197 2551 5260 vellent,
2597 5197 3068 5267 quam_Romanus
3091 5197 3333 5267 pontich
3364 5198 3772 5267 _consensisset.

2174 5267 2406 5338 Putabat
2432 5269 2576 5338 enim
2598 5263 2908 5338 pontificem
2926 5263 3123 5338 quibus
3141 5272 3325 5338 posset
3354 5264 3471 5338 ﬁeri
3495 5266 3779 5338 blanditiis
3805 5287 3835 5334 ε

2177 5332 2618 5403 conciliandum,
2662 5343 2720 5392 et
2764 5348 2875 5390 non
2928 5332 3032 5393 nisi
3086 5332 3384 5392 honoriﬁce
3431 5336 3780 5397 invitandum

2178 5423 2322 5478 esse,
2353 5422 2423 5464 ne
2470 5407 2563 5478 illo
2587 5412 2944 5478 repugnante,
2977 5419 3010 5461 a

2178 5544 2340 5605 natus
2368 5544 2504 5603 irriti
2533 5544 2899 5603 efﬁcerentur;
2928 5544 3082 5602 locu.

2257 5629 2283 5656 ο
2313 5618 2372 5674 ln
2419 5615 2909 5687 Siciliailongiores
2953 5631 3136 5687 moras
3163 5615 3394 5672 traxisse
3434 5613 3778 5687 pontiﬁcem,

2187 5689 2419 5760 indeque
2449 5687 2584 5760 Urbi
2605 5684 2747 5760 liime'
2774 5684 3043 5760 laboranti
3066 5686 3391 5760 frumentum
3412 5684 3453 5741 εἰ
3471 5684 3665 5760 Gothis
3694 5689 3783 5760 in-

497 5757 653 5815 Unde
682 5765 833 5829 patet
862 5757 1009 5826 quod
1053 5757 1173 5828 ipse
1208 5754 1513 5829 imperator
1539 5754 1858 5813 Belisarium
1887 5754 1991 5812 hac
2016 5758 2086 5813 de
2187 5754 2487 5829 temptum
2514 5757 2745 5829 misisse,
2774 5754 2938 5811 tradit
2963 5754 3261 5828 Procopius
3289 5756 3385 5814 lib.
3426 5772 3484 5812 m
3524 5755 3594 5812 de
3625 5755 3821 5813 Bello-

2188 5826 2509 5886 Gothorum.
2539 5826 2688 5884 Ιυειι.

2179 5423 2322 5478 esse,
2353 5422 2423 5464 ne
2470 5407 2563 5463 illo
2587 5412 2944 5476 repugnante,
2977 5419 3010 5461 a
3076 5420 3148 5461 uo
3177 5420 3368 5463 omnes
3395 5404 3636 5463 Orientis
3664 5424 3783 5481 epi-
3820 5444 3835 5457 .

2179 5479 2331 5549 scopi
2351 5476 2748 5549 dependebant,
2781 5474 2850 5530 de
2877 5421 3221 5549 promglgato
3245 5475 3428 5533 edicto
3449 5491 3645 5535 omnes
3675 5495 3780 5535 co-
3812 5488 3829 5501 ”

3932 3518 3938 3547 l

3929 3678 3936 3715 Ι

3924 3893 3932 3931 l

3904 4027 3928 4072 .1

3898 4578 3918 4631 ι]

3900 4655 3918 4705 l

3896 4724 3915 4775 ἱ

3892 4943 3912 4987 1

3891 5077 3910 5127 Ι

3884 5500 3902 5547 Ι

3882 5661 3897 5689 ιιι

3882 5716 3898 5777 η

2270 5861 2991 5971 tu“gilius”:ﬂcln'comitntum
3040 5895 3319 5969 profectus
3363 5905 3555 5953 contra
3592 5899 3837 5953 διευς-ιι
3876 5861 3894 5969 ξ
