3986 6428
550 382 616 437 t5
1958 376 2187 433 victm
2228 377 2429 456 rara:
3774 380 3837 432 ιιι

535 493 741 560 gilium,
771 497 828 547 et
853 494 1070 564 quando
1099 507 1222 549 eum
1244 489 1479 545 voluerit
1507 490 1652 545 Deus
1674 489 1905 545 transire
1925 489 1994 544 de
2021 491 2124 545 hoc
2158 495 2199 551 A
2229 493 2438 564 pultmn
2473 500 2555 547 est
2582 491 2648 547 ad
2676 491 2934 547 Sanctum
2964 491 3297 557 Marcellum,
3326 489 3413 546 via
3446 489 3684 546 Salaria.
3738 488 3835 546 llic

542 582 751 648 seculo,
778 591 1114 640 tuncvestra
1145 565 1508 653 prieceptione
1535 579 1692 635 nobis
1718 578 1952 636 donetur
1977 577 2129 634 Pela-
2242 582 2369 640 fecit
2414 582 2787 638 ordinationes
2835 585 2970 640 duas
3015 598 3115 654 per
3166 597 3409 639 mensem
3457 581 3835 650 Decembrem,

539 675 655 737 eius
677 672 1090 730 archidiaconus
1120 681 1325 728 noster.
1369 671 1527 728 Tunc
1555 672 1760 727 dimisit
1787 687 1978 726 omnes
2003 686 2127 727 eum
2241 674 2591 746 presbyteros
2618 672 2721 742 46,
2754 673 3014 730 diacones
3042 673 3142 740 lli,
3176 673 3464 743 episcopos
3492 687 3590 743 per
3618 671 3835 726 diversa

544 762 755 832 Vigilio.
786 761 1066 817 Venerunt
1091 761 1273 831 itaque
1302 763 1354 816 in
1378 760 1617 816 Siciliam
1647 760 1700 815 in
1729 761 2004 816 civitatem
2025 760 2127 832 Sy-
2245 765 2364 819 loca
2396 779 2623 818 numero
2643 763 2732 817 8|.
2771 761 2836 816 Et
2856 764 3088 820 cessavit
3111 764 3457 833 episcopatus
3481 778 3698 817 menses
3731 769 3842 816 tres

542 866 775 912 racusas.
798 850 1134 922 ubiVigilius
1155 850 1403 916 alllictus,
1420 851 1615 907 calculi
1639 849 1884 905 dolorem
1906 849 2134 917 habens,
2247 854 2366 911 dies
2391 855 2649 926 quinque.

543 954 788 999 mortuus
818 951 903 1000 est
930 953 979 998 ι.
1023 942 1190 1015 Cujus
1233 957 1434 1013 corpus
1476 942 1697 999 ductum
1743 940 1994 1007 Romam,
2044 954 2136 995 sc-

611 1065 637 1093 ει
682 1053 928 1124 Pelagius
968 1055 1230 1110 diaconus
1269 1055 1321 1109 in
1362 1055 1726 1123 suspicionem
1766 1053 1930 1107 occisi
1965 1051 2136 1123 \‘igilii
2169 1051 2425 1116 incurrit;
2455 1064 2640 1103 verum
2670 1047 2905 1116 seipsum
2936 1048 3003 1103 de
3032 1050 3176 1104 illata
3202 1050 3472 1104 calumnia
3496 1051 3839 1120 cxpurgavit,

544 1135 606 1180 ut
630 1135 778 1195 patet
806 1125 941 1181 infra
972 1126 1024 1180 in
1048 1125 1168 1180 Vita
1196 1124 1417 1193 Pelagii.
1447 1127 1576 1180 δεῖν.
1619 1124 1818 1179 Βικιυς.

1536 1291 2208 1406 VIGILII
2280 1291 2820 1404 ΡΔΡΕ

1302 1484 2038 1599 EPISTOL/E
2141 1485 2325 1596 ET
2418 1485 3106 1600 DECRETA.

542 1727 875 1786 ΕΡιδτοιΑ
899 1728 1044 1800 (olim
1065 1725 1131 1797 ll)
1156 1724 1381 1782 VIGlLll
1406 1722 1637 1779 ΑΒΗυο
1661 1719 2132 1778 ΡὸΕυῡθΡΑΡΑΞ
2170 1728 2210 1786 Β
2237 1737 2330 1778 sus
2351 1761 2368 1788 ,
2399 1730 2455 1777 et
2483 1738 2655 1794 usque
2681 1723 2749 1779 ad
2780 1724 2915 1781 lines
2937 1724 3085 1781 orbis
3114 1730 3273 1778 terrm
3304 1723 3468 1779 verba
3498 1738 3685 1778 eorum
3736 1722 3847 1778 dis-

1123 1854 1190 1893 an
1221 1850 1528 1892 eurusnwu
1565 1837 1604 1889 ‘.

825 1953 1058 2009 Eutherii
1089 1947 1550 2008 consultationibus
1579 1947 1874 2019 respondet.

623 2081 647 2110 ⁸
676 2068 1038 2126 Dilectissimo
1068 2065 1096 2106 ιι
1127 2064 1278 2120 fratri
1327 2061 1609 2138 [Euthero]
1648 2061 1908 2117 Eutherio
1941 2069 1964 2101 ε
1996 2059 2143 2130 Vigi-

560 2163 683 2220 lius.

622 2280 865 2336 Directas
874 2277 941 2333 ad
959 2291 1057 2332 nos
1069 2283 1172 2330 tua:
1182 2274 1460 2330 charitatis
1477 2271 1753 2344 epistolas,
1769 2271 1956 2342 plenas
1967 2270 2149 2324 catho-

500 2349 509 2357 ’
550 2359 2151 2439 lica‘inquisitionissollicitudine[etsellicitudiuis],gratan-

550 2470 636 2516 ter
663 2459 1000 2530 accepimus,
1025 2453 1410 2511 benedicentes
1450 2451 1546 2507 Dei
1583 2451 1752 2506 nostri
1781 2451 2146 2517 clementiam,

551 2551 675 2621 quia
707 2550 842 2606 tales
867 2548 923 2603 in
953 2545 1214 2603 extremis
1259 2544 1443 2600 mundi
1486 2543 1730 2614 partibus
1774 2542 2022 2612 dignatus
2066 2552 2150 2598 est

553 2644 666 2698 suis
697 2641 888 2698 ovibus
929 2637 1217 2712 providere
1255 2645 1532 2707 pastores,
1550 2650 1661 2704 per
1686 2649 1824 2704 quos
1851 2641 1908 2690 et
1935 2635 2150 2705 pascuis

555 2734 773 2788 valeant
794 2729 1118 2787 salutaribus
1131 2726 1423 2793 abundare,
1437 2739 1493 2782 et
1513 2725 1581 2780 ab
1602 2725 1805 2796 antiqui
1826 2726 1998 2782 hostis
2017 2725 2148 2799 [ini-

556 2824 649 2895 qni
703 2819 854 2895 lupi]
899 2819 1195 2892 rapacitate
1216 2818 1452 2884 servari,
1481 2825 1542 2872 ut
1568 2816 1791 2873 insidias
1818 2814 1846 2856 ά
1868 2828 2152 2887 nequeant

545 2919 680 2988 ~cjus
709 2915 1074 2986 subreptionis
1101 2914 1397 2969 incurrere.
1446 2910 1603 2967 Unde
1632 2919 1838 2967 certmn
1868 2920 1953 2968 est
1971 2953 1989 2981 ,
2026 2912 2150 2984 quia

558 3009 837 3080 promissae
859 3022 957 3062 vos
982 3004 1327 3062 beatitudinis
1345 3003 1516 3072 gratia
1537 3001 1918 3072 subsequatur,
1937 3003 2151 3073 quando

2246 1822 2416 1879 tensa,
2442 1814 2746 1872 dilectionis
2786 1824 2888 1872 tua:
2922 1817 3085 1872 corda
3105 1815 3322 1870 Christo
3342 1815 3693 1886 probaverim
3718 1830 3846 1868 esse

2244 1905 2462 1973 lidelia;
2516 1913 2693 1961 tamen
2729 1907 2774 1962 si
2821 1906 2947 1978 quid
2986 1922 3056 1961 ex
3094 1906 3178 1961 his
3229 1906 3284 1960 in
3316 1903 3557 1960 Ecclesia
3587 1919 3708 1975 qua:
3742 1913 3847 1958 tua:

2243 1998 2620 2068 gubernationi
2662 1998 2773 2052 Deo
2803 1999 3096 2053 auxiliante
3138 1996 3424 2051 commissa
3446 2003 3577 2061 .est,
3607 1994 3846 2049 necdum

2244 2089 2402 2160 plena
2423 2089 2543 2144 luce
2563 2089 2838 2157 claruerit,
2865 2090 2932 2144 ad
2961 2088 3208 2144 eumdem
3236 2087 3439 2142 fontem
3467 2086 3534 2140 de
3556 2101 3664 2154 quo
3693 2083 3790 2139 illa
3822 2083 3840 2122 ί

2243 2180 2531 2236 salutarius
2572 2190 2814 2235 manarat
2858 2180 3110 2252 lympha,
3143 2177 3447 2244 rccurritis;
3487 2177 3633 2246 quod
3661 2176 3850 2230 debita

2245 2272 2512 2327 charitate
2556 2287 2746 2327 sumus
2773 2271 3050 2343 amplexi,
3097 2269 3224 2342 quia
3272 2267 3593 2324 liducialiter
3638 2267 3848 2327 dehis.

2246 2364 2389 2420 unde
2417 2363 2561 2434 apud
2588 2379 2684 2420 eos
2711 2364 3111 2419 observantiam
3137 2377 3258 2417 esse
3285 2360 3494 2417 dixistis
3515 2360 3850 2429 ambiguam,

2250 2464 2434 2512 nostra
2463 2455 2708 2511 voluistis
2737 2456 3087 2526 responsione
3125 2453 3345 2510 firmari.
3391 2453 3736 2522 Quapmpter
3771 2450 3853 2506 di-

2250 2546 2538 2602 lectionem
2584 2554 2730 2601 tuam
2780 2547 2832 2601 in
2882 2545 3113 2601 Domino
3159 2545 3490 2608 salutantes,
3523 2542 3589 2598 de
3618 2540 3857 2610 singulis

2249 2638 2376 2708 quid
2397 2637 2553 2708 juxta
2582 2638 2904 2694 catholicam
2938 2637 3276 2710 disciplinam
3308 2644 3490 2692 teneat
3531 2634 3855 2706 apestolicm

2251 2731 2396 2786 sedis
2425 2730 2719 2786 auctoritas
2744 2769 2759 2794 ,
2800 2730 3056 2800 subjectis
3086 2740 3112 2779 ιι
3141 2730 3406 2801 aliquibus
3435 2729 3596 2784 etiam
3626 2736 3854 2783 sancta-

2250 2838 2370 2878 rum
2397 2821 2646 2894 capitulis
2686 2822 2992 2891 regularum
3018 2864 3031 2887 ,
3065 2830 3118 2875 te
3147 2820 3416 2876 crtdimus
3446 2817 3851 2874 instruendum.

2321 2913 2366 2970 l.
2399 2913 2476 2969 Ac
2502 2914 2731 2984 primum
2763 2913 2830 2968 de
2859 2914 2943 2968 his
2970 2929 3106 2984 quos
3138 2911 3485 2968 l‘riscilliaua:
3510 2911 3736 2965 lueresis
3768 2908 3857 2963 in-

2257 3004 2449 3060 dicasti
2488 3005 2633 3059 vitiis
2675 3004 2942 3073 inquinari
2966 3047 2982 3073 ,
3011 3013 3199 3059 sancta
3228 3012 3284 3060 et
3321 3003 3678 3060 conveniente
3716 3001 3854 3053 reli-

560 3101 716 3157 vobis
748 3098 1050 3155 ctelestium
1087 3096 1349 3168 perfectio
1396 3095 1760 3151 doctrinarum
1808 3103 1916 3150 tam
1965 3095 2142 3151 votiva
2171 3095 2216 3157 C
2248 3095 2393 3164 gioni
2420 3095 2698 3152 catholica‘.
2718 3112 2814 3152 eos
2840 3095 3197 3152 detestatione
3219 3095 3432 3165 julicas
3457 3092 3487 3131 ιι
3519 3093 3856 3162 arguendos,

557 3193 924 3248 sciscitatione
969 3188 1317 3261 perquiritur.
1368 3185 1635 3258 Scriptum
1664 3194 1750 3242 est
1776 3187 1918 3242 enim
1952 3203 1966 3240 :
2002 3183 2147 3242 Beati

556 3285 642 3354 qui
668 3291 967 3338 scrutantur
991 3280 1283 3336 testimonia
1309 3279 1420 3351 ejus
1446 3296 1463 3334 :
1490 3281 1547 3333 in
1568 3287 1675 3334 toto
1695 3277 1851 3334 corde
1873 3280 2148 3351 exquirunt

557 3393 672 3430 eum
720 3374 892 3446 (Psal.
925 3372 1133 3444 cxvm).
1179 3369 1296 3426 Hoc
1341 3370 1543 3438 igitur,
1596 3368 1762 3425 frater
1810 3369 2146 3436 charissimc,

562 3465 896 3538 propositum
924 3471 1029 3518 tua:
1054 3461 1466 3517 consultationis
1493 3469 1605 3516 tota
1628 3468 1809 3516 mente
1829 3467 2146 3527 tractantes,

564 3557 630 3612 de
662 3566 714 3612 te
749 3568 967 3624 quoque
1013 3551 1300 3623 provenire
1343 3550 1722 3606 contendimus
1765 3549 2148 3624 [conﬁdimus],

562 3649 654 3719 qui
687 3647 927 3716 regulam
955 3644 1235 3701 catholica:
1265 3642 1384 3698 fidei
1418 3643 1606 3698 iisdem
1636 3642 1819 3698 studes
1850 3653 2034 3699 tenere
2059 3660 2152 3698 ve-

560 3740 734 3809 stigiis
759 3738 956 3808 quibus
981 3750 1099 3791 eam
1130 3736 1183 3790 in
1212 3733 1508 3804 apostolica
1539 3733 1641 3789 tlde
1674 3744 1697 3772 ε
1727 3735 2009 3805 cognoscis
2033 3750 2152 3791 esse

564 3830 861 3888 fundatam.
890 3827 956 3882 Et
983 3825 1229 3898 quamvis
1266 3840 1432 3883 sonus
1458 3840 1646 3880 eorum
1692 3831 1806 3880 toto
1834 3826 1966 3881 orbe
1992 3825 2150 3881 diffu-

634 3981 660 4010 ει
701 3970 837 4040 'llzcc
862 3967 1122 4040 epistola
1161 3967 1424 4022 hactenus
1471 3966 1726 4040 inscripta
1767 3964 1868 4040 fuit
1895 3963 2152 4040 Eutherio

561 4043 676 4097 sive
703 4036 1013 4096 Eleutherio
1040 4037 1327 4110 episeopo,
1354 4042 1416 4091 ut
1441 4037 1571 4091 olim
1596 4036 1904 4110 monuimus
1931 4036 1982 4110 in_
2012 4037 2156 4110 notis

563 4113 629 4167 ad
667 4112 1002 4168 Gratianum.
1054 4105 1275 4163 Certum
1321 4113 1406 4160 est
1452 4114 1632 4160 autem
1681 4105 1903 4160 inscribi
1952 4107 2153 4162 debere

561 4182 869 4244 Profuturo,
901 4179 993 4249 qui
1024 4177 1122 4232 fuit
1149 4177 1438 4247 cpiscopus
1462 4174 2021 4249 llracarensi‘saQuod
2044 4193 2152 4249 non

562 4252 740 4307 solum
764 4245 959 4320 probat
983 4245 1278 4320 auctoritas
1303 4245 1650 4320 retustissimi
1679 4246 1881 4320 codicis
1903 4245 2152 4320 Ecclesia:

568 4315 956 4391 Lugdunensis,
985 4317 1078 4391 sed
1103 4319 1266 4372 etiam
1295 4315 1728 4391 C‘ojbcrtiniduo
1756 4317 1943 4391 optimi
1973 4325 2029 4372 et
2059 4333 2153 4391 ve-

566 4384 842 4447 tustissimi
873 4384 1069 4456 signati
1109 4402 1257 4443 num.
1286 4384 1393 4456 498
1421 4393 1479 4441 et
1504 4384 1677 4454 3970,
1707 4385 1760 4440 in
1786 4384 1980 4456 quibus
2007 4389 2151 4442 varia

2249 3189 2340 3260 qui
2363 3188 2434 3244 ita
2459 3204 2518 3244 se
2543 3188 2642 3244 sub
2663 3189 2999 3244 abstinentia:
3022 3189 3286 3244 simulate
3315 3196 3580 3257 pnctextu
3606 3188 3674 3243 ab
3703 3188 3858 3242 escis

2248 3279 2498 3336 videntur
2538 3279 2782 3336 carnium
2827 3280 3147 3336 submovere
3170 3321 3188 3348 ,
3227 3287 3286 3334 ut
3320 3278 3426 3333 hoc
3453 3278 3858 3332 exsecrationis

2247 3371 2426 3440 potius
2454 3371 2634 3426 animo
2661 3387 2822 3441 quam
2853 3371 3158 3426 devotionis
3185 3371 3485 3440 probentur
3511 3370 3753 3425 eﬂicere.
3791 3370 3854 3424 lu

2248 3476 2356 3531 qua
2386 3477 2446 3517 re
2473 3462 2600 3533 quia
2630 3459 3026 3517 nefandizsimis
3053 3460 3363 3517 Maniclueis
3389 3475 3508 3516 esse
3537 3461 3860 3516 consimiles

2251 3556 2639 3626 approbantur.
2666 3554 2810 3625 juste
2855 3554 3075 3611 Patrum
3103 3555 3490 3611 venerabilium
3532 3557 3859 3612 constitutis

2251 3648 2320 3703 ab
2352 3649 2452 3703 hac
2477 3648 2863 3719 superstitione
2908 3646 3008 3702 sub
3055 3645 3416 3702 anathematis
3442 3655 3570 3701 sunt
3596 3645 3859 3700 intermi-

2252 3738 2471 3794 natione
2507 3737 2796 3809 prohibiti,
2839 3737 3053 3808 quando
3086 3735 3104 3775 ί
3143 3736 3343 3807 aliquid
3374 3737 3620 3792 ciborum
3650 3745 3858 3791 conta-

2252 3831 2412 3901 gione
2450 3832 2693 3887 carnium
2735 3831 2964 3886 credunt
3008 3829 3349 3903 [carnalium
3390 3827 3673 3900 creditur]
3723 3844 3862 3886 esse

2251 3969 2664 4055 striss._i.oaisa,
2694 3979 2806 4055 tum
2825 3973 3132 4055 impressis,
3158 3971 3212 4055 in
3235 3968 3430 4040 quibus
3458 3969 3861 4055 caputndeyrio

2254 4049 2402 4096 matu
2435 4040 2690 4097 Romana:
2717 4039 2972 4098 Ecclesia:
3015 4039 3265 4106 habetur,
3301 4056 3461 4110 quam
3503 4039 3593 4094 uni
3617 4039 3858 4110 Golbcr-

2256 4111 2392 4183 tino,
2421 4111 2489 4167 de
2514 4126 2624 4183 quo
2649 4127 2756 4167 non
2802 4113 2935 4168 levis
2968 4113 3206 4183 suspicio
3233 4107 3355 4166 esse
3383 4112 3555 4183 pessil
3582 4109 3636 4163 in
3667 4107 3856 4183 Gallia

2254 4181 2514 4251 scriptum
2532 4180 2736 4245 fuisse,
2767 4191 2824 4236 et
2848 4183 2912 4237 iis
2941 4180 3273 4252 temporibus
3300 4180 3498 4252 quibus
3525 4193 3703 4252 cause
3727 4181 3856 4248 epi-

2255 4249 2542 4320 scoporum
2571 4252 2955 4320 appellantium
2981 4249 3164 4308 sedem
3193 4249 3544 4321 apostolicam
3572 4249 3859 4321 discepta-

2255 4317 2473 4391 bantur,
2503 4317 2798 4391 prmsertint
2826 4322 3119 4378 inclinante
3143 4317 3341 4391 seculo
3370 4335 3535 4391 nono,
3553 4318 3651 4391 sub
3679 4317 3856 4391 Nico-

2256 4390 2397 4461 laorl
2433 4389 2598 4461 papa,
2631 4399 2688 4445 et
2727 4400 2914 4461 postea
2944 4391 2998 4446 in
3029 4406 3190 4447 causa
3221 4390 3470 4461 Cerberti
3503 4389 3857 4457 llhemensis,

561 4454 1206 4532 istiusepistglzecapita
1251 4454 1558 4532 referuntur
1604 4470 1693 4532 ex__
1722 4454 1950 4525 epistola
1995 4473 2148 4527 papa:
2179 4467 2227 4526 ι)
2255 4454 2537 4532 desinente
2564 4454 2940 4532 fereidecimo.
2983 4461 3123 4532 Fieri
3146 4461 3306 4532 enim
3353 4458 3509 4514 facile
3536 4461 3750 4532 potuit,
3788 4454 3858 4513 ut

560 4524 838 4602 Vigiliiad
883 4524 1227 4602 Profuturum
1266 4527 1600 4602 episcopum.
1656 4524 1923 4602 l‘rmterea
1971 4524 2149 4602 exstat

565 4596 771 4674 intcgra
794 4615 922 4674 cum
961 4599 1066 4654 hac
1093 4597 1282 4674 eadem
1302 4596 1675 4674 inscriptione
1695 4596 1989 4674 _i_u__o;_timo
2018 4599 2147 4674 item

561 4681 618 4728 et
644 4665 1016 4740 antiquissimo
1044 4668 1232 4724 codice
1255 4666 1360 4740 ua
1387 4665 1626 4735 ejuSdem
1656 4666 1997 4740 bibliothecae
2018 4667 2147 4740 Q0!-

561 4735 816 4808 hertinai;
855 4741 909 4796 in
942 4754 1051 4809 quo
1068 4748 1270 4809 _tamen
1308 4738 1463 4794 deest
1498 4745 1658 4807 caput
1685 4735 1753 4792 de
1779 4737 2011 4809 primatu
2041 4737 2150 4793 llo-

561 4827 736 4868 manm
766 4806 1036 4866 Ecclesim.
1067 4806 1134 4862 Et
1160 4823 1292 4863 sane
1321 4823 1444 4864 cum
1472 4806 1667 4862 caetera
1699 4806 1874 4876 capita
1904 4806 2146 4864 referan-

559 4893 651 4937 tur
671 4883 875 4951 integra
896 4881 951 4936 in
972 4879 1160 4951 codice
1179 4877 1284 4951 408
1303 4876 1615 4951 Colbertino
1635 4877 1762 4951 etin
1789 4876 2145 4951 Lugdunensi,

563 4952 723 5007 iidem
774 4946 952 5006 tamen
1000 4965 1106 5004 non
1137 4948 1338 5004 habent
1364 4961 1486 5017 qua:
1513 4946 1580 5002 de
1608 4947 1841 5016 primatu
1889 4948 2145 5004 Rotnaua:

560 5021 816 5078 Ecclesia:
845 5019 1114 5075 adduntur
1135 5018 1187 5072 in
1215 5018 1536 5073 collectione
1563 5032 1682 5087 qua:
1708 5017 1922 5087 prmfert
1947 5034 2142 5074 nomen

561 5032 816 5078 Ecclesia:
845 5032 1114 5075 acuuntur
1135 5034 1187 5072 ιιι
1215 5032 1536 5073 conecuone
1603 5033 1682 5072 ua:
1708 5032 1922 5087 praetert
1947 5034 2142 5074 nomen

561 5090 776 5147 lsidori.
818 5089 990 5158 Porro
1019 5088 1218 5143 diserta
1257 5032 1596 5158 epistolicaﬂ
1623 5084 1964 5143 Profuturum
1995 5104 2145 5144 men-

561 5164 636 5217 tio
654 5168 742 5217 est
771 5161 825 5217 in
858 5157 1024 5228 gestis
1051 5157 1265 5213 concilii
1298 5156 1461 5227 primi
1489 5156 1856 5228 Braearensis,
1888 5158 1979 5213 ubi
2006 5159 2145 5214 dici-

561 5243 649 5286 tur
674 5226 883 5302 scripta
904 5228 980 5302 ad,
999 5226 1475 5302 interrogationem
1510 5226 1627 5295 ejus
1648 5236 1750 5302 ,_et
1780 5237 1998 5302 propter
2026 5244 2148 5300 pro-

560 5296 820 5358 lixitatem
848 5299 1012 5373 gestis
1040 5298 1377 5373 minime_est
1401 5298 1621 5353 inserta.
1667 5296 1861 5373 Dedin
1880 5296 2065 5355 autem
2094 5307 2151 5356 et

559 5386 703 5428 anno
731 5367 990 5438 quo’data
1016 5377 1103 5424 est
1132 5368 1321 5425 inutile
1348 5383 1474 5423 reor
1500 5382 1618 5424 esse
1637 5367 1681 5422 si
1709 5367 1997 5438 disputem,
2027 5385 2149 5425 cum

559 5458 626 5496 es
656 5438 846 5497 codice
872 5440 1186 5496 Colberlino
1237 5445 1452 5496 constet
1479 5438 1732 5507 scriptam
1763 5453 1884 5494 esse
1910 5454 1977 5494 eo
2005 5453 2150 5495 anno

559 5527 668 5576 quo
697 5510 932 5567 Joannes
956 5511 1140 5579 consul
1171 5507 1429 5579 fuitpost
1453 5507 1790 5579 Belisarium,
1819 5508 1870 5563 id
1894 5519 1982 5564 est
2005 5524 2148 5565 anno

564 5579 684 5635 538.
718 5579 964 5635 Baluzius
990 5580 1044 5633 in
1071 5577 1223 5634 Nova
1252 5577 1451 5634 Cbncil.
1480 5578 1689 5633 Called.
1730 5579 1800 5632 At
1836 5579 1996 5647 longe
2031 5594 2147 5633 ma.

563 5649 646 5716 iur
675 5651 804 5706 lides
843 5647 1091 5705 habenda
1131 5649 1354 5718 reliquis
1404 5648 1655 5704 omnibus
1705 5648 1998 5714 codicibus,
2031 5657 2142 5707 tum

562 5736 688 5774 mss.
718 5718 1104 5790 antiquissimis
1127 5716 1415 5789 Hispania,
1447 5719 1575 5774 visis
1602 5725 1657 5773 et
1684 5719 1895 5774 collatis
1918 5720 1989 5775 ab
2016 5719 2141 5775 illu-

2290 4531 2341 4585 ui
2366 4531 2620 4588 adversus
2642 4526 2988 4586 llincmar’um
3017 4530 3422 4586 Lauduncnsem
3445 4543 3509 4584 ac
3536 4527 3855 4583 Rhotadmn

2292 4600 2692 4656 uessiouensem
2722 4601 3025 4672 episcopos,
3057 4601 3240 4655 sedero
3269 4599 3636 4672 apostolicam
3654 4599 3857 4672 appel-

2249 4668 2446 4736 lantes,
2475 4672 2686 4741 eripere
2714 4666 2814 4741 ipsi
2853 4666 3191 4727 conabantur
3217 4666 3593 4738 episcoporum
3618 4666 3856 4741 judicia,

2253 4738 2569 4810 truncarent
2601 4738 2885 4810 epistolam
2917 4741 3116 4810 Vigilii.
3141 4741 3377 4794 abscisso
3422 4754 3491 4810 eo
3527 4738 3857 4810 capiteque

2252 4809 2350 4880 ipsi
2393 4806 2792 4880 jugulahautur.
2858 4806 3097 4866 Carfde
3157 4811 3393 4880 Aguirre,
3422 4808 3623 4862 Coucil.
3679 4806 3849 4880 Ilisp.

2252 4877 2290 4950 t_.
2315 4878 2378 4944 ll,
2396 4877 2604 4950 p.278.
2635 4881 2740 4936 Sed
2769 4882 2852 4935 his
2873 4883 3110 4949 omissis,
3129 4877 3267 4935 hanc
3292 4880 3575 4948 epistolam
3600 4893 3632 4932 e
3657 4877 3857 4950 Codice

2249 4946 2562 5020 Colbertiuo
2585 4951 2866 5020 descripsit
2888 4946 3156 5018 Baluzius,
3180 4946 3635 5019 undescqucntes
3662 4946 3855 5002 varias

2250 5018 2510 5092 lectiones
2530 5018 2915 5092 tleciwpsinms.

2261 5087 2531 5215 thlod.
2557 5086 2796 5149 Colbert.
2818 5132 2834 5158 ,
2869 5090 3070 5146 Dilecto
3110 5089 3263 5161 fratri
3294 5087 3576 5160 Profuturo
3601 5086 3853 5158 ιιρξεεορο

2364 5179 2378 5214 ι
2402 5178 2502 5215 ius.

2309 5177 2502 5217 ισιιηιε.

2328 5177 2502 5232 gums.

2327 5242 2349 5302 εξ
2384 5230 2516 5302 Cod.
2549 5228 2722 5288 Vatic.
2762 5231 2961 5302 Palat.,
2992 5229 3293 5302 Profuturo.

2253 5298 2350 5422 ἀθά
2395 5300 2663 5422 Cuthbert”
2701 5312 2749 5358 et
2777 5301 2842 5356 ab
2885 5301 3066 5370 iniqua
3101 5294 3395 5369 rapacitate
3444 5303 3682 5363 sentam,
3709 5294 3853 5353 insi-

2291 5386 2391 5422 ras.
2421 5385 2453 5422 e
2515 5410 2529 5422 .

2291 5380 2391 5437 tas,
2421 5380 2529 5426 etc.

2326 5449 2351 5511 ἐ
2379 5441 2522 5511 ldem
2552 5440 2698 5504 cod.,
2730 5440 3014 5511 apostolica
3043 5439 3186 5494 sede.

2327 5509 2345 5548 ί
2377 5510 2522 5566 Idem
2547 5511 2693 5577 cod.,
2721 5509 2867 5566 illuc.
2935 5567 2940 5573 ,

2324 5589 2348 5628 8
2379 5579 2557 5646 Colb.,
2589 5580 2847 5635 subiectis.

2320 5647 2347 5689 ιι
2372 5649 2516 5705 Idem
2543 5651 2688 5718 cod.,
2713 5651 2938 5720 judices.

2326 5719 2338 5758 ί
2372 5719 2636 5785 Colbert.,
2675 5718 2740 5773 ue
2765 5719 3083 5792 quando..."
3117 5718 3402 5773 crederent.

631 5835 653 5854 ⁸
687 5834 866 5888 Prima
912 5832 1220 5904 inscribitur
1243 5831 1296 5887 in
1335 5831 1573 5904 editione
1614 5832 1886 5904 Mansiana
1923 5832 2161 5904 Epistula
2190 5835 2366 5904 Vigilii
2405 5849 2558 5904 papa!
2594 5832 2812 5904 nomine
2862 5832 3063 5904 scripta
3096 5833 3164 5890 ab
3207 5830 3540 5903 Eutychiano
3581 5834 3849 5903 quodam,

561 5920 723 5972 quam
748 5904 932 5960 videre
951 5914 1035 5961 est
1053 5903 1106 5959 in
1134 5900 1401 5959 Breviario
1430 5901 1669 5959 Liberali
1697 5903 1837 5960 notis
1867 5900 2246 5963 comitantibus
2262 5900 2619 5975 exscriptam.
2649 5903 2800 5960 Eutr.
