3986 6440
209 533 257 587 Π

1385 516 1733 576 iil’JSTOLJE
1777 513 1864 568 ΕΤ
1904 515 2242 570 DECBETA.

3385 513 3450 570 f8

203 651 421 719 pullulum
457 664 469 697 :
502 645 627 714 quia
675 643 747 698 de
800 642 887 698 his
934 638 1180 694 erunibus
1228 653 1346 706 qua:
1375 637 1439 688 ad
1471 636 1761 689 humanum
1792 638 1837 692 Α
1868 647 1994 700 gare
2025 644 2070 686 ε.
2119 633 2218 700 Qui
2263 633 2307 687 si
2349 633 2399 687 in
2430 648 2614 687 errore
2653 633 3045 702 permanserint
3069 674 3083 701 ,
3125 637 3257 692 socii
3298 637 3452 693 nobis

197 741 312 794 victu
323 753 366 808 ιι)
381 732 758 792 misericordia
777 731 877 787 Dei
889 725 1379 800 contulititribuit],
1395 727 1527 780 nihil
1541 725 1768 780 catholi-

202 835 264 886 eis
282 846 387 884 esse
401 827 675 898 iudicatur
696 823 1058 879 immundum.
1081 820 1174 876 Sic
1194 820 1338 875 enim
1369 819 1546 874 Titum
1573 817 1768 873 doctor

202 919 407 988 gentium
453 915 658 970 Paulus
704 919 900 967 monet
947 909 1264 980 apostolus,
1311 907 1493 962 dicens
1529 926 1541 960 :
1577 906 1768 960 Umniu

202 1008 362 1060 munda
387 1005 620 1072 mundis,
665 1001 1016 1074 coinquinatis
1044 1008 1215 1052 autem
1240 1007 1289 1051 et
1316 998 1610 1068 infidelibus
1639 997 1771 1050 nihil

203 1110 263 1154 est
284 1097 519 1151 mundum
563 1095 704 1150 :sed
729 1093 944 1164 polluta:
989 1099 1108 1146 sunt
1151 1107 1330 1144 eorum
1374 1106 1517 1143 mens
1564 1098 1612 1143 et
1641 1105 1768 1143 con-

202 1190 404 1244 scicntia.
439 1187 608 1241 Deum
638 1186 954 1256 conﬁtentur
977 1199 1032 1238 se
1055 1199 1238 1247 nosse,
1271 1181 1422 1252 factis
1461 1189 1634 1233 autem
1676 1196 1769 1232 ne-

204 1289 331 1353 gant,
359 1278 735 1334 abominabiles
762 1285 812 1331 et
851 1274 1136 1340 increduli,
1168 1281 1218 1326 et
1245 1272 1316 1325 ad
1343 1288 1494 1327 autne
1526 1287 1653 1340 opus
1683 1271 1774 1324 bo—

205 1391 307 1427 num
329 1371 529 1443 reprobi
560 1369 692 1441 (Tit.
726 1367 790 1438 ι).
841 1367 1101 1424 Similiter
1127 1373 1184 1420 et
1210 1363 1318 1418 alio
1346 1364 1401 1418 in
1431 1363 1554 1418 loco
1582 1362 1649 1416 ad
1678 1361 1771 1415 Ti-

205 1463 452 1518 motheum
479 1461 550 1514 de
577 1457 890 1526 huiusmodi
930 1453 1186 1511 cavendis
1213 1453 1490 1508 erroribus
1515 1450 1776 1522 prtedica-

205 1558 300 1620 vit,
356 1555 540 1608 dicens
591 1570 606 1604 :
659 1550 728 1604 In
777 1549 1071 1604 novissimis
1139 1544 1448 1617 temporibus
1516 1543 1776 1599 discedent

199 1645 387 1715 quidam
414 1662 445 1695 a
475 1641 602 1711 ﬁde,
627 1639 950 1692 attendentes
977 1634 1243 1706 spiritibus
1270 1635 1484 1700 erroris,
1505 1642 1555 1687 et
1582 1633 1776 1686 doctri-

201 1738 268 1788 m’s
293 1733 682 1791 diemoniorum,
710 1731 764 1782 in
795 1727 1052 1799 hypocrisi
1081 1725 1398 1796 loquentium
1426 1723 1775 1788 mendacium,

199 1837 240 1878 et
256 1825 584 1877 canteriatam
599 1820 896 1874 habentium
913 1835 1061 1872 suam
1082 1817 1472 1880 conscientiam,
1487 1814 1740 1885 prohiben
1751 1843 1775 1854 -

199 1925 262 1968 tas
285 1911 488 1974 nubere,
517 1920 567 1963 et
596 1909 918 1962 abstinentes
947 1923 979 1960 a
1005 1903 1131 1959 cibis
1167 1921 1294 1976 quos
1324 1902 1462 1957 Deus
1493 1903 1681 1956 creavit
1709 1901 1778 1955 ad

198 2001 571 2074 percipiendum
618 2015 736 2053 cum
784 1997 1072 2069 gratiarum
1103 1995 1306 2048 actione
1331 1989 1591 2062 ﬁdelibus,
1621 2000 1670 2046 et
1699 1991 1778 2045 his
1811 2005 1856 2064 Β

195 2096 272 2163 qui
297 2099 648 2163 regnaret-unt
678 2089 944 2142 veritatem
976 2102 994 2140 :
1023 2087 1144 2156 quia
1185 2083 1355 2138 omnis
1401 2092 1639 2136 creatura
1683 2081 1780 2136 Dei

197 2185 314 2238 bona
332 2191 432 2249 est,
455 2189 505 2234 et
535 2179 670 2233 nihil
697 2177 1056 2248 rejiciendum,
1077 2173 1214 2246 quod
1238 2190 1350 2227 eum
1379 2173 1664 2244 gratiarum
1696 2187 1783 2224 ac-

197 2277 318 2330 tione
351 2272 641 2344 percipitur
685 2267 742 2338 (Ι
770 2267 905 2322 Tim.
934 2267 1032 2335 tv).
1081 2265 1208 2321 Hmc
1251 2265 1413 2334 igitur
1445 2263 1724 2333 sequentia
1756 2273 1782 2300 ι

199 2375 394 2435 patrum
421 2361 819 2418 venerabilium
849 2360 1141 2414 constituta
1178 2355 1490 2425 specialiter
1535 2369 1630 2409 eos
1657 2369 1786 2408 cen-

194 2463 403 2512 suerunt
430 2468 555 2509 esse
578 2449 918 2506 damnandos
953 2449 1044 2518 qui
1074 2490 1089 2516 ,
1121 2461 1244 2502 cum
1273 2446 1526 2502 carnibus
1549 2445 1788 2498 abstine-

201 2553 342 2608 rent,
375 2559 441 2598 ea
469 2556 692 2612 quoque
719 2539 1014 2594 credebant
1041 2554 1160 2594 esse
1190 2536 1428 2602 vitanda,
1459 2551 1579 2605 qua:
1606 2535 1786 2590 carni-

197 2639 286 2691 bus
313 2635 482 2690 fuisse
509 2632 837 2687 videbantur
857 2629 1112 2684 admixta.
1146 2629 1278 2682 Nam
1307 2636 1362 2681 et
1389 2628 1504 2696 ipse
1531 2626 1789 2681 Dominus

195 2733 374 2779 noster
415 2721 578 2777 Jesus
619 2719 866 2775 Christus
895 2718 966 2772 ita
1007 2717 1362 2788 praemonuit,
1399 2716 1582 2770 dicens
1616 2733 1628 2768 :
1664 2713 1788 2769 Non

192 2817 322 2889 quod
350 2817 516 2869 intrat
545 2815 598 2867 in
628 2829 686 2867 os
715 2812 1011 2882 coinquinat
1040 2811 1333 2877 hominem,
1357 2809 1445 2864 sed
1470 2825 1584 2880 quae
1610 2825 1792 2880 proce-

191 2911 314 2964 dunt
327 2909 392 2962 de
411 2924 524 2970 ore,
545 2907 656 2960 lucc
677 2912 798 2958 sunt
807 2919 923 2976 qua:
933 2903 1268 2972 coinquinant
1285 2901 1545 2954 hominem
1570 2898 1786 2971 (Matth.
1851 2914 1856 2919 '

192 3001 302 3070 xv).
345 2997 700 3068 Quapropter
725 3008 829 3050 nec
855 2991 1239 3048 abstinentiam
1278 2990 1390 3046 Deo
1429 2989 1676 3061 placitam
1705 3005 1794 3044 re-

192 3092 516 3163 probamus,
550 3103 655 3144 nec
684 3101 780 3142 eos
809 3086 902 3155 qui
941 3091 1292 3140 exsecrantur
1327 3083 1540 3139 Domini
1575 3090 1792 3138 creatu-

192 3200 304 3238 ram
337 3181 642 3253 recipimus
671 3180 726 3234 in
757 3185 944 3234 nostra
971 3175 1256 3235 societate.

257 3319 320 3373 ll.
349 3319 425 3372 De
446 3315 720 3387 baptismo
736 3312 764 3352 ι’
787 3327 1004 3382 quoque
1037 3320 1061 3351 ο
1089 3309 1406 3366 solemniter
1425 3307 1794 3379 adimplendo,

187 3372 442 3464 similiter
469 3372 603 3476 qdid
645 3372 944 3473 apostolica
972 3400 1057 3456 vel
1083 3395 1323 3456 sanxerit
1338 3398 1424 3453 vel
1439 3372 1800 3452 observetau;
1825 3372 1870 3436 (ἶ

186 3499 434 3561 ctoritas,
468 3498 524 3552 in
551 3493 810 3564 subjectis
841 3504 927 3547 tua
953 3493 1188 3547 eharitas
1215 3489 1495 3546 evidenter
1521 3497 1795 3558 agnoscet.

185 3591 320 3645 Illud
353 3599 544 3645 autem
570 3586 771 3642 novelli
791 3600 912 3640 esse
936 3583 1236 3652 iudicamus
1263 3581 1484 3646 erroris,
1505 3579 1648 3649 quod
1676 3596 1799 3635 cum

181 3683 237 3736 in
269 3681 384 3736 line
414 3679 754 3751 psalmorum
803 3675 874 3730 ab
919 3673 1168 3729 omnibus
1213 3670 1496 3726 catholicis
1531 3687 1600 3725 ex
1647 3685 1800 3726 more

177 3774 401 3828 dicatur
435 3790 449 3824 :
483 3769 668 3824 Gloria
700 3766 854 3820 Patri
875 3805 891 3832 ,
930 3773 981 3818 et
1009 3763 1150 3818 Filio
1175 3805 1192 3832 ,
1237 3771 1288 3816 et
1336 3761 1556 3832 Spiritui
1595 3771 1796 3828 sancto,

175 3865 354 3934 aliqui
379 3905 394 3929 ,
438 3863 580 3917 sicut
631 3859 837 3914 indicas
863 3899 878 3924 ,
923 3855 1182 3912 subducta
1211 3869 1317 3909 una
1346 3853 1550 3925 syllaba
1576 3855 1800 3922 conjun—

170 3957 352 4020 ctiva,
394 3953 704 4025 perlectum
733 3956 1000 4006 conantur
1042 3947 1286 4001 minuere
1326 3945 1643 4000 vocabulum
1681 3943 1798 3998 Tri-

169 4047 400 4110 nitatis,
435 4041 672 4098 dicendo
718 4059 732 4094 :
782 4038 966 4094 Gloria
1010 4037 1201 4102 Patri,
1242 4045 1292 4090 et
1342 4034 1484 4090 Filio
1510 4076 1526 4102 ,
1578 4034 1799 4106 Spiritui

165 4146 373 4190 sancto
401 4131 454 4189 δ.
485 4132 746 4200 Quamvis
775 4144 906 4200 ergo
931 4129 1045 4200 ipsa
1075 4143 1176 4183 nos
1201 4126 1340 4182 ratio
1367 4126 1644 4181 evidenter
1669 4125 1799 4182 edo-

171 4236 329 4295 ceat,
368 4227 504 4298 quia
532 4226 792 4281 subducta
823 4238 928 4278 una
956 4222 1190 4294 syllaba,
1221 4233 1509 4290 personam
1540 4218 1656 4272 Filii
1689 4227 1714 4257 ο
1743 4227 1800 4274 et

166 4319 431 4389 Spiritus
470 4316 644 4372 sancti
675 4330 839 4370 unam
869 4310 1264 4382 quodammodo
1309 4324 1429 4365 esse
1474 4307 1795 4377 designent;

163 4421 370 4466 tamen
399 4410 470 4465 ad
499 4424 739 4464 errorem
766 4406 955 4460 talium
980 4402 1406 4460 convincendum
1432 4403 1627 4460 sufﬁcit
1654 4403 1798 4472 quod

161 4503 458 4557 Dominus
503 4497 659 4554 Jesus
705 4497 952 4553 Christus
1013 4495 1301 4564 designans
1353 4495 1408 4548 in
1459 4495 1800 4550 invocatione

163 4592 484 4647 Trinitatis
539 4588 880 4645 credentium
939 4585 1138 4640 debere
1193 4585 1458 4656 baptisma
1497 4577 1795 4652 'celebrari,

167 4683 320 4737 dixit
350 4701 367 4736 :
402 4681 512 4746 Ite,
537 4680 715 4734 docete
735 4695 911 4734 omnes
938 4685 1130 4748 gentes,
1157 4675 1478 4746 baptiztmtcs
1501 4694 1588 4730 eos
1617 4679 1669 4732 in
1699 4694 1796 4732 no-

162 4776 316 4828 mine
353 4745 566 4838 Patris,
605 4780 654 4825 et
684 4769 834 4836 Filii,
869 4779 918 4824 et
939 4745 1174 4839 Spiritus
1205 4745 1372 4822 sancti
1405 4767 1618 4839 (Matth.
1651 4771 1792 4840 ult.).
1830 4745 1876 4804 D

151 4864 313 4938 Ergo
385 4881 516 4921 cum
566 4879 674 4919 non
732 4863 929 4918 dixerit
962 4881 974 4915 :
1012 4860 1076 4916 In
1105 4863 1311 4915 nomine
1335 4861 1538 4929 Patris,
1565 4872 1615 4916 et
1646 4861 1794 4928 Filii,

152 4956 424 5028 Spiritus
461 4956 638 5010 sancti
673 4954 727 5019 τ,
757 4953 852 5009 sed
886 4953 1182 5021 aequalibus
1219 4947 1654 5008 distinctionibus
1693 4952 1796 5006 Pa-

155 5060 343 5112 trem,
385 5059 447 5103 et
474 5047 693 5114 Filium,
725 5057 782 5102 et
809 5045 1068 5116 Spiritum
1099 5053 1344 5098 sanctum
1369 5044 1592 5114 jusserit
1621 5046 1796 5101 nomi—

157 5141 326 5203 nari,
363 5146 595 5194 constat
638 5138 760 5194 illos
807 5138 1028 5192 omnino
1065 5151 1094 5189 a
1125 5136 1367 5192 doctrina
1405 5135 1674 5191 dominica
1703 5137 1797 5191 de-

154 5229 324 5284 viare
355 5269 373 5291 ,
424 5229 522 5297 qui
559 5227 762 5298 aliquid
807 5225 934 5281 huic
979 5225 1247 5280 voluerint
1283 5225 1608 5281 confessioni
1637 5225 1796 5281 dero-

241 5393 270 5420 ⁶
305 5383 506 5446 Colb.,
539 5383 896 5452 exsequenda.

240 5453 274 5493 δ
333 5455 530 5516 Colb.,
578 5453 660 5506 De
699 5452 954 5522 baptismo
1000 5466 1196 5524 quoque
1242 5463 1606 5505 renascentum
1655 5454 1794 5506 trina

164 5526 457 5578 mersione
493 5524 812 5586 solemuiter,
842 5529 950 5576 etc.

246 5605 274 5632 ι·
325 5595 478 5650 Cod.
517 5593 692 5666 Vatic.
726 5590 938 5666 Pa_lat.,
988 5609 1184 5666 quoque
1234 5593 1610 5647 renascentium
1656 5594 1794 5648 trina

169 5664 546 5720 immersione
575 5663 916 5720 solemnitcr.

243 5734 275 5772 ⁸³
323 5737 524 5802 Colb.,
554 5734 742 5788 Gloria
782 5731 934 5802 Patri
971 5731 1111 5786 Filio
1153 5731 1372 5802 Spiritui
1409 5741 1609 5786 sancto.
1661 5732 1796 5789 Cod.

170 5801 300 5862 Vat.
335 5805 543 5872 Palat.,
576 5805 767 5859 Gloria
801 5801 970 5865 Patri,
1003 5802 1418 5872 Filio,Spiritui
1447 5815 1648 5857 sancto.

249 5887 275 5949 ξ
307 5875 497 5946 Colb.,
531 5871 1032 5949 perso_nam__ifatris
1058 5881 1108 5926 et
1137 5871 1298 5937 Filii,
1329 5880 1437 5927 etc.

241 5946 265 5986 ι
309 5940 500 6018 cura;
531 5940 743 6018 Ῥηινεε
766 5940 1052 6018 Filii,__ctc.

228 6033 258 6071 ε
289 6011 496 6095 (ξυιυς
517 6015 868 6078 subtrahere.
899 6011 1015 6070 Hos
1043 6017 1213 6090 itaque
1248 6023 1334 6074 tua
1373 6014 1598 6069 eharitas
1631 6017 1796 6072 modis

1869 736 1988 775 CSSC
2013 738 2118 776 non
2150 731 2392 792 possunt.

1941 811 2026 866 111.
2054 813 2125 867 De
2137 813 2219 867 his
2240 813 2332 882 qui
2362 813 2524 867 etiam
2559 814 2890 882 baptismatis
2909 816 3079 882 gratia
3101 818 3346 874 salutaris
3367 836 3455 875 ac-

1870 913 2024 974 cepta
2054 905 2195 975 apud
2216 905 2442 959 Ariaaos
2471 905 2663 960 iterum
2693 905 2964 975 baptizati,
2991 907 3270 976 profunda:
3294 926 3455 964 vora-

1870 996 2007 1063 ginis
2037 1004 2161 1048 sunt
2185 1003 2360 1050 morte
2388 995 2639 1061 demersi,
2672 995 2798 1064 quid
2830 1011 2925 1066 per
2950 997 3190 1068 singulos
3217 1001 3456 1068 ordines,

1870 1087 1957 1140 vel
1986 1093 2174 1140 aetates
2203 1095 2608 1142 aDlC‘CCSSOl'Uﬂl
2657 1094 2964 1142 nostrorum
2994 1089 3208 1145 decreta
3234 1107 3457 1148 censue—

1871 1187 2017 1244 runt,
2047 1193 2167 1246 qua:
2195 1178 2478 1248 multiplici
2527 1186 2653 1233 sunt
2697 1178 2905 1248 digesta
2951 1183 3183 1252 ratione,
3213 1201 3244 1240 e
3272 1197 3458 1242 nostro

1873 1267 2070 1322 scrinio
2087 1268 2616 1340 revelatalrelcvata]
2629 1269 2863 1340 capitula
2881 1271 2964 1326 his
2992 1273 3228 1343 subjecta
3255 1276 3459 1333 direxi-

1874 1374 2012 1413 mus.
2045 1358 2104 1413 ln
2146 1360 2340 1428 quibus
2379 1368 2556 1416 tamen
2605 1361 2735 1416 illud
2764 1363 2984 1432 speciali
3010 1365 3271 1423 charitate
3295 1369 3458 1426 etiam

1874 1451 2126 1506 convenit
2156 1452 2463 1516 observari,
2498 1460 2557 1506 ut
2599 1453 2721 1522 quia
2747 1469 2845 1526 pro
2873 1457 3109 1525 peccatis
3136 1459 3381 1527 plurimis
3407 1461 3458 1515 in

1876 1541 2124 1610 gentibus
2171 1541 2424 1612 iniquitas
2463 1543 2551 1597 illa
2586 1543 2858 1608 subrexit,
2892 1546 2943 1599 in
2971 1547 3326 1604 mstimatione
3353 1549 3459 1604 fra-

1878 1630 2146 1685 ternitatis
2193 1639 2296 1685 tute
2325 1631 2658 1702 aliorumque
2709 1634 3021 1702 pontiﬁcum
3051 1653 3149 1707 per
3175 1654 3300 1694 suas
3327 1639 3461 1694 dite—

1876 1735 2030 1776 ceses
2057 1720 2410 1789 relinquatur,
2437 1729 2498 1776 ut
2515 1722 2559 1776 si
2586 1723 2816 1791 qualitas
2837 1733 2892 1794 et
2916 1726 3224 1794 pmnitentis
3251 1727 3466 1784 devotio

1881 1810 2042 1865 fuerit
2087 1813 2384 1882 approbata
2411 1854 2426 1880 ,
2459 1813 2800 1883 indulgentia:
2847 1831 3062 1886 quoque
3110 1819 3350 1874 remedio
3398 1822 3468 1876 sit

1882 1904 2072 1958 vicina.
2108 1903 2346 1971 Quorum
2385 1913 2563 1960 tamen
2607 1907 2976 1963 reconciliatio
3022 1925 3129 1964 non
3178 1925 3274 1980 per
3324 1911 3466 1966 illam

1885 1997 2283 2067 impositionem
2313 2013 2506 2052 mamis
2534 2040 2549 2066 ,
2578 2014 2704 2068 qum
2727 2015 2822 2070 per
2861 2001 3254 2058 invocationem
3299 2006 3468 2060 sancti

1884 2087 2115 2158 Spiritus
2144 2087 2202 2142 lit
2229 2129 2243 2154 ,
2275 2096 2548 2158 operatur,
2593 2091 2686 2146 sed
2716 2106 2814 2160 per
2837 2091 2981 2145 illam
3010 2106 3116 2162 qua
3144 2095 3470 2164 pmnitentia-
3547 2101 3554 2106 '

1885 2177 2086 2232 fructus
2112 2178 2426 2246 acquiritur,
2455 2187 2512 2234 et
2551 2189 2753 2236 sanctae
2779 2183 3171 2240 communionis
3199 2175 3467 2240 restitutis

1887 2269 2268 2341 [restitutione]
2299 2267 2326 2306 ιι
2351 2270 2644 2341 perﬁcitur.

1957 2379 2046 2434 IV.
2097 2380 2174 2435 De
2203 2379 2402 2435 fabrica
2431 2396 2562 2436 vero
2590 2381 2874 2452 cujuslibet
2901 2385 3144 2440 ecclesia:
3171 2425 3184 2450 ,
3225 2387 3269 2440 si
3297 2387 3468 2442 diruta

1889 2472 2048 2527 fuerit
2073 2513 2086 2536 ,
2123 2472 2470 2528 instauranda
2497 2514 2514 2541 ,
2543 2481 2597 2527 et
2624 2474 2669 2527 si
2698 2474 2750 2529 in
2781 2491 2848 2530 eo
2895 2476 3016 2530 loco
3053 2477 3472 2532 consecrationis

1889 2564 2202 2620 solemnitas
2229 2563 2423 2618 debeat
2445 2565 2645 2628 iterari,
2678 2565 2730 2619 in
2759 2581 2868 2634 quo
2894 2567 3199 2621 sanctuaria
3229 2583 3336 2622 non
3364 2565 3472 2622 luc-

1891 2655 2034 2720 rint,
2087 2654 2214 2708 nihil
2241 2653 2544 2724 iudicamus
2572 2654 2790 2710 ol'lieere
2828 2655 2868 2721 ί,
2901 2657 2948 2710 si
2979 2673 3076 2726 per
3101 2672 3221 2712 eam
3261 2659 3478 2712 minime

1892 2758 2027 2812 aqua
2059 2743 2339 2798 benedicta
2371 2744 2724 2818 [cxorcizata]
2747 2744 3021 2814 iactetur:
3045 2746 3170 2815 quia
3197 2761 3480 2802 consecra-

1892 2834 2094 2889 tionem
2123 2833 2408 2904 cuiuslibet
2434 2835 2696 2902 ecclesiae,
2729 2836 2782 2890 in
2803 2851 2908 2906 qua
2927 2835 3157 2907 Spiritus
3185 2837 3356 2893 sancti
3387 2854 3476 2892 ara

1893 2945 2002 2985 non
2031 2929 2250 3000 ponitur
2282 2928 2328 2997 i,
2351 2929 2718 2985 celebritatem
2748 2937 2957 2984 tantum
2985 2930 3183 2986 scimus
3209 2945 3328 2986 esse
3359 2931 3480 2985 mis--

1893 3034 2098 3074 sarum.
2129 3018 2197 3074 Et
2225 3019 2363 3086 ideo,
2393 3021 2438 3076 si
2467 3035 2575 3090 qua
2601 3027 2912 3076 sanctorum
2955 3021 3174 3076 basilica
3215 3037 3245 3075 a
3291 3019 3471 3076 funda-

1894 3109 2092 3166 mentis
2118 3111 2280 3164 etiam
2310 3109 2468 3166 merit
2490 3112 2764 3176 innovata,
2787 3112 2904 3166 sine
2929 3112 3104 3180 aliqua
3126 3111 3481 3173 dubitatione.

1897 3215 2018 3257 cum
2050 3201 2102 3254 in
2132 3217 2195 3255 ea
2225 3202 2508 3256 missarum
2536 3199 2701 3255 fuerit
2727 3201 2998 3256 celebrata
3026 3201 3370 3266 solemnitas,
3404 3211 3486 3256 to-

1901 3291 2007 3346 tius
2034 3289 2388 3346 sanctiﬁcatio
2417 3291 2841 3346 consecrationis
2880 3290 3208 3361 implebitur.
3257 3291 3314 3346 Si
3355 3307 3488 3346 vero

1900 3383 2204 3438 sanctuaria
2250 3397 2370 3452 qua:
2416 3381 2649 3438 habebat
2687 3381 2866 3438 ablata
2903 3389 3058 3449 sunt,
3089 3396 3272 3437 rursus
3299 3397 3488 3436 eorum

1902 3476 2232 3545 repositione
2281 3471 2677 3547 [dispositione]
2725 3483 2780 3530 et
2825 3474 3110 3529 missarum
3149 3473 3485 3529 solemnitate

1902 3567 2258 3622 reverentiam
2287 3564 2728 3622 sanctiﬁcationis
2756 3565 3009 3635 accipiet.

1972 3677 2038 3732 ν.
2071 3677 2275 3732 Pascha
2305 3693 2436 3732 vero
2467 3676 2704 3732 luturum
2735 3693 2866 3741 nos,
2895 3677 2940 3730 si
2983 3677 3123 3732 Deus
3159 3675 3390 3730 voluerit
3439 3690 3489 3728 xi

1901 3766 2249 3824 ealendarum
2283 3765 2306 3802 ι
2339 3766 2601 3822 Maiarum
2633 3765 2722 3821 die
2751 3766 3118 3822 eelebraturos
3146 3781 3265 3821 esse
3290 3779 3477 3835 cogno-

1901 3857 2057 3912 scite.
2098 3855 2351 3911 Ordinem
2381 3857 2596 3926 quoque
2625 3871 2847 3927 precum
2879 3857 2932 3910 in
2961 3857 3275 3912 celebritate
3303 3857 3488 3910 missa-

1901 3961 2018 4000 rum
2050 3945 2194 3999 nullo
2226 3961 2324 4000 nos
2347 3953 2608 4014 tempore,
2640 3945 2784 3999 nulla
2817 3945 3107 4000 festivitate
3129 3946 3489 4014 signiﬁcamus

1900 4039 2100 4094 habere
2127 4038 2352 4112 divisum
2379 4037 2692 4112 [diversum]
2721 4035 2738 4074 ι
2779 4055 2791 4091 :
2823 4036 2918 4093 sed
2944 4051 3158 4108 semper
3185 4037 3375 4091 eodem
3407 4044 3490 4091 te-

1901 4146 2034 4186 nore
2058 4173 2073 4199 ,
2111 4111 2293 4185 oblata
2324 4111 2436 4185 Deo
2465 4143 2686 4184 munera
2717 4143 3057 4185 consecrare.
3111 4127 3334 4194 Quoties
3361 4143 3488 4182 vero

1900 4221 2189 4291 paschalis,
2220 4228 2313 4276 aut
2359 4219 2702 4275 Ascensionis
2731 4218 2964 4286 Domini,
2995 4218 3083 4273 vel
3119 4217 3488 4284 Pentecostes,

1901 4323 1957 4370 et
1986 4313 2317 4386 Epiphaniae,
2349 4321 2768 4382 sanctorumque
2791 4310 2886 4367 Dei
2914 4309 3076 4368 fuerit
3103 4310 3309 4382 agenda
3338 4307 3491 4365 festi-

1899 4408 2056 4472 vitas,
2090 4407 2299 4474 singula
2328 4403 2560 4475 capitula
2592 4403 2784 4460 diebus
2805 4412 2928 4474 apta
2957 4401 3350 4473 subiungimus,
3373 4402 3494 4470 qui-

1901 4503 2000 4556 bus
2029 4500 2598 4556 commemorationem
2628 4507 2826 4554 sanctae
2867 4498 3244 4564 solemnitatis,
3275 4507 3375 4551 aut.
3398 4513 3491 4552 eo-

1901 4609 2018 4647 rum
2050 4591 2272 4648 l‘acimus
2296 4632 2311 4656 ,
2343 4606 2571 4662 quorum
2601 4591 2845 4645 natalitia
2876 4590 3217 4646 celebramus
3248 4607 3260 4642 :
3293 4597 3490 4644 caetera

1899 4701 2030 4740 vero
2075 4685 2263 4740 ordine
2310 4691 2571 4738 consueto
2623 4684 3016 4752 prosequimur.
3057 4680 3402 4752 Quapmpter
3437 4691 3494 4736 ct

1901 4778 2069 4848 ipsius
2096 4776 2370 4832 canonice
2400 4775 2572 4845 precis
2602 4782 2804 4828 textum
2850 4773 3144 4829 direximus
3185 4772 3370 4826 subter
3396 4770 3493 4826 ade

1900 4868 2124 4938 iectum,
2149 4881 2309 4935 quem
2335 4865 2470 4932 (Deo
2495 4863 2752 4934 propitio)
2777 4879 2841 4918 ex
2872 4863 3168 4934 apostolica
3201 4862 3492 4918 traditione

1901 4961 2254 5030 suscepimus.
2290 4959 2352 5012 Et
2385 4966 2445 5012 ut
2470 4957 2710 5012 eharitas
2732 4966 2822 5012 tua
2851 4964 3159 5026 cognoscat,
3191 4956 3384 5025 quibus
3409 4956 3490 5009 Io—

1900 5054 1981 5107 cis
2019 5053 2197 5120 aliqua
2249 5049 2628 5104 festivitatibus
2674 5057 2800 5118 apta
2846 5056 3180 5112 connectes,
3229 5047 3492 5116 paschalis

1900 5144 2004 5198 diei
2033 5157 2218 5212 preces
2239 5141 2483 5194 similiter
2513 5138 2716 5213 [simul]
2745 5139 3057 5210 adiecimus.
3087 5138 3183 5194 llis
3205 5139 3370 5208 igitur.
3383 5137 3490 5190 fra-

1905 5234 2170 5290 ternitatis
2199 5243 2302 5288 tute
2329 5231 2659 5302 inquisitioni
2689 5231 2994 5302 responsis,
3027 5230 3191 5286 Deum
3223 5244 3487 5292 nosu'unt,

1899 5391 2132 5447 omnibus
2161 5389 2231 5443 ad
2257 5391 2596 5460 confessionis
2627 5397 2780 5460 recta:
2805 5387 3009 5460 studeat
3049 5387 3307 5439 tramitem
3344 5403 3491 5460 rere-

1899 5480 2035 5516 care.
2097 5460 2248 5524 Quod
2279 5462 2324 5514 si
2355 5455 2507 5530 forte,
2539 5459 2675 5529 quod
2702 5458 2857 5530 absit,
2887 5459 2940 5530 in
2967 5473 3160 5530 errore,
3189 5463 3294 5512 etc.
3350 5455 3486 5512 Cod.

1901 5533 2050 5598 Vat.,
2079 5527 2398 5593 subtrahere,
2428 5527 2620 5583 etc.‘ut
2649 5537 2802 5582 notat
2821 5527 3090 5582 Baluzius.

1971 5601 1998 5639 ιι
2029 5602 2162 5656 Cod.
2191 5600 2340 5665 ναι,
2370 5599 2710 5653 restitutione.

1979 5671 1994 5710 ί
2030 5672 2182 5726 (1011).
2195 5709 2209 5735 ,
2240 5670 2459 5740 efficere.

1977 5742 1990 5792 i
2031 5741 2208 5806 Colb.,
2233 5737 2410 5812 iniqua
2427 5740 2726 5793 sanctuaria
2749 5757 2851 5795 non
2873 5749 3150 5810 ponuntur.
3176 5737 3310 5794 Cod.
3342 5739 3490 5804 Vat.,

1899 5821 2134 5870 sanctum
2166 5827 2281 5864 ara.

1973 5883 1996 5921 ¹ι
2033 5882 2209 5945 Colb.,
2237 5890 2415 5936 octavo
2447 5879 2652 5934 calend.
2679 5879 2813 5937 Cod.
2851 5881 2992 5945 Vat.,
3018 5897 3108 5935 vm
3139 5883 3346 5936 calend.

1977 5952 1995 5993 ¹
2030 5953 2163 6012 Cod.
2193 5951 2340 6020 νειμ,
2372 5949 2647 6005 diversum.
