3986 6390
511 487 582 540 £9
1919 479 2135 538 'v'lGiLll
2177 478 2376 534 ΡΑΡΔΞ
3697 487 3763 540 eo

509 611 762 674 quantum
789 614 1094 672 possumus,
1122 611 1425 664 exoramus,
1449 603 1512 653 ut
1536 596 1782 652 omnibus
1808 593 2083 651 catholicae
2114 595 2159 656 Ᾱ
2187 593 2425 674 cpistola:
2452 593 2610 674 lnijus
2627 594 3052 674 inscriptionem,
3072 609 3232 674 quam
3255 594 3620 674 rn‘ss._codiees
3641 599 3762 674 plu-

514 695 787 764 religionis
810 693 1054 750 ecclesiis
1081 693 1220 748 circa
1249 691 1526 746 universos
1549 730 1564 756 ,
1592 704 1728 760 quos
1758 688 1940 742 ﬁdeles
1979 689 2081 743 sibi

507 785 694 854 cllicit,
723 785 909 856 gratia:
945 799 1056 840 suae
1085 781 1227 838 dona
1273 779 1590 852 multiplicet
1614 819 1630 845 ,
1659 787 1713 835 et
1739 779 1806 834 ab
1836 778 2083 834 omnibus

510 875 714 932 insidiis
741 875 1034 947 spiritualis
1062 875 1232 931 bostis
1272 880 1434 944 atque
1478 872 1706 928 carnalis
1735 880 1958 927 cunctos
1986 886 2082 941 po-

509 970 663 1042 pulos
689 984 818 1026 suos
862 967 1105 1037 redigere
1131 967 1378 1036 dignetur
1405 966 1687 1020 immunes.
1742 963 2081 1032 Signiilcatur

508 1057 919 1133 iSigniﬁcamus]
936 1061 1095 1115 etiam
1121 1059 1400 1115 beatorum
1420 1055 1808 1126 apostolorum,
1829 1055 1914 1109 vel
1940 1071 2082 1108 mar-

507 1162 704 1224 tyrum,
732 1152 871 1208 sicut
895 1166 1174 1223 speramus
1199 1158 1248 1217 ι,
1280 1156 1468 1205 sancto
1495 1163 1594 1203 nos
1621 1147 1836 1202 all'ectui
1865 1154 1960 1201 tuo
1993 1147 2078 1202 di-

507 1245 710 1302 rexisse
736 1243 1006 1314 reliquias,
1037 1250 1421 1313 praesumentes
1445 1239 1600 1295 ﬁdem
1629 1247 1862 1294 vestram
1890 1253 2078 1294 eorum

505 1337 757 1406 deinceps
785 1335 995 1407 plenius
1022 1349 1141 1390 esse
1167 1333 1373 1388 meritis
1399 1331 1751 1400 adjuvandam
1771 1330 1820 1384 δ.

576 1425 660 1481 Vl.
691 1426 748 1482 Si
775 1426 894 1496 quis
915 1425 1200 1496 episcopus
1241 1430 1336 1478 aut
1377 1421 1660 1492 presbyter
1696 1419 1848 1489 juxta
1879 1435 2077 1489 praece—

501 1528 651 1587 ptum
687 1517 898 1573 Domini
927 1531 1033 1572 non
1063 1513 1417 1585 baptizaverit
1452 1513 1505 1566 in
1545 1512 1762 1566 nomine
1804 1509 1994 1579 Patris,
2021 1520 2077 1566 et

502 1609 644 1678 Filii,
671 1617 725 1664 et
747 1607 976 1679 Spiritus
1002 1605 1203 1674 sancti,
1233 1604 1329 1661 sed
1358 1605 1410 1660 in
1450 1619 1552 1659 una
1583 1617 1810 1673 persona
1838 1601 2074 1658 Trinita-

503 1704 590 1770 tis,
617 1711 710 1758 ant
737 1702 790 1757 in
813 1701 1052 1769 duabus,
1080 1707 1172 1754 aut
1200 1699 1251 1754 in
1283 1699 1452 1753 tribus
1478 1695 1716 1766 patribus
1733 1738 1749 1764 ,
1777 1704 1868 1750 aut
1896 1695 1947 1750 in
1979 1698 2072 1751 tri-

499 1793 599 1848 bus
626 1790 769 1858 ﬁliis,
795 1797 888 1846 aut
915 1789 968 1845 in
1001 1789 1169 1845 tribus
1193 1787 1505 1859 paracletis,
1538 1785 1852 1858 projiciatur
1878 1787 1945 1842 de
1973 1785 2069 1842 Ec-

499 1883 658 1937 clesia
687 1881 782 1936 Dei
821 1892 868 1936 ο.

2185 661 2271 716 res
2309 661 2534 716 Baluzio’
2563 661 2892 725 indicarunt;
2937 679 3044 716 non
3089 661 3240 718 enim
3283 663 3554 731 Eutherio,
3606 661 3664 722 ut
3711 668 3764 722 in

2182 732 2370 798 editis,
2417 731 2509 786 sed
2549 731 2832 802 Profuturo
2858 733 3058 786 directa
3087 743 3190 800 est,
3217 748 3376 802 quem
3406 735 3578 788 vimm
3607 751 3761 790 eum-

2183 802 2304 855 dem
2334 817 2453 856 esse
2480 802 2788 872 episcopum
2819 801 3217 867 Bracarensem,
3239 801 3335 872 qui
3365 811 3524 860 atate
3550 805 3639 859 illa
3659 806 3763 861 ﬁo—

2182 872 2366 942 rebat,
2383 887 2451 925 ex
2477 872 2579 926 boc
2604 871 2790 942 nostro
2810 880 3067 942 excerpta
3100 881 3273 926 ratum
3304 871 3575 942 ﬁxumque
3603 882 3764 930 tene-

2182 957 2320 994 mus.
2345 940 2472 1006 Qua:
2497 957 2640 1010 vero
2668 941 2734 995 de
2761 941 3008 1010 baptismi
3046 941 3292 1005 formula,
3328 950 3384 996 et
3420 940 3764 999 deeeclesiis

2181 1009 2556 1084 consecrandis
2596 1009 2916 1084 inAep‘itoine
2953 1011 3050 1084 hac
3081 1011 3444 1084 continentur,
3475 1011 3763 1084 desumpta

2182 1079 2341 1152 plane
2369 1079 2630 1152 fuisseex
2655 1079 2682 1151 ᾗ
2711 1079 2768 1152 72
2805 1088 2860 1133 et
2874 1079 2920 1152 __4
2964 1081 3202 1152 ejusdem
3233 1081 3486 1150 epistolae,
3534 1079 3760 1152 qum-in

2182 1149 2340 1202 editis
2380 1149 2450 1202 ad
2505 1149 2808 1204 Eutherium
2852 1150 3055 1203 directa
3107 1149 3320 1217 legitur,
3353 1165 3422 1204 ex
3465 1149 3761 1207 collatione

2182 1218 2457 1286 utriusque
2493 1219 2890 1284 convincimur;
2939 1234 3242 1288 quanquam
3283 1222 3524 1288 excerpti
3567 1231 3761 1276 auctor

2180 1288 2598 1359 emendatiorem
2629 1289 2765 1342 forte
2795 1298 2848 1342 et
2879 1290 3045 1354 magis
3075 1289 3336 1359 integrum
3363 1288 3598 1346 codicem
3635 1292 3758 1359 epi-

2178 1356 2434 1429 stolarum
2468 1357 2638 1429 Vigilii
2669 1366 2884 1429 nactus,
2915 1359 3221 1429 sanctiones
3261 1358 3374 1414 illas
3403 1360 3560 1429 paulo
3596 1356 3762 1414 aliier

2175 1441 2241 1498 ac
2294 1425 2666 1498 Iertrepistola
2725 1428 2935 1495 vulgata
2986 1429 3054 1498 ad
3069 1425 3418 1498 ,Eutlierium'
3465 1431 3754 1498 expressit.

2177 1494 2304 1560 Quae
2347 1494 2487 1552 dein
2509 1497 2561 1551 in
2591 1494 2836 1564 epitome’
2865 1497 3104 1552 succedit
3134 1499 3340 1552 sanctio
3376 1497 3445 1552 de
3496 1494 3646 1554 terna
3697 1502 3757 1553 in

2175 1565 2442 1634 baptismo
2491 1568 2796 1631 mersione,
2842 1582 2909 1638 ne
2937 1567 3120 1638 verbo
3159 1566 3373 1638 quidem
3425 1567 3475 1638 in
3523 1569 3755 1638 epistola

2175 1644 2662 1707 commemoratur;
2695 1652 2815 1691 cum
2847 1636 3077 1690 vicissim
3123 1636 3274 1707 plura
3315 1636 3588 1692 contineat
3632 1641 3754 1707 epi-

2173 1703 2310 1778 stola
2354 1719 2580 1778 quorum
2645 1720 2716 1778 ne
2776 1707 3050 1778 vestigium
3103 1703 3320 1778 quidem
3370 1707 3425 1761 in
3467 1703 3752 1778 excerpta.

2179 1719 2310 1757 stola
2393 1720 2580 1759 uorum
2645 1720 2716 1760 ne
2776 1719 3050 1774 vestigium
3143 1719 3320 1759 niuem
3370 1721 3425 1761 in
3467 1719 3752 1778 excerpta.

2179 1771 2329 1830 Unde
2354 1719 2546 1845 (iacilis
2573 1775 2910 1842 conjectura,
2943 1721 3224 1845 episto1am
3255 1775 3398 1829 illam
3417 1816 3432 1843 ,
3465 1792 3571 1831 non
3611 1779 3756 1832 inte-

2171 1857 2343 1910 gram,
2369 1843 2464 1898 sed
2485 1860 2548 1898 ex
2580 1846 2786 1900 laciniis
2853 1843 3042 1899 luriurn
3072 1845 3414 1914 epistolarum
3442 1856 3753 1902 consertam

2172 1911 2237 1964 ad
2277 1929 2376 1966 nos
2418 1917 2746 1967 pervenisse.
2778 1861 2848 1967 Id)
2873 1924 2998 1967 ante
3027 1929 3110 1967 me
3151 1914 3504 1967 subodoratus
3549 1924 3629 1967 est
3672 1916 3749 1967 cl.

2172 1911 2376 1983 adnos
2418 1917 2746 1983 pervenisse.
2778 1911 2832 1968 ld
2873 1924 2998 1969 ante
3027 1911 3121 1968 me
3151 1914 3504 1969 subodoratus
3549 1924 3629 1970 est
3672 1916 3749 1971 cl.

568 1972 676 2030 Vll.
726 1971 863 2029 Nulli
903 1972 990 2030 vel
1037 1973 1266 2029 tenuiter
1309 1971 1584 2039 sentienti,
1614 1970 1700 2026 vel
1727 1968 1954 2040 pleniter
1981 1985 2060 2024 sa«

2173 1961 2438 2048 Baluzius:
2473 1985 2562 2050 qui
2605 1985 2655 2038 in
2701 1983 3012 2039 Colbcrtino
3038 1984 3223 2038 codice
3251 1985 3419 2039 multo
3445 1985 3752 2040 breviorem

495 2065 661 2134 pienti
688 2062 904 2120 dubium
929 2071 1031 2130 est,
1058 2062 1201 2132 quod
1220 2061 1455 2118 Ecclesia
1479 2061 1718 2116 Romana
1747 2060 2066 2114 fundamen-

496 2163 607 2210 tum
636 2163 693 2212 et
717 2153 886 2209 forma
906 2155 979 2210 sit
1003 2154 1380 2220 Ecclesiarum,
1407 2169 1438 2207 a
1457 2168 1566 2222 quo
1591 2168 1779 2208 omnes
1799 2151 2068 2207 Ecclesias

491 2244 808 2314 principium
846 2245 1138 2314 sumpsisse
1177 2259 1338 2300 nemo
1365 2253 1514 2299 recte
1550 2243 1880 2298 credentium
1910 2245 2064 2313 igno-

490 2343 592 2390 rat.
645 2333 906 2402 Quoniam
961 2334 1089 2390 licet
1108 2333 1344 2389 omnium
1372 2333 1738 2404 apostolorum
1783 2349 1882 2403 par
1922 2343 2067 2389 esset

489 2427 703 2494 electio,
731 2426 892 2482 beato
921 2433 1098 2480 tamen
1127 2423 1290 2480 Petro
1319 2439 1634 2480 concessum
1665 2432 1746 2478 est
1774 2432 1832 2479 ut
1858 2425 2066 2480 mter-is

486 2517 890 2589 przeemineret;
941 2517 1083 2573 unde
1119 2525 1175 2572 et
1198 2514 1410 2587 Cepbas
1447 2525 1673 2572 vocatur
1695 2557 1711 2584 ,
1742 2517 1869 2586 quia
1903 2527 2066 2587 caput

486 2619 570 2666 est
597 2619 652 2666 et
680 2610 994 2682 principium
1025 2609 1263 2666 omnium
1311 2609 1676 2680 apostolorum
1709 2629 1722 2664 :
1755 2619 1811 2666 et
1837 2611 1982 2682 quod
2010 2613 2063 2668 in

485 2704 661 2774 capite
678 2704 967 2775 prmeessit,
983 2703 1035 2758 in
1066 2701 1319 2758 membris
1341 2703 1492 2772 sequi
1507 2717 1730 2759 necesse
1753 2711 1851 2759 est.
1865 2703 2062 2772 Quam-

485 2795 670 2850 obrem
701 2803 886 2850 sancta
916 2793 1155 2849 Romana
1199 2790 1440 2847 Ecclesia
1480 2792 1596 2864 ejus
1635 2794 1829 2849 merito
1852 2793 2061 2850 Domini

483 2900 619 2942 voce
665 2892 980 2940 consecrati
1027 2893 1083 2940 et
1125 2893 1434 2940 sanctorum
1485 2883 1704 2940 Patrum
1743 2887 2060 2944 auctoritate

483 2975 762 3043 roborata,
793 2975 1078 3045 primatum
1108 2983 1255 3030 tenet
1282 2975 1519 3030 omnium
1550 2974 1942 3041 Ecclesiarum;
1991 2979 2059 3032 ad

483 3083 645 3138 quam
675 3075 782 3122 tam
809 3083 1018 3122 summa
1043 3067 1418 3137 episcoporum
1469 3069 1682 3134 negotia
1706 3108 1720 3133 ,
1761 3077 1815 3122 et
1837 3068 2056 3136 judicia,

480 3167 642 3228 atque
669 3157 919 3227 querela,
965 3172 1125 3226 quam
1155 3166 1209 3213 et
1237 3159 1468 3226 majores
1515 3156 1876 3214 Ecclesiarum
1906 3175 2054 3229 qua:-

479 3251 680 3305 stiones
705 3251 855 3320 quasi
884 3249 951 3304 ad
978 3258 1139 3320 caput
1165 3265 1378 3321 semper
1416 3250 1689 3305 referenda
1728 3260 1873 3306 sunt.
1919 3251 2053 3307 Nam

478 3349 531 3396 et
559 3342 648 3412 qui
677 3358 736 3398 se
760 3342 861 3398 scit
887 3342 1007 3397 aliis
1035 3357 1152 3396 esse
1181 3342 1524 3412 pricpositum
1545 3381 1560 3407 ,
1590 3357 1698 3396 non
1727 3342 1952 3396 moleste
1978 3341 2054 3397 fe-
2079 3324 2122 3382 (ἶ

479 3440 566 3487 rat
591 3433 824 3502 aliquem
853 3447 969 3486 esse
997 3431 1095 3486 sibi
1125 3431 1420 3501 pradatum.
1464 3429 1580 3500 Ipsa
1610 3445 1840 3499 namque
1865 3430 2051 3488 Eccle-

475 3525 553 3578 sia
583 3538 701 3593 qua:
730 3524 897 3594 prima
925 3532 1046 3586 est,
1088 3523 1160 3577 ita
1205 3522 1424 3590 reliquis
1463 3520 1716 3576 Ecclesiis
1754 3523 1894 3577 vices
1928 3539 2052 3578 suas

477 3611 704 3668 credidit
731 3610 1048 3680 largiendas,
1081 3619 1138 3664 ut
1168 3611 1219 3664 in
1251 3619 1455 3677 partem
1483 3611 1590 3665 sint
1620 3618 1820 3665 vocata:
1849 3611 2049 3666 sollici-

475 3701 691 3767 tudinis,
713 3716 818 3754 non
841 3701 891 3754 in
915 3699 1292 3770 plenitudinem
1317 3701 1616 3768 potestatis.
1646 3698 1792 3754 Unde
1813 3701 2050 3756 omnium

473 3791 853 3862 appellantium
883 3789 1232 3860 apostolicam
1255 3789 1462 3865 sedem
1511 3791 1882 3859 episeoporum
1908 3789 2051 3857 judi-

470 3883 572 3945 cia,
603 3888 659 3936 ct
685 3889 994 3936 cunctarum
1025 3880 1284 3949 majorum
1310 3881 1518 3948 negotia
1549 3897 1848 3944 causarum,
1875 3882 2048 3936 eidem

471 3982 668 4029 sach
697 3973 809 4029 sedi
838 3981 1104 4028 reservata
1135 3989 1254 4028 esse
1283 3972 1448 4044 liquet
1480 3991 1492 4025 :
1523 3975 1816 4044 praesertim
1846 3990 1963 4028 cum
1996 3976 2047 4027 in

471 4067 554 4122 bis
599 4067 848 4122 omnibus
890 4067 1008 4136 ejus
1044 4081 1260 4136 semper
1287 4067 1356 4120 sit
1384 4067 1800 4136 exspectandum
1831 4069 2048 4122 consul-

473 4170 620 4227 tum;
667 4160 820 4228 cujus
849 4159 1049 4214 tramiti
1089 4159 1134 4213 si
1161 4157 1282 4228 quis
1309 4159 1528 4212 obviare
1559 4160 1846 4213 tentavcrit
1869 4177 2050 4216 sacer-

468 4251 676 4315 dotum,
707 4263 898 4306 causas
924 4263 982 4304 se
1007 4263 1113 4304 non
1143 4249 1258 4303 sine
1287 4247 1508 4302 honoris
1531 4247 1613 4301 sui
1643 4249 1878 4318 periculo
1907 4249 2046 4318 apud

469 4341 710 4396 eamdem
755 4349 994 4396 sanctam
1043 4339 1226 4395 sedem
1273 4339 1485 4394 noverit
1526 4338 1870 4393 redditurum.
1915 4339 2047 4393 Data

467 4430 703 4486 calendis
729 4429 943 4497 Martii,
966 4428 1257 4485 Volusiano
1290 4427 1394 4501 [ΑΙ.
1447 4426 1752 4483 Vuilisiario
1778 4429 1913 4482 male
1941 4427 1950 4498 |
1995 4436 2050 4483 et

469 4521 677 4578 Joanne
721 4521 852 4578 viris
900 4521 1206 4580 clarissimis
1255 4519 1562 4576 consulibus
1623 4519 1797 4590 (Anno
1839 4519 2049 4575 Domini

471 4616 618 4673 538i.

576 4616 597 4690 )
759 4730 849 4786 EX
888 4728 1218 4786 EPISTOLA
1254 4727 1476 4784 VlGlLll
1516 4727 1717 4782 ΡΑΡᾹΞ

808 4858 878 4896 ΑΒ
912 4853 1264 4896 ριιοιτυτυιιυιί
1301 4853 1701 4896 ημολκεκεει.

746 4951 842 5013 (Ex
866 4951 1117 5014 Supplem.
1157 4949 1308 4999 Mans:
1331 4949 1390 5000 Τ.
1417 4947 1458 5011 i,
1484 4961 1596 5011 pag.
1625 4948 1762 5010 ιιι-ι.)

535 5055 594 5110 ιη
615 5054 834 5109 nomine
857 5051 1054 5117 Patris,
1082 5061 1136 5107 et
1168 5052 1307 5116 Filii,
1348 5060 1404 5106 et
1429 5047 1660 5121 Spiritus
1685 5051 1856 5106 sancti
1883 5051 2045 5108 debet

465 5143 747 5216 baptizari,
774 5158 882 5198 non
903 5143 954 5197 in
970 5143 1186 5197 nomine
1215 5139 1406 5205 Patris,
1433 5139 1570 5204 Filii,
1592 5139 1824 5209 Spiritus
1849 5143 2038 5196 sancti.

465 5237 520 5292 Si
557 5242 762 5289 motum
793 5231 953 5288 fuerit
978 5233 1149 5287 altare
1169 5273 1186 5300 ,
1214 5232 1394 5286 denuo
1421 5241 1768 5285 consecretur
1793 5231 2041 5286 ecclesia.

465 5324 522 5379 Si
574 5325 754 5395 paries
787 5331 1109 5388 renovetur,
1145 5329 1200 5374 et
1228 5319 1398 5373 altare
1449 5334 1557 5372 non
1609 5328 1814 5374 motum
1862 5320 2042 5387 fuerit,

465 5411 809 5470 exorcidetur
833 5411 990 5486 [forte
1009 5405 1370 5479 exoreizetur]
1393 5405 1592 5461 salibus
1614 5415 1842 5480 tantum.
1868 5406 2042 5480 ’l‘erna

465 5507 663 5564 mersio
685 5503 776 5560 ﬁat
795 5505 849 5560 in
877 5503 1166 5574 baptismo.

535 5616 785 5688 Excerpti
811 5611 970 5684 hujus
990 5609 1310 5667 auctoritate
1326 5651 1340 5676 ,
1364 5609 1623 5680 optimam
1653 5623 1771 5664 esse
1792 5609 2044 5664 discimus

539 5841 562 5868 η
597 5827 774 5892 Colb.,
806 5823 1047 5894 speratis.

539 5901 567 5938 ιν
601 5899 698 5955 llic
734 5885 932 5950 desinit
963 5888 1190 5960 epistola
1218 5889 1272 5943 in
1287 5887 1407 5944 cod.
1429 5886 1617 5960 polin,
1649 5887 1942 5960 praemissis
1965 5885 2048 5942 bis

469 5972 642 6027 sorbis
666 5986 682 6024 :
709 5966 842 6019 Deus
867 5971 912 6018 te
935 5957 1240 6016 incolumem
1261 5959 1711 6028 custodiat,frater
1730 5957 2026 6009 charissime

2168 2067 2389 2126 aecum
2430 2054 2460 2126 δ
2491 2051 2523 2106 5
2545 2055 2878 2126 desinentem
2913 2064 3100 2126 nactus
3121 2091 3148 2126 ,_
3171 2063 3356 2126 censet
3402 2056 3582 2110 omnia
3625 2071 3754 2126 qua:

2168 2122 2421 2192 deinceps
2435 2122 2504 2178 'in
2532 2125 2758 2194 vulgatis
2799 2124 3038 2194 ejusviem
3065 2122 3659 2194 epistol:c_sequuntur,'
3681 2141 3749 2180 ea

2170 2194 2461 2265 przesertim
2489 2210 2607 2264 quas
2627 2192 2702 2250 de
2738 2192 2970 2265 primatu
3003 2192 3254 2265 Romana:
3292 2192 3542 2265 Ecclesia:
3569 2210 3632 2265 ac
3679 2195 3753 2250 de

2168 2263 2618 2330 appellationibus
2653 2279 2721 2319 ex
2742 2263 2868 2320 toto
2894 2265 3024 2319 orbe
3050 2263 3115 2318 ad
3147 2279 3265 2318 eam
3305 2263 3648 2319 devolvendis
3690 2265 3749 2319 in

2168 2331 2255 2404 i_l_la
2276 2335 2640 2404 enuntiantur,
2655 2335 2893 2388 addititia
2915 2349 3034 2388 esse
3055 2343 3111 2388 et
3135 2335 3344 2404 penitus
3369 2333 3749 2404 expungenda.

2169 2400 2365 2456 Verum
2411 2417 2510 2457 nec
2548 2403 2746 2459 Baluzii
2781 2404 2953 2460 codex
2982 2400 3241 2473 integrior
3268 2410 3369 2468 est,
3415 2400 3751 2473 cuni—neque

2166 2485 2227 2555 en
2254 2482 2603 2555 repraesentet
2627 2490 2744 2555 qua:
2773 2474 2826 2528 in
2855 2481 3108 2555 excerpta
3138 2481 3340 2555 n‘ostro‘
3344 2473 3606 2555 leguntur,
3639 2489 3752 2528 nec

2163 2539 2232 2594 ab
2266 2539 2686 2598 anacbronismis
2713 2545 2961 2598 immunis
2993 2539 3270 2598 liabeatur.
3301 2539 3586 2596 Baluziana
3621 2552 3750 2598 ete-

2165 2609 2276 2664 nim
2302 2611 2390 2665 illa
2419 2612 2544 2666 data
2572 2623 2656 2668 est
2688 2613 2894 2669 Joanne
2931 2613 2993 2667 V.
3023 2611 3082 2666 C.
3105 2629 3213 2666 cos.
3242 2612 3326 2666 die
3364 2612 3398 2666 ’ὅ
3419 2611 3520 2666 cal.
3545 2611 3746 2676 Iulias,

2165 2691 2522 2752 qumiannum
2576 2683 2680 2737 558
2725 2685 2970 2752 signant;
3025 2684 3079 2738 in
3125 2683 3240 2752 ipsa
3288 2689 3466 2737 autem
3491 2682 3747 2752 epistola

2166 2750 2370 2804 Pascha
2411 2753 2652 2820 proxime
2694 2750 2930 2808 futurum
2970 2753 3022 2807 in
3053 2750 3194 2806 diem
3239 2767 3293 2807 xi
3332 2753 3432 2805 cal.
3477 2750 3748 2807 Maiarum

2163 2821 2489 2892 enuntiatur,
2519 2823 2661 2892 quod
2686 2838 2952 2892 nunquam
2981 2823 3080 2892 sub
3109 2821 3303 2890 Vigilio
3330 2820 3546 2877 accidit.
3575 2821 3748 2878 Forte

2164 2891 2324 2956 igitur
2370 2907 2436 2946 ex
2467 2891 2709 2962 epistola
2756 2894 2824 2946 ad
2875 2891 3218 2946 Profuturum
3261 2892 3480 2962 nonnisi
3534 2893 3750 2962 priores

2162 2961 2476 3032 paragraphi
2508 2978 2674 3031 usque
2717 2962 2781 3017 ad
2819 2963 3060 3032 quintum
3109 2963 3174 3032 in
3209 2960 3368 3017 editis
3396 2960 3743 3032 exhibentur.

2161 3027 2402 3096 Reliqua
2430 3047 2495 3085 ex
2534 3027 2652 3087 aliis
2697 3027 2936 3103 epistolis
2975 3035 3088 3087 sive
3133 3030 3312 3101 Vigilii
3354 3033 3468 3087 sive
3507 3031 3742 3087 aliorum

2159 3109 2339 3153 assuta
2367 3109 2508 3155 sunt.

2230 3169 2468 3242 Denique
2496 3171 2796 3226 addendum
2840 3173 2926 3227 hic
2953 3187 3148 3227 censeo
3176 3170 3452 3242 epistolam
3481 3170 3620 3242 hanc
3638 3168 3749 3242 ίνί-

2195 3239 2266 3292 iiii
2295 3240 2360 3296 ad
2391 3241 2731 3312 Profuturum
2763 3243 2862 3311 legi
2887 3244 2984 3297 sibi
3018 3242 3069 3295 in
3110 3239 3264 3312 plena
3289 3241 3495 3312 synodo
3516 3239 3746 3312 jussisse

2181 3311 2342 3362 ’atres
2372 3312 2581 3366 concilii
2613 3309 2953 3368 Bracarensis
2981 3309 3125 3365 anno
3151 3311 3257 3364 565
3295 3309 3622 3378 congregati.
3659 3309 3742 3364 Ita

2155 3379 2520 3451 enimnlcgitur
2556 3384 2608 3435 in
2656 3383 2789 3436 aclis
2828 3383 3066 3451 ejusdem
3112 3381 3324 3451 concilii
3367 3381 3509 3448 apud
3555 3378 3748 3434 Labbe

2156 3456 2264 3500 tom
2314 3449 2398 3514 Vl,
2430 3452 2533 3505 col.
2576 3451 2696 3515 59.0,
2736 3449 2870 3506 edit.
2898 3452 3086 3506 Venet.
3114 3468 3128 3504 :
3162 3450 3372 3504 Relecta
3405 3458 3480 3502 est
3510 3452 3744 3502 auctori-

2153 3527 2231 3594 tas
2262 3519 2397 3572 sedis
2437 3522 2732 3588 apostolicae
2761 3522 2830 3574 ad
2867 3522 3132 3594 quemdam
3165 3521 3498 3594 Profuturum
3538 3519 3742 3594 directa

2151 3590 2461 3662 episcopum,
2485 3609 2598 3662 qua:
2623 3600 2830 3661 propter
2859 3590 3208 3662 prolixitatem
3237 3590 3316 3662 his
3346 3591 3500 3659 gestis
3525 3591 3742 3662 minime

2151 3667 2226 3731 est
2275 3657 2508 3731 inserta:
2534 3660 2591 3715 In
2624 3657 2690 3716 ea
2719 3657 2868 3716 vero
2897 3661 3123 3731 epistola
3151 3657 3382 3731 regulas
3423 3657 3740 3731 conferendi

2152 3728 2421 3794 baptismi,
2455 3739 2507 3785 et
2549 3732 2724 3786 missis
2757 3728 3091 3787 celebranda:
3117 3729 3278 3784 ritum
3305 3729 3568 3783 contineri
3604 3743 3743 3783 con-

2153 3799 2255 3850 cilii
2288 3798 2527 3866 ejusdem
2563 3799 2742 3856 Patres
2780 3801 2831 3855 in
2863 3801 3154 3856 canonibus
3181 3799 3215 3852 4
3249 3808 3306 3854 et
3335 3797 3366 3850 5
3393 3796 3740 3866 signiﬁcant;

2150 3883 2268 3934 qum
2293 3885 2422 3923 sane
2449 3869 2554 3924 duo
2586 3872 2637 3924 in
2663 3887 2713 3940 e,
2735 3870 2889 3925 istola
2923 3869 3093 3938 Vigilii
3123 3885 3241 3925 sese
3268 3867 3518 3924 oﬁ'crunt.

2299 3979 2709 4037 TESTIMONIA
2747 3980 3195 4050 ANTIQUORUM
3234 3978 3561 4037 CANONIJM

2608 4113 2709 4154 PRO
2747 4114 2906 4152 τιιιΜ
2935 4112 3273 4153 IIIERSIONE.

2215 4207 2296 4246 Ek
2351 4205 2641 4248 CONCILIO
2682 4205 3166 4261 APOSTOL'IRUM,
3211 4205 3448 4248 τιτυιο
3493 4205 3649 4248 χιιι

2519 4289 2612 4351 (lix
2645 4304 2764 4340 nova
2801 4289 2984 4339 Daluzii
3016 4289 3363 4352 Callectione.)

2797 4373 3172 4390 -——-———

2305 4411 2454 4479 Quod
2477 4413 2532 4469 in
2561 4416 2767 4470 nomine
2797 4415 3067 4469 Trinitatis
3094 4415 3275 4469 debeat
3299 4414 3574 4483 baptizari.

2221 4505 2278 4560 Si
2311 4506 2432 4576 quis
2459 4506 2745 4576 episcOpus
2783 4513 2875 4560 aut
2904 4505 3182 4576 presbyter
3223 4505 3376 4575 juxta
3407 4513 3738 4577 pucceptum

2152 4596 2362 4651 Domini
2389 4610 2496 4651 non
2519 4595 2873 4666 baptizaverit
2900 4596 2954 4650 in
2984 4595 3200 4650 nomine
3229 4593 3420 4661 Patris,
3436 4603 3491 4650 et
3518 4595 3661 4662 Filii,
3685 4606 3740 4651 et

2073 4684 2126 4743 D
2149 4685 2380 4755 Spiritus
2411 4685 2602 4751 sancti,
2647 4685 2741 4740 sed
2790 4687 2842 4739 in
2873 4685 3044 4740 tribus
3084 4684 3201 4740 sine
3245 4685 3396 4739 initio
3433 4685 3735 4756 principiis,

2151 4784 2243 4830 aut
2279 4776 2334 4830 in
2374 4775 2544 4832 tribus
2571 4774 2710 4841 ﬁliis,
2743 4783 2835 4829 aut
2868 4776 2923 4830 in
2955 4775 3122 4830 tribus
3152 4775 3470 4844 paracietis,
3513 4775 3738 4846 abjicia-

2151 4876 2258 4922 tur.

2565 5004 2644 5044 ex
2696 5003 2936 5056 nonan,
2981 5002 3212 5044 TlTL‘LO
3258 5001 3314 5042 ι.

2151 5080 2300 5146 Quod
2334 5099 2438 5136 non
2477 5082 2657 5136 deceat
2705 5098 2810 5152 una
2848 5082 3034 5136 mersio
3071 5081 3124 5135 in
3158 5080 3461 5149 baptismate
3485 5083 3636 5152 quasi
3683 5085 3737 5138 in

2571 5162 2736 5207 morte
2775 5151 2985 5207 Domini
3013 5153 3300 5220 provenire.

2219 5244 2276 5298 Si
2305 5244 2424 5314 quis
2452 5243 2738 5312 cpisc0pus
2763 5249 2856 5296 aut
2904 5242 3185 5312 presbyter
3213 5257 3318 5296 non
3348 5239 3544 5294 trinam
3585 5257 3737 5297 mer-

2145 5335 2352 5390 sionem
2382 5333 2538 5388 unius
2563 5331 2802 5403 mysterii
2832 5331 3088 5394 celebret,
3121 5329 3215 5386 sed
3243 5329 3408 5384 semel
3437 5339 3649 5400 mergat
3683 5333 3738 5387 in
3821 5383 3830 5392 ,

2147 5427 2466 5496 baptismate
2483 5422 2628 5492 quod
2648 5423 2764 5478 dari
2794 5422 3004 5478 videtur
3025 5423 3078 5476 in
3101 5420 3312 5476 Domini
3341 5431 3538 5488 morte,
3563 5423 3737 5494 depo-

2147 5525 2324 5570 natur.
2351 5514 2465 5568 Non
2495 5512 2636 5566 enim
2665 5511 2799 5565 dixit
2825 5511 3079 5565 Dominus
3105 5526 3119 5562 :
3145 5509 3210 5563 In
3233 5517 3396 5564 morte
3411 5525 3529 5564 mea
3562 5512 3738 5580 bapti—

2153 5618 2307 5669 zmc,
2373 5605 2464 5660 se!
2521 5620 2534 5654 :
2589 5601 2784 5655 Euam
2835 5602 3010 5654 docete
3063 5615 3238 5653 omnes
3284 5606 3494 5672 gentes,
3563 5599 3735 5670 bapti-

2159 5811 2298 5867 Data
2329 5811 2522 5878 "enim,
2541 5825 2595 5865 ιιι
2624 5808 3286 5877 calJuL,Flavioloanue
3313 5809 3418 5866 viro
3441 5809 3735 5865 clarissima

2151 5887 2382 6007 caliﬂillfc
2408 5953 2701 6010 abSnlritur
2727 5951 2897 6009 codex
2929 5950 3240 6007 Vaticanus.
