3986 6362
239 377 305 433 ιὶι
1433 372 1788 427 EPlS'l’OLzE

1958 375 2086 429 ἱ)Εο
2101 376 2304 432 RETA.
3467 387 3535 444 "22

245 501 428 545 mites
473 507 563 546 eos
597 461 649 546 in
699 493 913 547 nomine
955 493 1170 558 Patris,
1227 504 1276 548 et
1322 491 1468 559 Filii,
1515 504 1564 547 et
1615 491 1844 562 Spiritus
1873 499 1916 556 Λ
1952 493 2065 559 Dei,
2119 496 2202 549 cui
2252 498 2536 554 serviendo
2575 503 2832 570 regnatis,
2878 510 2934 559 et
2981 505 3255 574 regnando
3298 506 3534 576 servitis,

239 584 436 638 sancti.
462 581 651 636 Amen.

238 685 576 744 EPISTULA
630 692 794 764 (aliut
825 693 936 763 Ill)
992 692 1216 748 VICII."
1266 693 1498 748 ADIIUC
1549 691 1841 749 PSEUDO-

215 789 230 804 ⁸
927 782 1132 838 ΡΛΡΑΞ

625 915 694 952 ΑΙ)
731 914 1012 952 CAESARIL‘II
1053 915 1457 954 ARELATENSEH.

235 979 300 1033 Εἰ
361 983 645 1060 Silreﬁnm
693 988 998 1060 consulenti
1045 988 1110 1041 de
1171 990 1490 1060 injnngcnda
1541 993 1841 1060 ptenitenlia

306 1055 421 1122 regi
471 1055 823 1178 illeodebcrto
859 1060 926 1112 ob
962 1055 1280 1114 incestuosos
1313 1055 1520 1131 nuptias
1541 1055 1841 1116 contractas

305 1141 500 1180 resnon
541 1136 614 1180 et.

395 1143 614 1194 poneret.

306 1215 675 1271 Dilectissimo
702 1219 851 1272 fratri
876 1217 1116 1274 Cmsario
1145 1219 1385 1288 Vigilius.

302 1307 365 1361 Si
386 1323 490 1377 pro
511 1309 894 1366 observatione
915 1313 1212 1368 cmlestium
1239 1313 1612 1368 mandatorum
1645 1313 1838 1368 catho-

234 1399 356 1454 lica:
399 1401 543 1455 ﬁlios
593 1400 843 1456 Ecclesia:
870 1411 1178 1473 opportune
1208 1403 1292 1458 vel
1321 1403 1626 1474 importune
1661 1420 1840 1460 sacer-

231 1490 395 1544 dotes
413 1489 662 1558 singulos
684 1493 841 1546 decet
871 1495 1156 1558 instruere,
1189 1502 1393 1563 quanto
1435 1495 1600 1562 magis
1628 1495 1710 1550 his
1745 1496 1834 1563 qui

231 1577 533 1635 devotione
571 1583 824 1638 laudabili
853 1583 924 1638 de
952 1586 1112 1640 rebus
1140 1585 1240 1640 sibi
1279 1585 1455 1640 dubiis
1497 1586 1563 1639 ad
1601 1586 1837 1640 studium

233 1673 466 1728 veniunt
511 1676 847 1740 consulendi,
893 1679 1223 1748 competenti
1265 1693 1488 1733 necesse
1527 1688 1610 1732 est
1649 1679 1838 1733 ordine

232 1765 612 1835 respondere!
649 1767 783 1823 lline
812 1778 896 1822 est
936 1770 1079 1838 quod
1105 1771 1326 1838 gloriosi
1357 1771 1446 1825 lilii
1479 1771 1645 1824 nostri
1697 1771 1837 1838 regis

1947 585 2171 653 gratiam
2201 585 2479 644 indefessis
2506 592 2789 648 cumulatis
2818 594 3107 665 operibus;
3140 607 3197 652 ut
3228 599 3277 652 in
3307 599 3390 656 his
3417 616 3536 671 quae

1950 675 2100 728 vobis
2129 690 2227 744 pro
2257 677 2565 746 integritate
2591 689 2645 734 et
2664 681 2952 740 devotione
2979 685 3102 742 fidei
3131 697 3324 744 vestra:
3355 689 3536 746 Domi—

1948 781 2046 820 nus
2080 767 2334 835 singulari
2361 770 2559 838 pietate
2593 775 2880 838 concessit,
2911 788 3274 844 agnoscantur
3293 779 3438 852 justo
3472 799 3534 838 ac

1947 859 2334 914 convenienter
2387 861 2618 930 impleri,
2677 879 2838 933 quam
2890 867 3328 934 praedicationem
3372 873 3534 928 docet

1945 950 2232 1017 Apostolus
2283 969 2296 1004 :
2352 949 2487 1014 Quia
2533 957 2700 1009 sancti
2743 973 2835 1025 per
2878 959 3037 1028 ﬁdem
3084 962 3312 1019 vicerunt
3370 982 3531 1038 regna

1945 1038 2132 1108 (llebr.
2166 1041 2262 1113 ιι).
2293 1041 2480 1108 Qualia
2506 1045 2649 1100 enim
2678 1061 2839 1116 regna
2869 1050 2988 1120 plus
3015 1054 3178 1110 armis
3218 1055 3339 1110 fidei
3368 1073 3529 1127 quam

1942 1147 2203 1202 corporea
2233 1133 2546 1192 fortitudine
2571 1137 2830 1208 viceritis,
2856 1141 3018 1196 docet
3049 1143 3377 1203 immensitas
3395 1161 3528 1218 gen-

1945 1221 2076 1274 tium
2126 1221 2488 1292 subjectarum
2513 1267 2528 1292 ,
2569 1241 2688 1296 qua:
2729 1239 2933 1298 quanto
2962 1232 3136 1302 major
3171 1236 3404 1306 assurgit
3431 1254 3532 1293 nu-

1943 1325 2114 1378 mero,
2142 1320 2293 1367 tanto
2319 1315 2527 1384 mystici
2565 1317 2732 1373 solius
2755 1320 2991 1389 perfecta
3023 1327 3338 1393 operatione
3362 1329 3528 1384 mira-

1941 1401 2048 1454 culi
2076 1412 2380 1472 superatur.
2411 1403 2562 1462 Unde
2582 1422 2681 1463 nos
2703 1409 2754 1463 in
2777 1408 3004 1468 Domino
3026 1415 3247 1471 nimium
3278 1421 3530 1476 convenit

1941 1491 2179 1558 gloriari,
2209 1495 2353 1563 quod
2395 1512 2502 1552 non
2532 1499 2863 1570 itnperialem
2891 1505 3086 1574 solum,
3125 1509 3219 1564 sed
3246 1511 3410 1566 etiam
3439 1529 3529 1569 sa-

1941 1583 2270 1638 cerdotalem
2299 1586 2452 1643 vobis
2477 1589 2715 1644 animum
2747 1594 3046 1650 concedere
3061 1613 3157 1652 sua
3184 1599 3528 1658 miseratione

1941 1673 2190 1740 dignatus
2228 1687 2313 1730 est
2344 1695 2357 1730 :
2388 1685 2444 1732 et
2481 1681 2626 1748 quod
2654 1697 2845 1738 omnes
2878 1686 3161 1754 pontiﬁces
3199 1690 3420 1761 antiqua
3474 1694 3524 1748 in

1941 1765 2220 1822 offerendo
2249 1770 2508 1826 sacrificia
2539 1771 2825 1832 traditione
2850 1777 3210 1849 deposcimus,
3239 1795 3528 1840 exerentes

233 1853 607 1910 'l'heodeberti
654 1859 1164 1928 interrogationem,
1213 1876 1317 1929 qua
1366 1877 1464 1916 nos
1513 1877 1610 1931 per
1655 1861 1835 1916 Mode-
1868 1861 1908 1919 Β
1941 1863 1998 1908 ιιι
2044 1858 2364 1914 catholicam
2410 1859 2570 1917 ﬁdem
2598 1863 2856 1936 adunare,
2908 1884 3096 1940 regere
3144 1872 3423 1942 Dominus,
3471 1887 3527 1932 et

230 1945 410 2000 ricum
450 1947 628 2002 virum
657 1949 920 2004 illustrem
957 1951 1189 2019 legatum
1231 1967 1384 2008 suum
1414 1954 1638 2010 credidit
1657 1955 1836 2024 requi-

231 2038 476 2103 rendus,
521 2039 773 2096 duximus
819 2044 1246 2112 amplectendam
1296 2062 1308 2097 :
1351 2049 1400 2100 in
1451 2062 1554 2116 qua
1609 2047 1833 2114 gloriam

227 2144 391 2183 suam
449 2130 726 2187 desiderat
780 2134 1084 2202 informari;
1152 2136 1449 2207 cujusmodi
1519 2141 1832 2210 poenitentia

227 2223 406 2292 possit
448 2222 594 2280 illius
634 2241 864 2297 purgare
890 2229 1176 2296 delictum,
1225 2232 1314 2301 qui
1355 2248 1477 2287 cum
1507 2249 1674 2288 uxore
1724 2233 1832 2288 fra-

231 2315 331 2368 tris
370 2317 457 2370 sui
499 2317 746 2373 illicitum
796 2323 1135 2392 prmsumpsit
1177 2323 1312 2378 inire
1351 2323 1678 2394 conjugium.
1733 2325 1828 2381 Cui

229 2421 332 2460 nos
361 2406 616 2476 equidem
643 2411 822 2465 missis
853 2410 1132 2476 affatibus,
1155 2429 1382 2482 quorum
1414 2423 1654 2470 tenorem
1688 2425 1829 2472 tuam

228 2499 546 2556 fraternitas
573 2502 624 2556 in
666 2502 925 2572 subjectis
950 2505 1217 2574 inveniet,
1262 2508 1364 2563 hoc
1393 2509 1629 2564 indicare
1670 2525 1827 2564 cura-

226 2589 436 2658 vimus,
467 2593 724 2660 quoniam
756 2596 864 2650 tale
901 2598 1246 2652 commissum
1301 2614 1407 2653 non
1449 2615 1614 2669 parva
1653 2601 1830 2655 cordis

225 2677 524 2736 afﬂictione
555 2683 731 2737 valeat
769 2685 998 2755 expiari.
1037 2685 1140 2742 Sed
1166 2688 1290 2756 quia
1322 2689 1480 2760 (sicut
1510 2691 1827 2746 charitatem

225 2777 376 2824 tuam
405 2771 546 2827 bene
575 2789 736 2830 nosse
757 2774 1099 2848 conﬁdimus)
1125 2778 1316 2834 modus
1336 2781 1666 2849 pmnitentite
1691 2797 1828 2850 pra:-

224 2862 462 2916 sentium
494 2865 672 2934 potius
699 2867 1046 2922 sacerdotum
1089 2870 1404 2940 inspectioni
1433 2873 1787 2928 committitur
1809 2917 1823 2940 ,

227 2963 284 3007 ut
306 2952 466 3022 juxta
494 2958 930 3026 compunetionis
959 2961 1207 3016 meritum
1233 2961 1401 3017 venite
1419 2977 1635 3034 quoque
1658 2967 1827 3034 possit

225 3045 492 3114 indulgeri
523 3048 837 3113 remedium,
873 3057 976 3104 tua:
1005 3051 1107 3106 hoc
1137 3067 1206 3121 po
1232 3053 1313 3106 ius
1339 3053 1680 3108 aestimationi
1705 3071 1824 3110 cre-

223 3134 398 3190 dimus
420 3137 852 3206 relinquendum.
879 3139 1218 3214 Quapropter
1246 3143 1482 3198 charitas
1511 3151 1624 3213 tua,
1656 3147 1821 3200 totius

1939 1947 2212 2002 custodire
2260 1957 2375 2004 toto
2421 1952 2555 2007 orbe
2603 1953 2874 2026 dignetur,
2925 1962 3146 2017 summis
3201 1962 3306 2020 hoc
3353 1967 3526 2035 pictas

1940 2047 2119 2094 vestra
2160 2041 2362 2097 viribus
2399 2045 2610 2114 effecit;
2641 2064 2760 2104 cum
2803 2068 2900 2121 per
2939 2070 3128 2112 clunes
3166 2060 3315 2126 regni
3363 2064 3523 2116 vestri

1939 2140 2152 2202 partes,
2183 2144 2239 2190 et
2287 2137 2566 2195 universos
2607 2139 2741 2196 lines
2790 2152 2964 2211 terrae,
2997 2161 3117 2202 eam
3167 2146 3325 2205 fidem
3363 2165 3523 2220 quam

1937 2241 2034 2294 per
2062 2228 2396 2284 venerabiles
2418 2247 2634 2302 semper
2660 2234 2978 2293 Christiana:
2999 2239 3352 2298 confessionis
3375 2244 3523 2313 judi-

1935 2315 2020 2369 cio
2050 2317 2484 2386 complectendus
2518 2319 2809 2391 Nicmnam,
2849 2325 3520 2400 Constantinopolitanam,

1936 2403 2260 2474 Ephesinam
2289 2409 2538 2478 primam,
2564 2412 2660 2466 sed
2690 2421 2745 2468 et
2771 2415 3262 2474 Chalcedonensem
3287 2421 3523 2494 synodos

1933 2503 2146 2550 constat
2181 2497 2722 2569 irreprehensibiliter
2755 2504 3064 2573 solidatam,
3097 2508 3410 2566 inconcussa
3436 2512 3517 2582 ju-

1931 2589 2104 2646 beatis
2128 2608 2262 2662 pace
2282 2597 2510 2662 servari,
2553 2613 2651 2654 nec
2674 2599 2979 2658 Christiano
3006 2619 3332 2678 quemquam
3362 2625 3526 2666 voca-

1933 2683 2060 2738 bulo
2110 2689 2448 2757 nuneupetis,
2500 2691 2590 2760 qui
2635 2707 2695 2747 se
2744 2709 2773 2748 a
2823 2695 3163 2764 prmfatarnm
3192 2692 3520 2772 Synodorum

1933 2773 2138 2830 unitate
2179 2775 2454 2846 sejungit:
2489 2787 2544 2834 et
2591 2781 2683 2852 qui
2713 2780 2877 2838 fidem
2905 2801 3092 2842 earmn
3125 2803 3236 2843 non
3272 2791 3527 2848 omnibus.

1930 2870 2134 2926 vi:lbus
2173 2875 2429 2945 omnique
2473 2877 2714 2934 defendit
2740 2879 2974 2950 adnixa,
3015 2901 3122 2940 non
3170 2887 3520 2957 judicandum

1929 2963 2060 3032 (sed
2095 2963 2206 3032 jam
2231 2963 2527 3032 juJicatum
2557 2967 2604 3041 ')
2649 2972 2828 3040 potius
2869 2976 3206 3033 existimetis.
3255 2978 3354 3036 Cui
3411 2996 3519 3038 non

1927 3073 2058 3128 ergo
2103 3060 2445 3116 sacerdotum
2479 3063 2769 3133 jucundam
2798 3069 3215 3125 exsultationem
3242 3081 3297 3127 et
3325 3075 3515 3142 gaudia

1927 3157 2131 3212 infinita
2161 3160 2435 3228 conciliet,
2465 3161 2610 3232 quod
2655 3163 2911 3218 insertum
2943 3181 3040 3236 per
3081 3167 3174 3222 Dei
3202 3172 3369 3228 nostri
3396 3187 3520 3242 gra-

222 3227 352 3283 t‘acti
401 3231 685 3299 qualitate,
737 3247 802 3288 ae
842 3234 1154 3303 pmnitentis
1200 3235 1366 3306 ipsius
1406 3240 1822 3307 compuuctione
1849 3237 1892 3296 C
1928 3252 2056 3304 (iam
2079 3251 2230 3306 cordi
2259 3227 2440 3308 vestro
2465 3227 2644 3310 lumen
2683 3227 3008 3326 evangelida:
3039 3262 3297 3328 veritatis,
3331 3227 3515 3335 periti-

223 3333 526 3393 perspecta,
549 3323 863 3395 prmdictum
883 3327 1176 3394 gloriosum
1190 3343 1371 3398 regem
1389 3329 1554 3384 tilium
1577 3339 1816 3386 nostrum

223 3423 277 3468 et
295 3415 363 3469 de
391 3418 652 3485 temporis
671 3419 1054 3474 observatione
1075 3435 1182 3474 non
1211 3421 1427 3476 omittat
1455 3423 1742 3491 instruere,
1764 3433 1820 3479 ct

223 3520 288 3559 ne
317 3505 546 3562 ulterius
585 3507 694 3561 tale
722 3505 926 3576 aliqid
954 3518 1326 3579 prmsnmatur,
1353 3511 1617 3566 instanter
1643 3528 1815 3583 expo-

219 3601 352 3649 scat.
379 3594 514 3650 Illud
558 3611 723 3665 quam
752 3598 990 3654 maxime
1017 3601 1448 3669 praecavendum,
1482 3617 1540 3657 ut
1583 3619 1649 3658 ne
1679 3605 1814 3674 ipse,

217 3685 306 3756 qui
336 3687 444 3742 hoc
465 3688 707 3744 noscitur
725 3688 1026 3757 admisisse,
1051 3690 1117 3745 ad
1141 3691 1358 3748 eosdem
1381 3695 1614 3750 vomitus
1633 3713 1815 3751 rever-

219 3787 387 3841 tatur,
417 3780 514 3833 sed
543 3780 728 3836 divisis
756 3782 920 3836 etiam
944 3782 1364 3839 habitationibus
1390 3799 1813 3856 commanentes,

217 3870 284 3922 ab
335 3871 484 3925 omni
535 3873 848 3944 suspicione
900 3876 1170 3930 commissi
1221 3876 1472 3932 facinoris
1528 3879 1816 3935 reddantur

219 3960 503 4016 immunes.
557 3962 819 4019 Dominus
859 3971 913 4020 te
963 3964 1287 4022 incolumem
1318 3969 1602 4032 custodiat,
1651 3967 1817 4026 frater

217 4051 554 4108 charissime.
576 4053 770 4110 Datum
787 4054 956 4126 pridie
974 4073 1238 4113 nonarum
1261 4056 1591 4128 Martiarum,
1611 4061 1817 4120 Joanne

221 4141 332 4196 viro
355 4143 660 4200 clarissimo
686 4147 931 4202 consule.

436 4255 770 4313 EPISTOLA
802 4261 948 4330 (olim
979 4261 1068 4334 IV)
1111 4261 1340 4318 VlGlLll
1378 4261 1580 4321 ΡΑΡᾸΞ

783 4391 852 4430 ΔΙ)
889 4393 1253 4434 JUS'I'INIANUII.

220 4457 356 4547 Dum
397 4459 733 4547 Jusjipianus
785 4467 1068 4547 imperator
1097 4486 1291 4547 eorum
1348 4471 1813 4547 Vigiliolcgitime

288 4532 451 4584 electo
478 4533 636 4601 ﬁdem
679 4532 946 4616 professtts
973 4539 1245 4616 esset,__ille
1277 4558 1342 4594 ea:
1372 4532 1596 4616 hostesin
1629 4532 1810 4616 defen-

286 4617 480 4680 sorem,
504 4618 568 4686 eu:
584 4616 910 4672 persecutore
929 4609 981 4660 in
997 4611 1410 4686 prmdicato‘rent,
1427 4630 1493 4666 ex
1513 4609 1810 4686 blasplt'emo

286 4673 390 4770 in”
413 4675 764 4770 confes‘sorern
835 4673 1088 4770 mutatus:
1147 4682 1203 4734 in
1233 4681 1572 4766 .Authimum.
1601 4673 1813 4770 ejusque

286 4741 522 4823 collegas
583 4745 854 4799 Itwreticos
923 4751 1271 4806 artatisematis
1349 4741 1662 4809 sententiam
1721 4741 1808 4811 in-

289 4820 458 4864 torsit.

285 4899 688 4960 Cloriosissimo
763 4915 818 4962 et
874 4907 1292 4969 clementissimo
1344 4911 1454 4970 lilio
1505 4913 1808 4975 Iustiniano

218 4993 458 5062 Augusto
482 4994 703 5064 Vigilius
732 5001 1040 5072 cpiscopus.

285 5083 507 5140 Litteris
526 5086 826 5144 clementia:
849 5101 1059 5162 vestrm,
1083 5094 1318 5162 glorioso
1343 5098 1459 5154 viro
1483 5099 1590 5156 lilio
1621 5111 1807 5160 nostro

219 5173 498 5231 Dominico
519 5180 815 5236 exconsule
835 5191 996 5251 atque
1023 5187 1248 5254 patricio
1269 5188 1568 5257 deferente,
1592 5203 1806 5250 assueta

217 5269 563 5324 veneratione
581 5273 866 5342 susceptis,
894 5273 1230 5343 jucunditate
1272 5281 1553 5351 multiplici
1591 5284 1808 5340 univer-

216 5357 311 5410 sali
359 5357 614 5416 Ecclesia:
653 5362 998 5431 gaudendum
1039 5383 1160 5422 esse
1215 5373 1608 5441 perspeximus,
1657 5376 1805 5444 quod

215 5446 572 5506 Christianam
603 5453 785 5515 fidem,
816 5470 922 5524 qua
950 5456 1129 5512 divina
1162 5458 1396 5517 Trinitas
1424 5463 1722 5520 honoratur
1751 5477 1806 5522 et

213 5541 426 5608 colitur,
457 5544 510 5598 in
541 5543 696 5600 nullo
725 5543 1060 5616 dissimilem,
1088 5547 1140 5602 in
1173 5549 1319 5605 nullo
1345 5553 1656 5621 permittitis
1685 5570 1804 5612 esse

213 5627 540 5702 discordem;
585 5643 644 5690 et
692 5631 836 5691 hanc
883 5637 1298 5697 clementissimo
1344 5643 1574 5714 imperio
1619 5653 1802 5704 vestro

1922 3344 2193 3398 ciosorum
2246 3353 2408 3416 atque
2442 3346 2814 3404 haereticorum
2843 3349 3152 3420 dogmatum
3199 3365 3360 3412 nocte
3409 3359 3518 3416 dis-

1921 3451 2099 3500 cussa,
2129 3436 2416 3492 universali
2446 3439 2753 3508 resplendet
2791 3441 3084 3499 Ecclesia}?
3111 3445 3263 3502 Absit
3307 3463 3436 3522 ergo
3484 3467 3516 3506 a

1923 3529 2099 3596 nobis,
2131 3537 2190 3584 ut
2216 3530 2361 3600 quod
2390 3533 2640 3588 oumibus
2679 3533 2932 3591 fratribus
2954 3539 3290 3610 coepiscopis
3317 3544 3516 3598 nostris

1919 3623 2448 3693 generare'gaudium
2479 3625 2816 3696 prolitemur,
2843 3636 3086 3684 nostrum
3136 3646 3243 3687 non
3271 3641 3364 3688 aut
3391 3650 3516 3690 cum

1922 3715 2172 3770 omnibus
2201 3715 2490 3770 misceatur
2515 3758 2529 3782 ,
2575 3727 2670 3772 aut
2717 3719 2882 3788 (quod
2938 3724 3107 3793 magis
3149 3723 3367 3792 dignum
3406 3736 3512 3788 est)

1922 3823 2080 3877 supra
2113 3814 2339 3864 cunctos
2367 3809 2620 3864 emineat.
2649 3809 2721 3865 Ex
2751 3829 2855 3882 qua
2881 3829 2958 3880 re,
2987 3815 3308 3874 venerabilis
3339 3819 3514 3890 impe—

1921 3909 2091 3966 rator,
2137 3899 2330 3954 devota
2378 3903 2740 3957 venerationis
2769 3906 3129 3972 gratulatione
3170 3911 3509 3982 suscipimus,

1917 3989 2063 4059 quod
2111 3990 2302 4045 ardore
2340 3987 2481 4058 fidei,
2514 3999 2568 4046 et
2596 3994 2776 4049 suavis
2815 3995 3105 4051 iracundia:
3145 4001 3513 4058 commotione

1918 4081 2185 4148 succensi,
2207 4081 2362 4135 nobis
2384 4081 2546 4137 etiam
2571 4083 2688 4153 pios
2712 4084 2984 4141 direxistis
3005 4085 3215 4156 allatus,
3240 4088 3290 4144 in
3315 4092 3512 4160 quibus

1919 4170 2089 4226 beata:
2118 4170 2513 4228 recordationis
2533 4170 2884 4230 Ctelestinum
2915 4184 3077 4248 atque
3107 4177 3348 4237 Leonem
3377 4196 3510 4252 apo-

1915 4261 2120 4318 stalicae
2139 4261 2281 4318 sedis
2296 4264 2570 4332 prmsules,
2595 4266 2685 4334 qui
2709 4265 2943 4336 singulas
2965 4268 3195 4334 Intereses
3213 4285 3313 4342 pro
3330 4270 3508 4329 divina

1916 4354 2018 4408 sibi
2051 4353 2456 4424 dispensatione
2483 4357 2791 4424 commissa,
2831 4375 2952 4414 cum
2992 4361 3234 4432 synodali
3279 4379 3511 4436 congre-

1915 4457 2132 4526 gatione
2165 4455 2503 4522 damnantes,
2535 4457 2661 4530 quid
2682 4461 2860 4516 cuncti
2893 4463 3218 4530 generaliter
3234 4467 3386 4536 sequi
3411 4467 3510 4524 de-

1915 4553 2080 4607 beant
2109 4550 2420 4618 Christiani,
2453 4567 2704 4609 mansura
2747 4555 2799 4609 in
2828 4571 3000 4611 azvum
3044 4557 3162 4628 lege
3189 4570 3506 4629 sanxerunt,

1842 4617 1892 4676 Ῑ)
1917 4642 2166 4697 laudabili
2206 4617 2641 4698 commemoratis
2681 4643 2893 4701 affectu.
2941 4617 3182 4714 Quorum
3209 4617 3510 4722 probabilia

1916 4733 2210 4790 constituta
2275 4742 2476 4791 sancta:
2535 4737 2928 4795 recordationis
2985 4735 3288 4812 liormisda,
3343 4752 3507 4816 atque

1915 4825 2150 4882 Joannes
2200 4827 2405 4893 senior,
2453 4843 2554 4884 nec
2596 4845 2706 4884 non
2753 4838 2810 4885 et
2852 4830 3142 4902 Agapetus,
3193 4835 3511 4894 decessore!»

1915 4915 2083 4970 nostri
2113 4931 2210 4986 per
2233 4916 2412 4971 omnia
2442 4928 2848 4989 conservantes,
2871 4922 3148 4981 universos
3175 4924 3507 4983 Nestorianre

1914 5015 2076 5076 atque
2124 5005 2472 5081 Eutychianze
2497 5028 2760 5082 sequaces
2789 5015 3009 5072 haeresis
3045 5017 3200 5088 just-.1:
3245 5035 3506 5076 mucrone

1913 5103 2193 5158 sententia:
2242 5106 2607 5174 perculerunt.
2663 5107 2819 5176 Quod
2865 5125 2966 5166 nos
3033 5113 3256 5168 summis
3301 5114 3505 5170 viribus

1913 5195 2090 5264 sequi,
2132 5212 2450 5266 summoque
2477 5199 2678 5257 adnixa
2708 5201 3018 5272 defendere,
3067 5204 3284 5276 pictatis
3310 5214 3503 5262 vestrm
3601 5229 3610 5243 θ

1909 5285 2194 5342 clementia
2217 5287 2638 5348 indubitabiliter
2658 5303 2936 5364 agnoscat,
2956 5296 3052 5351 sed
3071 5305 3128 5352 et
3147 5296 3290 5351 beati
3307 5295 3503 5354 Leonis

1909 5381 2166 5448 epistolas
2215 5382 2282 5436 ad
2325 5392 2528 5440 sanctas
2571 5386 2962 5442 recordationis
3003 5387 3317 5445 Flavianum
3371 5398 3503 5448 tunc

1906 5468 2519 5544 Constantinopolitana:
2559 5477 2792 5534 civitatis
2813 5479 3128 5548 antistitem,
3160 5496 3265 5537 nec
3287 5497 3395 5538 non
3442 5493 3502 5540 et

1906 5560 1973 5614 ad
2010 5562 2440 5621 clementissima:
2489 5568 2763 5624 memoria:
2806 5570 3043 5628 Leonem
3069 5573 3374 5644 principem
3402 5573 3500 5630 de-

1905 5652 2166 5721 stinatos;
2191 5655 2386 5726 quibus
2419 5658 2796 5715 hazreticorum
2845 5659 2902 5718 id
2943 5669 3027 5719 est
3059 5661 3297 5720 Nestorii
3334 5673 3498 5736 atque

279 5831 295 5864 '
320 5832 537 5890 Ansulis
563 5831 780 5888 inclusa
803 5831 855 5887 in
884 5830 1100 5890 Labbeo
1129 5838 1326 5894 omissa
1356 5837 1686 5900 restituimus
1712 5859 1778 5901 ex
1817 5845 2052 5904 editione
2081 5846 2346 5908 Romana.
