3986 6374
492 343 563 399 ιτ
1904 350 2126 408 \‘lGlLll
2170 351 2370 407 ΡΑΡ.¹Ε

3691 361 3772 416 ει

493 467 805 540 Eutychetis
834 469 1129 542 perﬁdiam,
1152 471 1460 528 rationabili
1489 473 1807 539 assertione,
1834 473 1944 530 Deo
1973 474 2076 529 sibi
2103 479 2154 538 Α
2183 471 2344 541 (sicut
2367 488 2526 542 supra
2560 474 2920 545 meminimus)
2955 478 3245 532 secundum
3296 479 3577 547 pnesulum
3615 477 3773 533 sedis

493 559 800 628 inSpirante,
851 560 1121 628 confudit,
1161 563 1384 618 omnino
1431 564 1821 634 amplectimur,
1867 576 1923 623 ct
1966 584 2072 638 qua

490 659 704 722 oportet
730 652 990 708 eharitate
1014 652 1366 710 defendimus.
1399 655 1465 710 Et
1495 659 1739 727 quamvis
1781 677 1882 715 nos
1909 662 2072 718 animi

492 738 719 813 ﬁdeique
773 753 987 811 nostrte,
1029 743 1140 800 Deo
1169 745 1530 812 custodiente,
1577 748 1856 805 sinceritas
1883 761 2069 807 contra

489 852 549 891 ea
602 834 906 890 nullatenus
946 836 1128 891 venire
1168 827 1842 910 permittatfperpeudere
1890 854 2069 901 tamen

487 928 646 985 debet
671 936 864 984 vestra:
890 928 1106 1000 pietatis
1132 929 1444 985 admiranda
1467 933 1746 1004 prudentia
1762 973 1777 998 ,
1808 936 1932 1005 quia
1960 954 2067 993 non

487 1017 628 1087 digni
651 1025 940 1074 censentur
967 1019 1252 1080 antistites.
1286 1020 1377 1090 qui
1407 1021 1750 1092 prmfatorum
1780 1028 2067 1096 praesulem

485 1109 627 1164 sedis
680 1109 991 1180 apostolicm
1059 1110 1441 1168 inviolabiliter
1492 1115 1713 1172 minime
1771 1121 2065 1176 constituta

482 1202 832 1258 servaverint.
860 1201 984 1258 llaec
1009 1218 1136 1273 ergo
1161 1218 1280 1274 qua:
1301 1203 1371 1260 de
1392 1205 1495 1262 ﬁde
1523 1223 1553 1261 a
1579 1206 1827 1270 Patribus
1853 1222 2068 1270 sancta-

404 1284 408 1288 ’
483 1309 599 1349 rum
625 1301 857 1363 quatuor
881 1295 1227 1366 synodorum,
1249 1304 1306 1351 et
1324 1311 1356 1352 a
1376 1297 1668 1369 designatis
1694 1302 1864 1358 beatae
1883 1320 2065 1361 recor-

480 1382 714 1439 dationis
740 1398 891 1454 papa:
920 1383 1113 1440 Leonis
1133 1386 1398 1457 epistulis,
1430 1397 1593 1461 atque
1610 1406 1641 1446 a
1667 1395 2062 1467 suprascripto-

481 1489 595 1526 rum
612 1473 1064 1543 prtedeccssorum
1081 1485 1389 1534 nostrorum
1410 1482 1738 1551 constitutis,
1757 1494 1883 1540 sunt
1903 1503 2063 1545 vene-

479 1562 722 1618 rabiliter
747 1562 985 1631 deﬁnita,
1005 1581 1104 1636 per
1130 1567 1311 1623 omnia
1338 1585 1436 1625 nos
1463 1579 1769 1641 sequentes,
1791 1583 1847 1630 et
1873 1592 2061 1633 eorum

477 1650 734 1708 doctrinm
761 1655 1060 1711 contrarios
1079 1657 1342 1727 probabili
1368 1661 1678 1730 apostolicze
1702 1664 1846 1722 sedis
1870 1677 2059 1723 aucto-

477 1743 636 1799 ritate
663 1745 1000 1814 damnantes,
1033 1749 1549 1809 anathematizamus
1587 1771 1703 1820 eos,
1752 1758 2059 1830 quicunque

2178 563 2488 630 apostolicae
2512 565 2824 630 constituta,
2860 567 2940 621 his
2967 569 3058 636 qui
3101 570 3444 638 resipuerint,
3474 577 3528 623 et
3557 583 3769 638 praeco-

2174 652 2413 707 dentium
2446 657 2794 726 synodorum,
2824 658 2907 714 vel
2937 661 3423 730 suprascriptorum
3453 658 3770 730 apostolica:

2173 742 2315 797 sedis
2347 745 2656 814 pontiﬁcum
2697 751 3036 819 susce,erint
3079 753 3388 816 constituta,
3428 751 3768 819 ptenitentize

2172 841 2227 887 et
2247 837 2640 892 connnunionis
2661 839 2866 893 aditum
2895 856 3213 897 reseremus.
3239 841 3342 896 Sel
3365 842 3488 911 quia
3511 842 3768 896 novimus

2172 930 2352 998 potius
2383 931 2501 1000 plus
2533 932 2654 988 illos
2677 934 2769 1004 qui
2796 934 3102 990 haereticam
3145 934 3426 1006 perfidiam
3452 934 3764 996 destruunt,

2169 1019 2270 1073 sibi
2315 1022 2485 1090 magis
2525 1025 2784 1094 prodesse
2813 1025 3110 1080 errantium
3152 1025 3370 1081 vitando
3399 1023 3767 1086 consortium.

2166 1128 2328 1180 quam
2361 1115 2641 1169 sententia:
2678 1117 3167 1187 suprascriptorum
3198 1114 3418 1170 Patrum
3446 1112 3767 1184 multiplici-

2167 1209 2251 1254 ter
2276 1201 2519 1256 solidatze
2547 1203 2747 1273 aliquid
2778 1207 3044 1262 ﬁrmitatis
3072 1205 3386 1276 adiungere,
3426 1191 3594 1275 quam.
3615 1218 3763 1260 con-

2164 1301 2272 1347 stat
2300 1293 2410 1348 Silia
2433 1293 2731 1352 indubitate
2761 1296 2965 1354 viribus
3002 1297 3115 1352 Deo
3149 1306 3376 1353 auctore
3418 1295 3715 1351 subsistere
3740 1310 3757 1345 :

2164 1383 2288 1441 ideo
2311 1385 2574 1441 hactenus
2599 1396 2852 1457 tanquam
2882 1405 2991 1444 non
3021 1389 3230 1444 noviter
3251 1389 3417 1446 latam
3444 1386 3761 1444 damnatio-

2163 1493 2287 1533 nem
2328 1479 2548 1534 minitne
2594 1480 2838 1536 arbitrati
2863 1497 3051 1536 sumus
3098 1497 3241 1538 novo
3276 1480 3457 1551 aliquo
3510 1479 3761 1549 indigere

2162 1585 2444 1640 re'ponso.
2473 1568 2575 1636 Qui
2602 1570 2747 1626 enim
2789 1571 3052 1628 bmresum
3082 1585 3309 1640 quarum
3346 1584 3509 1642 supra
3553 1567 3738 1624 memi-

2163 1662 2361 1730 nimus,
2385 1662 2469 1717 vel
2497 1662 2738 1717 omnium
2767 1663 2992 1719 aliarum
3020 1678 3140 1734 quae
3166 1671 3293 1719 sunt
3325 1663 3620 1734 apostolica
3649 1658 3757 1716 de-

2161 1749 2408 1807 ﬁnitione
2435 1760 2492 1807 et
2511 1753 2900 1809 constitutione
2918 1754 3205 1822 damnatae,
3232 1763 3531 1810 sectatores
3550 1751 3760 1808 fuerint

474 1834 542 1891 de
565 1835 687 1891 ﬁdei
713 1840 831 1908 ejus
849 1840 1186 1910 expositione
1215 1842 1297 1897 vel
1322 1844 1641 1902 rectitudine
1669 1856 1763 1903 aut
1781 1849 2050 1921 disputare

2158 1842 2382 1909 inventi,
2414 1860 2524 1900 non
2546 1852 2751 1899 tantum
2779 1861 2847 1900 ex
2891 1862 3028 1901 nova
3074 1845 3212 1916 lege,
3269 1846 3366 1902 sed
3393 1860 3461 1901 ex
3498 1846 3613 1916 ipSa
3642 1859 3751 1898 au-

472 1939 752 1995 perverse,
769 1936 862 1982 aut
881 1928 1165 1986 inﬁdeliter
1191 1929 1439 1989 dubitare
1461 1938 1785 1993 tentaverint
1809 1957 1822 1993 :
1847 1949 1903 1996 et
1928 1957 2059 1997 con-

473 2020 556 2066 tra
584 2013 774 2069 eadem
807 2017 1123 2084 sentientes,
1153 2035 1274 2091 quae
1305 2019 1375 2077 de
1417 2021 1523 2081 ﬁde
1551 2025 1602 2079 in
1633 2025 1869 2095 Nicxena,
1910 2030 2056 2087 Con-

469 2109 968 2180 stantinopolitana,
1024 2112 1292 2185 Ephesina
1322 2115 1496 2187 prima
1525 2127 1581 2174 et
1608 2119 2053 2192 Chalcedonensi,

467 2199 821 2256 sanctissimis
849 2202 1086 2274 synodis,
1123 2220 1224 2260 nec
1252 2222 1360 2262 non
1389 2215 1446 2264 et
1471 2209 1644 2265 beata:
1668 2213 2055 2273 recordationis

470 2288 882 2356 ιιικωάυεθεεοιοξε
903 2294 1072 2348 nostri
1086 2293 1282 2352 Leonis
1294 2299 1555 2368 epistolis,
1579 2316 1806 2372 quarum
1829 2303 2055 2364 fecimus

469 2383 818 2451 mentionem,
851 2387 933 2441 vel
965 2387 1228 2444 universis
1255 2405 1375 2461 qua:
1414 2391 1584 2463 ipsius
1608 2397 1787 2451 sanxit
1813 2399 2051 2454 auctori.

469 2483 570 2540 tas,
599 2477 963 2545 cont'nentur,
985 2480 1264 2537 catholicze
1288 2481 1409 2538 ﬁdei
1451 2487 1659 2542 unitate
1698 2491 2048 2560 secernimus,

464 2567 984 2639 amplectentesqne,
1015 2581 1069 2628 et
1111 2573 1165 2628 in
1192 2576 1441 2633 omnibus
1469 2581 1883 2651 comprobantes
1929 2583 2051 2642 ﬁdei

464 2667 657 2715 vestrm
686 2661 944 2730 libellum,
975 2680 1135 2734 quem
1166 2669 1336 2724 nostri
1364 2670 1607 2741 obsequii
1634 2672 1891 2732 famulatu
1923 2686 2051 2736 tunc

463 2749 843 2820 prtedecessori
872 2761 1059 2810 nostro
1082 2755 1182 2826 pia:
1203 2758 1590 2819 recordationis
1613 2763 1852 2836 Agapcto
1877 2769 2051 2838 pietas

463 2850 640 2897 vestra
663 2843 964 2901 orthoJoxa
983 2847 1271 2905 devotione
1283 2851 1636 2919 contradidit;
1661 2854 1713 2909 in
1727 2869 1836 2924 quo
1847 2874 1912 2914 ea
1929 2876 2049 2931 quae

462 2938 642 2986 mente
653 2932 858 3004 geritis,
889 2934 954 2990 ad
979 2934 1334 2995 eruditionem
1351 2938 1542 2997 futurae
1559 2944 1754 3012 (etatis,
1771 2948 2049 3020 scriptura:

460 3038 567 3091 quo
576 3036 675 3092 τιιο
687 3024 994 3082 testimonio
1004 3026 1338 3100 declarastis,
1353 3031 1588 3102 nihilque
1597 3050 1628 3090 a
1640 3037 2048 3107 saepedictorum

461 3113 919 3182 pmdecessorum
948 3126 1254 3175 nostrorum
1286 3119 1390 3177 ﬁde
1417 3122 1702 3183 deviantes
1757 3130 1862 3186 sub
1910 3147 2046 3203 qua-

2161 1942 2372 1988 ctorum
2430 1950 2653 1989 suorum
2694 1934 2807 2005 jam
2851 1935 3059 2006 pridem
3109 1936 3459 1992 damnatione
3510 1933 3754 2006 perculsi

2158 2033 2300 2080 sunt.
2334 2024 2401 2080 Et
2426 2025 2555 2081 licet
2582 2027 2835 2097 pietatem
2858 2036 3089 2084 vestram
3118 2029 3278 2084 aliter
3295 2028 3362 2083 de
3383 2027 3757 2084 taciturnitate

2159 2123 2345 2171 nostra
2375 2117 2635 2188 suspicari
2667 2118 2752 2173 vel
2782 2119 3084 2188 intelligere
3114 2119 3346 2174 voluerit
3374 2119 3638 2188 malignus
3666 2119 3755 2173 in-

2158 2216 2385 2278 terpres,
2432 2225 2535 2265 nos
2579 2218 2758 2266 tamen
2813 2227 2952 2282 quos
2996 2211 3188 2268 beatus
3231 2211 3423 2266 Petrus
3464 2212 3756 2281 apostolus

2158 2295 2213 2367 (ι
2240 2297 2384 2352 Petr.
2409 2299 2488 2371 ιιι)
2515 2302 2662 2355 omni
2690 2301 2943 2370 pescenti
2967 2303 3232 2357 rationem
3262 2301 3489 2357 reddere
3516 2302 3608 2374 pia
3630 2311 3748 2357 tra-

2153 2386 2357 2443 ditione
2383 2389 2682 2454 constituit,
2715 2389 2902 2446 libenti
2931 2392 3112 2447 animo
3132 2391 3520 2447 Christianitati
3549 2398 3753 2448 vestrm

2153 2477 2587 2534 satisfaciendtun
2634 2495 2756 2535 esse
2802 2481 3213 2556 perspeximus;
3253 2481 3566 2552 suppliciter
3610 2497 3751 2553 spe-

2153 2577 2335 2625 rantes
2363 2568 2676 2643 [petentes],
2711 2581 2768 2626 ut
2790 2573 2986 2627 nullius
3010 2571 3352 2643 subrepé'htts
3386 2572 3591 2629 insidiis
3622 2573 3749 2644 pri-

2152 2660 2344 2728 vilegia
2399 2661 2543 2716 sedis
2596 2661 2743 2716 beati
2790 2661 2935 2717 Petri
2987 2662 3219 2732 apostoli
3269 2662 3750 2719 Christianissimis

2152 2749 2482 2820 temporibus
2532 2751 2725 2808 vestris
2771 2752 2826 2808 in
2862 2753 3043 2823 aliquo
3085 2753 3408 2825 permittatis
3460 2755 3739 2810 imminui.

2151 2840 2280 2907 Qum
2309 2842 2353 2897 si
2386 2844 2690 2909 turbentur,
2720 2845 2866 2914 quod
2907 2860 3016 2900 non
3054 2845 3343 2912 credimus,
3372 2854 3469 2902 aut
3484 2847 3748 2902 minuan-

2153 2940 2238 2988 tur
2266 2933 2320 2988 in
2343 2934 2544 3006 aliquo,
2575 2935 2789 2991 violatte
2836 2934 2959 2991 ﬁdei
2988 2935 3157 2991 instar
3195 2935 3484 2993 ostendant
3521 2933 3743 3011 [oll'en-

2149 3023 2322 3097 dant].
2355 3023 2470 3080 Scit
2506 3025 2653 3081 enim
2680 3025 2961 3097 sapientia;
2996 3034 3188 3082 vestrae
3234 3026 3409 3097 pietas
3450 3027 3748 3098 singularis

2149 3116 2295 3171 illam
2324 3130 2383 3170 se
2410 3116 2749 3172 auctoritatis
2775 3117 2944 3187 ipsius
2971 3117 3117 3174 beati
3140 3116 3288 3173 Petri
3311 3117 3543 3188 aposmli
3568 3120 3745 3175 retri-

461 3206 592 3262 libet
619 3209 904 3264 occasione
931 3225 1242 3276 servamus,
1287 3213 1387 3268 nisi
1416 3213 1580 3286 forte,
1610 3216 1828 3274 hmresrs
1854 3221 1908 3276 in
1937 3236 2044 3291 qua
2073 3223 2118 3286 C
2148 3206 2425 3262 δυῑίοηθῐη
2466 3207 2643 3263 “mdis
2686 3207 2940 3266 omnibus
2978 3209 3317 3276 ωθτίιυηπι,
3354 3223 3519 3280 quam
3542 3210 3631 3267 Vel
3678 3211 3744 3268 ῖη

461 3295 770 3353 volutantur
795 3308 1069 3369 amputata
1101 3302 1348 3373 caligine,
1396 3307 1816 3379 suprascriptam
1844 3311 1912 3368 de
1941 3311 2045 3370 ﬁde

459 3389 739 3445 veritatem
780 3392 1110 3462 ptenitentiae
1148 3396 1505 3463 competentia
1547 3398 1818 3456 voluerint
1856 3419 2046 3462 corre-

458 3480 640 3536 ctione
667 3481 894 3548 scctari;
925 3490 981 3538 et
1006 3482 1275 3540 damnatis
1307 3487 1587 3555 omnibus,
1617 3507 1738 3561 quae
1766 3503 1953 3549 contra
1983 3512 2045 3552 ea

459 3585 580 3638 qua:
634 3569 840 3641 praefati
893 3587 1080 3628 sumus
1131 3575 1446 3644 pravissima
1501 3578 1722 3650 quidam
1770 3582 2046 3654 impietate

459 3665 733 3732 dixerunt,
774 3665 1254 3736 subscriptionibus
1294 3670 1406 3725 suis
1443 3680 1498 3727 et
1544 3675 1777 3744 prepriis
1825 3677 2046 3734 vocibus

459 3762 688 3812 cunctos
727 3756 1104 3813 hzcreticorum
1150 3769 1466 3831 respuentes
1509 3779 1743 3834 errores,
1785 3769 2045 3825 canonica

460 3845 662 3904 fuerint
694 3847 1030 3907 districtione
1077 3852 1354 3923 conversi;
1389 3863 1446 3911 ut
1488 3866 1616 3915 tunc
1653 3862 2047 3918 communionis

459 3953 627 3994 sacra:
667 3941 982 4014 mysterium
1019 3954 1349 4016 mereantur,
1387 3948 1515 4005 dum
1545 3951 1726 4007 omnia
1753 3969 1872 4025 qum
1902 3970 2044 4025 pra:-

460 4029 553 4086 fati
578 4047 762 4088 sumus
788 4035 1048 4092 canonica
1076 4044 1133 4092 et
1155 4039 1450 4108 apostolica
1479 4040 1814 4100 districtione
1850 4044 2045 4116 imple-

461 4124 1048 4196 verint;quianosnulli
1077 4130 1368 4199 corrigenti
1396 4147 1456 4187 se
1483 4134 1819 4202 ptenitentiue
1866 4137 2043 4194 locum

459 4222 714 4271 convenit
739 4226 1042 4288 amputare.
1089 4218 1148 4274 In
1178 4219 1264 4278 his
1301 4238 1430 4277 vero
1477 4224 1532 4278 in
1546 4225 1758 4295 \quibus
1795 4226 2044 4286 Mennam

459 4304 678 4360 fratrem
709 4313 766 4362 et
803 4309 1186 4379 coepiscopum
1232 4321 1500 4382 nostrum,
1538 4329 1835 4372 memorem
1878 4318 2043 4375 libelli

457 4396 562 4462 sui,
595 4410 755 4466 quem
783 4397 1163 4468 prmdecessori
1192 4411 1380 4459 nostro
1410 4402 1582 4460 beata:
1609 4407 1884 4464 memoriae
1905 4409 2044 4481 Aga-

455 4497 606 4559 peto,
652 4490 1008 4548 ordinationis
1041 4509 1148 4549 sum
1188 4502 1457 4567 tempore,
1503 4505 1697 4554 vestrm
1745 4499 2046 4556 clementia:

2148 3298 2290 3356 illius
2319 3300 2628 3370 privilegiis,
2662 3301 2746 3356 vel
2776 3301 2832 3356 in
2860 3309 3047 3356 nostra
3067 3301 3257 3357 humili
3284 3309 3463 3358 vestra
3483 3317 3743 3359 servave-

2146 3392 2286 3458 ritis,
2316 3392 2428 3447 Deo
2452 3393 2606 3448 vobis
2633 3393 2926 3464 aspirante,
2952 3409 3205 3464 persona.
3259 3392 3484 3462 Tamen,
3512 3402 3574 3451 ut
3599 3411 3745 3452 cun-

2147 3490 2232 3536 cta
2261 3483 2519 3552 pietatem
2547 3491 2785 3539 vestram
2823 3483 3137 3553 informant,
3168 3492 3227 3541 et
3266 3485 3398 3541 nihil
3427 3501 3527 3557 pro
3552 3486 3741 3543 callidi

2146 3574 2476 3629 insidiatoris
2523 3574 2719 3629 astutia
2775 3574 3001 3630 ulterius
3039 3575 3373 3647 relinquatur
3403 3577 3742 3647 ambigatur),

2146 3663 2319 3719 beata:
2346 3665 2739 3722 recordationis
2766 3666 3182 3737 prmdecessoris
3214 3666 3385 3728 nostri
3413 3683 3564 3738 papae
3590 3666 3744 3726 Leo-

2147 3755 2254 3825 nis,
2278 3771 2398 3827 quae
2427 3755 2654 3812 diversis
2681 3758 2749 3812 ad
2777 3756 3052 3814 Orientem
3090 3767 3216 3814 sunt
3243 3759 3447 3816 directa
3478 3761 3746 3832 tempori-

2145 3845 2248 3901 bus
2275 3847 2592 3912 constituta,
2614 3855 2815 3917 quanta
2846 3847 2915 3903 de
2951 3847 3197 3919 plurimis
3238 3849 3292 3905 in
3340 3849 3592 3921 prtesenti
3639 3865 3750 3907 no-

2148 3937 2385 3993 cessaria
2425 3937 2773 4008 credidimus,
2815 3937 3299 4010 superadjecimus,
3340 3946 3594 4008 rogantes
3637 3955 3750 4013 per

2147 4029 2349 4100 ipsum,
2373 4029 2528 4101 cujus
2558 4046 2778 4086 causam
2801 4032 3012 4102 integre
3033 4047 3196 4102 agere
3217 4031 3484 4090 festinatis
3506 4042 3563 4090 et
3585 4035 3751 4106 cupi-

2149 4123 2218 4177 tis
2257 4121 2680 4179 Christianitatis
2707 4123 2921 4191 allecto,
2952 4131 3014 4180 ut
3041 4124 3292 4180 universa
3336 4125 3517 4196 legere
3561 4125 3749 4196 pietas

2147 4221 2327 4269 vestra
2374 4214 2641 4285 dignetur,
2686 4229 2756 4271 ne
2802 4214 3002 4284 aliquid
3045 4216 3280 4288 supersit
3321 4215 3466 4286 quod
3518 4215 3749 4272 minime

2148 4304 2440 4375 relegatur.
2482 4303 2609 4362 Scio
2637 4305 2780 4361 enim
2825 4307 2953 4376 quia
2983 4306 3122 4362 sicut
3168 4306 3308 4363 Deus
3361 4306 3517 4364 vobis
3563 4306 3745 4377 legem

2148 4395 2358 4452 dederit
2386 4396 2740 4463 voluntatem,
2771 4397 2845 4451 ita
2877 4405 3072 4454 cuncta
3118 4406 3433 4465 tractantes,
3475 4400 3746 4471 sapientia

2150 4489 2301 4545 vobis
2319 4489 2665 4558 singulariter
2692 4504 2723 4544 a
2752 4488 2867 4546 Deo
2894 4506 3154 4546 concessa
3181 4491 3487 4562 disponitis,
3538 4499 3597 4548 ut
3642 4508 3739 4549 ne-

456 4598 723 4640 consensu
741 4595 1079 4655 porrexerat,
1105 4598 1420 4657 sequentem
1443 4605 1628 4644 revera
1659 4591 1802 4646 sedis
1827 4599 2046 4662 aposto-

2154 4597 2256 4650 que
2282 4581 2350 4638 de
2377 4581 2640 4652 religione
2665 4597 2842 4652 neque
2865 4581 2934 4637 de
2961 4582 3144 4653 aliquo
3170 4583 3484 4653 prtejudicio
3512 4584 3748 4655 quilibet

457 4674 573 4729 lica:
600 4672 960 4746 disciplinam,
996 4677 1261 4734 htereticis
1292 4678 1518 4735 inferius
1539 4681 1961 4752 comprehensis,
1989 4681 2043 4736 id

458 4774 540 4819 est
573 4762 778 4822 Severo
821 4752 1371 4839 Eutycbiano,‘Petro
1409 4766 1710 4840 Apameno,
1762 4768 2039 4837 Antbimo,

455 4855 547 4925 qui
599 4855 764 4911 etiam
818 4854 1116 4912 Ecelesiam
1167 4856 1823 4930 Constantinopolitanam
1877 4875 2043 4932 prava

456 4946 750 5002 ambitione
777 4954 1108 5017 pervaserat,
1138 4946 1358 5016 Xenete,
1381 4950 1474 5004 sed
1505 4958 1561 5005 et
1582 4948 1886 5007 Theodosio
1912 4949 2043 5008 Ale-

421 5112 427 5117 .
456 5038 744 5105 xandrino,
769 5047 825 5095 et
851 5039 1208 5097 Constantino
1233 5039 1573 5111 Laodicensi,
1606 5052 1769 5116 atque
1805 5045 2042 5103 Antonio

454 5130 796 5189 \‘ersentano
821 5130 1168 5204 Eutychiame
1190 5133 1428 5199 haeresis,
1454 5134 1548 5191 sed
1575 5145 1630 5192 et
1650 5136 1930 5207 Dioscoro,
1951 5139 2043 5208 qui

458 5228 511 5278 in
540 5222 970 5281 Cbalcedonensi
1017 5223 1228 5296 synodo
1266 5226 1408 5281 inter
1453 5225 1592 5282 alios
1635 5226 1834 5297 legitur
1878 5228 2043 5284 fuisse

453 5316 760 5383 damnatus,
801 5325 857 5371 et
898 5315 1273 5372 defensoribus
1320 5327 1482 5386 atque
1533 5318 1853 5388 sequacibus
1904 5334 2042 5374 ana-

457 5410 636 5463 thema
669 5409 868 5465 dixisse
896 5410 1068 5479 pietas
1096 5418 1274 5466 vestra
1302 5407 1578 5464 mandavit
1605 5426 1617 5463 :
1648 5409 1701 5464 in
1729 5409 1920 5464 nulloa
1943 5424 2044 5464 no—

456 5502 538 5556 bis
558 5501 773 5570 quidem
797 5501 1322 5571 molestesuscipitur
1343 5517 1373 5555 a
1395 5500 1651 5572 prmdicto
1671 5498 1836 5556 fratre
1857 5509 2044 5556 nostro

456 5592 544 5646 vel
573 5608 601 5643 a
630 5593 869 5659 quolibet
892 5591 999 5645 aiio
1030 5591 1082 5644 in
1130 5591 1412 5645 haereticos
1438 5591 1581 5646 dicta
1606 5591 1915 5646 damnatio:
1948 5591 2045 5647 sed

457 5693 509 5734 et
542 5683 771 5737 libenter
799 5683 1192 5752 amplectimur,
1220 5690 1275 5735 et
1297 5680 1438 5736 sedis
1465 5683 1776 5753 apostolica:
1804 5683 2042 5738 auctori-

459 5783 568 5827 me
594 5773 884 5837 ﬁrmamus,
916 5771 1207 5842 complices
1233 5771 1605 5828 damnatorum
1627 5772 1783 5827 simili
1814 5773 2039 5827 anathe-

460 5866 618 5921 matis
667 5863 871 5920 ultione
922 5863 1248 5934 plcctentes;
1291 5879 1355 5919 ea
1405 5862 1653 5919 videlicet
1702 5863 1930 5929 ratione,
1980 5872 2039 5919 ut

2151 4673 2388 4729 ﬁdelium
2414 4676 2759 4731 sacerdotum
2785 4676 2957 4746 possit
2985 4677 3036 4730 in
3065 4677 3303 4746 qualibet
3340 4687 3496 4748 parte
3522 4678 3737 4735 vexari.

2154 4764 2441 4822 Rationem
2496 4765 2581 4820 his
2629 4765 2793 4834 igitur
2843 4766 3028 4836 (prout
3072 4764 3494 4823 Christianitatis
3545 4775 3750 4824 vestae

2150 4857 2404 4912 meritum
2456 4855 2810 4928 postulabat),
2862 4857 3176 4928 inquantum
3222 4857 3506 4924 valuimus,
3557 4858 3747 4928 reddi-

2149 4947 2293 5003 disse
2319 4944 2576 5011 suﬁiciat;
2625 4948 2872 5016 quamvis
2912 4965 3014 5005 nos
3054 4948 3186 5004 nihil
3226 4959 3414 5005 contra
3441 4951 3746 5023 synodalia,

2149 5038 2238 5094 vel
2266 5037 2726 5109 pnedecessorum
2767 5047 3076 5096 nostrorum
3106 5039 3395 5109 przesulum
3425 5041 3569 5096 sedis
3609 5057 3750 5112 apo-

2151 5130 2356 5186 stolicm
2385 5131 2698 5198 constituta,
2729 5138 2824 5186 aut
2850 5132 3186 5188 commisisse
3217 5131 3436 5200 aliquid,
3480 5139 3573 5187 aut
3621 5141 3751 5188 ten-

2155 5230 2302 5276 tasse
2330 5222 2638 5291 quisquam,
2683 5221 2812 5277 licet
2847 5229 3054 5277 astutus
3100 5231 3156 5276 et
3202 5222 3432 5287 subtilis,
3481 5221 3748 5280 inveniet.

2150 5311 2225 5364 Ea
2248 5326 2378 5368 vero
2405 5326 2525 5382 qum
2556 5311 2677 5366 lidci
2705 5310 2988 5366 catholicae
3016 5311 3103 5366 vel
3129 5311 3323 5366 animae
3357 5319 3554 5367 nostra:
3578 5327 3751 5384 expe-

2150 5399 2305 5456 diunt
2334 5401 2423 5472 (de
2450 5415 2580 5470 qua,
2603 5401 2744 5457 sicut
2765 5402 2914 5456 novit
2946 5400 3119 5478 pietas
3143 5411 3344 5469 vestra,
3366 5411 3421 5458 et
3442 5419 3541 5474 pro
3568 5419 3753 5462 sacer-

2148 5491 2316 5546 dotali
2339 5489 2539 5558 ofﬁcio,
2569 5499 2625 5547 et
2651 5506 2753 5561 pro
2781 5493 3166 5562 multiplicibus
3208 5494 3460 5565 praestitis
3503 5494 3748 5552 clemen-

2150 5586 2237 5640 tite
2263 5595 2470 5651 vestrm,
2503 5598 2720 5639 causam
2769 5584 2890 5657 plus
2919 5585 3038 5640 aliis
3065 5585 3240 5640 habeo
3268 5587 3438 5654 cogit“
3457 5580 3562 5656 ’Ἥ
3612 5604 3748 5658 sug-

2147 5691 2335 5747 gerere
2364 5692 2472 5731 non
2510 5676 2724 5732 omitto.
2756 5674 3024 5748 Imprimis
3046 5670 3468 5748 supplicantes,‘
3487 5686 3544 5732 et
3573 5679 3748 5750 ipsius

2145 5771 2291 5825 beati
2320 5770 2466 5826 Petri
2516 5771 2749 5842 apostoli
2777 5786 2938 5841 quem
2962 5771 3204 5841 diligitis,
3231 5772 3606 5828 intercedente
3639 5773 3750 5830 suf-

2144 5864 2334 5934 fragio,
2367 5864 2702 5934 postuiantcs
2722 5871 2782 5921 ut
2808 5879 3022 5937 semper
3046 5865 3113 5922 ad
3143 5864 3282 5922 hanc
3308 5864 3490 5922 sedem
3515 5877 3739 5939 apostoo
