3986 6382
149 397 209 453 ες
1343 395 1699 452 EPISTOLAS
1742 398 1828 452 ET
1869 397 2205 453 DECRETA.
3350 396 3418 450 26

150 510 292 564 licam
335 523 431 578 pro
453 507 814 578 disponendis
844 507 1156 578 reipublicae
1184 515 1374 564 vestrae
1406 511 1730 566 utilitatibus
1765 523 1807 578 Α
1843 515 1897 568 in
1926 513 2207 567 haereticos
2237 512 2457 567 inferius
2485 513 2930 580 comprehensos,
2957 511 3009 564 id
3039 519 3120 565 est
3150 509 3204 565 in
3249 509 3418 565 Seve-

151 599 483 663 orthodoxas,
508 608 565 652 et
591 597 710 654 Deo
737 599 995 669 placitas,
1037 607 1093 654 et
1133 613 1317 668 rugam
1356 609 1449 654 aut
1474 602 1738 656 maculam

153 691 262 747 ﬁdei
306 707 413 746 non
460 690 748 756 habentes,
797 692 1095 760 dignemini
1142 691 1413 747 destinare
1458 707 1740 763 personas,

151 799 244 854 per
268 798 400 852 quas
429 790 487 836 et
512 796 576 836 ea
601 796 727 850 qua:
775 783 996 853 publico
1017 791 1202 838 vestro
1229 784 1558 837 conveniunt
1597 782 1740 836 salu-

154 876 310 931 briter
354 873 696 938 ordinentur,
752 882 810 927 et
863 889 965 944 pro
1006 875 1198 928 animae
1248 881 1438 928 vestra:
1493 872 1743 928 mercede

154 965 422 1022 catholica:
444 965 741 1034 disciplina:
772 966 825 1018 in
855 965 1005 1020 nullo
1035 965 1388 1020 coxzturbetur
1413 966 1696 1032 integritas
1725 983 1738 1018 :

155 1069 213 1115 ut
238 1060 473 1128 universi
503 1073 694 1113 revera
726 1057 862 1112 illud
893 1059 1083 1125 gratia:
1119 1057 1356 1112 cmlestis
1390 1073 1581 1110 munus
1606 1057 1741 1125 jam,

155 1151 285 1205 sicut
313 1157 369 1204 et
403 1148 693 1213 credimus,
729 1148 991 1217 pietatem
1023 1156 1252 1202 vestram
1301 1147 1504 1202 habere
1543 1160 1743 1213 cogno-

157 1249 322 1304 scant,
351 1239 501 1308 quod
545 1239 808 1293 Salomon
847 1238 1025 1292 adhuc
1077 1253 1108 1292 a
1152 1238 1382 1292 Domino
1410 1238 1743 1306 postulabat,

158 1329 336 1384 dicens
365 1347 379 1380 ε
415 1326 580 1382 Dabis
601 1343 746 1382 servo
771 1337 858 1382 tuo
878 1343 969 1383 cor
997 1328 1196 1393 audire,
1235 1338 1284 1381 et
1312 1328 1553 1398 judicare
1579 1345 1747 1397 papu-

159 1418 256 1469 lunt
283 1426 431 1470 tuum
458 1418 512 1470 in
533 1416 762 1487 juszitiu,
787 1425 834 1470 et
867 1416 1154 1488 intelligere
1181 1417 1316 1471 inter
1345 1417 1538 1472 malum
1579 1427 1627 1471 et
1666 1417 1750 1471 bo-

159 1523 272 1560 num
302 1505 426 1576 (111
461 1504 591 1576 Reg.
623 1505 725 1575 ιιι).
756 1504 826 1560 Et
862 1506 987 1576 quia
1017 1522 1112 1576 per
1142 1505 1306 1561 lilium
1352 1516 1596 1562 nostrum
1643 1507 1750 1563 Do-

161 1598 413 1652 minicum
445 1597 794 1666 praesentium
825 1596 1144 1666 portitorem
1173 1597 1417 1666 quaadam
1440 1599 1607 1652 verbo
1634 1613 1752 1668 sug-

161 1687 392 1756 gerenda
443 1686 858 1755 mandavimus,
908 1702 1189 1757 speramus
1245 1697 1304 1742 ut
1346 1703 1433 1755 ea,
1482 1689 1753 1758 aspirante

161 1780 309 1835 vobis
335 1778 587 1843 Domino,
617 1786 675 1833 et
693 1778 928 1834 libenter
950 1778 1137 1834 audire
1168 1779 1476 1847 dignemini,
1495 1789 1552 1835 et
1577 1781 1752 1835 maxi-

1841 621 1959 658 rum
2005 604 2421 669 Antiochenam,
2470 603 2684 658 Petrum
2727 603 3078 671 Apatneuum,
3110 601 3422 656 Anthimutn

1843 707 2058 762 quoque
2099 707 2444 762 pervasoretn
2497 691 3109 759 Constantinopolitanae
3152 687 3424 754 Ecclesiae,

1845 792 1900 838 et
1931 784 2293 837 Theodosium
2347 781 2719 837 Alexandrinae
2758 780 3013 846 civitatis,
3065 794 3164 834 nec
3210 794 3320 832 non
3372 787 3428 832 et

1843 873 2274 934 Constantinum,
2299 882 2461 940 atque
2500 871 2791 925 Antonium
2821 870 3209 936 Vet‘senlanum
3259 866 3427 938 Euly-

1845 964 2049 1018 chianm
2079 963 2315 1027 biercsis,
2348 962 2441 1016 sed
2471 971 2522 1015 et
2552 960 2886 1026 Dioscorum,
2931 961 3020 1028 qui
3055 960 3105 1013 in
3127 959 3428 1013 Chalcedo-

1845 1057 2000 1111 nensi
2021 1055 2226 1126 synodo
2251 1059 2390 1108 inter
2418 1055 2554 1108 alios
2575 1054 2768 1122 legitur
2793 1053 2955 1106 fuisse
2975 1051 3280 1114 damnatus,
3302 1064 3422 1104 cum

1847 1146 2216 1201 defensoribus
2257 1156 2417 1216 atque
2444 1145 2763 1214 sequacibus
2783 1145 3070 1199 anathema
3109 1144 3310 1198 dixisse
3333 1159 3430 1197 co-

1848 1241 2150 1306 gnovimus,
2201 1239 2254 1292 in
2288 1239 2483 1307 quibus
2511 1255 2618 1292 non
2658 1237 2857 1306 aliquid
2903 1251 3102 1291 novum
3147 1235 3428 1291 sentcntiae

1848 1329 1977 1384 olim
2007 1345 2036 1382 a
2064 1327 2312 1382 Patrihus
2339 1327 2569 1382 decretis
2599 1329 2844 1396 junxisti,
2877 1343 2979 1382 nec
3008 1327 3202 1381 talibus
3229 1341 3430 1396 prmsu-

1849 1418 1992 1472 libus
2014 1418 2159 1472 beati
2197 1417 2341 1472 Petri
2371 1418 2582 1471 vicariis
2623 1419 2672 1471 iu
2703 1427 2950 1472 auctores
2980 1418 3240 1488 haeresum
3290 1417 3434 1484 ipsa-

1851 1523 1968 1562 rum
2001 1507 2123 1561 data
2147 1507 2414 1561 sententia
2445 1508 2659 1576 penitus
2689 1507 2981 1576 indigebat,
3013 1506 3138 1575 quia
3167 1507 3257 1574 qui
3281 1505 3434 1560 dam-

1853 1607 1992 1651 nata:
2031 1597 2300 1652 haereseos
2343 1607 2581 1652 sectator
2619 1599 2944 1666 agnoscitur,
2994 1614 3100 1652 non
3131 1605 3336 1650 tantum
3365 1613 3433 1652 ex

1855 1687 2067 1742 novella
2110 1687 2249 1756 lege,
2297 1688 2390 1743 sed
2431 1703 2500 1743 ex
2549 1689 2662 1758 ipsa
2689 1688 2800 1758 jam
2829 1690 3065 1744 auctoris
3106 1689 3186 1744 sui
3213 1689 3436 1744 damna-

1859 1777 2005 1831 tione
2033 1776 2311 1846 perculsus
2341 1785 2442 1842 est,
2467 1787 2618 1845 grate
2646 1779 2932 1832 admodum
2970 1787 3025 1833 et
3063 1779 3292 1833 libenter
3320 1792 3438 1831 am-

161 1884 243 1923 ute
286 1883 410 1938 quae
445 1868 828 1924 ecclesiastica:
879 1868 1018 1939 paci,
1042 1884 1106 1924 ac
1160 1869 1356 1924 dehinc
1391 1871 1756 1938 generalitatis
1784 1875 1832 1934 B
1860 1868 2167 1937 plectimur,
2199 1876 2255 1924 et
2293 1871 2632 1925 auctoritatis
2661 1871 2807 1925 sedis
2846 1871 3176 1942 apostolica,
3229 1871 3313 1926 cui
3342 1885 3442 1925 nos

163 1959 325 2028 quieti
355 1956 638 2028 profutura
667 1965 815 2024 sunt,
845 1964 1106 2014 consueta
1131 1955 1538 2014 Cbristianitate
1558 1967 1616 2015 et
1633 1975 1756 2031 pro-

166 2051 393 2106 videntia
423 2047 752 2119 disponatis.

397 2157 736 2215 EPISTOLA
769 2160 917 2231 (olim
944 2159 1013 2231 ν)
1044 2159 1270 2216 VlGlLll
1303 2160 1507 2217 PAPIE

785 2269 853 2308 AD
891 2269 1127 2309 IENNAII.

168 2364 492 2440 Gratulatur_
518 2381 636 2418 eum
678 2365 1239 2440 hmreticis_damna_tis
1285 2378 1495 2423 sanctas
1540 2379 1758 2440 quatuor

232 2435 548 2511 univerr'tles
568 2435 793 2511 synodos
813 2437 1096 2507 amplecti:
1125 2436 1190 2490 ab
1217 2439 1403 2494 hwresi
1448 2435 1757 2511 resipiscen-

233 2515 306 2558 tes
326 2505 514 2558 debere
542 2505 726 2574 recipi.

235 2595 603 2650 Dilectissimo
640 2595 794 2651 fratri
835 2595 1042 2651 Menas:
1069 2597 1326 2670 episcopo
1371 2598 1594 2670 Vigilius
1639 2601 1756 2672 epi-

165 2702 378 2756 scopus.

234 2775 384 2831 Licet
410 2777 685 2842 universa,
718 2784 880 2846 prout
927 2775 1042 2832 Deo
1081 2778 1372 2835 auxiliante
1404 2780 1675 2851 potuimus
1703 2778 1760 2836 (εἴ

164 2867 500 2923 credidimus
550 2867 830 2938 expedire,
863 2868 1082 2924 domino
1133 2869 1243 2924 lilio
1291 2879 1477 2927 nostro
1520 2873 1758 2927 serenis-

164 2962 298 3017 simo
327 2972 386 3017 et
411 2961 873 3018 Christianissimo
914 2963 1228 3034 imperatori
1265 2965 1334 3020 de
1381 2965 1759 3022 ecclesiasticis

163 3055 340 3109 causis
368 3063 576 3110 nostra:
608 3055 986 3110 insinuationis
1014 3071 1266 3113 sermone
1295 3059 1716 3127 suggesserimus
1741 3077 1756 3126 ;

161 3144 533 3200 necessarium
567 3154 748 3200 tamen
783 3143 1138 3215 judicavimus
1179 3156 1234 3202 et
1277 3147 1527 3202 charitati
1569 3157 1760 3203 vestrae

1858 1957 2003 2015 Deus
2030 1959 2320 2029 praisidere
2349 1961 2538 2028 voluit,
2583 1962 2990 2032 interpositione
3035 1963 3344 2017 ﬁrmamus:
3387 1969 3442 2015 et

1859 2051 2096 2106 universi
2139 2068 2329 2108 eorum
2369 2054 2682 2124 complices,
2728 2056 2812 2110 vel
2843 2071 3032 2110 omnes
3061 2056 3294 2110 hmetici
3324 2055 3442 2126 pari

1859 2140 2220 2198 damnationis
2235 2145 2516 2199 sententiae
2529 2145 2898 2215 subjacebunt.
2917 2147 3031 2202 Hoc
3047 2147 3440 2212 tantuunnodo,

1859 2231 2000 2286 sicut
2042 2233 2356 2303 apostolicae
2401 2235 2755 2291 moderationi
2797 2240 3068 2302 convenit,
3115 2253 3215 2309 per
3260 2238 3441 2292 omnia

1860 2331 2220 2390 reservantes,
2247 2333 2304 2378 ut
2331 2324 2376 2378 si
2418 2325 2611 2393 aliquis
2635 2327 2720 2380 vel
2748 2342 2934 2381 eorum
2965 2328 3048 2383 vel
3075 2327 3440 2396 quorumlibet

1859 2413 2152 2467 errantium
2181 2413 2336 2482 quasi
2366 2414 2544 2482 agnita
2574 2414 2851 2469 catholica:
2881 2415 3003 2471 ﬁdei
3027 2417 3250 2471 veritate
3271 2417 3446 2486 patui-

1865 2505 2091 2559 tentiam
2120 2518 2286 2573 agens
2313 2507 2511 2561 reverti
2541 2507 2788 2572 voluerit,
2821 2516 2876 2562 et
2897 2508 3115 2563 haeresis
3143 2508 3194 2562 in
3221 2523 3327 2577 qua
3348 2523 3446 2562 vo-

1862 2596 2064 2651 lutatur
2092 2611 2276 2652 errore
2301 2605 2634 2668 contempto,
2661 2598 2952 2670 Scriptura:
2979 2615 3196 2670 quoque
3225 2598 3436 2670 profes~

1861 2687 2016 2741 sione
2069 2687 2376 2743 universam
2428 2703 2674 2744 errorum
2727 2705 2949 2745 suorum
3012 2705 3076 2745 ac
3123 2690 3444 2760 complicqu

1859 2776 2195 2832 damnaverit
2223 2779 2562 2848 pravitatem,
2591 2789 2644 2835 et
2674 2781 2982 2850 apostolica:
3022 2795 3253 2850 sequens
3291 2780 3443 2834 insti-

1863 2873 1976 2919 tuta
2002 2865 2259 2922 doctrina:
2289 2869 2577 2924 anathema
2620 2869 2817 2924 dixerit
2845 2871 2895 2924 ei
2923 2870 3012 2940 qui
3040 2871 3125 2925 vel
3163 2871 3444 2940 praedictas

1862 2964 2097 3025 quatuor
2135 2959 2374 3030 synodos
2415 2961 2471 3016 in
2523 2961 2646 3016 lidei
2689 2977 2850 3017 causa
2893 2977 3001 3017 non
3047 2962 3310 3030 sequitur,
3357 2962 3444 3016 vel

1861 3048 2035 3102 beatte
2059 3049 2445 3104 recordationis
2471 3051 2880 3120 praedecessoris
2933 3053 3101 3108 nostri
3131 3052 3326 3106 Leonis
3353 3067 3445 3105 ve-

1863 3137 2121 3192 nerabilia
2169 3138 2458 3193 constituta
2499 3140 2560 3194 in
2599 3140 2848 3194 omnibus
2884 3155 2990 3194 non
3041 3139 3346 3204 conﬁtetur,
3389 3149 3445 3193 et

161 3253 262 3306 per
287 3237 738 3292 Christianissimi
769 3236 860 3292 ﬁlii
889 3239 1058 3294 nostri
1089 3240 1299 3309 patricii
1337 3239 1599 3296 Dominici
1637 3255 1757 3310 per-
1785 3245 1828 3305 ο
1864 3227 2055 3282 nonin
2103 3227 2352 3283 omnibus
2373 3229 2573 3284 viribus
2599 3229 2851 3298 omnique
2878 3229 3038 3284 animi
3079 3231 3320 3298 sequitur
3346 3244 3446 3298 ru-

160 3343 358 3382 sonam
381 3329 584 3398 scripta
613 3328 886 3396 dirigere:
919 3329 1112 3398 quibus
1149 3345 1250 3385 nos
1293 3329 1484 3400 grandi
1523 3331 1760 3386 exsulta-

163 3421 314 3474 tione
338 3428 394 3475 et
415 3419 612 3488 gaudio
632 3420 936 3489 suscepisse
959 3421 1287 3489 cognoscite,
1305 3421 1448 3490 quod
1468 3421 1758 3489 Nicainam,

162 3509 855 3581 Constantinopolilanam,
887 3511 1239 3582 Ephesinam,
1272 3520 1328 3568 et
1357 3512 1763 3568 Chalcedonen-

161 3616 279 3654 sem
309 3601 686 3656 sanctissimas
713 3601 970 3672 synodos,
999 3602 1052 3656 in
1078 3603 1272 3672 quibus
1301 3603 1422 3659 lidei
1444 3603 1764 3659 orthodoxa:

162 3699 332 3760 atque
362 3691 680 3760 apostolicze
701 3689 1048 3746 fundamenta
1072 3701 1459 3761 monstrantur,
1484 3694 1622 3750 sicut
1648 3694 1766 3764 pol-

163 3778 490 3834 licitationis
531 3792 727 3835 vestra:
757 3789 884 3836 tunc
924 3781 989 3835 ad
1030 3782 1481 3853 prtedecessorem
1522 3793 1763 3840 nostrum

161 3879 373 3924 sanctm
409 3870 808 3925 recordationis
835 3870 1135 3942 Agapetum
1177 3873 1339 3928 lectio
1367 3873 1491 3928 data
1517 3881 1766 3944 testatur,

160 3960 562 4014 inviolabiliter
587 3976 682 4015 vos
703 3962 946 4016 asseritis
969 3963 1260 4029 custodire,
1285 3974 1341 4019 et
1368 3965 1602 4020 maxime
1623 3965 1767 4022 beati

163 4049 376 4106 Leonis
406 4050 824 4120 przedecessoris
858 4053 1026 4108 nostri
1077 4055 1228 4124 sequi
1274 4054 1326 4108 in
1374 4055 1624 4110 omnibus
1645 4072 1770 4112 con-

158 4142 382 4198 stituta.
414 4141 558 4208 Quid
588 4151 670 4198 est
691 4143 938 4198 charitati
971 4152 1075 4198 tua:
1119 4144 1329 4212 dignius
1357 4145 1578 4201 honoris
1625 4146 1770 4217 quod

159 4233 487 4297 conveniat,
517 4232 620 4286 nisi
647 4247 674 4286 a
707 4231 1078 4288 Romanorum
1098 4234 1384 4304 praesulum
1411 4250 1521 4291 non
1550 4236 1770 4292 deviare

160 4323 463 4378 doctrina?
489 4323 596 4376 Aut
623 4323 751 4392 quid
781 4323 936 4378 nobis
954 4323 1266 4394 jucundius,
1294 4326 1490 4394 quidve
1535 4327 1608 4382 sit
1643 4341 1770 4396 gra-

163 4413 274 4466 tius
299 4426 472 4480 quam
517 4411 640 4466 illos
666 4413 718 4465 in
743 4411 941 4467 Christi
963 4412 1175 4469 Domini
1199 4423 1254 4470 et
1277 4414 1574 4472 Salvatoris
1599 4419 1770 4472 nostri

162 4501 451 4556 charitate
482 4499 791 4572 complecti,
821 4501 912 4572 qui
943 4502 1209 4572 majorum
1239 4512 1546 4560 nostrorum
1569 4514 1624 4560 et
1644 4521 1774 4576 prae-

1865 3317 2046 3384 ritate,
2091 3324 2222 3372 tunc
2268 3319 2659 3374 communionis
2707 3327 2904 3374 nostra:
2947 3320 3129 3388 (quam
3169 3318 3298 3373 nulli
3345 3332 3446 3372 nos

1863 3423 2062 3478 negare
2089 3411 2340 3465 convenit
2380 3411 2682 3483 paenitenti)
2709 3413 2808 3467 sub
2841 3411 3135 3482 apostolica
3182 3419 3238 3466 et
3281 3426 3445 3466 cano-

1865 3498 2002 3564 nica,
2030 3499 2169 3556 sicut
2197 3499 2402 3571 praefati
2439 3517 2642 3568 sumus,
2668 3501 3030 3560 satisfactione
3071 3501 3244 3556 modis
3271 3500 3446 3556 omni-

1865 3587 1966 3643 bus
1993 3597 2210 3658 agetur:
2227 3591 2350 3660 quia
2375 3589 2704 3662 Redemptor
2724 3599 2907 3647 noster
2923 3607 3034 3646 non
3050 3591 3198 3646 venit
3217 3592 3448 3661 aliquem

1865 3679 2112 3750 perdere,
2145 3679 2242 3736 sed
2270 3697 2458 3737 omnes
2485 3698 2584 3752 pro
2611 3699 2706 3738 sua
2729 3683 2926 3753 pietate
2950 3683 3175 3738 salvare.
3199 3680 3270 3736 Et
3291 3699 3448 3736 manu

1865 3769 2062 3825 domini
2091 3787 2259 3841 paper.
2277 3771 2385 3826 Deo
2409 3771 2652 3840 juvante,
2665 3787 2762 3841 per
2789 3773 2954 3842 ipsius
2972 3772 3216 3841 gratiam,
3231 3769 3453 3838 Vigilius

1868 3859 2151 3930 episc0pus
2178 3869 2376 3914 sancta:
2396 3859 2647 3915 Ecclesiae
2667 3861 2946 3917 catholica:
2972 3861 3120 3915 urbis
3147 3860 3332 3916 Romae
3354 3860 3450 3913 has

1867 3948 2095 4004 schedas
2117 3948 2468 4018 epistolarum
2507 3949 3007 4019 suprascriptarum,
3039 3963 3174 4018 quas
3209 3961 3310 4016 ego
3341 3947 3452 4002 Deo

1865 4040 2090 4111 juvante
2126 4041 2342 4108 dictavi,
2372 4041 2487 4112 ipso
2517 4042 2808 4097 auxiliante
2855 4041 3080 4112 cognovi
3119 4048 3280 4109 atque
3325 4039 3453 4094 sub-

1871 4133 2079 4202 scripsi.
2109 4132 2179 4187 Et
2209 4135 2314 4188 alia
2340 4151 2496 4188 manu
2523 4133 2830 4201 subscriptio
2876 4132 3044 4188 Flavii
3074 4131 3334 4186 Dominici
3359 4147 3454 4200 pa-

1872 4224 2026 4276 tricii.
2056 4222 2271 4277 Flavius
2321 4224 2628 4278 Dotninicus
2664 4225 2745 4278 vir
2771 4223 3094 4278 clarissimus
3133 4236 3315 4278 comes
3357 4221 3440 4275 do-

1872 4313 2240 4377 mesticorum,
2291 4314 2551 4368 exconsul
2593 4329 2656 4370 ac
2703 4315 2977 4384 patricius,
3024 4313 3121 4367 has
3159 4311 3382 4366 schedas
3422 4324 3453 4363 a

1871 4403 2182 4460 beatissimo
2222 4411 2384 4473 atque
2434 4405 2730 4475 apostolico
2777 4419 2916 4476 papa
2958 4403 3148 4471 Vigilio
3193 4402 3247 4456 in
3292 4415 3454 4456 causa

1876 4494 1998 4549 lidei
2035 4494 2204 4550 factas
2231 4495 2297 4549 ad
2328 4495 2582 4550 domuum
2610 4505 2851 4551 nostrum
2883 4493 3239 4550 Justinianum
3281 4492 3458 4562 piissi-

161 4591 528 4646 decessorum
559 4589 701 4646 facta
731 4591 1076 4648 custodiunt?
1118 4591 1266 4649 Unde
1287 4595 1635 4664 spiritualiter
1681 4611 1761 4652 sa-

1876 4600 2020 4638 tnttm
2044 4594 2098 4640 et
2125 4585 2634 4641 Christianissimum
2662 4587 2973 4656 principem,
3001 4585 3094 4640 sed
3114 4595 3170 4638 et
3201 4583 3268 4636 ad
3308 4581 3458 4636 Men-

163 4681 415 4736 lutantes
447 4689 521 4746 te,
553 4680 852 4748 hortamur,
879 4689 933 4736 et
959 4697 1062 4752 qua
1091 4699 1189 4739 nos
1209 4685 1464 4740 convenit
1491 4685 1774 4742 affectione

165 4771 522 4826 incessanter
549 4770 894 4841 alloquimur,
923 4781 982 4825 ut
1028 4771 1170 4828 illius
1215 4789 1478 4840 normam,
1512 4775 1652 4829 illius
1679 4774 1776 4829 ad-

166 4861 565 4925 monitionem,
618 4860 761 4914 illius
815 4859 977 4930 (sicut
1015 4869 1069 4916 et
1115 4863 1406 4933 promisisti
1451 4871 1506 4918 et
1543 4862 1772 4934 indicas)

168 4953 425 5021 sequaris
450 4951 503 5006 in
537 4953 784 5006 omnibus
813 4953 1124 5008 constituta.
1179 4953 1343 5010 Plena
1372 4964 1497 5011 sunt
1536 4957 1678 5011 enim
1709 4958 1776 5011 de

167 5041 422 5110 praedicti
473 5039 892 5110 prmdeccssoris
929 5041 1099 5096 nostri
1131 5051 1330 5097 sanctae
1359 5052 1416 5099 et
1457 5044 1777 5100 venerandae

173 5131 583 5186 recordationis
604 5129 803 5186 Leonis
831 5131 1043 5202 scriptis
1064 5141 1259 5186 vestra:
1279 5131 1628 5188 fraternitatis
1651 5135 1778 5189 scri-

176 5221 288 5283 nia,
321 5236 446 5290 qua:
477 5221 542 5275 ad
576 5221 1004 5290 przedecessores
1037 5230 1157 5276 tuos
1197 5223 1446 5290 leguntur
1489 5225 1556 5279 ab
1584 5225 1774 5279 eodem

177 5312 454 5368 destinata
484 5311 742 5382 pontiﬁce
781 5329 796 5364 :
843 5312 1166 5384 ibidemque,
1193 5329 1311 5383 quae
1349 5318 1544 5371 nostris
1576 5317 1779 5388 prinde-

179 5405 490 5459 cessoribus
527 5405 696 5458 vestri
744 5403 1110 5473 promiserint,
1145 5405 1472 5472 releguntur.
1527 5407 1632 5463 Sed
1662 5411 1777 5464 lucc

182 5494 384 5550 dixisse
413 5496 646 5551 sufﬁciat
671 5514 683 5548 :
719 5495 966 5564 Apostoli
990 5479 1219 5564 namque
1243 5513 1422 5554 sermo
1443 5509 1566 5554 ante
1587 5500 1776 5555 oculos

189 5596 399 5641 nostros
427 5596 529 5648 est,
551 5587 645 5658 qui
679 5585 814 5640 dicit
840 5603 852 5636 :
879 5586 1200 5656 Sapientiam
1229 5586 1484 5648 loquimur
1503 5589 1636 5642 inter
1656 5606 1776 5659 perm

192 5676 342 5736 rectos
381 5677 436 5751 (ι
467 5677 592 5734 Cor.
642 5677 708 5747 ι).
762 5674 841 5728 De
884 5673 966 5729 his
994 5689 1122 5728 vero
1159 5675 1352 5744 quibus
1391 5683 1442 5730 te
1485 5693 1774 5732 memorem

187 5768 341 5826 libelli
369 5787 532 5844 quem
561 5767 948 5841 snprascripto
985 5767 1362 5837 prmdecessori
1406 5779 1592 5825 nostro
1622 5771 1780 5826 tradi-

186 5863 348 5935 dera=,
392 5874 448 5924 ct
489 5867 808 5935 sequentes
852 5857 1159 5927 apostolico:
1189 5858 1477 5914 constituta
1522 5859 1778 5916 doctrina:

1878 4692 2004 4732 nam
2031 4678 2206 4732 virum
2248 4678 2612 4734 beatissimum
2643 4678 3246 4749 Constantiuopolitanm
3284 4676 3459 4730 archi-

1877 4767 2188 4838 episc0pum
2215 4767 2443 4824 civitatis
2473 4771 2733 4839 relegens,
2765 4768 3066 4832 conferens,
3083 4767 3454 4824 consentiens-

1877 4871 1983 4926 que
2027 4859 2346 4929 subscripsi,
2385 4859 2472 4914 die
2529 4876 2600 4915 xv
2643 4861 2894 4916 calendas
2938 4859 3201 4922 Octobris,
3251 4857 3459 4914 Justino

1878 4951 1995 5006 viro
2023 4952 2316 5008 clarissimo
2336 4954 2554 5009 consule
2571 4955 2742 5026 (Anno
2769 4956 2979 5010 Domini
3004 4955 3150 5022 540).

2086 5089 2416 5147 EPISTOLA
2455 5093 2598 5165 (aliut
2643 5093 2732 5166 Vl)
2779 5093 3006 5150 VlGlLll
3044 5093 3246 5150 PAPAS

2260 5222 2328 5260 AD
2366 5222 2636 5262 AUXANIUM
2673 5225 3076 5264 ARELATENSEI.

1881 5317 2041 5374 Usum
2069 5318 2236 5389 pallii,
2265 5337 2412 5390 quem
2433 5321 2742 5392 postulabat,
2771 5323 2972 5388 differt,
2997 5321 3169 5392 quoad
3193 5321 3464 5376 certiorem

2375 5392 2534 5460 faciat
2576 5391 2954 5460 imperatorem.

1953 5502 2308 5558 Dilectissimo
2338 5502 2485 5557 fratri
2515 5503 2760 5558 Auxanio
2789 5505 3028 5572 Vigilius.

1954 5593 2162 5661 Scripta
2191 5592 2258 5646 de
2305 5592 2638 5648 ordinatione
2681 5593 2958 5650 charitatis
2999 5604 3209 5661 vestrae,
3251 5593 3457 5649 Joanne

1884 5685 1992 5740 ﬁlio
2023 5693 2207 5740 nostro
2236 5685 2570 5755 presbytero,
2598 5687 2691 5741 sed
2720 5696 2775 5742 et
2803 5687 3034 5742 Tcrcdio
3059 5687 3285 5741 diacono
3311 5687 3458 5742 defe-

1881 5775 2142 5840 rentibus,
2163 5793 2282 5830 cum
2309 5778 2470 5832 animi
2489 5778 2711 5847 spiritali
2731 5781 3084 5847 gratulatione
3104 5780 3452 5847 suscepimus,

1887 5867 2108 5923 Domino
2137 5869 2331 5934 gratias
2359 5868 2676 5940 referentes,
2697 5870 2818 5940 quia
2847 5871 2947 5926 hoc
2972 5871 3022 5926 in
3055 5869 3286 5928 Ecclesm
3317 5872 3451 5927 Are-
