3986 6360
548 411 613 465 τι
1973 393 2197 453 νιοιιιι
2236 389 2438 446 ΡΑΡᾹΞ
3744 387 3812 442 28

546 526 735 581 latensi
765 523 958 578 factum
990 530 1092 588 est,
1116 522 1265 594 quod
1293 532 1349 579 et
1376 521 1672 578 canonibns
1698 527 1754 575 et
1785 517 2129 576 decessurum
2161 515 2207 575 Α
2233 512 2390 576 tione,
2414 510 2465 564 in
2493 511 2762 573 charitatc,
2785 510 2839 563 in
2860 509 2984 579 ﬁde,
3016 510 3071 564 in
3091 508 3330 561 castitate
3360 503 3414 577 (1
3444 502 3574 559 Tim.
3605 502 3702 574 tv).
3752 505 3817 560 Et

548 624 851 672 nostrorum
881 614 1082 684 regulis
1106 615 1422 671 conveniret
1447 628 1464 668 :
1492 621 1760 684 quatenus
1783 627 1851 667 ex
1880 609 2129 680 sequenti

542 706 736 763 ordine
761 704 1052 761 sacerdotii
1074 715 1164 760 tua
1194 703 1500 758 fraternitas
1526 703 1596 758 ad
1640 700 1963 773 pontiﬁcalis
2005 713 2133 770 pro-

544 797 836 851 veheretur
861 795 1069 866 apicem
1095 793 1384 861 dignitatis,
1407 800 1466 848 et
1483 792 1675 847 divina:
1703 791 1756 846 in
1780 798 1834 846 te
1857 788 2133 845 electionis

547 878 802 960 iudiciuin
826 886 1207 958 eompleretur,
1233 885 1373 940 sicut
1409 883 1672 954 scriptum
1698 890 1815 938 est:
1845 878 2014 935 Omne
2039 878 2137 933 da-

550 990 657 1036 tum
682 980 930 1051 optimum
958 987 1009 1034 et
1031 992 1184 1034 omne
1229 977 1421 1032 donum
1446 977 1730 1048 perfectum
1750 976 2015 1028 desursum
2036 980 2135 1040 est,

550 1071 861 1126 descendens
882 1086 916 1124 α
941 1067 1103 1124 Patre
1120 1068 1390 1131 luminum,
1414 1065 1554 1136 apud
1567 1081 1714 1137 quem
1734 1080 1838 1119 non
1858 1071 1935 1117 est
1959 1071 2137 1116 trans-

546 1162 768 1218 mutatio
830 1175 925 1216 nec
963 1157 1331 1215 vicissitudinis
1369 1155 1692 1211 obumbratio
1722 1149 1946 1225 (Iacob.
1978 1149 2038 1220 ι).
2073 1148 2141 1204 Et

554 1255 749 1308 itemst
777 1250 970 1307 doctor
993 1247 1234 1318 gentium
1259 1244 1536 1316 apostolus
1572 1241 1770 1298 Paulus
1817 1241 1948 1297 dicit
1978 1257 1991 1293 :
2026 1236 2140 1292 Nec

556 1343 824 1415 quisquam
849 1340 1004 1395 sumit
1029 1336 1132 1392 sibi
1148 1337 1417 1402 honorem,
1446 1333 1538 1388 sed
1568 1331 1656 1404 qui
1693 1337 1904 1386 vocatur
1955 1345 1990 1383 a
2035 1327 2141 1381 Deo

558 1442 803 1504 tanquam
828 1432 1004 1485 Aaron
1028 1427 1216 1497 (Hebr.
1239 1429 1317 1496 v).
1349 1424 1609 1496 Superest
1631 1430 1692 1478 ut
1718 1421 1879 1489 Deus,
1909 1419 2003 1492 qui
2044 1433 2144 1474 nos

557 1523 856 1578 immeritos
896 1518 1153 1576 ineffabili
1190 1516 1553 1574 misericordia
1580 1515 1845 1572 honorem
1884 1514 2145 1569 miserans

556 1611 917 1682 pontiﬁcalem
946 1609 1147 1665 habere
1186 1622 1288 1679 pro
1312 1622 1409 1662 sua
1455 1606 1660 1677 pietate
1683 1602 1951 1673 concedit,
1980 1602 2147 1658 donet

558 1709 616 1758 et
641 1700 940 1772 praemium,
958 1708 1018 1755 ut
1039 1699 1169 1755 illud
1191 1699 1244 1754 in
1266 1699 1420 1755 nobis
1440 1697 1774 1767 compleatur
1787 1694 1930 1766 quod
1946 1693 2146 1749 Christi

565 1793 659 1848 Dei
687 1801 744 1846 et
786 1790 1083 1846 Salvatoris
1128 1789 1300 1845 nostri
1347 1788 1508 1844 verba
1548 1793 1833 1852 testantur,
1875 1784 2142 1840 dicentis:

2231 603 2373 658 sicut
2401 601 2529 658 item
2557 601 2929 672 apostolormn
2951 599 3157 670 primus
3176 597 3527 654 saluberrima
3571 596 3815 652 admoni-

2233 693 2382 748 tione
2405 691 2728 763 prmcipiens
2751 709 2764 745 :
2804 689 3010 746 Pascite
3027 690 3116 762 qui
3140 690 3195 744 in
3218 689 3357 744 vobis
3383 699 3461 743 est
3479 704 3682 761 gregem
3700 687 3816 754 Dei,

2233 785 2586 854 consequenti
2629 781 3008 838 adhortatione
3057 780 3334 852 subjungit
3374 798 3388 835 :
3445 780 3641 836 Forma
3689 782 3815 853 facti

2235 876 2406 948 gregis
2429 891 2497 930 ex
2518 878 2710 940 animo,
2734 883 2785 929 et
2811 890 2924 928 enm
2954 873 3254 944 apparuerit
3272 870 3516 943 princeps
3535 880 3824 942 pastorum,

2235 970 2528 1040 percipietis
2558 964 3029 1022 immarcescibilem
3074 966 3258 1036 gloria:
3284 979 3530 1018 coronam
3565 961 3636 1036 (1
3677 961 3823 1016 Petr.

2237 1080 2270 1119 ν
2287 1063 2330 1134 ).
2355 1061 2413 1118 Si
2438 1076 2558 1132 qua:
2583 1075 2713 1131 ergo
2743 1060 2884 1114 inter
2911 1058 3106 1114 fratres
3131 1064 3187 1112 et
3212 1056 3566 1127 coepiscopos
3589 1062 3822 1118 nostros,

2240 1155 2295 1210 in
2342 1154 2476 1210 locis
2523 1162 2716 1209 vestrm
2758 1150 3010 1207 charitati
3050 1149 3302 1221 prmsenti
3325 1149 3648 1204 auctoritate
3676 1163 3824 1204 com-

2240 1247 2438 1314 missis,
2462 1246 2763 1302 seminante
2793 1243 2886 1300 illo
2915 1251 3138 1298 auctore
3163 1258 3232 1296 ex
3285 1240 3505 1310 antiqua
3550 1238 3830 1308 iniquitate

2243 1337 2500 1402 zizanias,
2522 1334 2889 1392 dissensiones
2916 1333 3259 1400 emerserint,
3283 1331 3535 1386 adhibitis
3555 1330 3828 1387 vobiscum

2242 1426 2615 1483 sacerdotibus
2640 1439 2866 1481 numero
2884 1422 3234 1494 competenti,
3263 1436 3454 1478 causas
3476 1420 3739 1478 canonica
3781 1429 3834 1477 et

2245 1514 2539 1586 apostolica
2566 1514 2822 1585 aequitate
2846 1513 3113 1580 discutitc,
3143 1528 3205 1568 ea
3232 1512 3406 1567 modis
3428 1511 3678 1568 omnibus
3706 1527 3831 1582 pro-

2245 1606 2358 1662 lato
2381 1605 2586 1677 judicio
2616 1605 2839 1673 linituri,
2861 1620 2982 1676 qua:
3004 1604 3116 1660 Deo
3142 1604 3356 1675 placitis
3377 1603 3726 1659 decessurum
3746 1617 3836 1656 no-

2246 1711 2482 1756 strorum
2508 1700 2715 1770 possint
2735 1699 2934 1768 regulis
2961 1697 3271 1754 convenire.
3316 1696 3373 1750 Si
3393 1711 3507 1769 lqua
3538 1711 3668 1752 vero
3719 1709 3836 1749 cer-

2249 1789 2449 1845 tamina
2476 1796 2570 1844 aut
2589 1789 2656 1846 de
2684 1789 2946 1857 religione
2976 1787 3121 1856 ﬁdei,
3149 1788 3292 1857 quod
3322 1786 3464 1842 Deus
3490 1784 3721 1849 auferat,
3748 1794 3839 1839 aut

564 1881 728 1956 Euge,
759 1896 899 1936 serue
918 1879 1050 1936 bene
1072 1890 1124 1935 et
1147 1879 1341 1950 ﬁdelis,
1363 1879 1484 1951 quia
1501 1879 1556 1932 in
1581 1892 1747 1949 pauca
1773 1875 1917 1948 fuisti
1954 1873 2145 1946 ﬁdelis,
2178 1885 2221 1944 Β
2249 1882 2317 1937 de
2359 1881 2602 1952 quolibet
2647 1881 2890 1950 negotio,
2920 1879 3064 1951 quod
3094 1880 3167 1935 ibi
3216 1895 3315 1950 pro
3343 1879 3424 1934 sui
3473 1875 3840 1946 magnitudine

563 1989 724 2044 supra
762 1970 927 2025 multa
970 1978 1020 2025 te
1046 1970 1392 2035 constituam;
1420 1968 1564 2023 intra
1597 1970 1653 2023 in
1678 1968 1923 2040 gaudium
1950 1965 2149 2022 domini

567 2061 641 2116 tui
667 2057 880 2133 (Matth.
903 2057 1063 2133 xxv);
1086 2066 1143 2112 et
1163 2058 1393 2114 iterum:
1427 2056 1554 2123 Quis
1575 2065 1727 2128 putas
1744 2064 1821 2110 est
1848 2055 2022 2127 ﬁdelis
2040 2066 2152 2110 ser-

564 2164 657 2205 uus
674 2158 725 2203 et
749 2147 999 2220 prudens,
1185 2148 1450 2203 constituit
1466 2148 1706 2203 dontintts
1724 2162 1877 2218 super
1896 2145 2152 2218 [euntium

565 2254 732 2304 sitam,
762 2247 819 2292 ut
842 2238 929 2293 det
956 2237 1063 2292 illis
1088 2237 1144 2292 in
1171 2245 1397 2308 tmpore
1416 2238 1573 2292 tritici
1599 2237 1935 2292 mensuram!
1960 2233 2153 2290 Beatus

563 2331 652 2387 ille
677 2346 851 2386 servus
878 2347 1026 2403 quem
1053 2346 1168 2384 cum
1190 2330 1383 2384 venerit
1404 2329 1647 2385 dominus
1682 2331 1934 2384 invenerit
1956 2330 2035 2383 ita
2065 2330 2155 2400 (a-

563 2426 783 2479 cientem
804 2422 1023 2495 (Matth.
1043 2420 1215 2493 sxw).
1245 2419 1385 2477 Sunt
1410 2424 1575 2478 etiam
1618 2437 1740 2493 quze
1772 2436 1873 2492 per
1912 2421 2004 2476 Dei
2033 2432 2156 2492 gra-

569 2514 698 2570 tiam
714 2529 881 2584 super
906 2511 1247 2569 fraternitate
1272 2520 1452 2568 vestra
1476 2511 1544 2566 ad
1573 2510 1816 2567 facienda
1852 2511 1996 2567 bona
2025 2512 2154 2567 hor-

566 2613 751 2663 tentur
775 2605 1042 2675 exempla.
1096 2603 1154 2659 Si
1189 2604 1333 2660 enim
1371 2602 1671 2659 decessoris
1701 2602 1775 2658 tui
1821 2602 1933 2669 illa,
1962 2616 2084 2672 qua:
2123 2617 2155 2657 a

567 2697 700 2756 sede
716 2697 1016 2770 apostolica
1028 2696 1098 2753 de
1117 2695 1468 2752 fundamento
1487 2703 1656 2767 petrae
1666 2694 1944 2750 dominicae
1957 2693 2158 2749 doctri-

569 2804 653 2846 nae
680 2791 823 2846 bona
849 2788 1147 2859 suscipiens
1165 2788 1373 2844 actibus
1399 2785 1720 2857 exequavit,
1749 2785 1948 2840 imitari
1972 2784 2158 2841 volue-

569 2881 667 2950 ris,
695 2889 753 2938 et
772 2895 804 2935 a
827 2879 974 2936 sedis
996 2878 1308 2950 apostolica:
1351 2877 1406 2932 in
1443 2878 1592 2933 nullo
1618 2875 1919 2932 deviaveris
1959 2873 2160 2930 consti-

573 2971 731 3036 tutis;
761 2969 903 3026 sicut
940 2969 1199 3039 scriptum
1228 2977 1353 3024 est:
1381 2966 1650 3023 Coronam
1671 2967 1790 3022 sine
1824 2964 2160 3020 dubitatione

571 3061 854 3134 percipies,
880 3075 1041 3132 quam
1079 3058 1230 3116 dedit
1269 3059 1413 3116 Deus
1438 3059 1781 3128 diligentibus
1822 3070 1900 3114 se.
1951 3056 2028 3112 De
2074 3055 2160 3112 bis

568 3167 702 3209 vero
726 3166 848 3224 quae
867 3151 1105 3208 charltas
1129 3158 1315 3206 vestra
1339 3159 1447 3206 tam
1474 3150 1545 3206 de
1570 3164 1670 3205 usu
1699 3149 1872 3220 pallii,
1901 3163 2063 3218 quam
2091 3147 2159 3203 de

569 3243 688 3298 aliis
713 3243 814 3300 sibi
841 3258 871 3297 a
901 3243 1060 3299 nobis
1101 3241 1259 3314 petiit
1295 3240 1497 3297 debere
1536 3238 1782 3305 concedi,
1820 3238 2009 3294 ﬂrenti
2052 3239 2159 3295 hoc

569 3333 751 3388 animo
777 3331 943 3388 etiam
968 3332 1024 3387 in
1052 3330 1306 3404 praesenti
1333 3330 1514 3386 facere
1537 3330 1657 3387 sine
1683 3328 1942 3385 dilatione
1973 3329 2156 3400 potui-

571 3438 724 3489 mus,
753 3421 856 3477 nisi
882 3436 1009 3478 cum
1032 3419 1472 3476 Christianissimi
1500 3419 1704 3475 domini
1735 3418 1826 3474 ﬁlii
1865 3418 2033 3474 nostri
2061 3418 2162 3474 im-

570 3514 842 3584 peratoris
861 3513 985 3580 hoc,
1011 3514 1153 3571 sicut
1170 3512 1311 3568 ratio
1339 3513 1596 3584 postulat,
1637 3513 1993 3568 voluissemus
2037 3524 2163 3581 per-

572 3601 738 3660 ﬁcere
760 3605 972 3672 notitia,
995 3604 1109 3660 Deo
1136 3612 1385 3672 auctore;
1412 3612 1474 3660 ut
1513 3612 1569 3661 et
1595 3604 1751 3661 vobis
1787 3603 1993 3676 gratior
2026 3618 2163 3674 prae-

571 3698 823 3753 stiterunt
868 3712 1034 3755 causa
1060 3697 1336 3767 reddatur,
1377 3697 1507 3753 dum
1549 3712 1673 3768 qua:
1702 3696 2012 3767 postulastis
2039 3710 2162 3752 cum

571 3802 840 3843 consensu
876 3785 1318 3846 Cbristianissimi
1344 3787 1604 3859 principis
1630 3785 1958 3852 referuntur,
1981 3793 2036 3841 et
2062 3800 2165 3841 nos

572 3880 836 3937 honorem
858 3880 983 3937 ﬁdei
1002 3880 1119 3952 ejus
1143 3894 1390 3938 servasse
1410 3896 1532 3936 cum
1552 3879 1884 3951 competenti
1906 3890 2164 3934 reveren-

572 3972 644 4028 tia
669 3971 990 4043 judieemur.
1022 3973 1165 4032 Deus
1194 3982 1249 4031 te
1292 3972 1620 4031 incolumem
1658 3971 1947 4038 custodiat,
1999 3968 2166 4026 frater

571 4063 902 4120 cbarissime.
960 4064 1094 4122 Data
1139 4081 1211 4121 xv
1255 4064 1512 4122 calendas
1556 4063 1906 4130 Novembres,
1968 4064 2162 4120 iterum

572 4162 698 4226 post
734 4154 1075 4212 consulatum
1127 4155 1314 4211 Basilii
1354 4154 1459 4212 viri
1503 4154 1788 4212 clarissimi
1845 4155 2023 4228 (Anno
2065 4154 2167 4210 Do-

574 4246 707 4303 mini
725 4246 874 4320 M3).

788 4354 1121 4413 EPISTOLA
1143 4359 1160 4428 ς
1177 4358 1300 4413 olim
1321 4356 1446 4428 VII)
1477 4353 1705 4412 ViGlLll
1748 4352 1950 4411 PAPA‘I

1193 4490 1264 4530 AD
1293 4491 1534 4531 ευιυειι.

587 4586 740 4660 Vites
760 4587 840 4643 illi
866 4604 990 4660 snas
1014 4590 1069 4642 in
1094 4587 1269 4643 Gallia
1299 4589 1524 4660 delegat,
1553 4598 1604 4643 et
1642 4588 1792 4660 pallii
1830 4602 1980 4643 usam
2030 4603 2162 4643 con-

648 4658 803 4725 cedit,
833 4659 1118 4713 admonens
1145 4667 1202 4712 ut
1231 4676 1326 4729 pro
1352 4658 1678 4729 imperatore
1719 4658 1880 4714 Deum
1908 4665 2039 4722 oret,
2070 4674 2167 4726 pa-

647 4745 854 4851 cequt‘e
878 4729 1016 4850 sua:
1036 4728 1203 4800 ipsum
1232 4726 1292 4782 'ct
1333 4726 1710 4783 Childebcrtum
1750 4744 1918 4800 regem
1951 4743 2164 4783 conser-

647 4813 677 4850 υ
713 4814 768 4851 re
797 4815 821 4851 s
845 4815 874 4850 κ
915 4815 975 4850 ea
1004 4838 1018 4851 .

646 4813 677 4850 υ
713 4814 768 4852 re
797 4813 1018 4851 studeat.

650 4887 1004 4943 Dilectissimo
1033 4887 1183 4943 fratri
1212 4886 1461 4943 Anranio
1489 4888 1737 4954 Vigilius.

645 4976 796 5033 Sicut
822 4992 923 5032 nos
941 4992 1040 5048 pro
1065 4984 1170 5032 tua:
1189 4976 1470 5032 charitatis
1498 4974 1716 5042 affectu,
1744 4982 1800 5029 et
1821 4988 1922 5044 pro
1959 4973 2164 5044 glorio-

573 5067 768 5124 sissimi
800 5066 891 5121 lilii
923 5067 1093 5122 nostri
1119 5067 1265 5135 regis
1295 5066 1625 5121 Childeherti
1653 5065 1958 5120 Christiana
1999 5063 2165 5119 devo-

575 5161 722 5215 tione
751 5159 1037 5222 mandatis,
1085 5159 1234 5214 vices
1261 5166 1478 5212 nostras
1504 5157 1854 5212 libentissima
1884 5155 2163 5210 voluntate

574 5250 920 5316 contulimus,
945 5251 1017 5304 ita
1041 5247 1434 5303 fraternitatem
1456 5254 1603 5303 tuam
1634 5247 1886 5302 convenit
1907 5247 2020 5301 Deo
2048 5246 2164 5316 pla-

572 5340 694 5395 citis
721 5341 974 5411 operibus
1002 5347 1167 5395 tanta:
1187 5338 1331 5394 sedis
1359 5339 1685 5394 auctoritate
1729 5338 1890 5407 digna
1931 5352 2163 5394 conver-

573 5430 786 5485 satione
813 5430 892 5484 uti
931 5436 1094 5500 atque
1142 5429 1450 5501 disponere,
1483 5436 1542 5484 ut
1584 5427 1742 5484 bonis
1769 5428 1978 5484 actibus
2001 5429 2158 5484 inno-

575 5531 806 5586 tescens,
832 5528 1042 5576 rectum
1069 5519 1213 5575 circa
1240 5520 1559 5576 charitatem
1605 5528 1755 5575 tuam
1775 5518 2036 5590 judicium
2064 5535 2164 5574 no-

574 5617 702 5664 stra:
727 5608 1033 5666 dilectionis
1057 5608 1329 5664 ostendas.
1355 5607 1622 5665 Convenit
1665 5610 1811 5665 enim
1840 5625 1941 5664 nos
1964 5608 2162 5665 Docto-

577 5697 655 5754 ris
689 5698 928 5770 gentium
974 5698 1229 5756 mandata
1274 5699 1538 5766 recolere,
1585 5698 1783 5768 quibus
1818 5698 2160 5754 Timotheum

577 5790 893 5863 discipulum
917 5807 1074 5850 suum
1104 5791 1548 5848 iustrnctionibus
1570 5791 1774 5846 sanctis
1790 5789 2057 5851 hortatur,
2080 5787 2163 5843 di-

580 5899 708 5940 cens
733 5901 749 5939 :
779 5883 1087 5956 Exemplum
1109 5892 1217 5940 esto
1244 5883 1476 5955 ﬁdelium
1516 5882 1572 5937 in
1600 5879 1770 5948 verba,
1800 5881 1854 5935 in
1881 5894 2157 5935 conuersa-

2252 1973 2531 2029 tcrminari
2558 1988 2664 2029 non
2687 1973 2876 2044 possit,
2902 1972 3200 2037 evenerint,
3232 1971 3398 2026 totius
3418 1969 3660 2025 veritatis
3689 1967 3841 2022 inda-

2252 2065 2376 2133 gine
2403 2063 2641 2132 diligenti
2668 2062 2876 2120 ratione
2902 2062 3162 2129 discussa,
3211 2060 3493 2117 relationis
3516 2059 3580 2114 ad
3619 2074 3726 2113 nos
3751 2074 3837 2113 sc-

2252 2157 2388 2212 riem
2408 2156 2758 2222 destinantes,
2783 2156 3091 2228 apostolica:
3109 2155 3222 2210 sedi
3240 2153 3572 2210 terminamla
3594 2160 3840 2208 servate:

2254 2255 2315 2300 ut
2342 2245 2605 2301 universis
2642 2261 2673 2300 a
2704 2245 3038 2301 fraternitate
3066 2251 3246 2300 vestra
3273 2244 3601 2314 competenti
3631 2243 3844 2298 ratione

2255 2335 2548 2405 dispositis,
2572 2351 2678 2406 pax
2697 2352 2816 2406 qua:
2843 2336 3138 2391 Salvatoris
3165 2350 3298 2391 voce
3321 2335 3515 2390 collata
3539 2341 3624 2389 est
3651 2332 3832 2389 Eccle-

2255 2426 2349 2480 sia:
2376 2425 2496 2491 Dei,
2524 2441 2645 2497 quae
2664 2442 2769 2480 una
2799 2435 2883 2483 est
2912 2427 2966 2481 in
2998 2434 3113 2482 toto
3141 2427 3275 2481 orbe
3295 2425 3506 2491 diii'usa,
3553 2424 3736 2480 stabili
3758 2423 3849 2478 lir-

2258 2519 2450 2574 mitate
2494 2530 2760 2584 servetur,
2793 2536 2893 2576 nec
2939 2520 3144 2589 antiqui
3173 2520 3345 2576 hostis
3373 2518 3542 2591 possit
3568 2519 3847 2574 taxatione

2257 2606 2458 2675 vexari,
2506 2609 2560 2663 in
2590 2607 2732 2666 illius
2771 2619 2936 2679 petrae
2973 2609 3170 2666 Christi
3200 2609 3292 2666 Dei
3338 2610 3548 2666 Domini
3571 2617 3628 2666 et
3650 2608 3846 2665 Salva-

2259 2697 2392 2753 toris
2436 2698 2607 2754 nostri
2637 2700 2913 2756 erectione
2959 2699 3168 2756 ﬁrmata
3195 2700 3487 2757 stabilitate
3528 2701 3843 2773 persistens.

2257 2785 2384 2854 Qua:
2406 2796 2598 2844 cuncta
2623 2797 2685 2844 ut
2702 2788 3013 2846 fraternitas
3036 2798 3215 2848 vestra
3243 2792 3435 2848 melius
3460 2809 3558 2864 per
3584 2790 3678 2848 Dei
3721 2808 3844 2864 gra-

2259 2879 2385 2934 tiam
2433 2881 2605 2951 possit
2654 2881 2899 2953 implere,
2931 2883 3198 2939 universis
3243 2883 3532 2955 episcopis,
3568 2885 3770 2956 quibus
3797 2895 3849 2940 te

2259 2983 2488 3038 pneesse
2517 2971 2806 3041 minimus,
2835 2973 3175 3030 auctoritatis
3204 2981 3400 3030 nostra:
3425 2981 3511 3031 est
3561 2975 3704 3032 serie
3750 2975 3848 3032 dc-

2257 3058 2540 3115 claratum.
2590 3059 2775 3116 Nullus
2820 3076 2950 3133 ergo
2995 3063 3062 3119 de
3109 3063 3450 3136 pontificibus
3493 3074 3594 3120 tua:
3628 3082 3732 3138 per
3754 3064 3850 3122 has

2258 3147 2404 3203 vices
2432 3150 2759 3207 ordinationi
2782 3154 3104 3220 commissis,
3131 3155 3272 3210 sicut
3299 3162 3354 3210 et
3396 3154 3466 3211 ad
3491 3172 3589 3212 eos
3610 3156 3742 3212 data
3772 3157 3852 3213 lo-

2258 3240 2442 3308 quitur
2486 3248 2673 3296 nostra
2701 3244 3014 3314 przcceptio,
3072 3243 3126 3299 in
3174 3243 3482 3316 longinquis
3520 3245 3853 3315 quibuslibet

2260 3329 2396 3386 locis
2430 3331 2632 3387 audeat
2676 3333 2964 3402 proﬁcisci,
2998 3335 3099 3389 nisi
3127 3334 3354 3390 solemni
3383 3350 3552 3401 more,
3582 3335 3724 3390 sicut
3753 3335 3850 3392 de-

2260 3435 2478 3478 cessore
2500 3429 2691 3478 nostro
2712 3422 2982 3480 decessori
3012 3434 3198 3481 vestro
3222 3425 3476 3480 similiter
3518 3424 3854 3481 concedente

2259 3520 2673 3580 cotisueverant,
2705 3511 2992 3568 formatam
3012 3523 3207 3570 vestra:
3253 3516 3532 3572 cbaritatis
3556 3519 3852 3587 acceperit.

2260 3600 2491 3673 Oportet
2533 3617 2664 3672 ergo
2717 3604 3114 3662 fraternitatem
3169 3614 3406 3662 vestram
3463 3608 3858 3665 incessantibus

2260 3693 2743 3765 supplicationibus
2765 3694 2876 3750 Deo
2903 3706 3088 3752 nostro
3109 3711 3300 3768 preces
3319 3695 3610 3763 effundere,
3637 3698 3859 3755 utdom-

2264 3798 2364 3839 nos
2385 3783 2524 3840 ﬁlios
2551 3794 2786 3851 nostros,
2812 3787 3264 3845 clementissimus
3282 3790 3570 3862 principes,
3598 3788 3864 3847 Iustinia-

2262 3886 2391 3927 ntln
2419 3881 2582 3943 atque
2605 3872 2976 3942 Theodoram,
3007 3893 3104 3932 sua
3129 3893 3346 3948 semper
3372 3880 3709 3949 protectione
3762 3896 3830 3936 cu
3848 3906 3863 3918 ο

2263 3964 2463 4022 stodiat
2488 3983 2501 4018 :
2533 3966 2624 4037 qui
2654 3982 2753 4038 pro
2782 3967 2865 4024 his
2885 3977 3081 4024 vestra:
3107 3970 3356 4027 charitati
3411 3971 3757 4041 mandandis,
3810 3983 3868 4028 et

2265 4064 2595 4127 suggerente
2614 4059 3006 4127 gloriosissimo
3030 4068 3085 4116 et
3104 4062 3557 4117 excellentissimo
3600 4060 3654 4117 ill
3675 4077 3710 4118 o
3761 4079 3866 4118 no-

2265 4156 2384 4205 stro
2430 4148 2657 4219 patricio
2697 4146 2978 4218 Belisario,
3028 4166 3131 4222 pro
3180 4166 3290 4221 quo
3315 4151 3442 4207 item
3481 4166 3580 4208 vos
3605 4153 3870 4208 convenit

2265 4252 2512 4301 exorare,
2538 4237 2628 4308 pia
2658 4238 2998 4308 praebuerunt
3023 4238 3311 4296 devotione
3338 4256 3686 4296 consensum.
3713 4239 3866 4297 Hor-

2267 4336 2450 4384 tamur
2475 4340 2711 4398 quoque,
2737 4332 2798 4383 ut
2823 4328 3144 4384 sacerdotali
3169 4344 3335 4401 opera
3358 4330 3500 4387 inter
3536 4331 3872 4401 gloriosissi-

2268 4430 2416 4471 mum
2439 4417 2610 4470 virum
2649 4416 3056 4473 Cbildcbertum
3084 4432 3287 4488 regem,
3318 4420 3411 4474 sed
3452 4429 3508 4476 et
3533 4419 3869 4476 antedictum

2269 4507 2742 4565 clementissimum
2781 4509 3102 4581 principem,
3151 4518 3428 4580 concepta:
3467 4510 3650 4580 gratia:
3695 4511 3873 4566 docu-

2194 4630 2243 4694 D
2271 4611 2452 4659 menta
2481 4609 2704 4694 paterna
2733 4601 3113 4658 adhortatione
3143 4603 3387 4658 servetis.
3414 4600 3559 4657 Bene
3586 4601 3735 4657 enim
3762 4601 3872 4658 Do-

2270 4691 2401 4746 mini
2446 4698 2504 4745 et
2548 4688 2848 4746 Salvatoris
2896 4691 3088 4760 nostri,
3108 4706 3230 4762 qum
3258 4692 3468 4763 populis
3489 4692 3871 4764 prtedicamus,

2270 4779 2522 4835 mandata
2549 4788 2676 4835 ante
2704 4781 2893 4836 oculos
2938 4782 3255 4848 retinemus,
3309 4783 3505 4853 quibus
3548 4782 3665 4838 ait:
3717 4784 3871 4840 Beati

2269 4874 2501 4944 paciﬁci,
2531 4873 2775 4944 quoniam
2802 4873 2904 4945 ﬁlii
2953 4872 3053 4929 Dei
3080 4874 3400 4930 vocabuntur
3428 4874 3641 4946 (Matth.
3663 4875 3748 4948 v).
3805 4875 3876 4930 Et

2271 4964 2396 5036 quia
2416 4963 2576 5033 digna
2606 4963 2875 5019 credimus
2893 4964 3104 5019 ratione
3126 4964 3408 5035 compleri,
3438 4972 3497 5019 ut
3519 4964 3701 5034 agenti
3721 4964 3875 5022 vices

2270 5060 2486 5110 nostras
2510 5052 2660 5123 pallii
2689 5069 2798 5108 non
2826 5051 2970 5109 desit
2995 5061 3249 5116 ornatus;
3276 5067 3433 5109 usum
3461 5051 3559 5107 tibi
3580 5053 3732 5122 ejus,
3791 5055 3875 5110 si-

2269 5155 2361 5201 cut
2387 5146 2661 5202 decessori
2686 5154 2779 5201 tuo
2802 5145 3167 5217 praedecessor
3187 5154 3369 5202 noster
3390 5153 3590 5201 sanctae
3612 5146 3875 5202 recorda-

2270 5235 2429 5292 tionis
2455 5234 2808 5309 Symmachus
2829 5236 3025 5304 legitur
3044 5235 3362 5302 contulisse,
3389 5234 3534 5290 beati
3559 5232 3707 5289 Petri
3737 5250 3877 5290 san-

2268 5332 2356 5383 cta
2379 5327 2704 5384 auctoritate
2724 5326 3094 5382 concedimus.
3120 5324 3196 5381 Ea
3219 5341 3350 5383 vero
3371 5340 3491 5396 quae
3516 5324 3585 5380 de
3613 5327 3875 5395 praesent‘

2268 5417 2610 5474 ordinatione
2655 5426 2841 5474 nostra
2868 5418 3070 5473 directa
3099 5418 3463 5488 praeceptione
3513 5414 3874 5486 signavimus,

2268 5510 2336 5566 ad
2362 5511 2643 5568 universos
2669 5510 2955 5582 episcopos
2983 5525 3083 5580 per
3135 5509 3455 5564 charitatem
3505 5514 3653 5562 tuam
3706 5506 3876 5561 volu-

2267 5612 2391 5656 mus
2418 5599 2722 5670 pervenire.
2756 5598 2900 5656 Deus
2929 5607 2984 5654 te
3006 5598 3329 5655 incolumem
3379 5597 3671 5665 custodiat,
3701 5595 3880 5652 frater

2268 5695 2603 5751 charissime.
2634 5694 2772 5749 Data
2801 5710 2854 5751 xl
2893 5691 3146 5751 calendas
3165 5691 3366 5759 Iunias,
3399 5709 3451 5748 tv
3480 5688 3718 5766 [quater]
3745 5701 3878 5760 post

2270 5785 2606 5840 consulatum
2629 5782 2808 5840 Basilii
2830 5784 2932 5840 viri
2961 5783 3240 5841 clarissimi
3271 5784 3442 5854 (Anno
3473 5780 3683 5836 Domini
3713 5779 3869 5849 5&5).
