3986 6368
207 385 256 440 εθ
1443 413 1792 470 ειδιδτοιιίε

1902 415 1915 469 Γ
1957 416 2296 472 DECRETA.
2865 375 2882 388 ο
3437 428 3506 482 50

387 529 461 586 Ei
478 533 751 596 ISTOLA
779 545 944 613 (olim
972 547 1112 618 V'lll)
1144 547 1370 605 νίς-ιω
1400 548 1606 607 ΡΑΡΑΞ

597 667 669 706 Δί)
691 669 992 713 AUXANIUI
1025 675 1429 716 ARELATENSEII.

372 758 448 817 De
471 767 852 835 cognoscenda
882 785 1047 823 causa
1077 770 1385 826 Prwtextati
1405 773 1652 845 episcopi.

291 875 644 934 Dilectissimo
675 877 835 936 fratri
867 883 1116 939 Auxanio
1152 883 1393 952 Vigilius.

291 968 442 1022 Licet
470 967 800 1026 fraternitati
835 983 1034 1028 vestra:
1077 976 1386 1044 apostolicae
1423 977 1566 1032 sedis
1616 977 1822 1033 vicibus

221 1058 516 1127 attributis,
539 1075 676 1129 quas
705 1061 920 1117 directa
952 1065 1273 1120 auctoritate
1299 1067 1684 1132 commisimus,
1729 1084 1822 1139 ge-

221 1147 479 1202 neraliter
503 1151 902 1218 emergentium
934 1169 1220 1208 causarum
1261 1155 1333 1210 sit
1363 1155 1818 1211 discutiendarum

221 1235 473 1302 licentia;
505 1246 686 1293 tamen
714 1241 841 1309 quia
870 1241 962 1296 lilii
1013 1243 1183 1298 nostri
1233 1241 1456 1299 Joannis
1497 1247 1814 1317 presbyteri,

216 1326 311 1381 sed
345 1339 400 1382 et
422 1326 638 1383 Teredii
667 1327 905 1396 diaconi,
934 1333 1026 1400 qui
1057 1331 1122 1387 ad
1147 1349 1246 1388 nos
1272 1349 1302 1388 a
1334 1344 1423 1388 tua
1452 1334 1714 1390 charitate
1735 1335 1816 1390 di-

215 1417 354 1472 recti
384 1427 536 1483 sunt,
580 1418 647 1474 de
698 1418 1008 1475 Praetextati
1039 1437 1264 1477 excessu
1291 1432 1374 1478 est
1405 1434 1649 1494 porrecta
1683 1427 1820 1495 peti-

217 1509 314 1572 tio,
373 1511 744 1566 necessarium
793 1510 952 1566 valde
981 1513 1330 1584 credidimus,
1367 1515 1675 1585 specialiter
1699 1531 1817 1571 me-

213 1599 420 1654 morati
454 1601 659 1668 negotii
687 1602 1142 1658 examinationem
1166 1605 1418 1674 pra‘senti
1446 1605 1598 1661 vobis
1625 1615 1810 1661 aucto-

211 1688 381 1743 ritate
402 1689 685 1744 mandare.
717 1690 1064 1762 Quapropter
1090 1692 1361 1761 eharitati,
1391 1709 1498 1764 qua
1527 1695 1580 1750 in
1603 1695 1817 1751 Christo

207 1775 516 1846 iungimur,
569 1777 858 1833 reddentes
910 1779 1161 1838 fraternae
1206 1783 1439 1852 alloquia
1469 1783 1815 1855 visitationis,

1851 541 1897 599 Α
1929 538 2168 584 nostram
2195 530 2438 586 discussa
2466 531 2692 588 veritate
2713 533 2948 603 perferat
2975 535 3094 594 sine
3131 537 3390 596 dilatione
3408 557 3509 595 nn-

1926 621 2113 676 titiam.
2156 621 2224 677 Et
2261 624 2388 695 quia
2429 640 2652 682 necesse
2676 636 2761 682 est
2795 636 2854 683 ut
2879 630 3018 700 aptis
3041 629 3155 688 Deo
3183 633 3508 705 pr0pitiante

1922 710 2262 782 temporibus
2291 713 2623 774 Arelatensis
2648 718 2932 789 episcopus
2955 722 3154 777 nostris
3175 723 3381 782 vicibus
3397 726 3511 781 furt-

1920 810 2108 870 gatur;
2136 804 2351 872 quoties
2375 804 2699 874 iudicaverit
2744 810 2999 879 expedire
3027 819 3086 866 ut
3114 829 3214 883 pro
3261 811 3508 870 facienda

1920 895 2292 951 consolatione
2319 898 2593 952 communi
2621 899 2996 969 episcoporum
3017 901 3252 958 debeant
3279 919 3510 974 congre-

1919 985 2033 1052 gari
2062 1000 2328 1055 personae,
2353 987 2534 1043 nullus
2556 988 2875 1046 inobediens
2905 991 3021 1060 ejus
3059 993 3200 1048 forte
3239 995 3508 1051 mandatis

1918 1073 2007 1128 sit.
2033 1073 2184 1140 Quod
2205 1076 2250 1130 si
2275 1075 2458 1144 fuerit,
2479 1093 2508 1131 a
2531 1081 2950 1148 congregatione
2978 1081 3374 1152 suspendatur:
3403 1083 3508 1137 nisi

1919 1173 2012 1218 aut
2039 1167 2334 1235 corporalis
2363 1167 2661 1234 inlirmitas,
2695 1178 2788 1223 aut
2807 1169 2966 1239 juslzn
2992 1187 3168 1226 causa:
3189 1188 3312 1227 eum
3341 1188 3507 1228 excu-

1919 1255 2059 1309 satio
2081 1255 2265 1310 venire
2291 1257 2578 1328 prohibeat
2602 1275 2616 1311 :
2640 1259 2713 1313 ita
2741 1267 2937 1326 tamen,
2963 1270 3022 1316 ut
3045 1262 3090 1318 ei
3121 1277 3200 1329 se,
3223 1263 3511 1332 quominus

1919 1353 2188 1412 occurrat,
2218 1347 2525 1402 rationabili
2555 1358 2732 1418 potest
2761 1353 3080 1422 exceptione
3108 1351 3413 1418 defendere,
3443 1354 3508 1408 ad

1919 1435 2182 1506 synodum
2213 1451 2313 1506 pro
2337 1452 2438 1492 suo
2467 1439 2768 1510 presbyteri
2799 1452 2892 1495 aut
2919 1442 3133 1498 diaconi
3160 1443 3357 1512 dirigat
3385 1444 3508 1499 loco

1917 1539 2202 1594 personam
2235 1543 2247 1579 :
2281 1535 2547 1595 quatenus
2568 1543 2688 1597 quae
2715 1544 2744 1582 a
2773 1537 2958 1586 nostro
2981 1531 3184 1586 vicario
3213 1545 3510 1600 congrega-

1923 1614 1992 1668 tis
2038 1613 2291 1670 fratribus
2319 1617 2540 1672 delinita
2585 1621 2852 1674 sententia
2885 1621 3082 1676 fuerint
3108 1623 3415 1691 terminata,
3441 1623 3510 1676 ad

1918 1707 2036 1776 ejus
2062 1709 2154 1776 qui
2183 1709 2378 1763 absens
2419 1718 2502 1764 est
2529 1726 2628 1781 per
2671 1727 2801 1767 suos
2829 1712 3091 1780 perducta
3121 1714 3370 1768 notitiam
3397 1715 3508 1770 sin»

1919 1811 2046 1852 cera
2079 1806 2133 1852 et
2153 1799 2447 1854 inviolabili
2471 1801 2764 1856 stabilitate
2789 1813 3092 1858 serventur.
3142 1803 3376 1860 Necesse
3422 1817 3509 1861 est

209 1868 504 1924 hortamur
525 1878 584 1924 ut
609 1869 864 1925 adhibitis
889 1872 1164 1926 vobiscum
1185 1872 1440 1929 fratribus
1464 1884 1518 1930 et
1535 1877 1814 1947 eoepisco-
1850 1917 1890 1972 κ
1918 1887 2082 1952 enim,
2115 1889 2332 1958 quoties
2359 1891 2412 1944 in
2437 1891 2653 1947 nomine
2682 1892 2892 1948 Domini
2923 1893 3042 1962 ejus
3070 1893 3254 1949 famuli
3283 1896 3350 1950 ad
3397 1904 3507 1952 tra-

210 1960 297 2029 pis
328 1961 534 2020 nostris
562 1976 791 2058 numero
811 1971 1180 2032 competente,
1211 1963 1452 2018 discussa
1482 1965 1695 2021 ratione
1723 1981 1816 2021 ca-
1850 1960 1890 1972 ”
1920 1977 2112 2030 manda
2135 1993 2255 2046 qua;
2282 1990 2409 2034 ειωι
2430 1981 2528 2050 ipsi
2559 1981 2756 2052 placita
2786 1960 3132 2053 οοιιίείιηιυιι,
3180 1988 3352 2042 sancti
3379 1987 3506 2058 spi-

209 2051 409 2143 nonica
463 2049 718 2120 veritate,
766 2067 830 2107 ea
885 2052 1117 2123 sapienti
1163 2055 1504 2112 ordinatione
1543 2057 1813 2128 disponat,
1919 2067 2055 2123 ι-ῑιυε
2081 2085 2188 2125 non
2211 2069 2402 2127 deesse
2447 2049 2808 2143 mimum
2854 2049 2939 2130 ιιέ
2983 2049 3127 2130 enin,
3169 2076 3365 2132 Christi
3411 2049 3507 2132 hei

207 2154 334 2208 quae
357 2139 714 2196 decessorum
744 2149 1053 2197 nostrorum
1074 2144 1399 2198 conveniant
1421 2146 1661 2215 statutis,
1683 2146 1784 2201 eha

1917 2157 2126 2214 Domini
2151 2169 2206 2216 et
2252 2161 2550 2220 Salvatoris
2580 2166 2750 2220 nostri
2800 2168 3055 2223 mandata
3083 2183 3184 2224 nos
3213 2169 3504 2232 instruunt,

207 2229 345 2284 ritas
372 2238 590 2298 vestra;
623 2230 836 2288 ratione
879 2233 1216 2303 prospiciens
1265 2251 1336 2290 ne
1390 2235 1626 2306 aliquem
1656 2236 1792 2291 facili

1914 2251 2108 2320 quibus
2147 2254 2261 2306 ait:
2298 2253 2397 2310 Ubi
2427 2257 2620 2328 fuerint
2645 2257 2746 2313 duo
2773 2267 2864 2312 aut
2897 2268 3000 2313 tres
3041 2261 3093 2314 in
3140 2261 3348 2316 nomine
3391 2229 3504 2316 meo

205 2336 275 2376 ex
298 2321 458 2423 laieis
485 2322 556 2378 ad
583 2331 830 2423 sacratos
854 2323 1076 2381 ordines
1103 2327 1246 2423 salt—tt
1273 2327 1536 2423 praecipi-ti
1563 2329 1811 2423 cuiquam
1914 2344 2230 2414 congregati,
2256 2343 2326 2399 ibi
2355 2321 2444 2400 ero
2472 2347 2526 2400 in
2547 2347 2716 2402 medio
2739 2364 2915 2402 eorum
2943 2348 3160 2417 (Matth.
3185 2351 3501 2423 xvut).Quid

203 2413 558 2469 sacerdotum
608 2413 773 2470 liceat
819 2429 1139 2486 aggregare.
1196 2417 1340 2474 Deus
1387 2425 1441 2474 te
1485 2419 1792 2474 incolumen

1911 2446 2043 2500 ergo
2070 2413 2131 2488 se
2156 2435 2389 2490 aestimat
2409 2436 2733 2505 subiturum,
2759 2439 2852 2507 qui
2894 2413 3004 2495 Deo
3031 2440 3217 2496 odiosa
3246 2413 3501 2512 superbia

201 2503 506 2572 custodiat,
563 2503 735 2560 frater
783 2506 1122 2562 charissime.
1197 2506 1329 2562 Data
1379 2509 1664 2565 undecimo
1713 2525 1792 2564 ca-

1910 2523 1966 2580 ln
1997 2524 2088 2580 illa
2117 2528 2542 2598 congregatione
2569 2503 2832 2585 interesse
2855 2531 3172 2596 contemnit,
3204 2531 3257 2586 in
3287 2503 3392 2602 qua
3441 2549 3504 2588 se

199 2595 397 2653 lendas
423 2594 632 2662 lunias,
663 2613 718 2654 tv
743 2605 870 2668 post
891 2599 1228 2654 consulatum
1281 2599 1462 2655 Basilii
1483 2599 1585 2656 viri
1613 2600 1802 2657 claris-

196 2703 347 2745 σιωι.

434 2805 774 2862 EPISTOLA
804 2807 952 2879 (olim
979 2807 1073 2880 IX)
1105 2807 1339 2865 VlGlLll
1373 2807 1584 2866 ram

684 2934 753 2974 AD
783 2934 1060 2976 EPISCOPOS
1086 2935 1318 2977 θλιιιε.

193 3027 505 3102 Auxanium
525 3027 776 3102 uicarium
808 3029 946 3102 sedis
979 3030 1280 3102 apostolica:
1320 3027 1649 3086 constitutum
1693 3050 1804 3089 esse

265 3099 515 3176 nuntiat;
567 3099 716 3170 cujus
743 3101 973 3176 muneris
1013 3099 1192 3171 partes
1230 3102 1478 3172 explicat,
1525 3119 1802 3176 omnesque

264 3168 440 3222 eidem
461 3168 820 3241 obtemperare
841 3168 1008 3240 jubet.

1909 2614 2168 2673 Dominus
2211 2628 2398 2675 noster
2437 2619 2745 2677 adfuturum
2775 2622 2862 2692 pia
2895 2623 3252 2692 promissione
3287 2623 3500 2678 denun-

1909 2708 2043 2763 tiat?
2073 2707 2207 2765 lllu'd
2228 2711 2345 2781 pari
2369 2713 2690 2770 auctoritate
2710 2713 3050 2782 mandamus,
3099 2729 3168 2770 ne
3214 2716 3500 2785 quisquam

1907 2801 2282 2872 episcoporum
2313 2805 2431 2860 sine
2457 2806 2698 2876 praedicti
2743 2805 2923 2862 fratris
2965 2815 3022 2862 et
3059 2807 3297 2877 episcopi
3326 2809 3498 2864 nostri

1905 2887 2137 2947 formata
2152 2891 2219 2946 ad
2235 2892 2609 2964 longinquiora
2625 2896 2740 2952 loca
2763 2895 2960 2952 audeat
2983 2896 3250 2966 prolicisci
3266 2913 3281 2962 ;
3299 2896 3497 2967 quippe

1904 2981 2031 3050 quia
2079 2989 2136 3036 et
2182 2982 2531 3039 deressorum
2587 2995 2897 3042 nostrorum
2949 2986 3326 3044 decessoribus
3351 2986 3492 3057 ejus,

1902 3070 2096 3139 quibus
2113 3071 2260 3127 vices
2279 3089 2405 3128 suas
2429 3073 2780 3131 libentissime
2799 3077 3168 3146 contulerunt,
3193 3085 3395 3133 sancta:
3415 3078 3494 3134 sic

1903 3161 2164 3218 definiunt
2187 3163 2459 3234 jussiones
2483 3183 2497 3219 :
2549 3175 2610 3220 ut
2658 3167 2741 3222 his
2769 3167 3017 3222 omnibus
3045 3169 3350 3223 obadientia
3379 3168 3490 3225 Deo

265 3259 650 3316 Dilectissimis
673 3259 949 3326 fratribus,
981 3260 1246 3318 universis
1262 3261 1532 3332 episcopis
1550 3263 1789 3319 omnium
1822 3274 1865 3334 ο
1901 3254 2100 3324 placita
2121 3255 2423 3317 custoditis,
2456 3272 2562 3325 pax
2582 3271 2702 3325 quae
2724 3270 2755 3310 a
2779 3254 2994 3310 Christo
3025 3255 3136 3310 Deo
3177 3256 3406 3310 Domino
3432 3265 3490 3310 et

190 3351 604 3421 provinciarum
625 3367 720 3422 per
741 3351 964 3415 Gallias,
978 3351 1071 3422 qui
1095 3353 1196 3407 sub
1223 3366 1391 3422 regno
1413 3353 1497 3410 vel
1525 3363 1796 3424 potestate

187 3441 576 3510 gloriosissimi
607 3441 702 3498 filii
733 3443 905 3498 nostri
934 3442 1266 3499 Childeberti
1295 3444 1440 3514 regis
1465 3442 1793 3501 Francorum

186 3533 481 3588 constituti
505 3541 652 3600 sunt,
676 3533 773 3588 sed
801 3541 856 3588 et
878 3532 964 3590 his
1003 3533 1095 3602 qui
1127 3547 1196 3589 ex
1239 3533 1460 3603 antiqua
1507 3545 1795 3591 consuetu-

186 3625 324 3680 dine
349 3625 424 3680 ab
445 3626 750 3682 Arelatensi
772 3627 1080 3682 consecrati
1108 3635 1256 3696 sunt,
1285 3628 1372 3682 vel
1400 3640 1792 3686 consecrantur

185 3715 491 3784 episcopis,
518 3714 761 3786 Vigilius.

259 3804 540 3872 Quantum
567 3821 669 3861 nos
693 3806 875 3862 divina
922 3807 1166 3877 potentia
1214 3808 1586 3879 apostolorum
1632 3809 1791 3880 primi

183 3897 404 3960 sedem,
461 3913 571 3952 non
625 3913 727 3969 pro
780 3898 980 3952 nostris
1027 3898 1253 3963 meritis,
1269 3899 1379 3982 sed
1403 3915 1504 3970 pro
1531 3900 1790 3956 inell‘abili

181 4001 306 4042 sum
329 3987 721 4043 misericordia:
749 3987 951 4058 pietate
978 3988 1185 4044 habere
1233 3991 1537 4060 constituit,
1581 3999 1789 4047 tantum

181 4091 291 4132 nos
305 4076 374 4132 de
397 4076 769 4133 universarum
793 4077 1160 4134 Ecclesiarum
1173 4079 1547 4152 dispositione,
1563 4088 1616 4135 et
1632 4061 1786 4151 pace,

179 4175 240 4222 et
257 4175 411 4224 statu
440 4181 628 4223 curam
661 4167 864 4224 habere
885 4168 1161 4233 convenit,
1190 4184 1314 4224 cum
1354 4170 1595 4238 gentium
1643 4170 1789 4225 dicat

180 4258 487 4328 Apostolus
514 4277 529 4313 :
565 4257 827 4314 Instantis
855 4275 968 4314 mea
997 4259 1323 4332 quotidiana,
1351 4259 1647 4316 sollicitudo
1673 4277 1786 4316 om-

177 4356 334 4408 nium
361 4350 822 4424 EcclesiarumUI
845 4353 966 4410 Cor.
991 4353 1088 4425 ιι).
1136 4353 1421 4422 Quomodo
1468 4369 1600 4424 ergo
1647 4355 1787 4411 inter

181 4442 405 4499 Domini
433 4445 748 4501 Sacerdotes
772 4453 959 4502 sancta
989 4454 1045 4501 et
1092 4443 1204 4500 Deo
1235 4445 1434 4516 placita
1462 4454 1642 4516 potest
1669 4461 1787 4500 ma-

175 4547 318 4588 nere
345 4535 661 4598 concordia,
693 4534 897 4602 nisiut,
921 4535 966 4589 si
990 4533 1212 4589 humani
1239 4535 1457 4603 generis
1493 4535 1667 4591 hostis
1685 4549 1783 4589 an-

173 4626 332 4696 tiqua
351 4626 595 4695 nequitia
609 4634 925 4682 consuetam
947 4626 1209 4681 zizaniam
1231 4626 1500 4682 seminare
1523 4627 1779 4697 voluerit,
1810 4651 1860 4712 υ

171 4713 225 4770 Β
267 4715 365 4786 qui
419 4713 722 4770 absentiam
749 4723 990 4769 nostram
1033 4713 1176 4770 sedis
1221 4714 1532 4784 apostolica:
1573 4715 1780 4772 vicibus

171 4804 509 4880 perfruendo
533 4807 798 4874 spirituali
824 4807 999 4876 gratia
1019 4815 1398 4878 repraesentat,
1423 4805 1635 4862 auferat
1654 4823 1776 4864 cer-

168 4902 362 4952 tanien
387 4897 677 4950 exortum?
699 4893 1046 4966 Quapropter
1064 4895 1315 4952 Auxanio
1343 4897 1497 4952 fratri
1526 4904 1581 4952 et
1601 4899 1780 4968 coepi-

166 4999 346 5056 scopo
373 4993 587 5054 nostro,
610 4985 940 5042 Arelatensis
963 4987 1200 5043 civitatis
1227 4988 1478 5058 antistiti,
1506 4991 1654 5046 vices
1675 5005 1776 5045 no-

165 5083 317 5131 stras
341 5075 584 5131 cbaritas
609 5084 792 5132 vestra
820 5091 922 5132 nos
949 5077 1162 5132 dedisse
1181 5086 1501 5147 cognoscat;
1529 5086 1586 5134 ut
1609 5079 1650 5136 si
1673 5078 1776 5133 ali-

168 5182 300 5236 qua,
329 5166 480 5236 quod
533 5167 695 5236 absit,
727 5166 972 5224 fortassis
1000 5169 1285 5224 emerserit
1312 5170 1610 5237 contentio,
1642 5186 1774 5226 cono

167 5257 409 5324 gregatis
447 5257 522 5312 ibi
567 5255 828 5313 fratribus
871 5265 927 5312 et
969 5256 1308 5328 coepiscopis
1333 5257 1555 5327 nostris,
1581 5275 1772 5315 causas

165 5347 432 5403 canonica
479 5355 538 5404 et
585 5347 890 5419 apostolica
938 5348 1264 5405 auctoritate
1312 5349 1626 5418 discutiens,
1656 5349 1770 5406 Deo

166 5441 368 5508 placita
394 5440 656 5511 aequitate
677 5439 927 5496 difllniat.
969 5439 1362 5496 Contentiones
1391 5454 1525 5496 vero
1551 5439 1596 5494 si
1625 5454 1766 5510 qum,

170 5545 310 5602 quas
330 5531 593 5588 Dominus
611 5528 853 5599 auferat,
873 5530 926 5584 in
953 5529 1075 5585 ﬁdei
1106 5544 1270 5585 causa
1296 5527 1645 5597 contigerint,
1673 5537 1769 5584 aut

165 5622 451 5680 emerserit
470 5620 618 5678 forte
646 5620 928 5688 negotium
953 5618 1100 5690 quod
1128 5633 1228 5689 pro
1275 5616 1647 5687 magnitudine
1681 5617 1767 5673 sui

156 5716 472 5789 apostolica:
496 5712 652 5770 sedis
691 5710 866 5780 magis
899 5709 1106 5780 judicio
1145 5707 1342 5766 debeat
1364 5705 1662 5775 terminari,
1695 5709 1763 5764 ad

213 5894 241 5923 ι
265 5879 621 5955 “gendum,
669 5870 1030 5930 Almttanicus.

1898 3343 2178 3400 Salvatore
2203 3355 2393 3402 nostro
2421 3347 2684 3417 apostolis
2724 3355 2978 3416 tanquam
3013 3347 3350 3402 hmreditario
3405 3355 3489 3402 est

1896 3436 2117 3492 nomine
2143 3435 2402 3494 derelicta
2433 3437 2486 3492 in
2515 3437 2757 3492 Ecclesia
2809 3437 2922 3502 Dei,
2960 3452 3079 3506 qua:
3118 3453 3224 3492 una
3256 3445 3340 3493 est
3368 3443 3486 3491 toto

1896 3527 2030 3583 orbe
2050 3527 2264 3596 diffusa,
2291 3527 2442 3584 ﬁrma
2471 3529 2764 3585 stabilitate
2790 3539 3058 3584 servetur.
3092 3529 3231 3586 Deus
3258 3545 3356 3584 vos
3402 3530 3486 3583 in-

1893 3617 2134 3674 columes
2153 3619 2445 3685 custodiat,
2478 3620 2671 3675 fratres
2713 3619 3032 3676 charissimi.
3065 3618 3198 3673 Data
3219 3633 3272 3674 xt
3299 3617 3485 3674 calen-

1895 3707 1993 3764 das
2014 3707 2220 3774 Junias,
2247 3726 2298 3765 tv
2327 3718 2451 3780 post
2472 3711 2814 3767 consulatum
2842 3709 3026 3764 Basilii
3044 3709 3146 3765 viri
3192 3709 3475 3766 clarissimi

1893 3797 2068 3869 (Anno
2099 3800 2224 3854 Chr.
2257 3799 2409 3871 545).

2033 3959 2407 4017 DECRETUM
2439 3958 2810 4017 JUSTINIANI
2847 3959 3334 4016 IMPERATORIS.

1963 4077 2032 4133 In
2055 4079 2262 4133 nomine
2287 4075 2498 4130 Domini
2517 4073 2614 4130 Dei
2643 4075 2809 4129 nostri
2837 4073 2961 4129 ιιι-εκ
2988 4072 3202 4128 Christi.
3241 4073 3480 4144 Impera-

1889 4179 1979 4225 tor
2005 4169 2186 4225 Caesar
2219 4167 2436 4222 Flavius
2456 4150 2806 4229 Justinianits,
2836 4164 3179 4220 Alemanicus
3204 4174 3249 4228 η,
3279 4163 3478 4218 Gothi-

1889 4273 2004 4323 cus,
2029 4256 2341 4325 Francicus,
2369 4253 2740 4318 Germanicus,
2766 4255 3008 4321 Anticus,
3030 4253 3302 4320 Alanicus,
3328 4253 3480 4309 Van-

1885 4349 2112 4419 dalicus,
2141 4347 2446 4417 Africanus,
2475 4345 2627 4411 Pius,
2657 4346 2832 4412 Felix,
2861 4345 3128 4416 lnclytus,
3162 4344 3380 4411 Victor,
3409 4359 3481 4401 ac

1888 4441 2293 4512 Triumphator,
2324 4453 2540 4509 semper
2577 4439 2871 4504 Augustus,
2914 4434 3243 4490 beatissimis
3263 4434 3482 4504 episco~

1887 4535 1969 4605 pis
2023 4541 2080 4589 et
2127 4531 2476 4602 patriarchis,
2533 4529 2796 4602 Eutychio
2847 4528 3480 4598 Constantinopolitano,

1889 4624 2220 4696 Apollinario
2269 4621 2656 4686 Alexandrino,
2717 4620 2986 4676 Domitino
3033 4619 3476 4690 Theopolitano,

1884 4714 2180 4786 Stephano,
2211 4712 2444 4782 Georgio
2465 4720 2519 4766 et
2543 4713 2804 4768 Damiano
2823 4711 3241 4780 religiosissimis
3260 4713 3474 4782 episco-

1882 4807 1966 4877 pis
1995 4807 2164 4861 vicem
2194 4806 2480 4874 agentibus
2507 4803 2785 4860 Eustochii
2831 4805 2932 4859 viri
2974 4804 3268 4860 beatissimi
3295 4804 3460 4860 archi-

1883 4895 2121 4965 episcopi
2140 4893 2611 4965 llierosolymitani
2631 4903 2688 4948 et
2710 4893 3050 4964 patriarchm,
3063 4901 3119 4946 et
3139 4892 3361 4962 reliquis
3378 4908 3470 4947 re-

1882 4987 2239 5056 ligiosissimis
2282 4985 2553 5054 episcopis
2581 4999 2651 5040 ex
2678 4984 2908 5041 diversis
2947 4982 3242 5056 provinciis
3281 4983 3336 5038 in
3367 4983 3474 5039 hac

1881 5077 2028 5147 regia
2058 5076 2190 5131 urbe
2217 5074 2553 5144 degentibus.

1951 5146 2180 5238 semper
2203 5165 2440 5222 studium
2469 5165 2570 5221 fuit
2594 5164 2912 5222 orthodoxls
2940 5174 2998 5221 et
3037 5166 3139 5238 piis
3168 5165 3466 5236 imperato-

1879 5262 2029 5316 ribus
2051 5259 2294 5332 patribus
2320 5258 2542 5324 nostris,
2571 5274 2671 5331 pro
2701 5265 2947 5327 tempore
2985 5266 3204 5314 exortus
3233 5257 3466 5314 haereses

1877 5367 1974 5421 per
1997 5349 2474 5418 congregationem
2520 5346 3044 5416 religiosissimon
3086 5348 3464 5417 episcOporum

1876 5447 2176 5512 amputare,
2207 5447 2266 5494 et
2303 5447 2453 5494 recta
2503 5437 2607 5493 llde
2643 5437 2856 5492 sincere
2901 5437 3208 5506 pmdieata,
3239 5440 3292 5493 in
3326 5455 3464 5510 pace

1873 5543 2114 5588 sanctam
2163 5531 2258 5591 Dei
2313 5527 2612 5586 Eeclesiam
2666 5527 2963 5586 custodire.
3013 5525 3354 5598 Quapropter
3407 5539 3462 5586 et

1873 5621 2257 5678 Constantinus
2284 5621 2387 5692 piae
2413 5619 2808 5677 recordationis
2835 5619 2966 5676 Ario
2994 5618 3021 5659 ιι
3050 5619 3461 5690 blasphemante

1871 5720 1926 5768 et
1949 5711 2182 5780 dicente,
2227 5726 2335 5768 non
2371 5723 2492 5767 esse
2537 5707 2732 5766 Filium
2779 5707 3298 5768 consubstantialem
3344 5713 3460 5769 Deo

1943 5871 1970 5914 δ
1999 5871 2224 5930 Veteres
2245 5870 2388 5942 libri,
2417 5870 2590 5928 Arrio.
2622 5870 2713 5928 Sic
2739 5867 2908 5928 ferme
2935 5867 3130 5927 Latini.
