  <div class='ocr_page' id='page_1' title='image "/cluster/home/n/w/nwhite01/storage/ocr_20150623/69/umn.31951002477362u/023.png"; bbox 0 0 3986 6398; ppageno 0'>
   <div class='ocr_carea' id='block_1_1' title="bbox 493 474 2374 535">
    <p class='ocr_par' dir='ltr' id='par_1_1' title="bbox 493 474 2374 535">
     <span class='ocr_line' id='line_1_1' title="bbox 493 474 2374 535; baseline -0.003 -1"><span class='ocrx_word' id='word_1_1' title='bbox 493 480 556 535; x_wconf 79' lang='lat'><strong>5|</strong></span> <span class='ocrx_word' id='word_1_2' title='bbox 1914 477 2140 535; x_wconf 77' lang='lat' dir='ltr'><strong>VIGILlI</strong></span> <span class='ocrx_word' id='word_1_3' title='bbox 2174 474 2374 530; x_wconf 73' lang='lat' dir='ltr'><strong>i’Al’.B</strong></span> 
     </span>
    </p>
   </div>
   <div class='ocr_carea' id='block_1_2' title="bbox 3695 466 3779 521">
    <p class='ocr_par' dir='ltr' id='par_1_2' title="bbox 3695 466 3779 521">
     <span class='ocr_line' id='line_1_2' title="bbox 3695 466 3779 521; baseline -0.024 0"><span class='ocrx_word' id='word_1_4' title='bbox 3695 466 3779 521; x_wconf 61' lang='lat' dir='ltr'><strong>Si</strong></span> 
     </span>
    </p>
   </div>
   <div class='ocr_carea' id='block_1_3' title="bbox 502 578 3778 661">
    <p class='ocr_par' dir='ltr' id='par_1_3' title="bbox 502 578 3778 661">
     <span class='ocr_line' id='line_1_3' title="bbox 502 578 3778 661; baseline -0.005 -15"><span class='ocrx_word' id='word_1_5' title='bbox 502 596 669 661; x_wconf 76' lang='lat' dir='ltr'><strong>t’atrt,</strong></span> <span class='ocrx_word' id='word_1_6' title='bbox 701 592 792 648; x_wconf 87' lang='lat' dir='ltr'><strong>sed</strong></span> <span class='ocrx_word' id='word_1_7' title='bbox 823 601 1148 655; x_wconf 98' lang='lat' dir='ltr'><strong>creaturam,</strong></span> <span class='ocrx_word' id='word_1_8' title='bbox 1191 600 1244 645; x_wconf 91' lang='lat' dir='ltr'><strong>et</strong></span> <span class='ocrx_word' id='word_1_9' title='bbox 1277 605 1342 644; x_wconf 75' lang='lat' dir='ltr'><strong>ex</strong></span> <span class='ocrx_word' id='word_1_10' title='bbox 1372 606 1476 645; x_wconf 91' lang='lat' dir='ltr'><strong>non</strong></span> <span class='ocrx_word' id='word_1_11' title='bbox 1507 588 1843 644; x_wconf 77' lang='lat' dir='ltr'><strong>exstantibus</strong></span> <span class='ocrx_word' id='word_1_12' title='bbox 1874 586 2068 643; x_wconf 89' lang='lat' dir='ltr'><strong>factum</strong></span> <span class='ocrx_word' id='word_1_13' title='bbox 2099 589 2150 648; x_wconf 74' lang='grc' dir='ltr'><strong>Α</strong></span> <span class='ocrx_word' id='word_1_14' title='bbox 2182 593 2330 640; x_wconf 88' lang='lat' dir='ltr'><strong>tanta</strong></span> <span class='ocrx_word' id='word_1_15' title='bbox 2360 598 2459 654; x_wconf 87' lang='lat' dir='ltr'><strong>pro</strong></span> <span class='ocrx_word' id='word_1_16' title='bbox 2488 582 2579 637; x_wconf 88' lang='lat' dir='ltr'><strong>illo</strong></span> <span class='ocrx_word' id='word_1_17' title='bbox 2621 580 2761 637; x_wconf 82' lang='lat' dir='ltr'><strong>facta</strong></span> <span class='ocrx_word' id='word_1_18' title='bbox 2807 590 2890 636; x_wconf 87' lang='lat' dir='ltr'><strong>est</strong></span> <span class='ocrx_word' id='word_1_19' title='bbox 2927 580 3300 636; x_wconf 62' lang='lat' dir='ltr'><strong>haereticorum</strong></span> <span class='ocrx_word' id='word_1_20' title='bbox 3344 578 3778 641; x_wconf 82' lang='lat' dir='ltr'><strong>circumventio.</strong></span> 
     </span>
    </p>
   </div>
   <div class='ocr_carea' id='block_1_4' title="bbox 501 679 2073 751">
    <p class='ocr_par' dir='ltr' id='par_1_4' title="bbox 501 679 2073 751">
     <span class='ocr_line' id='line_1_4' title="bbox 501 679 2073 751; baseline -0.001 -15"><span class='ocrx_word' id='word_1_21' title='bbox 501 697 638 746; x_wconf 86' lang='lat' dir='ltr'><strong>esse,</strong></span> <span class='ocrx_word' id='word_1_22' title='bbox 693 682 1034 751; x_wconf 69' lang='lat' dir='ltr'><strong>congregavit</strong></span> <span class='ocrx_word' id='word_1_23' title='bbox 1071 681 1259 736; x_wconf 65' lang='lat' dir='ltr'><strong>Nicaea:</strong></span> <span class='ocrx_word' id='word_1_24' title='bbox 1307 697 1373 735; x_wconf 80' lang='lat' dir='ltr'><strong>ex</strong></span> <span class='ocrx_word' id='word_1_25' title='bbox 1422 680 1650 735; x_wconf 88' lang='lat' dir='ltr'><strong>diversis</strong></span> <span class='ocrx_word' id='word_1_26' title='bbox 1696 679 2016 735; x_wconf 74' lang='lat' dir='ltr'><strong>dimeesihus</strong></span> <span class='ocrx_word' id='word_1_27' title='bbox 2047 688 2073 716; x_wconf 69' lang='lat'><strong>“</strong></span> 
     </span>
    </p>
   </div>
   <div class='ocr_carea' id='block_1_5' title="bbox 501 768 2076 839">
    <p class='ocr_par' dir='ltr' id='par_1_5' title="bbox 501 768 2076 839">
     <span class='ocr_line' id='line_1_5' title="bbox 501 768 2076 839; baseline 0 -15"><span class='ocrx_word' id='word_1_28' title='bbox 501 780 773 826; x_wconf 83' lang='lat' dir='ltr'><strong>trecentos</strong></span> <span class='ocrx_word' id='word_1_29' title='bbox 793 772 978 826; x_wconf 83' lang='lat' dir='ltr'><strong>decem</strong></span> <span class='ocrx_word' id='word_1_30' title='bbox 1008 780 1063 825; x_wconf 89' lang='lat' dir='ltr'><strong>et</strong></span> <span class='ocrx_word' id='word_1_31' title='bbox 1089 779 1212 826; x_wconf 78' lang='lat' dir='ltr'><strong>octo</strong></span> <span class='ocrx_word' id='word_1_32' title='bbox 1233 777 1450 825; x_wconf 82' lang='lat' dir='ltr'><strong>sanctos</strong></span> <span class='ocrx_word' id='word_1_33' title='bbox 1474 768 1662 825; x_wconf 88' lang='lat' dir='ltr'><strong>Patres</strong></span> <span class='ocrx_word' id='word_1_34' title='bbox 1688 788 1702 823; x_wconf 92' lang='lat'><strong>:</strong></span> <span class='ocrx_word' id='word_1_35' title='bbox 1732 779 1786 824; x_wconf 91' lang='lat' dir='ltr'><strong>ct</strong></span> <span class='ocrx_word' id='word_1_36' title='bbox 1812 786 1932 825; x_wconf 90' lang='lat' dir='ltr'><strong>cum</strong></span> <span class='ocrx_word' id='word_1_37' title='bbox 1962 770 2076 839; x_wconf 89' lang='lat' dir='ltr'><strong>ipse</strong></span> 
     </span>
    </p>
   </div>
   <div class='ocr_carea' id='block_1_6' title="bbox 496 858 2074 930">
    <p class='ocr_par' dir='ltr' id='par_1_6' title="bbox 496 858 2074 930">
     <span class='ocr_line' id='line_1_6' title="bbox 496 858 2074 930; baseline -0.002 -14"><span class='ocrx_word' id='word_1_38' title='bbox 496 863 657 916; x_wconf 86' lang='lat' dir='ltr'><strong>etiam</strong></span> <span class='ocrx_word' id='word_1_39' title='bbox 703 862 934 918; x_wconf 90' lang='lat' dir='ltr'><strong>concilio</strong></span> <span class='ocrx_word' id='word_1_40' title='bbox 973 862 1320 926; x_wconf 75' lang='lat' dir='ltr'><strong>interfuisset,</strong></span> <span class='ocrx_word' id='word_1_41' title='bbox 1363 868 1419 916; x_wconf 92' lang='lat' dir='ltr'><strong>et</strong></span> <span class='ocrx_word' id='word_1_42' title='bbox 1467 861 1755 930; x_wconf 87' lang='lat' dir='ltr'><strong>adjuvisset</strong></span> <span class='ocrx_word' id='word_1_43' title='bbox 1796 867 1823 900; x_wconf 73' lang='grc' dir='ltr'><strong>υ</strong></span> <span class='ocrx_word' id='word_1_44' title='bbox 1863 876 1958 915; x_wconf 90' lang='lat' dir='ltr'><strong>eos</strong></span> <span class='ocrx_word' id='word_1_45' title='bbox 1985 858 2074 930; x_wconf 93' lang='lat' dir='ltr'><strong>qui</strong></span> 
     </span>
    </p>
   </div>
   <div class='ocr_carea' id='block_1_7' title="bbox 497 948 2077 1015">
    <p class='ocr_par' dir='ltr' id='par_1_7' title="bbox 497 948 2077 1015">
     <span class='ocr_line' id='line_1_7' title="bbox 497 948 2077 1015; baseline -0.002 -10"><span class='ocrx_word' id='word_1_46' title='bbox 497 951 1009 1006; x_wconf 70' lang='lat' dir='ltr'><strong>consubstantialem</strong></span> <span class='ocrx_word' id='word_1_47' title='bbox 1051 950 1242 1005; x_wconf 83' lang='lat' dir='ltr'><strong>Fihum</strong></span> <span class='ocrx_word' id='word_1_48' title='bbox 1289 948 1434 1003; x_wconf 80' lang='lat' dir='ltr'><strong>Patri</strong></span> <span class='ocrx_word' id='word_1_49' title='bbox 1480 949 1711 1004; x_wconf 78' lang='lat' dir='ltr'><strong>confessi</strong></span> <span class='ocrx_word' id='word_1_50' title='bbox 1753 957 1897 1015; x_wconf 93' lang='lat' dir='ltr'><strong>sunt,</strong></span> <span class='ocrx_word' id='word_1_51' title='bbox 1946 963 2077 1004; x_wconf 91' lang='lat' dir='ltr'><strong>con-</strong></span> 
     </span>
    </p>
   </div>
   <div class='ocr_carea' id='block_1_8' title="bbox 497 1037 2075 1109">
    <p class='ocr_par' dir='ltr' id='par_1_8' title="bbox 497 1037 2075 1109">
     <span class='ocr_line' id='line_1_8' title="bbox 497 1037 2075 1109; baseline -0.003 -16"><span class='ocrx_word' id='word_1_52' title='bbox 497 1047 750 1095; x_wconf 82' lang='lat' dir='ltr'><strong>demnata</strong></span> <span class='ocrx_word' id='word_1_53' title='bbox 793 1039 990 1095; x_wconf 83' lang='lat' dir='ltr'><strong>Ariana</strong></span> <span class='ocrx_word' id='word_1_54' title='bbox 1036 1039 1332 1109; x_wconf 80' lang='lat' dir='ltr'><strong>impietate,</strong></span> <span class='ocrx_word' id='word_1_55' title='bbox 1377 1038 1608 1092; x_wconf 89' lang='lat' dir='ltr'><strong>studium</strong></span> <span class='ocrx_word' id='word_1_56' title='bbox 1648 1037 1834 1092; x_wconf 82' lang='lat' dir='ltr'><strong>habuit</strong></span> <span class='ocrx_word' id='word_1_57' title='bbox 1873 1046 2075 1092; x_wconf 88' lang='lat' dir='ltr'><strong>rectam</strong></span> 
     </span>
    </p>
   </div>
   <div class='ocr_carea' id='block_1_9' title="bbox 501 1125 2077 1197">
    <p class='ocr_par' dir='ltr' id='par_1_9' title="bbox 501 1125 2077 1197">
     <span class='ocr_line' id='line_1_9' title="bbox 501 1125 2077 1197; baseline 0 -17"><span class='ocrx_word' id='word_1_58' title='bbox 501 1126 659 1183; x_wconf 82' lang='lat' dir='ltr'><strong>fidem</strong></span> <span class='ocrx_word' id='word_1_59' title='bbox 691 1129 952 1184; x_wconf 86' lang='lat' dir='ltr'><strong>obtinere.</strong></span> <span class='ocrx_word' id='word_1_60' title='bbox 987 1127 1245 1196; x_wconf 79' lang='lat' dir='ltr'><strong>Exposito</strong></span> <span class='ocrx_word' id='word_1_61' title='bbox 1274 1127 1452 1196; x_wconf 80' lang='lat' dir='ltr'><strong>itaque</strong></span> <span class='ocrx_word' id='word_1_62' title='bbox 1480 1134 1668 1181; x_wconf 81' lang='lat' dir='ltr'><strong>sancto</strong></span> <span class='ocrx_word' id='word_1_63' title='bbox 1696 1127 1961 1197; x_wconf 78' lang='lat' dir='ltr'><strong>symbolo,</strong></span> <span class='ocrx_word' id='word_1_64' title='bbox 1990 1125 2077 1180; x_wconf 86' lang='lat' dir='ltr'><strong>vel</strong></span> 
     </span>
    </p>
   </div>
   <div class='ocr_carea' id='block_1_10' title="bbox 501 1214 2078 1288">
    <p class='ocr_par' dir='ltr' id='par_1_10' title="bbox 501 1214 2078 1288">
     <span class='ocr_line' id='line_1_10' title="bbox 501 1214 2078 1288; baseline -0.003 -16"><span class='ocrx_word' id='word_1_65' title='bbox 501 1219 827 1273; x_wconf 87' lang='lat' dir='ltr'><strong>mathemate</strong></span> <span class='ocrx_word' id='word_1_66' title='bbox 849 1218 990 1280; x_wconf 86' lang='lat' dir='ltr'><strong>fidei,</strong></span> <span class='ocrx_word' id='word_1_67' title='bbox 1025 1234 1120 1288; x_wconf 88' lang='lat' dir='ltr'><strong>per</strong></span> <span class='ocrx_word' id='word_1_68' title='bbox 1148 1218 1250 1271; x_wconf 89' lang='lat' dir='ltr'><strong>hoc</strong></span> <span class='ocrx_word' id='word_1_69' title='bbox 1279 1217 1450 1272; x_wconf 84' lang='lat' dir='ltr'><strong>sancti</strong></span> <span class='ocrx_word' id='word_1_70' title='bbox 1483 1215 1668 1270; x_wconf 86' lang='lat' dir='ltr'><strong>Patres</strong></span> <span class='ocrx_word' id='word_1_71' title='bbox 1697 1214 1927 1271; x_wconf 72' lang='lat' dir='ltr'><strong>eoufes~i</strong></span> <span class='ocrx_word' id='word_1_72' title='bbox 1953 1222 2078 1269; x_wconf 90' lang='lat' dir='ltr'><strong>sunt</strong></span> 
     </span>
    </p>
   </div>
   <div class='ocr_carea' id='block_1_11' title="bbox 499 1304 2078 1376">
    <p class='ocr_par' dir='ltr' id='par_1_11' title="bbox 499 1304 2078 1376">
     <span class='ocr_line' id='line_1_11' title="bbox 499 1304 2078 1376; baseline -0.003 -12"><span class='ocrx_word' id='word_1_73' title='bbox 499 1307 1006 1364; x_wconf 81' lang='lat' dir='ltr'><strong>consubstantialem</strong></span> <span class='ocrx_word' id='word_1_74' title='bbox 1037 1324 1155 1362; x_wconf 87' lang='lat' dir='ltr'><strong>esse</strong></span> <span class='ocrx_word' id='word_1_75' title='bbox 1182 1306 1373 1360; x_wconf 84' lang='lat' dir='ltr'><strong>Filiqu</strong></span> <span class='ocrx_word' id='word_1_76' title='bbox 1403 1305 1514 1360; x_wconf 83' lang='lat' dir='ltr'><strong>Deo</strong></span> <span class='ocrx_word' id='word_1_77' title='bbox 1546 1304 1710 1370; x_wconf 80' lang='lat' dir='ltr'><strong>Patri,</strong></span> <span class='ocrx_word' id='word_1_78' title='bbox 1741 1306 1882 1374; x_wconf 90' lang='lat' dir='ltr'><strong>quod</strong></span> <span class='ocrx_word' id='word_1_79' title='bbox 1910 1321 2078 1376; x_wconf 73' lang='lat' dir='ltr'><strong>usque</strong></span> 
     </span>
    </p>
   </div>
   <div class='ocr_carea' id='block_1_12' title="bbox 502 1393 2079 1468">
    <p class='ocr_par' dir='ltr' id='par_1_12' title="bbox 502 1393 2079 1468">
     <span class='ocr_line' id='line_1_12' title="bbox 502 1393 2079 1468; baseline -0.001 -16"><span class='ocrx_word' id='word_1_80' title='bbox 502 1406 628 1453; x_wconf 90' lang='lat' dir='ltr'><strong>tunc</strong></span> <span class='ocrx_word' id='word_1_81' title='bbox 649 1397 790 1468; x_wconf 82' lang='lat' dir='ltr'><strong>apud</strong></span> <span class='ocrx_word' id='word_1_82' title='bbox 810 1396 1068 1468; x_wconf 90' lang='lat' dir='ltr'><strong>plurimos</strong></span> <span class='ocrx_word' id='word_1_83' title='bbox 1096 1396 1462 1452; x_wconf 84' lang='lat' dir='ltr'><strong>dubitabatur.</strong></span> <span class='ocrx_word' id='word_1_84' title='bbox 1505 1393 1613 1450; x_wconf 86' lang='lat' dir='ltr'><strong>Sed</strong></span> <span class='ocrx_word' id='word_1_85' title='bbox 1652 1402 1708 1450; x_wconf 88' lang='lat' dir='ltr'><strong>et</strong></span> <span class='ocrx_word' id='word_1_86' title='bbox 1743 1393 2079 1451; x_wconf 86' lang='lat' dir='ltr'><strong>Theodosius</strong></span> 
     </span>
    </p>
   </div>
   <div class='ocr_carea' id='block_1_13' title="bbox 503 1483 2079 1558">
    <p class='ocr_par' dir='ltr' id='par_1_13' title="bbox 503 1483 2079 1558">
     <span class='ocr_line' id='line_1_13' title="bbox 503 1483 2079 1558; baseline -0.004 -14"><span class='ocrx_word' id='word_1_87' title='bbox 503 1488 687 1544; x_wconf 90' lang='lat' dir='ltr'><strong>senior</strong></span> <span class='ocrx_word' id='word_1_88' title='bbox 713 1488 812 1558; x_wconf 67' lang='lat' dir='ltr'><strong>piae</strong></span> <span class='ocrx_word' id='word_1_89' title='bbox 841 1485 1249 1552; x_wconf 87' lang='lat' dir='ltr'><strong>recordationis,</strong></span> <span class='ocrx_word' id='word_1_90' title='bbox 1280 1483 1596 1540; x_wconf 84' lang='lat' dir='ltr'><strong>Macedonio</strong></span> <span class='ocrx_word' id='word_1_91' title='bbox 1638 1492 1868 1553; x_wconf 92' lang='lat' dir='ltr'><strong>negante</strong></span> <span class='ocrx_word' id='word_1_92' title='bbox 1906 1484 2079 1540; x_wconf 88' lang='lat' dir='ltr'><strong>deita-</strong></span> 
     </span>
    </p>
   </div>
   <div class='ocr_carea' id='block_1_14' title="bbox 501 1571 2080 1644">
    <p class='ocr_par' dir='ltr' id='par_1_14' title="bbox 501 1571 2080 1644">
     <span class='ocr_line' id='line_1_14' title="bbox 501 1571 2080 1644; baseline 0 -14"><span class='ocrx_word' id='word_1_93' title='bbox 501 1585 608 1630; x_wconf 93' lang='lat' dir='ltr'><strong>tem</strong></span> <span class='ocrx_word' id='word_1_94' title='bbox 648 1574 820 1630; x_wconf 86' lang='lat' dir='ltr'><strong>sancti</strong></span> <span class='ocrx_word' id='word_1_95' title='bbox 867 1574 1120 1644; x_wconf 84' lang='lat' dir='ltr'><strong>Spiritus,</strong></span> <span class='ocrx_word' id='word_1_96' title='bbox 1164 1582 1217 1629; x_wconf 91' lang='lat' dir='ltr'><strong>et</strong></span> <span class='ocrx_word' id='word_1_97' title='bbox 1246 1571 1577 1644; x_wconf 83' lang='lat' dir='ltr'><strong>Apollinario</strong></span> <span class='ocrx_word' id='word_1_98' title='bbox 1605 1574 1690 1631; x_wconf 85' lang='lat' dir='ltr'><strong>vel</strong></span> <span class='ocrx_word' id='word_1_99' title='bbox 1730 1573 1922 1643; x_wconf 75' lang='lat' dir='ltr'><strong>Magno</strong></span> <span class='ocrx_word' id='word_1_100' title='bbox 1962 1574 2080 1644; x_wconf 90' lang='lat' dir='ltr'><strong>ejus</strong></span> 
     </span>
    </p>
   </div>
   <div class='ocr_carea' id='block_1_15' title="bbox 499 1662 2075 1733">
    <p class='ocr_par' dir='ltr' id='par_1_15' title="bbox 499 1662 2075 1733">
     <span class='ocr_line' id='line_1_15' title="bbox 499 1662 2075 1733; baseline 0.001 -16"><span class='ocrx_word' id='word_1_101' title='bbox 499 1663 763 1733; x_wconf 73' lang='lat' dir='ltr'><strong>discipulo</strong></span> <span class='ocrx_word' id='word_1_102' title='bbox 794 1664 845 1717; x_wconf 93' lang='lat' dir='ltr'><strong>in</strong></span> <span class='ocrx_word' id='word_1_103' title='bbox 871 1663 1274 1732; x_wconf 65' lang='lat' dir='ltr'><strong>dispensatione</strong></span> <span class='ocrx_word' id='word_1_104' title='bbox 1304 1662 1563 1718; x_wconf 86' lang='lat' dir='ltr'><strong>incarnati</strong></span> <span class='ocrx_word' id='word_1_105' title='bbox 1603 1663 1698 1718; x_wconf 90' lang='lat' dir='ltr'><strong>Dei</strong></span> <span class='ocrx_word' id='word_1_106' title='bbox 1739 1662 1900 1718; x_wconf 88' lang='lat' dir='ltr'><strong>Verbi</strong></span> <span class='ocrx_word' id='word_1_107' title='bbox 1930 1664 2075 1719; x_wconf 84' lang='lat' dir='ltr'><strong>blas-</strong></span> 
     </span>
    </p>
   </div>
   <div class='ocr_carea' id='block_1_16' title="bbox 503 1751 2079 1821">
    <p class='ocr_par' dir='ltr' id='par_1_16' title="bbox 503 1751 2079 1821">
     <span class='ocr_line' id='line_1_16' title="bbox 503 1751 2079 1821; baseline 0.003 -17"><span class='ocrx_word' id='word_1_108' title='bbox 503 1751 914 1821; x_wconf 85' lang='lat' dir='ltr'><strong>pbcmantibus,</strong></span> <span class='ocrx_word' id='word_1_109' title='bbox 948 1759 1004 1807; x_wconf 91' lang='lat' dir='ltr'><strong>et</strong></span> <span class='ocrx_word' id='word_1_110' title='bbox 1039 1752 1340 1807; x_wconf 77' lang='lat' dir='ltr'><strong>dicentibus</strong></span> <span class='ocrx_word' id='word_1_111' title='bbox 1380 1766 1596 1807; x_wconf 85' lang='lat' dir='ltr'><strong>sensum</strong></span> <span class='ocrx_word' id='word_1_112' title='bbox 1638 1751 1929 1807; x_wconf 89' lang='lat' dir='ltr'><strong>humanum</strong></span> <span class='ocrx_word' id='word_1_113' title='bbox 1973 1770 2079 1808; x_wconf 89' lang='lat' dir='ltr'><strong>non</strong></span> 
     </span>
    </p>
   </div>
   <div class='ocr_carea' id='block_1_17' title="bbox 503 1838 2080 1912">
    <p class='ocr_par' dir='ltr' id='par_1_17' title="bbox 503 1838 2080 1912">
     <span class='ocr_line' id='line_1_17' title="bbox 503 1838 2080 1912; baseline 0.002 -18"><span class='ocrx_word' id='word_1_114' title='bbox 503 1840 765 1909; x_wconf 67' lang='lat' dir='ltr'><strong>recepisse</strong></span> <span class='ocrx_word' id='word_1_115' title='bbox 798 1839 1030 1894; x_wconf 83' lang='lat' dir='ltr'><strong>Verbum</strong></span> <span class='ocrx_word' id='word_1_116' title='bbox 1061 1839 1250 1912; x_wconf 90' lang='lat' dir='ltr'><strong>[Deum</strong></span> <span class='ocrx_word' id='word_1_117' title='bbox 1270 1838 1528 1911; x_wconf 82' lang='lat' dir='ltr'><strong>Verbum]</strong></span> <span class='ocrx_word' id='word_1_118' title='bbox 1560 1850 1614 1907; x_wconf 80' lang='grc' dir='ltr'><strong>ο,</strong></span> <span class='ocrx_word' id='word_1_119' title='bbox 1655 1840 1751 1896; x_wconf 89' lang='lat' dir='ltr'><strong>sed</strong></span> <span class='ocrx_word' id='word_1_120' title='bbox 1780 1841 1928 1896; x_wconf 90' lang='lat' dir='ltr'><strong>carni</strong></span> <span class='ocrx_word' id='word_1_121' title='bbox 1957 1843 2080 1897; x_wconf 89' lang='lat' dir='ltr'><strong>uni-</strong></span> 
     </span>
    </p>
   </div>
   <div class='ocr_carea' id='block_1_18' title="bbox 2177 670 3780 744">
    <p class='ocr_par' dir='ltr' id='par_1_18' title="bbox 2177 670 3780 744">
     <span class='ocr_line' id='line_1_18' title="bbox 2177 670 3780 744; baseline -0.004 -14"><span class='ocrx_word' id='word_1_122' title='bbox 2177 676 2421 730; x_wconf 89' lang='lat' dir='ltr'><strong>utetiam</strong></span> <span class='ocrx_word' id='word_1_123' title='bbox 2450 673 2740 742; x_wconf 87' lang='lat' dir='ltr'><strong>ejiceretur</strong></span> <span class='ocrx_word' id='word_1_124' title='bbox 2763 681 2984 744; x_wconf 82' lang='lat' dir='ltr'><strong>propter</strong></span> <span class='ocrx_word' id='word_1_125' title='bbox 3005 688 3128 729; x_wconf 88' lang='lat' dir='ltr'><strong>eum</strong></span> <span class='ocrx_word' id='word_1_126' title='bbox 3169 670 3454 729; x_wconf 82' lang='lat' dir='ltr'><strong>Flavianus</strong></span> <span class='ocrx_word' id='word_1_127' title='bbox 3494 672 3780 740; x_wconf 71' lang='lat' dir='ltr'><strong>religiose</strong></span> 
     </span>
    </p>
   </div>
   <div class='ocr_carea' id='block_1_19' title="bbox 2174 762 3777 834">
    <p class='ocr_par' dir='ltr' id='par_1_19' title="bbox 2174 762 3777 834">
     <span class='ocr_line' id='line_1_19' title="bbox 2174 762 3777 834; baseline -0.004 -14"><span class='ocrx_word' id='word_1_128' title='bbox 2174 765 2448 820; x_wconf 76' lang='lat' dir='ltr'><strong>memoria:</strong></span> <span class='ocrx_word' id='word_1_129' title='bbox 2475 765 2635 833; x_wconf 79' lang='lat' dir='ltr'><strong>regia:</strong></span> <span class='ocrx_word' id='word_1_130' title='bbox 2661 764 2807 819; x_wconf 89' lang='lat' dir='ltr'><strong>urbis</strong></span> <span class='ocrx_word' id='word_1_131' title='bbox 2833 764 3137 834; x_wconf 85' lang='lat' dir='ltr'><strong>episcopus.</strong></span> <span class='ocrx_word' id='word_1_132' title='bbox 3166 762 3273 817; x_wconf 66' lang='lat' dir='ltr'><strong>Piae</strong></span> <span class='ocrx_word' id='word_1_133' title='bbox 3299 770 3479 818; x_wconf 79' lang='lat' dir='ltr'><strong>autem</strong></span> <span class='ocrx_word' id='word_1_134' title='bbox 3506 763 3777 818; x_wconf 83' lang='lat' dir='ltr'><strong>recorda-</strong></span> 
     </span>
    </p>
   </div>
   <div class='ocr_carea' id='block_1_20' title="bbox 2178 852 3782 922">
    <p class='ocr_par' dir='ltr' id='par_1_20' title="bbox 2178 852 3782 922">
     <span class='ocr_line' id='line_1_20' title="bbox 2178 852 3782 922; baseline 0 -14"><span class='ocrx_word' id='word_1_135' title='bbox 2178 854 2342 908; x_wconf 89' lang='lat' dir='ltr'><strong>tionis</strong></span> <span class='ocrx_word' id='word_1_136' title='bbox 2394 852 2697 908; x_wconf 85' lang='lat' dir='ltr'><strong>Marciantts</strong></span> <span class='ocrx_word' id='word_1_137' title='bbox 2746 853 3091 922; x_wconf 79' lang='lat' dir='ltr'><strong>congregavit</strong></span> <span class='ocrx_word' id='word_1_138' title='bbox 3146 852 3488 908; x_wconf 85' lang='lat' dir='ltr'><strong>Chalcedone</strong></span> <span class='ocrx_word' id='word_1_139' title='bbox 3541 861 3782 908; x_wconf 72' lang='lat' dir='ltr'><strong>sanctos</strong></span> 
     </span>
    </p>
   </div>
   <div class='ocr_carea' id='block_1_21' title="bbox 2176 941 3779 1014">
    <p class='ocr_par' dir='ltr' id='par_1_21' title="bbox 2176 941 3779 1014">
     <span class='ocr_line' id='line_1_21' title="bbox 2176 941 3779 1014; baseline -0.002 -15"><span class='ocrx_word' id='word_1_140' title='bbox 2176 943 2384 1012; x_wconf 86' lang='lat' dir='ltr'><strong>Patres,</strong></span> <span class='ocrx_word' id='word_1_141' title='bbox 2413 953 2468 998; x_wconf 88' lang='lat' dir='ltr'><strong>et</strong></span> <span class='ocrx_word' id='word_1_142' title='bbox 2497 956 2689 1012; x_wconf 89' lang='lat' dir='ltr'><strong>magna</strong></span> <span class='ocrx_word' id='word_1_143' title='bbox 2719 943 3069 998; x_wconf 85' lang='lat' dir='ltr'><strong>contentione</strong></span> <span class='ocrx_word' id='word_1_144' title='bbox 3097 942 3239 997; x_wconf 90' lang='lat' dir='ltr'><strong>inter</strong></span> <span class='ocrx_word' id='word_1_145' title='bbox 3282 941 3565 1014; x_wconf 69' lang='lat' dir='ltr'><strong>episcopos</strong></span> <span class='ocrx_word' id='word_1_146' title='bbox 3594 941 3779 1007; x_wconf 83' lang='lat' dir='ltr'><strong>facta,</strong></span> 
     </span>
    </p>
   </div>
   <div class='ocr_carea' id='block_1_22' title="bbox 2179 1031 3779 1103">
    <p class='ocr_par' dir='ltr' id='par_1_22' title="bbox 2179 1031 3779 1103">
     <span class='ocr_line' id='line_1_22' title="bbox 2179 1031 3779 1103; baseline -0.003 -14"><span class='ocrx_word' id='word_1_147' title='bbox 2179 1051 2285 1089; x_wconf 92' lang='lat' dir='ltr'><strong>non</strong></span> <span class='ocrx_word' id='word_1_148' title='bbox 2315 1034 2488 1088; x_wconf 89' lang='lat' dir='ltr'><strong>solum</strong></span> <span class='ocrx_word' id='word_1_149' title='bbox 2518 1049 2616 1103; x_wconf 90' lang='lat' dir='ltr'><strong>per</strong></span> <span class='ocrx_word' id='word_1_150' title='bbox 2655 1048 2780 1088; x_wconf 92' lang='lat' dir='ltr'><strong>suos</strong></span> <span class='ocrx_word' id='word_1_151' title='bbox 2815 1031 3046 1103; x_wconf 90' lang='lat' dir='ltr'><strong>judices,</strong></span> <span class='ocrx_word' id='word_1_152' title='bbox 3074 1031 3170 1088; x_wconf 89' lang='lat' dir='ltr'><strong>scd</strong></span> <span class='ocrx_word' id='word_1_153' title='bbox 3199 1033 3359 1087; x_wconf 90' lang='lat' dir='ltr'><strong>etiam</strong></span> <span class='ocrx_word' id='word_1_154' title='bbox 3401 1047 3497 1100; x_wconf 89' lang='lat' dir='ltr'><strong>per</strong></span> <span class='ocrx_word' id='word_1_155' title='bbox 3522 1032 3779 1102; x_wconf 79' lang='lat' dir='ltr'><strong>scipsmu</strong></span> 
     </span>
    </p>
   </div>
   <div class='ocr_carea' id='block_1_23' title="bbox 2176 1120 3782 1197">
    <p class='ocr_par' dir='ltr' id='par_1_23' title="bbox 2176 1120 3782 1197">
     <span class='ocr_line' id='line_1_23' title="bbox 2176 1120 3782 1197; baseline -0.002 -17"><span class='ocrx_word' id='word_1_156' title='bbox 2176 1124 2232 1180; x_wconf 92' lang='lat' dir='ltr'><strong>in</strong></span> <span class='ocrx_word' id='word_1_157' title='bbox 2279 1123 2564 1178; x_wconf 76' lang='lat' dir='ltr'><strong>concilium</strong></span> <span class='ocrx_word' id='word_1_158' title='bbox 2612 1120 2934 1194; x_wconf 73' lang='lat' dir='ltr'><strong>pervenit“,</strong></span> <span class='ocrx_word' id='word_1_159' title='bbox 2965 1130 3022 1197; x_wconf 82' lang='lat' dir='ltr'><strong>et</strong></span> <span class='ocrx_word' id='word_1_160' title='bbox 3065 1121 3131 1176; x_wconf 81' lang='lat' dir='ltr'><strong>ad</strong></span> <span class='ocrx_word' id='word_1_161' title='bbox 3178 1122 3521 1178; x_wconf 85' lang='lat' dir='ltr'><strong>concordiam</strong></span> <span class='ocrx_word' id='word_1_162' title='bbox 3569 1137 3782 1177; x_wconf 82' lang='lat' dir='ltr'><strong>omnes</strong></span> 
     </span>
    </p>
   </div>
   <div class='ocr_carea' id='block_1_24' title="bbox 2178 1210 3781 1284">
    <p class='ocr_par' dir='ltr' id='par_1_24' title="bbox 2178 1210 3781 1284">
     <span class='ocr_line' id='line_1_24' title="bbox 2178 1210 3781 1284; baseline -0.001 -16"><span class='ocrx_word' id='word_1_163' title='bbox 2178 1215 2444 1284; x_wconf 80' lang='lat' dir='ltr'><strong>perduxit.</strong></span> <span class='ocrx_word' id='word_1_164' title='bbox 2473 1211 2574 1279; x_wconf 85' lang='lat' dir='ltr'><strong>Qui</strong></span> <span class='ocrx_word' id='word_1_165' title='bbox 2604 1212 2775 1267; x_wconf 86' lang='lat' dir='ltr'><strong>sancti</strong></span> <span class='ocrx_word' id='word_1_166' title='bbox 2801 1210 2987 1266; x_wconf 86' lang='lat' dir='ltr'><strong>Patres</strong></span> <span class='ocrx_word' id='word_1_167' title='bbox 3012 1212 3064 1267; x_wconf 90' lang='lat' dir='ltr'><strong>in</strong></span> <span class='ocrx_word' id='word_1_168' title='bbox 3091 1212 3340 1267; x_wconf 89' lang='lat' dir='ltr'><strong>omnibus</strong></span> <span class='ocrx_word' id='word_1_169' title='bbox 3359 1211 3529 1266; x_wconf 89' lang='lat' dir='ltr'><strong>secuti</strong></span> <span class='ocrx_word' id='word_1_170' title='bbox 3552 1227 3616 1266; x_wconf 87' lang='lat' dir='ltr'><strong>ea</strong></span> <span class='ocrx_word' id='word_1_171' title='bbox 3638 1226 3781 1281; x_wconf 63' lang='lat' dir='ltr'><strong>Quae</strong></span> 
     </span>
    </p>
   </div>
   <div class='ocr_carea' id='block_1_25' title="bbox 2180 1302 3783 1376">
    <p class='ocr_par' dir='ltr' id='par_1_25' title="bbox 2180 1302 3783 1376">
     <span class='ocr_line' id='line_1_25' title="bbox 2180 1302 3783 1376; baseline -0.002 -16"><span class='ocrx_word' id='word_1_172' title='bbox 2180 1321 2280 1376; x_wconf 90' lang='lat' dir='ltr'><strong>pro</strong></span> <span class='ocrx_word' id='word_1_173' title='bbox 2322 1304 2425 1360; x_wconf 87' lang='lat' dir='ltr'><strong>ﬁde</strong></span> <span class='ocrx_word' id='word_1_174' title='bbox 2451 1302 2668 1359; x_wconf 85' lang='lat' dir='ltr'><strong>definita</strong></span> <span class='ocrx_word' id='word_1_175' title='bbox 2696 1310 2821 1358; x_wconf 90' lang='lat' dir='ltr'><strong>sunt</strong></span> <span class='ocrx_word' id='word_1_176' title='bbox 2849 1318 2881 1358; x_wconf 93' lang='lat' dir='ltr'><strong>a</strong></span> <span class='ocrx_word' id='word_1_177' title='bbox 2909 1303 3176 1375; x_wconf 69' lang='lat' dir='ltr'><strong>prmdictis</strong></span> <span class='ocrx_word' id='word_1_178' title='bbox 3205 1303 3376 1358; x_wconf 89' lang='lat' dir='ltr'><strong>tribus</strong></span> <span class='ocrx_word' id='word_1_179' title='bbox 3402 1303 3604 1358; x_wconf 89' lang='lat' dir='ltr'><strong>sanctis</strong></span> <span class='ocrx_word' id='word_1_180' title='bbox 3628 1318 3783 1358; x_wconf 62' lang='lat' dir='ltr'><strong>con-</strong></span> 
     </span>
    </p>
   </div>
   <div class='ocr_carea' id='block_1_26' title="bbox 2180 1391 3782 1465">
    <p class='ocr_par' dir='ltr' id='par_1_26' title="bbox 2180 1391 3782 1465">
     <span class='ocr_line' id='line_1_26' title="bbox 2180 1391 3782 1465; baseline -0.004 -13"><span class='ocrx_word' id='word_1_181' title='bbox 2180 1397 2338 1460; x_wconf 88' lang='lat' dir='ltr'><strong>ciliis,</strong></span> <span class='ocrx_word' id='word_1_182' title='bbox 2379 1403 2434 1450; x_wconf 90' lang='lat' dir='ltr'><strong>et</strong></span> <span class='ocrx_word' id='word_1_183' title='bbox 2460 1409 2579 1465; x_wconf 73' lang='lat' dir='ltr'><strong>qua:</strong></span> <span class='ocrx_word' id='word_1_184' title='bbox 2615 1393 2851 1460; x_wconf 81' lang='lat' dir='ltr'><strong>juJicata</strong></span> <span class='ocrx_word' id='word_1_185' title='bbox 2880 1401 3006 1449; x_wconf 91' lang='lat' dir='ltr'><strong>sunt</strong></span> <span class='ocrx_word' id='word_1_186' title='bbox 3033 1394 3100 1449; x_wconf 84' lang='lat' dir='ltr'><strong>de</strong></span> <span class='ocrx_word' id='word_1_187' title='bbox 3125 1394 3502 1450; x_wconf 74' lang='lat' dir='ltr'><strong>bmreticorum</strong></span> <span class='ocrx_word' id='word_1_188' title='bbox 3533 1391 3782 1446; x_wconf 82' lang='lat' dir='ltr'><strong>damna-</strong></span> 
     </span>
    </p>
   </div>
   <div class='ocr_carea' id='block_1_27' title="bbox 2182 1482 3779 1552">
    <p class='ocr_par' dir='ltr' id='par_1_27' title="bbox 2182 1482 3779 1552">
     <span class='ocr_line' id='line_1_27' title="bbox 2182 1482 3779 1552; baseline -0.002 -13"><span class='ocrx_word' id='word_1_189' title='bbox 2182 1484 2330 1539; x_wconf 87' lang='lat' dir='ltr'><strong>tione</strong></span> <span class='ocrx_word' id='word_1_190' title='bbox 2377 1492 2434 1537; x_wconf 92' lang='lat' dir='ltr'><strong>et</strong></span> <span class='ocrx_word' id='word_1_191' title='bbox 2479 1483 2757 1552; x_wconf 86' lang='lat' dir='ltr'><strong>impietate</strong></span> <span class='ocrx_word' id='word_1_192' title='bbox 2795 1498 3003 1548; x_wconf 92' lang='lat' dir='ltr'><strong>eorum,</strong></span> <span class='ocrx_word' id='word_1_193' title='bbox 3032 1483 3422 1538; x_wconf 85' lang='lat' dir='ltr'><strong>damnaverunt</strong></span> <span class='ocrx_word' id='word_1_194' title='bbox 3449 1491 3506 1538; x_wconf 87' lang='lat' dir='ltr'><strong>et</strong></span> <span class='ocrx_word' id='word_1_195' title='bbox 3532 1482 3779 1536; x_wconf 74' lang='lat' dir='ltr'><strong>anathe-</strong></span> 
     </span>
    </p>
   </div>
   <div class='ocr_carea' id='block_1_28' title="bbox 2181 1569 3779 1644">
    <p class='ocr_par' dir='ltr' id='par_1_28' title="bbox 2181 1569 3779 1644">
     <span class='ocr_line' id='line_1_28' title="bbox 2181 1569 3779 1644; baseline -0.001 -17"><span class='ocrx_word' id='word_1_196' title='bbox 2181 1573 2570 1628; x_wconf 80' lang='lat' dir='ltr'><strong>matizaverunt</strong></span> <span class='ocrx_word' id='word_1_197' title='bbox 2613 1569 2903 1644; x_wconf 82' lang='lat' dir='ltr'><strong>Eutychem</strong></span> <span class='ocrx_word' id='word_1_198' title='bbox 2957 1572 3282 1638; x_wconf 89' lang='lat' dir='ltr'><strong>dementem,</strong></span> <span class='ocrx_word' id='word_1_199' title='bbox 3333 1580 3389 1627; x_wconf 91' lang='lat' dir='ltr'><strong>et</strong></span> <span class='ocrx_word' id='word_1_200' title='bbox 3436 1571 3596 1642; x_wconf 89' lang='lat' dir='ltr'><strong>impia</strong></span> <span class='ocrx_word' id='word_1_201' title='bbox 3645 1569 3779 1637; x_wconf 78' lang='lat' dir='ltr'><strong>ejus</strong></span> 
     </span>
    </p>
   </div>
   <div class='ocr_carea' id='block_1_29' title="bbox 2181 1661 3780 1734">
    <p class='ocr_par' dir='ltr' id='par_1_29' title="bbox 2181 1661 3780 1734">
     <span class='ocr_line' id='line_1_29' title="bbox 2181 1661 3780 1734; baseline -0.003 -14"><span class='ocrx_word' id='word_1_202' title='bbox 2181 1664 2452 1733; x_wconf 86' lang='lat' dir='ltr'><strong>dogmata,</strong></span> <span class='ocrx_word' id='word_1_203' title='bbox 2496 1681 2600 1722; x_wconf 89' lang='lat' dir='ltr'><strong>nec</strong></span> <span class='ocrx_word' id='word_1_204' title='bbox 2651 1682 2760 1722; x_wconf 90' lang='lat' dir='ltr'><strong>non</strong></span> <span class='ocrx_word' id='word_1_205' title='bbox 2803 1672 2858 1720; x_wconf 86' lang='lat' dir='ltr'><strong>et</strong></span> <span class='ocrx_word' id='word_1_206' title='bbox 2903 1664 3203 1719; x_wconf 83' lang='lat' dir='ltr'><strong>Nestorium</strong></span> <span class='ocrx_word' id='word_1_207' title='bbox 3249 1679 3370 1718; x_wconf 91' lang='lat' dir='ltr'><strong>cum</strong></span> <span class='ocrx_word' id='word_1_208' title='bbox 3419 1663 3599 1734; x_wconf 88' lang='lat' dir='ltr'><strong>impiis</strong></span> <span class='ocrx_word' id='word_1_209' title='bbox 3644 1661 3780 1731; x_wconf 83' lang='lat' dir='ltr'><strong>ejus</strong></span> 
     </span>
    </p>
   </div>
   <div class='ocr_carea' id='block_1_30' title="bbox 2181 1752 3781 1827">
    <p class='ocr_par' dir='ltr' id='par_1_30' title="bbox 2181 1752 3781 1827">
     <span class='ocr_line' id='line_1_30' title="bbox 2181 1752 3781 1827; baseline -0.002 -16"><span class='ocrx_word' id='word_1_210' title='bbox 2181 1755 2549 1825; x_wconf 86' lang='lat' dir='ltr'><strong>dogmatibus,</strong></span> <span class='ocrx_word' id='word_1_211' title='bbox 2592 1757 2845 1827; x_wconf 87' lang='lat' dir='ltr'><strong>quoniam</strong></span> <span class='ocrx_word' id='word_1_212' title='bbox 2891 1765 3017 1811; x_wconf 91' lang='lat' dir='ltr'><strong>tunc</strong></span> <span class='ocrx_word' id='word_1_213' title='bbox 3048 1752 3063 1793; x_wconf 75' lang='grc'>³</span> <span class='ocrx_word' id='word_1_214' title='bbox 3098 1755 3489 1809; x_wconf 89' lang='lat' dir='ltr'><strong>festinaverunt</strong></span> <span class='ocrx_word' id='word_1_215' title='bbox 3541 1753 3781 1823; x_wconf 83' lang='lat' dir='ltr'><strong>quidam</strong></span> 
     </span>
    </p>
   </div>
   <div class='ocr_carea' id='block_1_31' title="bbox 2183 1841 3783 1914">
    <p class='ocr_par' dir='ltr' id='par_1_31' title="bbox 2183 1841 3783 1914">
     <span class='ocr_line' id='line_1_31' title="bbox 2183 1841 3783 1914; baseline 0.001 -17"><span class='ocrx_word' id='word_1_216' title='bbox 2183 1842 2472 1900; x_wconf 80' lang='lat' dir='ltr'><strong>defendere</strong></span> <span class='ocrx_word' id='word_1_217' title='bbox 2501 1844 2806 1900; x_wconf 83' lang='lat' dir='ltr'><strong>Nestorium</strong></span> <span class='ocrx_word' id='word_1_218' title='bbox 2838 1850 2891 1898; x_wconf 92' lang='lat' dir='ltr'><strong>et</strong></span> <span class='ocrx_word' id='word_1_219' title='bbox 2922 1843 3082 1914; x_wconf 90' lang='lat' dir='ltr'><strong>impia</strong></span> <span class='ocrx_word' id='word_1_220' title='bbox 3113 1843 3229 1912; x_wconf 85' lang='lat' dir='ltr'><strong>ejus</strong></span> <span class='ocrx_word' id='word_1_221' title='bbox 3271 1841 3544 1911; x_wconf 83' lang='lat' dir='ltr'><strong>dogmata.</strong></span> <span class='ocrx_word' id='word_1_222' title='bbox 3588 1841 3783 1912; x_wconf 80' lang='lat' dir='ltr'><strong>Super</strong></span> 
     </span>
    </p>
   </div>
   <div class='ocr_carea' id='block_1_32' title="bbox 504 1931 3779 2008">
    <p class='ocr_par' dir='ltr' id='par_1_32' title="bbox 504 1931 3779 2008">
     <span class='ocr_line' id='line_1_32' title="bbox 504 1931 3779 2008; baseline 0.001 -23"><span class='ocrx_word' id='word_1_223' title='bbox 504 1942 614 1986; x_wconf 87' lang='lat' dir='ltr'><strong>tum</strong></span> <span class='ocrx_word' id='word_1_224' title='bbox 645 1947 764 1988; x_wconf 74' lang='lat' dir='ltr'><strong>esse</strong></span> <span class='ocrx_word' id='word_1_225' title='bbox 784 1933 1018 1987; x_wconf 87' lang='lat' dir='ltr'><strong>animam</strong></span> <span class='ocrx_word' id='word_1_226' title='bbox 1043 1932 1465 1989; x_wconf 88' lang='lat' dir='ltr'><strong>irrationabilem</strong></span> <span class='ocrx_word' id='word_1_227' title='bbox 1487 1932 1705 1989; x_wconf 85' lang='lat' dir='ltr'><strong>habenti</strong></span> <span class='ocrx_word' id='word_1_228' title='bbox 1734 1950 1749 1987; x_wconf 89' lang='lat'><strong>:</strong></span> <span class='ocrx_word' id='word_1_229' title='bbox 1779 1946 2078 2002; x_wconf 81' lang='lat' dir='ltr'><strong>congrega-</strong></span> <span class='ocrx_word' id='word_1_230' title='bbox 2115 1950 2155 2008; x_wconf 75' lang='grc' dir='ltr'>Β</span> <span class='ocrx_word' id='word_1_231' title='bbox 2183 1932 2293 1989; x_wconf 63' lang='lat' dir='ltr'><strong>haec</strong></span> <span class='ocrx_word' id='word_1_232' title='bbox 2309 1942 2486 1989; x_wconf 89' lang='lat' dir='ltr'><strong>autem</strong></span> <span class='ocrx_word' id='word_1_233' title='bbox 2509 1934 2668 1990; x_wconf 89' lang='lat' dir='ltr'><strong>iidem</strong></span> <span class='ocrx_word' id='word_1_234' title='bbox 2691 1935 2742 1989; x_wconf 91' lang='lat' dir='ltr'><strong>in</strong></span> <span class='ocrx_word' id='word_1_235' title='bbox 2765 1933 3106 1989; x_wconf 87' lang='lat' dir='ltr'><strong>Chalcedone</strong></span> <span class='ocrx_word' id='word_1_236' title='bbox 3129 1933 3299 1988; x_wconf 86' lang='lat' dir='ltr'><strong>sancti</strong></span> <span class='ocrx_word' id='word_1_237' title='bbox 3326 1931 3509 1986; x_wconf 88' lang='lat' dir='ltr'><strong>Patres</strong></span> <span class='ocrx_word' id='word_1_238' title='bbox 3532 1933 3779 1987; x_wconf 86' lang='lat' dir='ltr'><strong>anathe-</strong></span> 
     </span>
    </p>
   </div>
   <div class='ocr_carea' id='block_1_33' title="bbox 506 2023 2082 2093">
    <p class='ocr_par' dir='ltr' id='par_1_33' title="bbox 506 2023 2082 2093">
     <span class='ocr_line' id='line_1_33' title="bbox 506 2023 2082 2093; baseline 0.001 -16"><span class='ocrx_word' id='word_1_239' title='bbox 506 2024 575 2077; x_wconf 77' lang='lat' dir='ltr'><strong>tis</strong></span> <span class='ocrx_word' id='word_1_240' title='bbox 605 2023 658 2077; x_wconf 93' lang='lat' dir='ltr'><strong>in</strong></span> <span class='ocrx_word' id='word_1_241' title='bbox 687 2023 830 2092; x_wconf 86' lang='lat' dir='ltr'><strong>regia</strong></span> <span class='ocrx_word' id='word_1_242' title='bbox 860 2023 994 2078; x_wconf 82' lang='lat' dir='ltr'><strong>urbe</strong></span> <span class='ocrx_word' id='word_1_243' title='bbox 1020 2032 1235 2079; x_wconf 87' lang='lat' dir='ltr'><strong>centum</strong></span> <span class='ocrx_word' id='word_1_244' title='bbox 1264 2023 1648 2093; x_wconf 85' lang='lat' dir='ltr'><strong>quinquaginta</strong></span> <span class='ocrx_word' id='word_1_245' title='bbox 1677 2025 1876 2080; x_wconf 87' lang='lat' dir='ltr'><strong>sanctis</strong></span> <span class='ocrx_word' id='word_1_246' title='bbox 1902 2023 2082 2080; x_wconf 89' lang='lat' dir='ltr'><strong>Patri-</strong></span> 
     </span>
    </p>
   </div>
   <div class='ocr_carea' id='block_1_34' title="bbox 505 2112 2084 2185">
    <p class='ocr_par' dir='ltr' id='par_1_34' title="bbox 505 2112 2084 2185">
     <span class='ocr_line' id='line_1_34' title="bbox 505 2112 2084 2185; baseline 0.001 -17"><span class='ocrx_word' id='word_1_247' title='bbox 505 2117 603 2168; x_wconf 80' lang='lat' dir='ltr'><strong>hus</strong></span> <span class='ocrx_word' id='word_1_248' title='bbox 621 2153 637 2179; x_wconf 93' lang='lat'><strong>,</strong></span> <span class='ocrx_word' id='word_1_249' title='bbox 661 2129 783 2170; x_wconf 90' lang='lat' dir='ltr'><strong>cum</strong></span> <span class='ocrx_word' id='word_1_250' title='bbox 813 2124 869 2169; x_wconf 87' lang='lat' dir='ltr'><strong>et</strong></span> <span class='ocrx_word' id='word_1_251' title='bbox 906 2114 1023 2184; x_wconf 86' lang='lat' dir='ltr'><strong>ipse</strong></span> <span class='ocrx_word' id='word_1_252' title='bbox 1048 2114 1317 2185; x_wconf 87' lang='lat' dir='ltr'><strong>particeps</strong></span> <span class='ocrx_word' id='word_1_253' title='bbox 1342 2112 1531 2170; x_wconf 88' lang='lat' dir='ltr'><strong>fuisset</strong></span> <span class='ocrx_word' id='word_1_254' title='bbox 1557 2114 1792 2182; x_wconf 89' lang='lat' dir='ltr'><strong>concilii,</strong></span> <span class='ocrx_word' id='word_1_255' title='bbox 1818 2114 2084 2170; x_wconf 88' lang='lat' dir='ltr'><strong>damnatis</strong></span> 
     </span>
    </p>
   </div>
   <div class='ocr_carea' id='block_1_35' title="bbox 505 2205 2081 2277">
    <p class='ocr_par' dir='ltr' id='par_1_35' title="bbox 505 2205 2081 2277">
     <span class='ocr_line' id='line_1_35' title="bbox 505 2205 2081 2277; baseline 0.001 -19"><span class='ocrx_word' id='word_1_256' title='bbox 505 2206 768 2277; x_wconf 72' lang='lat' dir='ltr'><strong>pta-dictis</strong></span> <span class='ocrx_word' id='word_1_257' title='bbox 797 2205 1065 2262; x_wconf 68' lang='lat' dir='ltr'><strong>ntereticis</strong></span> <span class='ocrx_word' id='word_1_258' title='bbox 1105 2221 1209 2261; x_wconf 88' lang='lat' dir='ltr'><strong>una</strong></span> <span class='ocrx_word' id='word_1_259' title='bbox 1237 2221 1358 2263; x_wconf 91' lang='lat' dir='ltr'><strong>cum</strong></span> <span class='ocrx_word' id='word_1_260' title='bbox 1403 2205 1578 2275; x_wconf 89' lang='lat' dir='ltr'><strong>impiis</strong></span> <span class='ocrx_word' id='word_1_261' title='bbox 1605 2221 1793 2261; x_wconf 89' lang='lat' dir='ltr'><strong>eorum</strong></span> <span class='ocrx_word' id='word_1_262' title='bbox 1813 2205 2081 2274; x_wconf 73' lang='lat' dir='ltr'><strong>dogmati-</strong></span> 
     </span>
    </p>
   </div>
   <div class='ocr_carea' id='block_1_36' title="bbox 506 2295 2082 2368">
    <p class='ocr_par' dir='ltr' id='par_1_36' title="bbox 506 2295 2082 2368">
     <span class='ocr_line' id='line_1_36' title="bbox 506 2295 2082 2368; baseline -0.001 -17"><span class='ocrx_word' id='word_1_263' title='bbox 506 2299 621 2361; x_wconf 86' lang='lat' dir='ltr'><strong>bus,</strong></span> <span class='ocrx_word' id='word_1_264' title='bbox 654 2297 781 2353; x_wconf 84' lang='lat' dir='ltr'><strong>fecit</strong></span> <span class='ocrx_word' id='word_1_265' title='bbox 807 2306 1008 2353; x_wconf 90' lang='lat' dir='ltr'><strong>rectam</strong></span> <span class='ocrx_word' id='word_1_266' title='bbox 1034 2296 1328 2368; x_wconf 69' lang='lat' dir='ltr'><strong>prmdicare</strong></span> <span class='ocrx_word' id='word_1_267' title='bbox 1354 2295 1532 2351; x_wconf 85' lang='lat' dir='ltr'><strong>tidem.</strong></span> <span class='ocrx_word' id='word_1_268' title='bbox 1555 2296 1737 2352; x_wconf 91' lang='lat' dir='ltr'><strong>Secuti</strong></span> <span class='ocrx_word' id='word_1_269' title='bbox 1759 2297 1902 2352; x_wconf 88' lang='lat' dir='ltr'><strong>enim</strong></span> <span class='ocrx_word' id='word_1_270' title='bbox 1923 2295 2082 2351; x_wconf 89' lang='lat' dir='ltr'><strong>iidem</strong></span> 
     </span>
    </p>
   </div>
   <div class='ocr_carea' id='block_1_37' title="bbox 508 2386 2085 2458">
    <p class='ocr_par' dir='ltr' id='par_1_37' title="bbox 508 2386 2085 2458">
     <span class='ocr_line' id='line_1_37' title="bbox 508 2386 2085 2458; baseline 0.001 -14"><span class='ocrx_word' id='word_1_271' title='bbox 508 2389 681 2444; x_wconf 86' lang='lat' dir='ltr'><strong>sancti</strong></span> <span class='ocrx_word' id='word_1_272' title='bbox 725 2388 913 2444; x_wconf 85' lang='lat' dir='ltr'><strong>Patres</strong></span> <span class='ocrx_word' id='word_1_273' title='bbox 963 2389 1264 2458; x_wconf 79' lang='lat' dir='ltr'><strong>expositam</strong></span> <span class='ocrx_word' id='word_1_274' title='bbox 1312 2396 1514 2444; x_wconf 88' lang='lat' dir='ltr'><strong>rectam</strong></span> <span class='ocrx_word' id='word_1_275' title='bbox 1565 2386 1723 2444; x_wconf 77' lang='lat' dir='ltr'><strong>ﬁdem</strong></span> <span class='ocrx_word' id='word_1_276' title='bbox 1761 2403 1792 2443; x_wconf 88' lang='lat' dir='ltr'><strong>a</strong></span> <span class='ocrx_word' id='word_1_277' title='bbox 1832 2390 2085 2445; x_wconf 85' lang='lat' dir='ltr'><strong>trecentis</strong></span> 
     </span>
    </p>
   </div>
   <div class='ocr_carea' id='block_1_38' title="bbox 504 2476 2086 2546">
    <p class='ocr_par' dir='ltr' id='par_1_38' title="bbox 504 2476 2086 2546">
     <span class='ocr_line' id='line_1_38' title="bbox 504 2476 2086 2546; baseline 0 -13"><span class='ocrx_word' id='word_1_278' title='bbox 504 2478 690 2533; x_wconf 81' lang='lat' dir='ltr'><strong>decem</strong></span> <span class='ocrx_word' id='word_1_279' title='bbox 729 2484 785 2533; x_wconf 88' lang='lat' dir='ltr'><strong>et</strong></span> <span class='ocrx_word' id='word_1_280' title='bbox 827 2485 952 2534; x_wconf 89' lang='lat' dir='ltr'><strong>octo</strong></span> <span class='ocrx_word' id='word_1_281' title='bbox 990 2478 1194 2533; x_wconf 84' lang='lat' dir='ltr'><strong>sanctis</strong></span> <span class='ocrx_word' id='word_1_282' title='bbox 1240 2477 1509 2544; x_wconf 83' lang='lat' dir='ltr'><strong>Patribus,</strong></span> <span class='ocrx_word' id='word_1_283' title='bbox 1554 2476 1974 2546; x_wconf 80' lang='lat' dir='ltr'><strong>cxplanaverunt</strong></span> <span class='ocrx_word' id='word_1_284' title='bbox 2017 2476 2086 2533; x_wconf 89' lang='lat' dir='ltr'><strong>de</strong></span> 
     </span>
    </p>
   </div>
   <div class='ocr_carea' id='block_1_39' title="bbox 513 2565 2088 2636">
    <p class='ocr_par' dir='ltr' id='par_1_39' title="bbox 513 2565 2088 2636">
     <span class='ocr_line' id='line_1_39' title="bbox 513 2565 2088 2636; baseline 0 -15"><span class='ocrx_word' id='word_1_285' title='bbox 513 2567 716 2622; x_wconf 80' lang='lat' dir='ltr'><strong>tleitate</strong></span> <span class='ocrx_word' id='word_1_286' title='bbox 742 2567 913 2623; x_wconf 85' lang='lat' dir='ltr'><strong>sancti</strong></span> <span class='ocrx_word' id='word_1_287' title='bbox 957 2566 1208 2636; x_wconf 86' lang='lat' dir='ltr'><strong>Spiritus,</strong></span> <span class='ocrx_word' id='word_1_288' title='bbox 1234 2575 1289 2622; x_wconf 90' lang='lat' dir='ltr'><strong>et</strong></span> <span class='ocrx_word' id='word_1_289' title='bbox 1326 2565 1563 2636; x_wconf 86' lang='lat' dir='ltr'><strong>perfecte</strong></span> <span class='ocrx_word' id='word_1_290' title='bbox 1602 2565 1670 2621; x_wconf 88' lang='lat' dir='ltr'><strong>de</strong></span> <span class='ocrx_word' id='word_1_291' title='bbox 1693 2565 2088 2635; x_wconf 88' lang='lat' dir='ltr'><strong>dispensatione</strong></span> 
     </span>
    </p>
   </div>
   <div class='ocr_carea' id='block_1_40' title="bbox 510 2653 2088 2712">
    <p class='ocr_par' dir='ltr' id='par_1_40' title="bbox 510 2653 2088 2712">
     <span class='ocr_line' id='line_1_40' title="bbox 510 2653 2088 2712; baseline -0.001 0"><span class='ocrx_word' id='word_1_292' title='bbox 510 2656 772 2712; x_wconf 88' lang='lat' dir='ltr'><strong>iucarnati</strong></span> <span class='ocrx_word' id='word_1_293' title='bbox 801 2654 829 2694; x_wconf 68' lang='grc' dir='ltr'>ά</span> <span class='ocrx_word' id='word_1_294' title='bbox 868 2655 965 2711; x_wconf 92' lang='lat' dir='ltr'><strong>Dei</strong></span> <span class='ocrx_word' id='word_1_295' title='bbox 1010 2655 1169 2710; x_wconf 88' lang='lat' dir='ltr'><strong>Verbi</strong></span> <span class='ocrx_word' id='word_1_296' title='bbox 1221 2655 1538 2711; x_wconf 88' lang='lat' dir='ltr'><strong>docuerunt.</strong></span> <span class='ocrx_word' id='word_1_297' title='bbox 1589 2653 1786 2710; x_wconf 89' lang='lat' dir='ltr'><strong>lterum</strong></span> <span class='ocrx_word' id='word_1_298' title='bbox 1840 2655 2088 2711; x_wconf 81' lang='lat' dir='ltr'><strong>Nestorio</strong></span> 
     </span>
    </p>
   </div>
   <div class='ocr_carea' id='block_1_41' title="bbox 510 2743 2086 2815">
    <p class='ocr_par' dir='ltr' id='par_1_41' title="bbox 510 2743 2086 2815">
     <span class='ocr_line' id='line_1_41' title="bbox 510 2743 2086 2815; baseline -0.001 -15"><span class='ocrx_word' id='word_1_299' title='bbox 510 2745 677 2815; x_wconf 84' lang='lat' dir='ltr'><strong>unpio</strong></span> <span class='ocrx_word' id='word_1_300' title='bbox 704 2745 867 2799; x_wconf 89' lang='lat' dir='ltr'><strong>alium</strong></span> <span class='ocrx_word' id='word_1_301' title='bbox 895 2745 1106 2800; x_wconf 88' lang='lat' dir='ltr'><strong>dicente</strong></span> <span class='ocrx_word' id='word_1_302' title='bbox 1135 2745 1303 2800; x_wconf 85' lang='lat' dir='ltr'><strong>Deum</strong></span> <span class='ocrx_word' id='word_1_303' title='bbox 1333 2744 1598 2809; x_wconf 83' lang='lat' dir='ltr'><strong>Verbum,</strong></span> <span class='ocrx_word' id='word_1_304' title='bbox 1631 2751 1687 2799; x_wconf 89' lang='lat' dir='ltr'><strong>et</strong></span> <span class='ocrx_word' id='word_1_305' title='bbox 1723 2744 1884 2799; x_wconf 89' lang='lat' dir='ltr'><strong>alium</strong></span> <span class='ocrx_word' id='word_1_306' title='bbox 1929 2743 2086 2799; x_wconf 89' lang='lat' dir='ltr'><strong>Chri-</strong></span> 
     </span>
    </p>
   </div>
   <div class='ocr_carea' id='block_1_42' title="bbox 509 2832 2085 2903">
    <p class='ocr_par' dir='ltr' id='par_1_42' title="bbox 509 2832 2085 2903">
     <span class='ocr_line' id='line_1_42' title="bbox 509 2832 2085 2903; baseline 0 -14"><span class='ocrx_word' id='word_1_307' title='bbox 509 2842 652 2890; x_wconf 84' lang='lat' dir='ltr'><strong>stum</strong></span> <span class='ocrx_word' id='word_1_308' title='bbox 682 2843 732 2898; x_wconf 79' lang='grc' dir='ltr'><strong>ο,</strong></span> <span class='ocrx_word' id='word_1_309' title='bbox 763 2847 820 2888; x_wconf 84' lang='lat' dir='ltr'><strong>et</strong></span> <span class='ocrx_word' id='word_1_310' title='bbox 846 2833 987 2890; x_wconf 89' lang='lat' dir='ltr'><strong>hunc</strong></span> <span class='ocrx_word' id='word_1_311' title='bbox 1011 2833 1231 2903; x_wconf 88' lang='lat' dir='ltr'><strong>quidem</strong></span> <span class='ocrx_word' id='word_1_312' title='bbox 1258 2843 1448 2889; x_wconf 69' lang='lat' dir='ltr'><strong>natura</strong></span> <span class='ocrx_word' id='word_1_313' title='bbox 1480 2833 1671 2888; x_wconf 83' lang='lat' dir='ltr'><strong>Filium</strong></span> <span class='ocrx_word' id='word_1_314' title='bbox 1708 2832 1726 2870; x_wconf 74' lang='grc' dir='ltr'><em>τ</em></span> <span class='ocrx_word' id='word_1_315' title='bbox 1757 2834 1853 2889; x_wconf 87' lang='lat' dir='ltr'><strong>Dei</strong></span> <span class='ocrx_word' id='word_1_316' title='bbox 1891 2833 2085 2900; x_wconf 85' lang='lat' dir='ltr'><strong>Patris,</strong></span> 
     </span>
    </p>
   </div>
   <div class='ocr_carea' id='block_1_43' title="bbox 514 2924 2091 2994">
    <p class='ocr_par' dir='ltr' id='par_1_43' title="bbox 514 2924 2091 2994">
     <span class='ocr_line' id='line_1_43' title="bbox 514 2924 2091 2994; baseline 0 -14"><span class='ocrx_word' id='word_1_317' title='bbox 514 2926 662 2980; x_wconf 72' lang='lat' dir='ltr'><strong>illiilli</strong></span> <span class='ocrx_word' id='word_1_318' title='bbox 707 2933 888 2980; x_wconf 88' lang='lat' dir='ltr'><strong>autem</strong></span> <span class='ocrx_word' id='word_1_319' title='bbox 936 2925 1106 2994; x_wconf 82' lang='lat' dir='ltr'><strong>gratia</strong></span> <span class='ocrx_word' id='word_1_320' title='bbox 1155 2925 1320 2980; x_wconf 80' lang='lat' dir='ltr'><strong>tilium</strong></span> <span class='ocrx_word' id='word_1_321' title='bbox 1370 2925 1537 2994; x_wconf 89' lang='lat' dir='ltr'><strong>impie</strong></span> <span class='ocrx_word' id='word_1_322' title='bbox 1588 2924 1985 2990; x_wconf 85' lang='lat' dir='ltr'><strong>introducente,</strong></span> <span class='ocrx_word' id='word_1_323' title='bbox 2034 2933 2091 2980; x_wconf 91' lang='lat' dir='ltr'><strong>et</strong></span> 
     </span>
    </p>
   </div>
   <div class='ocr_carea' id='block_1_44' title="bbox 513 3013 2089 3084">
    <p class='ocr_par' dir='ltr' id='par_1_44' title="bbox 513 3013 2089 3084">
     <span class='ocr_line' id='line_1_44' title="bbox 513 3013 2089 3084; baseline 0 -14"><span class='ocrx_word' id='word_1_324' title='bbox 513 3023 758 3070; x_wconf 84' lang='lat' dir='ltr'><strong>sanctam</strong></span> <span class='ocrx_word' id='word_1_325' title='bbox 789 3015 1076 3083; x_wconf 79' lang='lat' dir='ltr'><strong>gloriosam</strong></span> <span class='ocrx_word' id='word_1_326' title='bbox 1102 3029 1318 3084; x_wconf 83' lang='lat' dir='ltr'><strong>setrper</strong></span> <span class='ocrx_word' id='word_1_327' title='bbox 1337 3014 1609 3084; x_wconf 83' lang='lat' dir='ltr'><strong>Virginem</strong></span> <span class='ocrx_word' id='word_1_328' title='bbox 1639 3013 1733 3069; x_wconf 89' lang='lat' dir='ltr'><strong>Dei</strong></span> <span class='ocrx_word' id='word_1_329' title='bbox 1764 3013 2089 3070; x_wconf 85' lang='lat' dir='ltr'><strong>Genitticem</strong></span> 
     </span>
    </p>
   </div>
   <div class='ocr_carea' id='block_1_45' title="bbox 512 3105 2088 3176">
    <p class='ocr_par' dir='ltr' id='par_1_45' title="bbox 512 3105 2088 3176">
     <span class='ocr_line' id='line_1_45' title="bbox 512 3105 2088 3176; baseline -0.001 -14"><span class='ocrx_word' id='word_1_330' title='bbox 512 3123 633 3162; x_wconf 79' lang='lat' dir='ltr'><strong>esse</strong></span> <span class='ocrx_word' id='word_1_331' title='bbox 655 3117 904 3176; x_wconf 84' lang='lat' dir='ltr'><strong>negante,</strong></span> <span class='ocrx_word' id='word_1_332' title='bbox 936 3120 1057 3162; x_wconf 92' lang='lat' dir='ltr'><strong>cum</strong></span> <span class='ocrx_word' id='word_1_333' title='bbox 1084 3121 1220 3175; x_wconf 87' lang='lat' dir='ltr'><strong>pene</strong></span> <span class='ocrx_word' id='word_1_334' title='bbox 1240 3119 1428 3160; x_wconf 87' lang='lat' dir='ltr'><strong>omnes</strong></span> <span class='ocrx_word' id='word_1_335' title='bbox 1453 3105 1742 3160; x_wconf 84' lang='lat' dir='ltr'><strong>orientales</strong></span> <span class='ocrx_word' id='word_1_336' title='bbox 1776 3114 1957 3174; x_wconf 88' lang='lat' dir='ltr'><strong>partes</strong></span> <span class='ocrx_word' id='word_1_337' title='bbox 1993 3122 2088 3163; x_wconf 81' lang='lat' dir='ltr'><strong>sua</strong></span> 
     </span>
    </p>
   </div>
   <div class='ocr_carea' id='block_1_46' title="bbox 513 3195 2091 3266">
    <p class='ocr_par' dir='ltr' id='par_1_46' title="bbox 513 3195 2091 3266">
     <span class='ocr_line' id='line_1_46' title="bbox 513 3195 2091 3266; baseline 0.001 -16"><span class='ocrx_word' id='word_1_338' title='bbox 513 3198 791 3266; x_wconf 69' lang='lat' dir='ltr'><strong>imrietate</strong></span> <span class='ocrx_word' id='word_1_339' title='bbox 836 3196 1179 3266; x_wconf 83' lang='lat' dir='ltr'><strong>adimplesset</strong></span> <span class='ocrx_word' id='word_1_340' title='bbox 1225 3196 1364 3250; x_wconf 89' lang='lat' dir='ltr'><strong>idem</strong></span> <span class='ocrx_word' id='word_1_341' title='bbox 1407 3195 1704 3263; x_wconf 79' lang='lat' dir='ltr'><strong>Nestorius,</strong></span> <span class='ocrx_word' id='word_1_342' title='bbox 1759 3195 2091 3253; x_wconf 84' lang='lat' dir='ltr'><strong>Theodosius</strong></span> 
     </span>
    </p>
   </div>
   <div class='ocr_carea' id='block_1_47' title="bbox 2183 2024 3775 2098">
    <p class='ocr_par' dir='ltr' id='par_1_47' title="bbox 2183 2024 3775 2098">
     <span class='ocr_line' id='line_1_47' title="bbox 2183 2024 3775 2098; baseline -0.003 -18"><span class='ocrx_word' id='word_1_343' title='bbox 2183 2027 2572 2082; x_wconf 87' lang='lat' dir='ltr'><strong>matizavcrunt</strong></span> <span class='ocrx_word' id='word_1_344' title='bbox 2600 2043 2696 2083; x_wconf 91' lang='lat' dir='ltr'><strong>eos</strong></span> <span class='ocrx_word' id='word_1_345' title='bbox 2722 2027 2814 2098; x_wconf 89' lang='lat' dir='ltr'><strong>qui</strong></span> <span class='ocrx_word' id='word_1_346' title='bbox 2863 2025 3007 2081; x_wconf 87' lang='lat' dir='ltr'><strong>aliud</strong></span> <span class='ocrx_word' id='word_1_347' title='bbox 3055 2025 3357 2097; x_wconf 79' lang='lat' dir='ltr'><strong>symbolum</strong></span> <span class='ocrx_word' id='word_1_348' title='bbox 3405 2024 3775 2089; x_wconf 65' lang='lat' dir='ltr'><strong>tradiderunt,</strong></span> 
     </span>
    </p>
   </div>
   <div class='ocr_carea' id='block_1_48' title="bbox 2186 2115 3777 2188">
    <p class='ocr_par' dir='ltr' id='par_1_48' title="bbox 2186 2115 3777 2188">
     <span class='ocr_line' id='line_1_48' title="bbox 2186 2115 3777 2188; baseline -0.001 -18"><span class='ocrx_word' id='word_1_349' title='bbox 2186 2125 2279 2171; x_wconf 92' lang='lat' dir='ltr'><strong>aut</strong></span> <span class='ocrx_word' id='word_1_350' title='bbox 2309 2117 2553 2185; x_wconf 89' lang='lat' dir='ltr'><strong>tradunt,</strong></span> <span class='ocrx_word' id='word_1_351' title='bbox 2587 2126 2780 2188; x_wconf 74' lang='lat' dir='ltr'><strong>pneter</strong></span> <span class='ocrx_word' id='word_1_352' title='bbox 2809 2120 2911 2172; x_wconf 92' lang='lat' dir='ltr'><strong>hoc</strong></span> <span class='ocrx_word' id='word_1_353' title='bbox 2935 2115 3079 2188; x_wconf 91' lang='lat' dir='ltr'><strong>quod</strong></span> <span class='ocrx_word' id='word_1_354' title='bbox 3123 2115 3428 2186; x_wconf 81' lang='lat' dir='ltr'><strong>expositum</strong></span> <span class='ocrx_word' id='word_1_355' title='bbox 3469 2122 3552 2168; x_wconf 88' lang='lat' dir='ltr'><strong>est</strong></span> <span class='ocrx_word' id='word_1_356' title='bbox 3587 2129 3620 2169; x_wconf 88' lang='lat' dir='ltr'><strong>a</strong></span> <span class='ocrx_word' id='word_1_357' title='bbox 3651 2121 3777 2168; x_wconf 83' lang='lat' dir='ltr'><strong>tre-</strong></span> 
     </span>
    </p>
   </div>
   <div class='ocr_carea' id='block_1_49' title="bbox 2184 2203 3777 2274">
    <p class='ocr_par' dir='ltr' id='par_1_49' title="bbox 2184 2203 3777 2274">
     <span class='ocr_line' id='line_1_49' title="bbox 2184 2203 3777 2274; baseline -0.003 -13"><span class='ocrx_word' id='word_1_358' title='bbox 2184 2208 2358 2264; x_wconf 87' lang='lat' dir='ltr'><strong>centis</strong></span> <span class='ocrx_word' id='word_1_359' title='bbox 2386 2207 2574 2264; x_wconf 81' lang='lat' dir='ltr'><strong>dcetm</strong></span> <span class='ocrx_word' id='word_1_360' title='bbox 2598 2216 2656 2263; x_wconf 92' lang='lat' dir='ltr'><strong>ct</strong></span> <span class='ocrx_word' id='word_1_361' title='bbox 2677 2214 2803 2263; x_wconf 90' lang='lat' dir='ltr'><strong>octo</strong></span> <span class='ocrx_word' id='word_1_362' title='bbox 2831 2207 3031 2262; x_wconf 86' lang='lat' dir='ltr'><strong>sanctis</strong></span> <span class='ocrx_word' id='word_1_363' title='bbox 3054 2203 3324 2273; x_wconf 89' lang='lat' dir='ltr'><strong>Patribus,</strong></span> <span class='ocrx_word' id='word_1_364' title='bbox 3341 2210 3397 2260; x_wconf 90' lang='lat' dir='ltr'><strong>et</strong></span> <span class='ocrx_word' id='word_1_365' title='bbox 3421 2203 3777 2274; x_wconf 79' lang='lat' dir='ltr'><strong>explanatum</strong></span> 
     </span>
    </p>
   </div>
   <div class='ocr_carea' id='block_1_50' title="bbox 2184 2293 3779 2369">
    <p class='ocr_par' dir='ltr' id='par_1_50' title="bbox 2184 2293 3779 2369">
     <span class='ocr_line' id='line_1_50' title="bbox 2184 2293 3779 2369; baseline -0.003 -16"><span class='ocrx_word' id='word_1_366' title='bbox 2184 2312 2214 2352; x_wconf 86' lang='lat' dir='ltr'><strong>a</strong></span> <span class='ocrx_word' id='word_1_367' title='bbox 2244 2307 2460 2354; x_wconf 87' lang='lat' dir='ltr'><strong>centum</strong></span> <span class='ocrx_word' id='word_1_368' title='bbox 2499 2299 2880 2369; x_wconf 82' lang='lat' dir='ltr'><strong>quinquaginta</strong></span> <span class='ocrx_word' id='word_1_369' title='bbox 2919 2297 3118 2353; x_wconf 84' lang='lat' dir='ltr'><strong>sanctis</strong></span> <span class='ocrx_word' id='word_1_370' title='bbox 3167 2295 3432 2351; x_wconf 79' lang='lat' dir='ltr'><strong>Patribtts.</strong></span> <span class='ocrx_word' id='word_1_371' title='bbox 3463 2293 3558 2349; x_wconf 88' lang='lat' dir='ltr'><strong>llis</strong></span> <span class='ocrx_word' id='word_1_372' title='bbox 3585 2295 3779 2363; x_wconf 88' lang='lat' dir='ltr'><strong>itaque</strong></span> 
     </span>
    </p>
   </div>
   <div class='ocr_carea' id='block_1_51' title="bbox 2185 2385 3776 2467">
    <p class='ocr_par' dir='ltr' id='par_1_51' title="bbox 2185 2385 3776 2467">
     <span class='ocr_line' id='line_1_51' title="bbox 2185 2385 3776 2467; baseline -0.002 -26"><span class='ocrx_word' id='word_1_373' title='bbox 2185 2388 2438 2443; x_wconf 85' lang='lat' dir='ltr'><strong>omnibus</strong></span> <span class='ocrx_word' id='word_1_374' title='bbox 2476 2404 2575 2458; x_wconf 91' lang='lat' dir='ltr'><strong>per</strong></span> <span class='ocrx_word' id='word_1_375' title='bbox 2609 2389 2819 2445; x_wconf 81' lang='lat' dir='ltr'><strong>diversa</strong></span> <span class='ocrx_word' id='word_1_376' title='bbox 2865 2396 3109 2459; x_wconf 73' lang='lat' dir='ltr'><strong>tempora</strong></span> <span class='ocrx_word' id='word_1_377' title='bbox 3156 2385 3474 2467; x_wconf 80' lang='lat' dir='ltr'><strong>subsecutis,</strong></span> <span class='ocrx_word' id='word_1_378' title='bbox 3524 2385 3776 2455; x_wconf 67' lang='lat' dir='ltr'><strong>pnedicti</strong></span> 
     </span>
    </p>
   </div>
   <div class='ocr_carea' id='block_1_52' title="bbox 2186 2476 3779 2548">
    <p class='ocr_par' dir='ltr' id='par_1_52' title="bbox 2186 2476 3779 2548">
     <span class='ocr_line' id='line_1_52' title="bbox 2186 2476 3779 2548; baseline -0.001 -18"><span class='ocrx_word' id='word_1_379' title='bbox 2186 2478 2288 2548; x_wconf 73' lang='lat' dir='ltr'><strong>pia:</strong></span> <span class='ocrx_word' id='word_1_380' title='bbox 2322 2493 2395 2532; x_wconf 70' lang='grc' dir='ltr'><strong>τοι</strong></span> <span class='ocrx_word' id='word_1_381' title='bbox 2412 2478 2710 2534; x_wconf 84' lang='lat' dir='ltr'><strong>ordationis</strong></span> <span class='ocrx_word' id='word_1_382' title='bbox 2732 2478 2899 2532; x_wconf 88' lang='lat' dir='ltr'><strong>nostri</strong></span> <span class='ocrx_word' id='word_1_383' title='bbox 2932 2477 3114 2532; x_wconf 79' lang='lat' dir='ltr'><strong>l’atrcs</strong></span> <span class='ocrx_word' id='word_1_384' title='bbox 3138 2491 3200 2531; x_wconf 89' lang='lat' dir='ltr'><strong>ea</strong></span> <span class='ocrx_word' id='word_1_385' title='bbox 3224 2491 3342 2546; x_wconf 75' lang='lat' dir='ltr'><strong>qua:</strong></span> <span class='ocrx_word' id='word_1_386' title='bbox 3366 2476 3422 2531; x_wconf 92' lang='lat' dir='ltr'><strong>in</strong></span> <span class='ocrx_word' id='word_1_387' title='bbox 3445 2489 3779 2546; x_wconf 83' lang='lat' dir='ltr'><strong>unoquoque</strong></span> 
     </span>
    </p>
   </div>
   <div class='ocr_carea' id='block_1_53' title="bbox 2187 2566 3777 2637">
    <p class='ocr_par' dir='ltr' id='par_1_53' title="bbox 2187 2566 3777 2637">
     <span class='ocr_line' id='line_1_53' title="bbox 2187 2566 3777 2637; baseline -0.002 -15"><span class='ocrx_word' id='word_1_388' title='bbox 2187 2568 2418 2622; x_wconf 82' lang='lat' dir='ltr'><strong>concilio</strong></span> <span class='ocrx_word' id='word_1_389' title='bbox 2439 2568 2679 2637; x_wconf 82' lang='lat' dir='ltr'><strong>judicata</strong></span> <span class='ocrx_word' id='word_1_390' title='bbox 2705 2577 2858 2633; x_wconf 84' lang='lat' dir='ltr'><strong>sunt,</strong></span> <span class='ocrx_word' id='word_1_391' title='bbox 2892 2569 3095 2636; x_wconf 83' lang='lat' dir='ltr'><strong>legibus</strong></span> <span class='ocrx_word' id='word_1_392' title='bbox 3125 2566 3236 2623; x_wconf 91' lang='lat' dir='ltr'><strong>suis</strong></span> <span class='ocrx_word' id='word_1_393' title='bbox 3278 2566 3777 2621; x_wconf 86' lang='lat' dir='ltr'><strong>corroboraverunt</strong></span> 
     </span>
    </p>
   </div>
   <div class='ocr_carea' id='block_1_54' title="bbox 2188 2652 3778 2726">
    <p class='ocr_par' dir='ltr' id='par_1_54' title="bbox 2188 2652 3778 2726">
     <span class='ocr_line' id='line_1_54' title="bbox 2188 2652 3778 2726; baseline -0.001 -16"><span class='ocrx_word' id='word_1_394' title='bbox 2188 2665 2244 2710; x_wconf 89' lang='lat' dir='ltr'><strong>et</strong></span> <span class='ocrx_word' id='word_1_395' title='bbox 2288 2657 2764 2722; x_wconf 76' lang='lat' dir='ltr'><strong>confirmaverunt,</strong></span> <span class='ocrx_word' id='word_1_396' title='bbox 2807 2665 2862 2712; x_wconf 92' lang='lat' dir='ltr'><strong>et</strong></span> <span class='ocrx_word' id='word_1_397' title='bbox 2907 2657 3188 2712; x_wconf 76' lang='lat' dir='ltr'><strong>haereticos</strong></span> <span class='ocrx_word' id='word_1_398' title='bbox 3228 2659 3322 2726; x_wconf 88' lang='lat' dir='ltr'><strong>qui</strong></span> <span class='ocrx_word' id='word_1_399' title='bbox 3369 2652 3778 2711; x_wconf 81' lang='lat' dir='ltr'><strong>deﬁnitionibus</strong></span> 
     </span>
    </p>
   </div>
   <div class='ocr_carea' id='block_1_55' title="bbox 2189 2746 3777 2817">
    <p class='ocr_par' dir='ltr' id='par_1_55' title="bbox 2189 2746 3777 2817">
     <span class='ocr_line' id='line_1_55' title="bbox 2189 2746 3777 2817; baseline 0.001 -19"><span class='ocrx_word' id='word_1_400' title='bbox 2189 2748 2566 2816; x_wconf 66' lang='lat' dir='ltr'><strong>praedictorum</strong></span> <span class='ocrx_word' id='word_1_401' title='bbox 2594 2754 2898 2801; x_wconf 89' lang='lat' dir='ltr'><strong>sanctorum</strong></span> <span class='ocrx_word' id='word_1_402' title='bbox 2921 2755 3154 2817; x_wconf 90' lang='lat' dir='ltr'><strong>quatuor</strong></span> <span class='ocrx_word' id='word_1_403' title='bbox 3175 2746 3525 2802; x_wconf 73' lang='lat' dir='ltr'><strong>conciliorum</strong></span> <span class='ocrx_word' id='word_1_404' title='bbox 3553 2747 3777 2801; x_wconf 84' lang='lat' dir='ltr'><strong>resiste-</strong></span> 
     </span>
    </p>
   </div>
   <div class='ocr_carea' id='block_1_56' title="bbox 2190 2832 3775 2905">
    <p class='ocr_par' dir='ltr' id='par_1_56' title="bbox 2190 2832 3775 2905">
     <span class='ocr_line' id='line_1_56' title="bbox 2190 2832 3775 2905; baseline -0.001 -16"><span class='ocrx_word' id='word_1_405' title='bbox 2190 2850 2271 2902; x_wconf 91' lang='lat' dir='ltr'><strong>re,</strong></span> <span class='ocrx_word' id='word_1_406' title='bbox 2301 2843 2353 2889; x_wconf 88' lang='lat' dir='ltr'><strong>et</strong></span> <span class='ocrx_word' id='word_1_407' title='bbox 2390 2832 2657 2890; x_wconf 82' lang='lat' dir='ltr'><strong>Ecclesias</strong></span> <span class='ocrx_word' id='word_1_408' title='bbox 2680 2835 3005 2891; x_wconf 74' lang='lat' dir='ltr'><strong>conturbare</strong></span> <span class='ocrx_word' id='word_1_409' title='bbox 3033 2838 3213 2890; x_wconf 80' lang='lat' dir='ltr'><strong>conati</strong></span> <span class='ocrx_word' id='word_1_410' title='bbox 3236 2842 3386 2901; x_wconf 84' lang='lat' dir='ltr'><strong>sunt,</strong></span> <span class='ocrx_word' id='word_1_411' title='bbox 3426 2835 3775 2905; x_wconf 78' lang='lat' dir='ltr'><strong>expulerunt.</strong></span> 
     </span>
    </p>
   </div>
   <div class='ocr_carea' id='block_1_57' title="bbox 2191 2922 3774 2988">
    <p class='ocr_par' dir='ltr' id='par_1_57' title="bbox 2191 2922 3774 2988">
     <span class='ocr_line' id='line_1_57' title="bbox 2191 2922 3774 2988; baseline 0.001 -12"><span class='ocrx_word' id='word_1_412' title='bbox 2191 2922 2450 2977; x_wconf 78' lang='lat' dir='ltr'><strong>Defuncto</strong></span> <span class='ocrx_word' id='word_1_413' title='bbox 2478 2930 2658 2977; x_wconf 91' lang='lat' dir='ltr'><strong>autem</strong></span> <span class='ocrx_word' id='word_1_414' title='bbox 2688 2922 2958 2977; x_wconf 79' lang='lat' dir='ltr'><strong>Marciano</strong></span> <span class='ocrx_word' id='word_1_415' title='bbox 2985 2922 3123 2977; x_wconf 79' lang='lat' dir='ltr'><strong>divm</strong></span> <span class='ocrx_word' id='word_1_416' title='bbox 3152 2932 3190 2959; x_wconf 75' lang='grc' dir='ltr'>ω</span> <span class='ocrx_word' id='word_1_417' title='bbox 3217 2923 3624 2988; x_wconf 86' lang='lat' dir='ltr'><strong>recordationis,</strong></span> <span class='ocrx_word' id='word_1_418' title='bbox 3642 2938 3774 2978; x_wconf 88' lang='lat' dir='ltr'><strong>cum</strong></span> 
     </span>
    </p>
   </div>
   <div class='ocr_carea' id='block_1_58' title="bbox 2189 3014 3782 3086">
    <p class='ocr_par' dir='ltr' id='par_1_58' title="bbox 2189 3014 3782 3086">
     <span class='ocr_line' id='line_1_58' title="bbox 2189 3014 3782 3086; baseline -0.001 -14"><span class='ocrx_word' id='word_1_419' title='bbox 2189 3017 2467 3072; x_wconf 79' lang='lat' dir='ltr'><strong>Contentio</strong></span> <span class='ocrx_word' id='word_1_420' title='bbox 2497 3022 2642 3070; x_wconf 85' lang='lat' dir='ltr'><strong>esset</strong></span> <span class='ocrx_word' id='word_1_421' title='bbox 2671 3031 2769 3086; x_wconf 90' lang='lat' dir='ltr'><strong>per</strong></span> <span class='ocrx_word' id='word_1_422' title='bbox 2815 3015 3027 3070; x_wconf 74' lang='lat' dir='ltr'><strong>diversa</strong></span> <span class='ocrx_word' id='word_1_423' title='bbox 3072 3016 3189 3070; x_wconf 89' lang='lat' dir='ltr'><strong>loca</strong></span> <span class='ocrx_word' id='word_1_424' title='bbox 3237 3014 3306 3071; x_wconf 90' lang='lat' dir='ltr'><strong>de</strong></span> <span class='ocrx_word' id='word_1_425' title='bbox 3350 3014 3782 3071; x_wconf 79' lang='lat' dir='ltr'><strong>Chalcedonenst</strong></span> 
     </span>
    </p>
   </div>
   <div class='ocr_carea' id='block_1_59' title="bbox 2190 3104 3788 3176">
    <p class='ocr_par' dir='ltr' id='par_1_59' title="bbox 2190 3104 3788 3176">
     <span class='ocr_line' id='line_1_59' title="bbox 2190 3104 3788 3176; baseline 0.001 -16"><span class='ocrx_word' id='word_1_426' title='bbox 2190 3117 2380 3160; x_wconf 75' lang='lat' dir='ltr'><strong>saneto</strong></span> <span class='ocrx_word' id='word_1_427' title='bbox 2419 3106 2669 3173; x_wconf 82' lang='lat' dir='ltr'><strong>concilio,</strong></span> <span class='ocrx_word' id='word_1_428' title='bbox 2719 3104 2830 3160; x_wconf 84' lang='lat' dir='ltr'><strong>Leo</strong></span> <span class='ocrx_word' id='word_1_429' title='bbox 2882 3107 2981 3176; x_wconf 83' lang='lat' dir='ltr'><strong>piae</strong></span> <span class='ocrx_word' id='word_1_430' title='bbox 3036 3106 3426 3162; x_wconf 81' lang='lat' dir='ltr'><strong>recordationis</strong></span> <span class='ocrx_word' id='word_1_431' title='bbox 3470 3105 3541 3160; x_wconf 91' lang='lat' dir='ltr'><strong>ad</strong></span> <span class='ocrx_word' id='word_1_432' title='bbox 3586 3122 3788 3162; x_wconf 85' lang='lat' dir='ltr'><strong>omnes</strong></span> 
     </span>
    </p>
   </div>
   <div class='ocr_carea' id='block_1_60' title="bbox 2194 3195 3785 3266">
    <p class='ocr_par' dir='ltr' id='par_1_60' title="bbox 2194 3195 3785 3266">
     <span class='ocr_line' id='line_1_60' title="bbox 2194 3195 3785 3266; baseline -0.002 -15"><span class='ocrx_word' id='word_1_433' title='bbox 2194 3197 2391 3264; x_wconf 78' lang='lat' dir='ltr'><strong>ubique</strong></span> <span class='ocrx_word' id='word_1_434' title='bbox 2435 3197 2745 3252; x_wconf 88' lang='lat' dir='ltr'><strong>sacerdotes</strong></span> <span class='ocrx_word' id='word_1_435' title='bbox 2791 3197 3027 3266; x_wconf 75' lang='lat' dir='ltr'><strong>scripsit,</strong></span> <span class='ocrx_word' id='word_1_436' title='bbox 3070 3206 3132 3250; x_wconf 86' lang='lat' dir='ltr'><strong>ut</strong></span> <span class='ocrx_word' id='word_1_437' title='bbox 3175 3195 3541 3266; x_wconf 73' lang='lat' dir='ltr'><strong>unusquisque</strong></span> <span class='ocrx_word' id='word_1_438' title='bbox 3587 3211 3785 3250; x_wconf 87' lang='lat' dir='ltr'><strong>eorum</strong></span> 
     </span>
    </p>
   </div>
   <div class='ocr_carea' id='block_1_61' title="bbox 505 3284 3787 3364">
    <p class='ocr_par' dir='ltr' id='par_1_61' title="bbox 505 3284 3787 3364">
     <span class='ocr_line' id='line_1_61' title="bbox 505 3284 3787 3364; baseline 0 -24"><span class='ocrx_word' id='word_1_439' title='bbox 505 3287 695 3356; x_wconf 84' lang='lat' dir='ltr'><strong>junior</strong></span> <span class='ocrx_word' id='word_1_440' title='bbox 725 3285 825 3356; x_wconf 80' lang='lat' dir='ltr'><strong>piae</strong></span> <span class='ocrx_word' id='word_1_441' title='bbox 850 3284 1242 3340; x_wconf 87' lang='lat' dir='ltr'><strong>recordationis</strong></span> <span class='ocrx_word' id='word_1_442' title='bbox 1272 3285 1620 3353; x_wconf 78' lang='lat' dir='ltr'><strong>congregavit</strong></span> <span class='ocrx_word' id='word_1_443' title='bbox 1649 3285 1883 3354; x_wconf 87' lang='lat' dir='ltr'><strong>priorem</strong></span> <span class='ocrx_word' id='word_1_444' title='bbox 1912 3285 2089 3356; x_wconf 86' lang='lat' dir='ltr'><strong>Ephe—</strong></span> <span class='ocrx_word' id='word_1_445' title='bbox 2117 3301 2163 3364; x_wconf 73' lang='grc' dir='ltr'>ο</span> <span class='ocrx_word' id='word_1_446' title='bbox 2193 3289 2465 3359; x_wconf 85' lang='lat' dir='ltr'><strong>propriam</strong></span> <span class='ocrx_word' id='word_1_447' title='bbox 2491 3289 2814 3343; x_wconf 83' lang='lat' dir='ltr'><strong>sententiam</strong></span> <span class='ocrx_word' id='word_1_448' title='bbox 2850 3285 3222 3344; x_wconf 82' lang='lat' dir='ltr'><strong>manifestaret</strong></span> <span class='ocrx_word' id='word_1_449' title='bbox 3260 3286 3330 3342; x_wconf 75' lang='lat' dir='ltr'><strong>de</strong></span> <span class='ocrx_word' id='word_1_450' title='bbox 3364 3286 3557 3342; x_wconf 87' lang='lat' dir='ltr'><strong>eodem</strong></span> <span class='ocrx_word' id='word_1_451' title='bbox 3586 3294 3787 3342; x_wconf 85' lang='lat' dir='ltr'><strong>saneto</strong></span> 
     </span>
    </p>
   </div>
   <div class='ocr_carea' id='block_1_62' title="bbox 515 3371 2094 3444">
    <p class='ocr_par' dir='ltr' id='par_1_62' title="bbox 515 3371 2094 3444">
     <span class='ocr_line' id='line_1_62' title="bbox 515 3371 2094 3444; baseline 0.001 -15"><span class='ocrx_word' id='word_1_452' title='bbox 515 3376 684 3430; x_wconf 85' lang='lat' dir='ltr'><strong>sinam</strong></span> <span class='ocrx_word' id='word_1_453' title='bbox 713 3382 951 3428; x_wconf 85' lang='lat' dir='ltr'><strong>sanctam</strong></span> <span class='ocrx_word' id='word_1_454' title='bbox 974 3372 1259 3444; x_wconf 88' lang='lat' dir='ltr'><strong>synodum,</strong></span> <span class='ocrx_word' id='word_1_455' title='bbox 1278 3372 1365 3427; x_wconf 90' lang='lat' dir='ltr'><strong>cui</strong></span> <span class='ocrx_word' id='word_1_456' title='bbox 1388 3372 1745 3442; x_wconf 76' lang='lat' dir='ltr'><strong>ptzesidebant</strong></span> <span class='ocrx_word' id='word_1_457' title='bbox 1770 3371 2094 3431; x_wconf 73' lang='lat' dir='ltr'><strong>leestinus</strong></span> 
     </span>
    </p>
   </div>
   <div class='ocr_carea' id='block_1_63' title="bbox 515 3459 2093 3534">
    <p class='ocr_par' dir='ltr' id='par_1_63' title="bbox 515 3459 2093 3534">
     <span class='ocr_line' id='line_1_63' title="bbox 515 3459 2093 3534; baseline 0 -14"><span class='ocrx_word' id='word_1_458' title='bbox 515 3473 567 3520; x_wconf 92' lang='lat' dir='ltr'><strong>ct</strong></span> <span class='ocrx_word' id='word_1_459' title='bbox 597 3464 827 3534; x_wconf 66' lang='lat' dir='ltr'><strong>Cyr-illus</strong></span> <span class='ocrx_word' id='word_1_460' title='bbox 855 3462 1026 3518; x_wconf 87' lang='lat' dir='ltr'><strong>sancti</strong></span> <span class='ocrx_word' id='word_1_461' title='bbox 1053 3461 1260 3526; x_wconf 87' lang='lat' dir='ltr'><strong>Patres,</strong></span> <span class='ocrx_word' id='word_1_462' title='bbox 1305 3468 1361 3516; x_wconf 88' lang='lat' dir='ltr'><strong>et</strong></span> <span class='ocrx_word' id='word_1_463' title='bbox 1403 3459 1623 3516; x_wconf 89' lang='lat' dir='ltr'><strong>directis</strong></span> <span class='ocrx_word' id='word_1_464' title='bbox 1667 3460 1956 3532; x_wconf 76' lang='lat' dir='ltr'><strong>judicibus,</strong></span> <span class='ocrx_word' id='word_1_465' title='bbox 1998 3465 2093 3534; x_wconf 89' lang='lat' dir='ltr'><strong>qui</strong></span> 
     </span>
    </p>
   </div>
   <div class='ocr_carea' id='block_1_64' title="bbox 515 3551 2097 3622">
    <p class='ocr_par' dir='ltr' id='par_1_64' title="bbox 515 3551 2097 3622">
     <span class='ocr_line' id='line_1_64' title="bbox 515 3551 2097 3622; baseline -0.002 -12"><span class='ocrx_word' id='word_1_466' title='bbox 515 3555 775 3611; x_wconf 82' lang='lat' dir='ltr'><strong>deberent</strong></span> <span class='ocrx_word' id='word_1_467' title='bbox 800 3552 1031 3608; x_wconf 87' lang='lat' dir='ltr'><strong>concilio</strong></span> <span class='ocrx_word' id='word_1_468' title='bbox 1053 3551 1330 3614; x_wconf 86' lang='lat' dir='ltr'><strong>interesse.</strong></span> <span class='ocrx_word' id='word_1_469' title='bbox 1356 3551 1611 3618; x_wconf 78' lang='lat' dir='ltr'><strong>compulit</strong></span> <span class='ocrx_word' id='word_1_470' title='bbox 1631 3560 1687 3606; x_wconf 86' lang='lat' dir='ltr'><strong>et</strong></span> <span class='ocrx_word' id='word_1_471' title='bbox 1710 3551 1879 3622; x_wconf 61' lang='lat' dir='ltr'><strong>ipsum</strong></span> <span class='ocrx_word' id='word_1_472' title='bbox 1904 3553 2097 3609; x_wconf 87' lang='lat' dir='ltr'><strong>Nesto-</strong></span> 
     </span>
    </p>
   </div>
   <div class='ocr_carea' id='block_1_65' title="bbox 516 3640 2094 3714">
    <p class='ocr_par' dir='ltr' id='par_1_65' title="bbox 516 3640 2094 3714">
     <span class='ocr_line' id='line_1_65' title="bbox 516 3640 2094 3714; baseline 0.001 -16"><span class='ocrx_word' id='word_1_473' title='bbox 516 3644 657 3698; x_wconf 85' lang='lat' dir='ltr'><strong>rium</strong></span> <span class='ocrx_word' id='word_1_474' title='bbox 686 3643 762 3698; x_wconf 90' lang='lat' dir='ltr'><strong>ibi</strong></span> <span class='ocrx_word' id='word_1_475' title='bbox 791 3641 1105 3712; x_wconf 78' lang='lat' dir='ltr'><strong>pervenire,</strong></span> <span class='ocrx_word' id='word_1_476' title='bbox 1136 3649 1193 3696; x_wconf 88' lang='lat' dir='ltr'><strong>et</strong></span> <span class='ocrx_word' id='word_1_477' title='bbox 1215 3640 1472 3712; x_wconf 83' lang='lat' dir='ltr'><strong>judicium</strong></span> <span class='ocrx_word' id='word_1_478' title='bbox 1500 3649 1724 3712; x_wconf 67' lang='lat' dir='ltr'><strong>propter</strong></span> <span class='ocrx_word' id='word_1_479' title='bbox 1747 3657 1871 3698; x_wconf 87' lang='lat' dir='ltr'><strong>eum</strong></span> <span class='ocrx_word' id='word_1_480' title='bbox 1900 3658 2094 3714; x_wconf 86' lang='lat' dir='ltr'><strong>proce-</strong></span> 
     </span>
    </p>
   </div>
   <div class='ocr_carea' id='block_1_66' title="bbox 509 3730 2097 3800">
    <p class='ocr_par' dir='ltr' id='par_1_66' title="bbox 509 3730 2097 3800">
     <span class='ocr_line' id='line_1_66' title="bbox 509 3730 2097 3800; baseline -0.001 -10"><span class='ocrx_word' id='word_1_481' title='bbox 509 3735 648 3790; x_wconf 80' lang='lat' dir='ltr'><strong>dere</strong></span> <span class='ocrx_word' id='word_1_482' title='bbox 677 3744 702 3784; x_wconf 72' lang='grc' dir='ltr'><strong><em>ε</em></strong></span> <span class='ocrx_word' id='word_1_483' title='bbox 726 3751 742 3800; x_wconf 90' lang='lat'><strong>;</strong></span> <span class='ocrx_word' id='word_1_484' title='bbox 772 3743 828 3790; x_wconf 86' lang='lat' dir='ltr'><strong>et</strong></span> <span class='ocrx_word' id='word_1_485' title='bbox 856 3733 947 3788; x_wconf 84' lang='lat' dir='ltr'><strong>tali</strong></span> <span class='ocrx_word' id='word_1_486' title='bbox 967 3732 1366 3788; x_wconf 79' lang='lat' dir='ltr'><strong>examinatione</strong></span> <span class='ocrx_word' id='word_1_487' title='bbox 1394 3730 1556 3798; x_wconf 78' lang='lat' dir='ltr'><strong>facta,</strong></span> <span class='ocrx_word' id='word_1_488' title='bbox 1583 3732 1753 3786; x_wconf 86' lang='lat' dir='ltr'><strong>secuti</strong></span> <span class='ocrx_word' id='word_1_489' title='bbox 1784 3731 1945 3788; x_wconf 88' lang='lat' dir='ltr'><strong>iidem</strong></span> <span class='ocrx_word' id='word_1_490' title='bbox 1971 3748 2097 3788; x_wconf 85' lang='lat' dir='ltr'><strong>san-</strong></span> 
     </span>
    </p>
   </div>
   <div class='ocr_carea' id='block_1_67' title="bbox 517 3817 2098 3893">
    <p class='ocr_par' dir='ltr' id='par_1_67' title="bbox 517 3817 2098 3893">
     <span class='ocr_line' id='line_1_67' title="bbox 517 3817 2098 3893; baseline 0 -15"><span class='ocrx_word' id='word_1_491' title='bbox 517 3824 591 3879; x_wconf 90' lang='lat' dir='ltr'><strong>cti</strong></span> <span class='ocrx_word' id='word_1_492' title='bbox 630 3823 817 3878; x_wconf 88' lang='lat' dir='ltr'><strong>Patres</strong></span> <span class='ocrx_word' id='word_1_493' title='bbox 858 3837 957 3893; x_wconf 89' lang='lat' dir='ltr'><strong>per</strong></span> <span class='ocrx_word' id='word_1_494' title='bbox 981 3821 1162 3877; x_wconf 86' lang='lat' dir='ltr'><strong>omnia</strong></span> <span class='ocrx_word' id='word_1_495' title='bbox 1202 3836 1266 3876; x_wconf 89' lang='lat' dir='ltr'><strong>ea</strong></span> <span class='ocrx_word' id='word_1_496' title='bbox 1303 3835 1421 3890; x_wconf 75' lang='lat' dir='ltr'><strong>qua:</strong></span> <span class='ocrx_word' id='word_1_497' title='bbox 1449 3818 1516 3874; x_wconf 88' lang='lat' dir='ltr'><strong>de</strong></span> <span class='ocrx_word' id='word_1_498' title='bbox 1545 3818 1648 3874; x_wconf 84' lang='lat' dir='ltr'><strong>lide</strong></span> <span class='ocrx_word' id='word_1_499' title='bbox 1670 3817 1699 3856; x_wconf 72' lang='grc' dir='ltr'><strong>ί·</strong></span> <span class='ocrx_word' id='word_1_500' title='bbox 1728 3821 1944 3877; x_wconf 76' lang='lat' dir='ltr'><strong>deﬁnita</strong></span> <span class='ocrx_word' id='word_1_501' title='bbox 1971 3830 2098 3878; x_wconf 87' lang='lat' dir='ltr'><strong>sunt</strong></span> 
     </span>
    </p>
   </div>
   <div class='ocr_carea' id='block_1_68' title="bbox 519 3912 2099 3978">
    <p class='ocr_par' dir='ltr' id='par_1_68' title="bbox 519 3912 2099 3978">
     <span class='ocr_line' id='line_1_68' title="bbox 519 3912 2099 3978; baseline 0.001 -9"><span class='ocrx_word' id='word_1_502' title='bbox 519 3915 588 3970; x_wconf 92' lang='lat' dir='ltr'><strong>ab</strong></span> <span class='ocrx_word' id='word_1_503' title='bbox 632 3915 992 3970; x_wconf 89' lang='lat' dir='ltr'><strong>auterioribus</strong></span> <span class='ocrx_word' id='word_1_504' title='bbox 1036 3914 1235 3970; x_wconf 87' lang='lat' dir='ltr'><strong>sanctis</strong></span> <span class='ocrx_word' id='word_1_505' title='bbox 1280 3912 1525 3968; x_wconf 76' lang='lat' dir='ltr'><strong>Pati-ibus</strong></span> <span class='ocrx_word' id='word_1_506' title='bbox 1548 3953 1562 3978; x_wconf 93' lang='lat'><strong>,</strong></span> <span class='ocrx_word' id='word_1_507' title='bbox 1609 3912 2099 3971; x_wconf 84' lang='lat' dir='ltr'><strong>eondemnaverunt</strong></span> 
     </span>
    </p>
   </div>
   <div class='ocr_carea' id='block_1_69' title="bbox 518 4002 2095 4075">
    <p class='ocr_par' dir='ltr' id='par_1_69' title="bbox 518 4002 2095 4075">
     <span class='ocr_line' id='line_1_69' title="bbox 518 4002 2095 4075; baseline 0 -13"><span class='ocrx_word' id='word_1_508' title='bbox 518 4007 821 4063; x_wconf 86' lang='lat' dir='ltr'><strong>Nestorium</strong></span> <span class='ocrx_word' id='word_1_509' title='bbox 853 4021 957 4062; x_wconf 89' lang='lat' dir='ltr'><strong>una</strong></span> <span class='ocrx_word' id='word_1_510' title='bbox 988 4022 1112 4062; x_wconf 89' lang='lat' dir='ltr'><strong>cum</strong></span> <span class='ocrx_word' id='word_1_511' title='bbox 1134 4003 1251 4074; x_wconf 84' lang='lat' dir='ltr'><strong>ejus</strong></span> <span class='ocrx_word' id='word_1_512' title='bbox 1290 4004 1583 4075; x_wconf 84' lang='lat' dir='ltr'><strong>impietate.</strong></span> <span class='ocrx_word' id='word_1_513' title='bbox 1617 4002 1711 4059; x_wconf 77' lang='lat' dir='ltr'><strong>llis</strong></span> <span class='ocrx_word' id='word_1_514' title='bbox 1736 4005 1809 4059; x_wconf 89' lang='lat' dir='ltr'><strong>ita</strong></span> <span class='ocrx_word' id='word_1_515' title='bbox 1838 4005 2095 4062; x_wconf 90' lang='lat' dir='ltr'><strong>subsecu-</strong></span> 
     </span>
    </p>
   </div>
   <div class='ocr_carea' id='block_1_70' title="bbox 520 4094 2099 4167">
    <p class='ocr_par' dir='ltr' id='par_1_70' title="bbox 520 4094 2099 4167">
     <span class='ocr_line' id='line_1_70' title="bbox 520 4094 2099 4167; baseline 0.001 -15"><span class='ocrx_word' id='word_1_516' title='bbox 520 4099 588 4154; x_wconf 86' lang='lat' dir='ltr'><strong>tis</strong></span> <span class='ocrx_word' id='word_1_517' title='bbox 624 4099 664 4165; x_wconf 77' lang='grc' dir='ltr'><strong>ί,</strong></span> <span class='ocrx_word' id='word_1_518' title='bbox 692 4114 814 4155; x_wconf 90' lang='lat' dir='ltr'><strong>cum</strong></span> <span class='ocrx_word' id='word_1_519' title='bbox 842 4099 1259 4154; x_wconf 80' lang='lat' dir='ltr'><strong>insurrexissent</strong></span> <span class='ocrx_word' id='word_1_520' title='bbox 1304 4105 1490 4152; x_wconf 90' lang='lat' dir='ltr'><strong>contra</strong></span> <span class='ocrx_word' id='word_1_521' title='bbox 1533 4094 1791 4166; x_wconf 77' lang='lat' dir='ltr'><strong>Cyrillum</strong></span> <span class='ocrx_word' id='word_1_522' title='bbox 1837 4113 2099 4167; x_wconf 87' lang='lat' dir='ltr'><strong>sequaces</strong></span> 
     </span>
    </p>
   </div>
   <div class='ocr_carea' id='block_1_71' title="bbox 517 4186 2098 4260">
    <p class='ocr_par' dir='ltr' id='par_1_71' title="bbox 517 4186 2098 4260">
     <span class='ocr_line' id='line_1_71' title="bbox 517 4186 2098 4260; baseline -0.003 -15"><span class='ocrx_word' id='word_1_523' title='bbox 517 4189 751 4245; x_wconf 81' lang='lat' dir='ltr'><strong>Nestorii</strong></span> <span class='ocrx_word' id='word_1_524' title='bbox 778 4188 950 4259; x_wconf 87' lang='lat' dir='ltr'><strong>impii,</strong></span> <span class='ocrx_word' id='word_1_525' title='bbox 976 4187 1369 4243; x_wconf 87' lang='lat' dir='ltr'><strong>festinaverunt</strong></span> <span class='ocrx_word' id='word_1_526' title='bbox 1395 4187 1677 4256; x_wconf 88' lang='lat' dir='ltr'><strong>(quantum</strong></span> <span class='ocrx_word' id='word_1_527' title='bbox 1722 4186 1776 4241; x_wconf 90' lang='lat' dir='ltr'><strong>in</strong></span> <span class='ocrx_word' id='word_1_528' title='bbox 1805 4187 1937 4257; x_wconf 88' lang='lat' dir='ltr'><strong>ipsis</strong></span> <span class='ocrx_word' id='word_1_529' title='bbox 1977 4186 2098 4260; x_wconf 83' lang='lat' dir='ltr'><strong>fuit)</strong></span> 
     </span>
    </p>
   </div>
   <div class='ocr_carea' id='block_1_72' title="bbox 518 4277 2094 4337">
    <p class='ocr_par' dir='ltr' id='par_1_72' title="bbox 518 4277 2094 4337">
     <span class='ocr_line' id='line_1_72' title="bbox 518 4277 2094 4337; baseline -0.004 0"><span class='ocrx_word' id='word_1_530' title='bbox 518 4281 752 4337; x_wconf 84' lang='lat' dir='ltr'><strong>refutare</strong></span> <span class='ocrx_word' id='word_1_531' title='bbox 777 4278 1277 4335; x_wconf 86' lang='lat' dir='ltr'><strong>condemnationem</strong></span> <span class='ocrx_word' id='word_1_532' title='bbox 1307 4287 1493 4332; x_wconf 87' lang='lat' dir='ltr'><strong>contra</strong></span> <span class='ocrx_word' id='word_1_533' title='bbox 1519 4277 1829 4336; x_wconf 87' lang='lat' dir='ltr'><strong>Nestorium</strong></span> <span class='ocrx_word' id='word_1_534' title='bbox 1854 4277 2053 4332; x_wconf 90' lang='lat' dir='ltr'><strong>factam</strong></span> <span class='ocrx_word' id='word_1_535' title='bbox 2078 4295 2094 4330; x_wconf 87' lang='lat'><strong>:</strong></span> 
     </span>
    </p>
   </div>
   <div class='ocr_carea' id='block_1_73' title="bbox 518 4366 2098 4440">
    <p class='ocr_par' dir='ltr' id='par_1_73' title="bbox 518 4366 2098 4440">
     <span class='ocr_line' id='line_1_73' title="bbox 518 4366 2098 4440; baseline -0.004 -14"><span class='ocrx_word' id='word_1_536' title='bbox 518 4370 614 4426; x_wconf 89' lang='lat' dir='ltr'><strong>sed</strong></span> <span class='ocrx_word' id='word_1_537' title='bbox 652 4370 938 4440; x_wconf 73' lang='lat' dir='ltr'><strong>prmtlictus</strong></span> <span class='ocrx_word' id='word_1_538' title='bbox 964 4369 1066 4438; x_wconf 59' lang='lat' dir='ltr'><strong>pice</strong></span> <span class='ocrx_word' id='word_1_539' title='bbox 1105 4367 1499 4424; x_wconf 85' lang='lat' dir='ltr'><strong>recordationis</strong></span> <span class='ocrx_word' id='word_1_540' title='bbox 1537 4367 1893 4430; x_wconf 86' lang='lat' dir='ltr'><strong>Theodosius,</strong></span> <span class='ocrx_word' id='word_1_541' title='bbox 1924 4366 2098 4422; x_wconf 68' lang='lat' dir='ltr'><strong>vindio</strong></span> 
     </span>
    </p>
   </div>
   <div class='ocr_carea' id='block_1_74' title="bbox 522 4459 2098 4531">
    <p class='ocr_par' dir='ltr' id='par_1_74' title="bbox 522 4459 2098 4531">
     <span class='ocr_line' id='line_1_74' title="bbox 522 4459 2098 4531; baseline -0.003 -14"><span class='ocrx_word' id='word_1_542' title='bbox 522 4477 650 4518; x_wconf 87' lang='lat' dir='ltr'><strong>cans</strong></span> <span class='ocrx_word' id='word_1_543' title='bbox 677 4476 742 4517; x_wconf 90' lang='lat' dir='ltr'><strong>ea</strong></span> <span class='ocrx_word' id='word_1_544' title='bbox 768 4476 889 4531; x_wconf 82' lang='lat' dir='ltr'><strong>quae</strong></span> <span class='ocrx_word' id='word_1_545' title='bbox 917 4461 991 4516; x_wconf 87' lang='lat' dir='ltr'><strong>ita</strong></span> <span class='ocrx_word' id='word_1_546' title='bbox 1017 4470 1163 4516; x_wconf 88' lang='lat' dir='ltr'><strong>recte</strong></span> <span class='ocrx_word' id='word_1_547' title='bbox 1188 4468 1375 4516; x_wconf 89' lang='lat' dir='ltr'><strong>contra</strong></span> <span class='ocrx_word' id='word_1_548' title='bbox 1414 4461 1720 4518; x_wconf 85' lang='lat' dir='ltr'><strong>Nestorium</strong></span> <span class='ocrx_word' id='word_1_549' title='bbox 1757 4469 1814 4515; x_wconf 89' lang='lat' dir='ltr'><strong>et</strong></span> <span class='ocrx_word' id='word_1_550' title='bbox 1850 4459 1968 4530; x_wconf 89' lang='lat' dir='ltr'><strong>ejus</strong></span> <span class='ocrx_word' id='word_1_551' title='bbox 1995 4459 2098 4513; x_wconf 90' lang='lat' dir='ltr'><strong>im-</strong></span> 
     </span>
    </p>
   </div>
   <div class='ocr_carea' id='block_1_75' title="bbox 522 4550 2100 4624">
    <p class='ocr_par' dir='ltr' id='par_1_75' title="bbox 522 4550 2100 4624">
     <span class='ocr_line' id='line_1_75' title="bbox 522 4550 2100 4624; baseline -0.003 -16"><span class='ocrx_word' id='word_1_552' title='bbox 522 4553 777 4624; x_wconf 83' lang='lat' dir='ltr'><strong>pietatem</strong></span> <span class='ocrx_word' id='word_1_553' title='bbox 806 4551 1059 4608; x_wconf 79' lang='lat' dir='ltr'><strong>fuerantt</strong></span> <span class='ocrx_word' id='word_1_554' title='bbox 1111 4550 1365 4622; x_wconf 87' lang='lat' dir='ltr'><strong>judicata,</strong></span> <span class='ocrx_word' id='word_1_555' title='bbox 1409 4552 1536 4608; x_wconf 90' lang='lat' dir='ltr'><strong>fecit</strong></span> <span class='ocrx_word' id='word_1_556' title='bbox 1580 4552 1805 4606; x_wconf 83' lang='lat' dir='ltr'><strong>firmiter</strong></span> <span class='ocrx_word' id='word_1_557' title='bbox 1852 4550 2100 4606; x_wconf 87' lang='lat' dir='ltr'><strong>obtinere</strong></span> 
     </span>
    </p>
   </div>
   <div class='ocr_carea' id='block_1_76' title="bbox 2194 3379 3783 3448">
    <p class='ocr_par' dir='ltr' id='par_1_76' title="bbox 2194 3379 3783 3448">
     <span class='ocr_line' id='line_1_76' title="bbox 2194 3379 3783 3448; baseline -0.003 -12"><span class='ocrx_word' id='word_1_558' title='bbox 2194 3381 2442 3447; x_wconf 90' lang='lat' dir='ltr'><strong>concilio,</strong></span> <span class='ocrx_word' id='word_1_559' title='bbox 2469 3388 2524 3436; x_wconf 89' lang='lat' dir='ltr'><strong>et</strong></span> <span class='ocrx_word' id='word_1_560' title='bbox 2543 3395 2666 3436; x_wconf 90' lang='lat' dir='ltr'><strong>cum</strong></span> <span class='ocrx_word' id='word_1_561' title='bbox 2688 3379 2826 3434; x_wconf 89' lang='lat' dir='ltr'><strong>alius</strong></span> <span class='ocrx_word' id='word_1_562' title='bbox 2844 3380 3006 3433; x_wconf 86' lang='lat' dir='ltr'><strong>alium</strong></span> <span class='ocrx_word' id='word_1_563' title='bbox 3021 3379 3332 3448; x_wconf 85' lang='lat' dir='ltr'><strong>episcopum</strong></span> <span class='ocrx_word' id='word_1_564' title='bbox 3346 3392 3453 3432; x_wconf 91' lang='lat' dir='ltr'><strong>non</strong></span> <span class='ocrx_word' id='word_1_565' title='bbox 3469 3384 3783 3446; x_wconf 58' lang='lat' dir='ltr'><strong>“Spectas-</strong></span> 
     </span>
    </p>
   </div>
   <div class='ocr_carea' id='block_1_77' title="bbox 2194 3466 3783 3542">
    <p class='ocr_par' dir='ltr' id='par_1_77' title="bbox 2194 3466 3783 3542">
     <span class='ocr_line' id='line_1_77' title="bbox 2194 3466 3783 3542; baseline -0.006 -12"><span class='ocrx_word' id='word_1_566' title='bbox 2194 3482 2303 3542; x_wconf 88' lang='lat' dir='ltr'><strong>set,</strong></span> <span class='ocrx_word' id='word_1_567' title='bbox 2350 3472 2418 3528; x_wconf 86' lang='lat' dir='ltr'><strong>ad</strong></span> <span class='ocrx_word' id='word_1_568' title='bbox 2472 3472 2579 3527; x_wconf 89' lang='lat' dir='ltr'><strong>hoc</strong></span> <span class='ocrx_word' id='word_1_569' title='bbox 2628 3471 2773 3542; x_wconf 90' lang='lat' dir='ltr'><strong>quod</strong></span> <span class='ocrx_word' id='word_1_570' title='bbox 2821 3471 3137 3538; x_wconf 83' lang='lat' dir='ltr'><strong>interrogati</strong></span> <span class='ocrx_word' id='word_1_571' title='bbox 3179 3475 3306 3523; x_wconf 78' lang='lat' dir='ltr'><strong>sunt</strong></span> <span class='ocrx_word' id='word_1_572' title='bbox 3359 3466 3783 3538; x_wconf 86' lang='lat' dir='ltr'><strong>responderunt.</strong></span> 
     </span>
    </p>
   </div>
   <div class='ocr_carea' id='block_1_78' title="bbox 2200 3555 3787 3630">
    <p class='ocr_par' dir='ltr' id='par_1_78' title="bbox 2200 3555 3787 3630">
     <span class='ocr_line' id='line_1_78' title="bbox 2200 3555 3787 3630; baseline -0.003 -16"><span class='ocrx_word' id='word_1_573' title='bbox 2200 3559 2410 3629; x_wconf 75' lang='lat' dir='ltr'><strong>Exiguo</strong></span> <span class='ocrx_word' id='word_1_574' title='bbox 2438 3569 2618 3615; x_wconf 88' lang='lat' dir='ltr'><strong>autem</strong></span> <span class='ocrx_word' id='word_1_575' title='bbox 2648 3568 2893 3630; x_wconf 87' lang='lat' dir='ltr'><strong>tempore</strong></span> <span class='ocrx_word' id='word_1_576' title='bbox 2921 3565 3219 3625; x_wconf 89' lang='lat' dir='ltr'><strong>transacto,</strong></span> <span class='ocrx_word' id='word_1_577' title='bbox 3247 3557 3440 3611; x_wconf 88' lang='lat' dir='ltr'><strong>iterum</strong></span> <span class='ocrx_word' id='word_1_578' title='bbox 3466 3555 3787 3610; x_wconf 74' lang='lat' dir='ltr'><strong>insurrexe-</strong></span> 
     </span>
    </p>
   </div>
   <div class='ocr_carea' id='block_1_79' title="bbox 2196 3643 3789 3718">
    <p class='ocr_par' dir='ltr' id='par_1_79' title="bbox 2196 3643 3789 3718">
     <span class='ocr_line' id='line_1_79' title="bbox 2196 3643 3789 3718; baseline -0.004 -14"><span class='ocrx_word' id='word_1_579' title='bbox 2196 3658 2322 3704; x_wconf 89' lang='lat' dir='ltr'><strong>runt</strong></span> <span class='ocrx_word' id='word_1_580' title='bbox 2348 3647 2581 3704; x_wconf 90' lang='lat' dir='ltr'><strong>Nestorii</strong></span> <span class='ocrx_word' id='word_1_581' title='bbox 2608 3657 2664 3703; x_wconf 92' lang='lat' dir='ltr'><strong>ct</strong></span> <span class='ocrx_word' id='word_1_582' title='bbox 2707 3646 2961 3718; x_wconf 84' lang='lat' dir='ltr'><strong>Entychis</strong></span> <span class='ocrx_word' id='word_1_583' title='bbox 2986 3659 3269 3716; x_wconf 83' lang='lat' dir='ltr'><strong>sequaces.</strong></span> <span class='ocrx_word' id='word_1_584' title='bbox 3300 3652 3357 3699; x_wconf 90' lang='lat' dir='ltr'><strong>et</strong></span> <span class='ocrx_word' id='word_1_585' title='bbox 3392 3650 3570 3699; x_wconf 81' lang='lat' dir='ltr'><strong>tantas</strong></span> <span class='ocrx_word' id='word_1_586' title='bbox 3594 3643 3789 3698; x_wconf 77' lang='lat' dir='ltr'><strong>turbas</strong></span> 
     </span>
    </p>
   </div>
   <div class='ocr_carea' id='block_1_80' title="bbox 2196 3735 3775 3803">
    <p class='ocr_par' dir='ltr' id='par_1_80' title="bbox 2196 3735 3775 3803">
     <span class='ocr_line' id='line_1_80' title="bbox 2196 3735 3775 3803; baseline -0.004 -7"><span class='ocrx_word' id='word_1_587' title='bbox 2196 3757 2250 3796; x_wconf 88' lang='lat' dir='ltr'><strong>tn</strong></span> <span class='ocrx_word' id='word_1_588' title='bbox 2302 3741 2500 3796; x_wconf 88' lang='lat' dir='ltr'><strong>sanctis</strong></span> <span class='ocrx_word' id='word_1_589' title='bbox 2544 3739 2638 3794; x_wconf 87' lang='lat' dir='ltr'><strong>Dei</strong></span> <span class='ocrx_word' id='word_1_590' title='bbox 2670 3738 2922 3794; x_wconf 87' lang='lat' dir='ltr'><strong>Ecclesiis</strong></span> <span class='ocrx_word' id='word_1_591' title='bbox 2967 3737 3228 3803; x_wconf 88' lang='lat' dir='ltr'><strong>fecerunt,</strong></span> <span class='ocrx_word' id='word_1_592' title='bbox 3274 3745 3336 3792; x_wconf 87' lang='lat' dir='ltr'><strong>ut</strong></span> <span class='ocrx_word' id='word_1_593' title='bbox 3376 3735 3670 3791; x_wconf 83' lang='lat' dir='ltr'><strong>divisiones</strong></span> <span class='ocrx_word' id='word_1_594' title='bbox 3713 3745 3775 3790; x_wconf 90' lang='lat' dir='ltr'><strong>et</strong></span> 
     </span>
    </p>
   </div>
   <div class='ocr_carea' id='block_1_81' title="bbox 2195 3823 3787 3892">
    <p class='ocr_par' dir='ltr' id='par_1_81' title="bbox 2195 3823 3787 3892">
     <span class='ocr_line' id='line_1_81' title="bbox 2195 3823 3787 3892; baseline -0.004 -8"><span class='ocrx_word' id='word_1_595' title='bbox 2195 3829 2487 3884; x_wconf 84' lang='lat' dir='ltr'><strong>schismata</strong></span> <span class='ocrx_word' id='word_1_596' title='bbox 2515 3830 2568 3882; x_wconf 91' lang='lat' dir='ltr'><strong>in</strong></span> <span class='ocrx_word' id='word_1_597' title='bbox 2597 3828 2677 3882; x_wconf 89' lang='lat' dir='ltr'><strong>eis</strong></span> <span class='ocrx_word' id='word_1_598' title='bbox 2704 3826 2913 3892; x_wconf 81' lang='lat' dir='ltr'><strong>tierent,</strong></span> <span class='ocrx_word' id='word_1_599' title='bbox 2940 3834 2995 3882; x_wconf 88' lang='lat' dir='ltr'><strong>et</strong></span> <span class='ocrx_word' id='word_1_600' title='bbox 3021 3825 3220 3881; x_wconf 84' lang='lat' dir='ltr'><strong>nullam</strong></span> <span class='ocrx_word' id='word_1_601' title='bbox 3248 3823 3681 3881; x_wconf 82' lang='lat' dir='ltr'><strong>communionem</strong></span> <span class='ocrx_word' id='word_1_602' title='bbox 3713 3825 3787 3877; x_wconf 90' lang='lat' dir='ltr'><strong>ad</strong></span> 
     </span>
    </p>
   </div>
   <div class='ocr_carea' id='block_1_82' title="bbox 2197 3913 3787 3982">
    <p class='ocr_par' dir='ltr' id='par_1_82' title="bbox 2197 3913 3787 3982">
     <span class='ocr_line' id='line_1_82' title="bbox 2197 3913 3787 3982; baseline -0.004 -10"><span class='ocrx_word' id='word_1_603' title='bbox 2197 3932 2260 3974; x_wconf 89' lang='lat' dir='ltr'><strong>se</strong></span> <span class='ocrx_word' id='word_1_604' title='bbox 2287 3916 2516 3974; x_wconf 87' lang='lat' dir='ltr'><strong>invicem</strong></span> <span class='ocrx_word' id='word_1_605' title='bbox 2545 3917 2800 3972; x_wconf 79' lang='lat' dir='ltr'><strong>Ecclesiae</strong></span> <span class='ocrx_word' id='word_1_606' title='bbox 2840 3917 3119 3972; x_wconf 85' lang='lat' dir='ltr'><strong>haberent.</strong></span> <span class='ocrx_word' id='word_1_607' title='bbox 3157 3913 3268 3970; x_wconf 86' lang='lat' dir='ltr'><strong>Nec</strong></span> <span class='ocrx_word' id='word_1_608' title='bbox 3303 3913 3446 3968; x_wconf 89' lang='lat' dir='ltr'><strong>enim</strong></span> <span class='ocrx_word' id='word_1_609' title='bbox 3484 3926 3787 3982; x_wconf 80' lang='lat' dir='ltr'><strong>prtesume-</strong></span> 
     </span>
    </p>
   </div>
   <div class='ocr_carea' id='block_1_83' title="bbox 2198 4004 3786 4074">
    <p class='ocr_par' dir='ltr' id='par_1_83' title="bbox 2198 4004 3786 4074">
     <span class='ocr_line' id='line_1_83' title="bbox 2198 4004 3786 4074; baseline -0.001 -13"><span class='ocrx_word' id='word_1_610' title='bbox 2198 4013 2291 4061; x_wconf 82' lang='lat' dir='ltr'><strong>nat</strong></span> <span class='ocrx_word' id='word_1_611' title='bbox 2331 4004 2527 4074; x_wconf 84' lang='lat' dir='ltr'><strong>aliquis</strong></span> <span class='ocrx_word' id='word_1_612' title='bbox 2567 4005 2637 4061; x_wconf 79' lang='lat' dir='ltr'><strong>de</strong></span> <span class='ocrx_word' id='word_1_613' title='bbox 2670 4005 2890 4062; x_wconf 85' lang='lat' dir='ltr'><strong>civitate</strong></span> <span class='ocrx_word' id='word_1_614' title='bbox 2918 4014 2944 4042; x_wconf 79' lang='grc' dir='ltr'><strong>ιι</strong></span> <span class='ocrx_word' id='word_1_615' title='bbox 2973 4007 3039 4060; x_wconf 87' lang='lat' dir='ltr'><strong>ad</strong></span> <span class='ocrx_word' id='word_1_616' title='bbox 3068 4005 3341 4061; x_wconf 89' lang='lat' dir='ltr'><strong>civitatem</strong></span> <span class='ocrx_word' id='word_1_617' title='bbox 3369 4005 3592 4060; x_wconf 87' lang='lat' dir='ltr'><strong>veniens</strong></span> <span class='ocrx_word' id='word_1_618' title='bbox 3629 4019 3786 4060; x_wconf 87' lang='lat' dir='ltr'><strong>com-</strong></span> 
     </span>
    </p>
   </div>
   <div class='ocr_carea' id='block_1_84' title="bbox 2198 4094 3775 4166">
    <p class='ocr_par' dir='ltr' id='par_1_84' title="bbox 2198 4094 3775 4166">
     <span class='ocr_line' id='line_1_84' title="bbox 2198 4094 3775 4166; baseline -0.004 -11"><span class='ocrx_word' id='word_1_619' title='bbox 2198 4097 2497 4166; x_wconf 85' lang='lat' dir='ltr'><strong>municare,</strong></span> <span class='ocrx_word' id='word_1_620' title='bbox 2527 4111 2628 4152; x_wconf 89' lang='lat' dir='ltr'><strong>nec</strong></span> <span class='ocrx_word' id='word_1_621' title='bbox 2645 4097 2874 4152; x_wconf 76' lang='lat' dir='ltr'><strong>clericus</strong></span> <span class='ocrx_word' id='word_1_622' title='bbox 2897 4110 2967 4151; x_wconf 82' lang='lat' dir='ltr'><strong>ex</strong></span> <span class='ocrx_word' id='word_1_623' title='bbox 2993 4095 3098 4150; x_wconf 78' lang='lat' dir='ltr'><strong>alia</strong></span> <span class='ocrx_word' id='word_1_624' title='bbox 3125 4096 3346 4151; x_wconf 87' lang='lat' dir='ltr'><strong>civitate</strong></span> <span class='ocrx_word' id='word_1_625' title='bbox 3369 4094 3424 4150; x_wconf 90' lang='lat' dir='ltr'><strong>in</strong></span> <span class='ocrx_word' id='word_1_626' title='bbox 3453 4094 3613 4149; x_wconf 86' lang='lat' dir='ltr'><strong>aliam</strong></span> <span class='ocrx_word' id='word_1_627' title='bbox 3641 4094 3775 4149; x_wconf 79' lang='lat' dir='ltr'><strong>civi~</strong></span> 
     </span>
    </p>
   </div>
   <div class='ocr_carea' id='block_1_85' title="bbox 2198 4183 3787 4256">
    <p class='ocr_par' dir='ltr' id='par_1_85' title="bbox 2198 4183 3787 4256">
     <span class='ocr_line' id='line_1_85' title="bbox 2198 4183 3787 4256; baseline -0.002 -14"><span class='ocrx_word' id='word_1_628' title='bbox 2198 4195 2369 4242; x_wconf 85' lang='lat' dir='ltr'><strong>tatem</strong></span> <span class='ocrx_word' id='word_1_629' title='bbox 2396 4188 2619 4242; x_wconf 81' lang='lat' dir='ltr'><strong>veniens</strong></span> <span class='ocrx_word' id='word_1_630' title='bbox 2648 4187 2702 4242; x_wconf 90' lang='lat' dir='ltr'><strong>in</strong></span> <span class='ocrx_word' id='word_1_631' title='bbox 2728 4186 3015 4243; x_wconf 88' lang='lat' dir='ltr'><strong>ecclesiam</strong></span> <span class='ocrx_word' id='word_1_632' title='bbox 3042 4183 3066 4208; x_wconf 82' lang='lat'><strong>&#39;</strong></span> <span class='ocrx_word' id='word_1_633' title='bbox 3096 4185 3409 4256; x_wconf 88' lang='lat' dir='ltr'><strong>procedere.</strong></span> <span class='ocrx_word' id='word_1_634' title='bbox 3435 4183 3571 4240; x_wconf 84' lang='lat' dir='ltr'><strong>Cum</strong></span> <span class='ocrx_word' id='word_1_635' title='bbox 3598 4192 3787 4239; x_wconf 78' lang='lat' dir='ltr'><strong>autem</strong></span> 
     </span>
    </p>
   </div>
   <div class='ocr_carea' id='block_1_86' title="bbox 2198 4277 3784 4346">
    <p class='ocr_par' dir='ltr' id='par_1_86' title="bbox 2198 4277 3784 4346">
     <span class='ocr_line' id='line_1_86' title="bbox 2198 4277 3784 4346; baseline -0.001 -13"><span class='ocrx_word' id='word_1_636' title='bbox 2198 4278 2495 4334; x_wconf 88' lang='lat' dir='ltr'><strong>secundum</strong></span> <span class='ocrx_word' id='word_1_637' title='bbox 2516 4294 2669 4335; x_wconf 82' lang='lat' dir='ltr'><strong>suam</strong></span> <span class='ocrx_word' id='word_1_638' title='bbox 2696 4278 3119 4335; x_wconf 86' lang='lat' dir='ltr'><strong>misericordiam</strong></span> <span class='ocrx_word' id='word_1_639' title='bbox 3150 4277 3405 4334; x_wconf 87' lang='lat' dir='ltr'><strong>Dominus</strong></span> <span class='ocrx_word' id='word_1_640' title='bbox 3425 4277 3568 4332; x_wconf 86' lang='lat' dir='ltr'><strong>Deus</strong></span> <span class='ocrx_word' id='word_1_641' title='bbox 3592 4277 3784 4346; x_wconf 85' lang='lat' dir='ltr'><strong>reipu-</strong></span> 
     </span>
    </p>
   </div>
   <div class='ocr_carea' id='block_1_87' title="bbox 2200 4365 3785 4440">
    <p class='ocr_par' dir='ltr' id='par_1_87' title="bbox 2200 4365 3785 4440">
     <span class='ocr_line' id='line_1_87' title="bbox 2200 4365 3785 4440; baseline -0.001 -16"><span class='ocrx_word' id='word_1_642' title='bbox 2200 4368 2352 4424; x_wconf 68' lang='lat' dir='ltr'><strong>hlicac</strong></span> <span class='ocrx_word' id='word_1_643' title='bbox 2373 4369 2815 4440; x_wconf 79' lang='lat' dir='ltr'><strong>gubernationem</strong></span> <span class='ocrx_word' id='word_1_644' title='bbox 2836 4367 2992 4425; x_wconf 85' lang='lat' dir='ltr'><strong>nobis</strong></span> <span class='ocrx_word' id='word_1_645' title='bbox 3011 4368 3259 4434; x_wconf 89' lang='lat' dir='ltr'><strong>credidit,</strong></span> <span class='ocrx_word' id='word_1_646' title='bbox 3290 4367 3498 4423; x_wconf 88' lang='lat' dir='ltr'><strong>initium</strong></span> <span class='ocrx_word' id='word_1_647' title='bbox 3518 4375 3573 4422; x_wconf 90' lang='lat' dir='ltr'><strong>et</strong></span> <span class='ocrx_word' id='word_1_648' title='bbox 3598 4365 3785 4422; x_wconf 52' lang='lat' dir='ltr'><strong>funda.</strong></span> 
     </span>
    </p>
   </div>
   <div class='ocr_carea' id='block_1_88' title="bbox 2198 4447 3787 4526">
    <p class='ocr_par' dir='ltr' id='par_1_88' title="bbox 2198 4447 3787 4526">
     <span class='ocr_line' id='line_1_88' title="bbox 2198 4447 3787 4526; baseline 0.001 -16"><span class='ocrx_word' id='word_1_649' title='bbox 2198 4466 2440 4512; x_wconf 88' lang='lat' dir='ltr'><strong>mentum</strong></span> <span class='ocrx_word' id='word_1_650' title='bbox 2482 4456 2652 4513; x_wconf 91' lang='lat' dir='ltr'><strong>nostri</strong></span> <span class='ocrx_word' id='word_1_651' title='bbox 2681 4456 2892 4526; x_wconf 88' lang='lat' dir='ltr'><strong>imperii</strong></span> <span class='ocrx_word' id='word_1_652' title='bbox 2921 4447 3166 4525; x_wconf 78' lang='lat' dir='ltr'><strong>fecimus,</strong></span> <span class='ocrx_word' id='word_1_653' title='bbox 3211 4455 3540 4526; x_wconf 71' lang='lat' dir='ltr'><strong>conjungere</strong></span> <span class='ocrx_word' id='word_1_654' title='bbox 3578 4455 3787 4511; x_wconf 88' lang='lat' dir='ltr'><strong>divisos</strong></span> 
     </span>
    </p>
   </div>
   <div class='ocr_carea' id='block_1_89' title="bbox 2200 4543 3788 4603">
    <p class='ocr_par' dir='ltr' id='par_1_89' title="bbox 2200 4543 3788 4603">
     <span class='ocr_line' id='line_1_89' title="bbox 2200 4543 3788 4603; baseline 0 -1"><span class='ocrx_word' id='word_1_655' title='bbox 2200 4547 2510 4603; x_wconf 88' lang='lat' dir='ltr'><strong>sacerdotes</strong></span> <span class='ocrx_word' id='word_1_656' title='bbox 2553 4555 2862 4602; x_wconf 87' lang='lat' dir='ltr'><strong>sanctarum</strong></span> <span class='ocrx_word' id='word_1_657' title='bbox 2908 4544 3005 4601; x_wconf 87' lang='lat' dir='ltr'><strong>Dei</strong></span> <span class='ocrx_word' id='word_1_658' title='bbox 3052 4545 3414 4602; x_wconf 85' lang='lat' dir='ltr'><strong>Ecclesiarnm</strong></span> <span class='ocrx_word' id='word_1_659' title='bbox 3450 4546 3519 4601; x_wconf 83' lang='lat' dir='ltr'><strong>ab</strong></span> <span class='ocrx_word' id='word_1_660' title='bbox 3560 4543 3788 4602; x_wconf 86' lang='lat' dir='ltr'><strong>Oriente</strong></span> 
     </span>
    </p>
   </div>
   <div class='ocr_carea' id='block_1_90' title="bbox 518 4635 3788 4728">
    <p class='ocr_par' dir='ltr' id='par_1_90' title="bbox 518 4635 3788 4728">
     <span class='ocr_line' id='line_1_90' title="bbox 518 4635 3788 4728; baseline -0.003 -27"><span class='ocrx_word' id='word_1_661' title='bbox 518 4654 709 4701; x_wconf 80' lang='lat' dir='ltr'><strong>contra</strong></span> <span class='ocrx_word' id='word_1_662' title='bbox 748 4659 873 4701; x_wconf 89' lang='lat' dir='ltr'><strong>eum</strong></span> <span class='ocrx_word' id='word_1_663' title='bbox 913 4643 1110 4699; x_wconf 87' lang='lat' dir='ltr'><strong>factam</strong></span> <span class='ocrx_word' id='word_1_664' title='bbox 1157 4642 1686 4699; x_wconf 89' lang='lat' dir='ltr'><strong>condemnationem.</strong></span> <span class='ocrx_word' id='word_1_665' title='bbox 1732 4641 1802 4696; x_wconf 87' lang='lat' dir='ltr'><strong>Et</strong></span> <span class='ocrx_word' id='word_1_666' title='bbox 1828 4648 1952 4712; x_wconf 88' lang='lat' dir='ltr'><strong>post</strong></span> <span class='ocrx_word' id='word_1_667' title='bbox 1980 4641 2096 4695; x_wconf 68' lang='lat' dir='ltr'><strong>hmo</strong></span> <span class='ocrx_word' id='word_1_668' title='bbox 2125 4667 2179 4728; x_wconf 70' lang='grc' dir='ltr'><strong>Β</strong></span> <span class='ocrx_word' id='word_1_669' title='bbox 2203 4651 2371 4706; x_wconf 88' lang='lat' dir='ltr'><strong>usque</strong></span> <span class='ocrx_word' id='word_1_670' title='bbox 2397 4635 2742 4693; x_wconf 89' lang='lat' dir='ltr'><strong>Occidentem</strong></span> <span class='ocrx_word' id='word_1_671' title='bbox 2778 4647 2825 4701; x_wconf 72' lang='grc' dir='ltr'><strong>ι’.</strong></span> <span class='ocrx_word' id='word_1_672' title='bbox 2853 4645 2908 4692; x_wconf 89' lang='lat' dir='ltr'><strong>et</strong></span> <span class='ocrx_word' id='word_1_673' title='bbox 2927 4650 3142 4691; x_wconf 89' lang='lat' dir='ltr'><strong>omnem</strong></span> <span class='ocrx_word' id='word_1_674' title='bbox 3165 4636 3567 4691; x_wconf 87' lang='lat' dir='ltr'><strong>contentionem</strong></span> <span class='ocrx_word' id='word_1_675' title='bbox 3592 4651 3788 4707; x_wconf 82' lang='lat' dir='ltr'><strong>ampu-</strong></span> 
     </span>
    </p>
   </div>
   <div class='ocr_carea' id='block_1_91' title="bbox 524 4728 2099 4804">
    <p class='ocr_par' dir='ltr' id='par_1_91' title="bbox 524 4728 2099 4804">
     <span class='ocr_line' id='line_1_91' title="bbox 524 4728 2099 4804; baseline -0.002 -15"><span class='ocrx_word' id='word_1_676' title='bbox 524 4736 715 4790; x_wconf 87' lang='lat' dir='ltr'><strong>iterutn</strong></span> <span class='ocrx_word' id='word_1_677' title='bbox 751 4750 875 4790; x_wconf 90' lang='lat' dir='ltr'><strong>cum</strong></span> <span class='ocrx_word' id='word_1_678' title='bbox 904 4732 1174 4804; x_wconf 87' lang='lat' dir='ltr'><strong>Eutyches</strong></span> <span class='ocrx_word' id='word_1_679' title='bbox 1216 4731 1440 4788; x_wconf 87' lang='lat' dir='ltr'><strong>demens</strong></span> <span class='ocrx_word' id='word_1_680' title='bbox 1483 4732 1808 4795; x_wconf 89' lang='lat' dir='ltr'><strong>emersisset,</strong></span> <span class='ocrx_word' id='word_1_681' title='bbox 1853 4728 2099 4798; x_wconf 83' lang='lat' dir='ltr'><strong>negando</strong></span> 
     </span>
    </p>
   </div>
   <div class='ocr_carea' id='block_1_92' title="bbox 522 4819 2099 4886">
    <p class='ocr_par' dir='ltr' id='par_1_92' title="bbox 522 4819 2099 4886">
     <span class='ocr_line' id='line_1_92' title="bbox 522 4819 2099 4886; baseline -0.006 -3"><span class='ocrx_word' id='word_1_682' title='bbox 522 4824 1032 4884; x_wconf 84' lang='lat' dir='ltr'><strong>consubstantialem</strong></span> <span class='ocrx_word' id='word_1_683' title='bbox 1061 4823 1218 4879; x_wconf 89' lang='lat' dir='ltr'><strong>nobis</strong></span> <span class='ocrx_word' id='word_1_684' title='bbox 1244 4838 1364 4880; x_wconf 88' lang='lat' dir='ltr'><strong>esse</strong></span> <span class='ocrx_word' id='word_1_685' title='bbox 1393 4838 1612 4880; x_wconf 88' lang='lat' dir='ltr'><strong>carnem</strong></span> <span class='ocrx_word' id='word_1_686' title='bbox 1640 4821 1871 4886; x_wconf 87' lang='lat' dir='ltr'><strong>Domini,</strong></span> <span class='ocrx_word' id='word_1_687' title='bbox 1916 4819 2099 4875; x_wconf 89' lang='lat' dir='ltr'><strong>multis</strong></span> 
     </span>
    </p>
   </div>
   <div class='ocr_carea' id='block_1_93' title="bbox 523 4910 2097 4986">
    <p class='ocr_par' dir='ltr' id='par_1_93' title="bbox 523 4910 2097 4986">
     <span class='ocr_line' id='line_1_93' title="bbox 523 4910 2097 4986; baseline -0.007 -9"><span class='ocrx_word' id='word_1_688' title='bbox 523 4923 731 4978; x_wconf 81' lang='lat' dir='ltr'><strong>interea</strong></span> <span class='ocrx_word' id='word_1_689' title='bbox 775 4919 954 4986; x_wconf 89' lang='lat' dir='ltr'><strong>motis,</strong></span> <span class='ocrx_word' id='word_1_690' title='bbox 1006 4928 1115 4974; x_wconf 84' lang='lat' dir='ltr'><strong>tam</strong></span> <span class='ocrx_word' id='word_1_691' title='bbox 1153 4914 1626 4986; x_wconf 86' lang='lat' dir='ltr'><strong>Constantinopoli</strong></span> <span class='ocrx_word' id='word_1_692' title='bbox 1674 4927 1835 4984; x_wconf 90' lang='lat' dir='ltr'><strong>quam</strong></span> <span class='ocrx_word' id='word_1_693' title='bbox 1875 4910 2097 4983; x_wconf 84' lang='lat' dir='ltr'><strong>Ephesi,</strong></span> 
     </span>
    </p>
   </div>
   <div class='ocr_carea' id='block_1_94' title="bbox 597 5158 2044 5229">
    <p class='ocr_par' dir='ltr' id='par_1_94' title="bbox 597 5158 2044 5229">
     <span class='ocr_line' id='line_1_94' title="bbox 597 5158 2044 5229; baseline -0.006 -7"><span class='ocrx_word' id='word_1_694' title='bbox 597 5176 622 5206; x_wconf 77' lang='grc' dir='ltr'>ι</span> <span class='ocrx_word' id='word_1_695' title='bbox 652 5164 814 5222; x_wconf 85' lang='lat' dir='ltr'><strong>Iidem</strong></span> <span class='ocrx_word' id='word_1_696' title='bbox 841 5163 982 5229; x_wconf 88' lang='lat' dir='ltr'><strong>libri,</strong></span> <span class='ocrx_word' id='word_1_697' title='bbox 1010 5162 1314 5218; x_wconf 77' lang='lat' dir='ltr'><strong>diocesibus.</strong></span> <span class='ocrx_word' id='word_1_698' title='bbox 1345 5162 1437 5218; x_wconf 90' lang='lat' dir='ltr'><strong>Sic</strong></span> <span class='ocrx_word' id='word_1_699' title='bbox 1463 5161 1627 5218; x_wconf 88' lang='lat' dir='ltr'><strong>etiam</strong></span> <span class='ocrx_word' id='word_1_700' title='bbox 1650 5159 1821 5218; x_wconf 86' lang='lat' dir='ltr'><strong>ferme</strong></span> <span class='ocrx_word' id='word_1_701' title='bbox 1844 5158 2044 5215; x_wconf 82' lang='lat' dir='ltr'><strong>Latini.</strong></span> 
     </span>
    </p>
   </div>
   <div class='ocr_carea' id='block_1_95' title="bbox 596 5233 1336 5303">
    <p class='ocr_par' dir='ltr' id='par_1_95' title="bbox 596 5233 1336 5303">
     <span class='ocr_line' id='line_1_95' title="bbox 596 5233 1336 5303; baseline -0.005 -13"><span class='ocrx_word' id='word_1_702' title='bbox 596 5234 625 5276; x_wconf 70' lang='grc' dir='ltr'>δ</span> <span class='ocrx_word' id='word_1_703' title='bbox 653 5234 816 5290; x_wconf 80' lang='lat' dir='ltr'><strong>Iidem</strong></span> <span class='ocrx_word' id='word_1_704' title='bbox 845 5233 991 5300; x_wconf 83' lang='lat' dir='ltr'><strong>libri,</strong></span> <span class='ocrx_word' id='word_1_705' title='bbox 1022 5233 1336 5303; x_wconf 82' lang='lat' dir='ltr'><strong>adjuvassct.</strong></span> 
     </span>
    </p>
   </div>
   <div class='ocr_carea' id='block_1_96' title="bbox 597 5297 2105 5374">
    <p class='ocr_par' dir='ltr' id='par_1_96' title="bbox 597 5297 2105 5374">
     <span class='ocr_line' id='line_1_96' title="bbox 597 5297 2105 5374; baseline -0.006 -14"><span class='ocrx_word' id='word_1_706' title='bbox 597 5315 623 5344; x_wconf 74' lang='grc' dir='ltr'><strong>ο</strong></span> <span class='ocrx_word' id='word_1_707' title='bbox 653 5297 1058 5374; x_wconf 77' lang='lat' dir='ltr'><strong>Reponendum,</strong></span> <span class='ocrx_word' id='word_1_708' title='bbox 1086 5297 1339 5374; x_wconf 67' lang='lat' dir='ltr'><strong>recepisse</strong></span> <span class='ocrx_word' id='word_1_709' title='bbox 1379 5298 1543 5374; x_wconf 70' lang='lat' dir='ltr'><strong>Deum</strong></span> <span class='ocrx_word' id='word_1_710' title='bbox 1576 5299 1822 5374; x_wconf 70' lang='lat' dir='ltr'><strong>Verbum.</strong></span> <span class='ocrx_word' id='word_1_711' title='bbox 1857 5297 2105 5374; x_wconf 66' lang='lat' dir='ltr'><strong>ﬂendum</strong></span> 
     </span>
    </p>
   </div>
   <div class='ocr_carea' id='block_1_97' title="bbox 526 5367 2107 5446">
    <p class='ocr_par' dir='ltr' id='par_1_97' title="bbox 526 5367 2107 5446">
     <span class='ocr_line' id='line_1_97' title="bbox 526 5367 2107 5446; baseline -0.004 -17"><span class='ocrx_word' id='word_1_712' title='bbox 526 5385 610 5429; x_wconf 87' lang='lat' dir='ltr'><strong>est</strong></span> <span class='ocrx_word' id='word_1_713' title='bbox 637 5367 1079 5446; x_wconf 77' lang='lat' dir='ltr'><strong>typograpbicum</strong></span> <span class='ocrx_word' id='word_1_714' title='bbox 1105 5367 1361 5427; x_wconf 84' lang='lat' dir='ltr'><strong>editionis</strong></span> <span class='ocrx_word' id='word_1_715' title='bbox 1380 5369 1678 5427; x_wconf 76' lang='lat' dir='ltr'><strong>Labbeante</strong></span> <span class='ocrx_word' id='word_1_716' title='bbox 1693 5410 1711 5439; x_wconf 93' lang='lat'><strong>,</strong></span> <span class='ocrx_word' id='word_1_717' title='bbox 1734 5370 1825 5426; x_wconf 85' lang='lat' dir='ltr'><strong>hic</strong></span> <span class='ocrx_word' id='word_1_718' title='bbox 1849 5367 2107 5424; x_wconf 82' lang='lat' dir='ltr'><strong>emenda-</strong></span> 
     </span>
    </p>
   </div>
   <div class='ocr_carea' id='block_1_98' title="bbox 532 5453 2108 5579">
    <p class='ocr_par' dir='ltr' id='par_1_98' title="bbox 532 5453 2108 5579">
     <span class='ocr_line' id='line_1_98' title="bbox 532 5453 2108 5579; baseline -0.003 -15"><span class='ocrx_word' id='word_1_719' title='bbox 532 5453 958 5579; x_wconf 49' lang='lat' dir='ltr'><strong>tufinimgendum</strong></span> <span class='ocrx_word' id='word_1_720' title='bbox 988 5550 1006 5576; x_wconf 94' lang='lat'><strong>,</strong></span> <span class='ocrx_word' id='word_1_721' title='bbox 1040 5508 1326 5579; x_wconf 73' lang='lat' dir='ltr'><strong>incantati.</strong></span> <span class='ocrx_word' id='word_1_722' title='bbox 1383 5508 1449 5579; x_wconf 71' lang='lat' dir='ltr'><strong>Et</strong></span> <span class='ocrx_word' id='word_1_723' title='bbox 1512 5508 1605 5565; x_wconf 87' lang='lat' dir='ltr'><strong>hic</strong></span> <span class='ocrx_word' id='word_1_724' title='bbox 1652 5523 1880 5579; x_wconf 78' lang='lat' dir='ltr'><strong>quoque</strong></span> <span class='ocrx_word' id='word_1_725' title='bbox 1910 5505 2108 5579; x_wconf 81' lang='lat' dir='ltr'><strong>mendo</strong></span> 
     </span>
    </p>
   </div>
   <div class='ocr_carea' id='block_1_99' title="bbox 531 5574 2109 5650">
    <p class='ocr_par' dir='ltr' id='par_1_99' title="bbox 531 5574 2109 5650">
     <span class='ocr_line' id='line_1_99' title="bbox 531 5574 2109 5650; baseline -0.003 -16"><span class='ocrx_word' id='word_1_726' title='bbox 531 5574 756 5636; x_wconf 55' lang='lat' dir='ltr'><strong>laborat&#39;</strong></span> <span class='ocrx_word' id='word_1_727' title='bbox 779 5574 1163 5650; x_wconf 83' lang='lat' dir='ltr'><strong>typographico</strong></span> <span class='ocrx_word' id='word_1_728' title='bbox 1190 5579 1354 5635; x_wconf 88' lang='lat' dir='ltr'><strong>editio</strong></span> <span class='ocrx_word' id='word_1_729' title='bbox 1384 5574 1690 5646; x_wconf 75' lang='lat' dir='ltr'><strong>Labbcana,</strong></span> <span class='ocrx_word' id='word_1_730' title='bbox 1719 5574 1839 5646; x_wconf 76' lang='lat' dir='ltr'><strong>quae</strong></span> <span class='ocrx_word' id='word_1_731' title='bbox 1865 5574 1995 5646; x_wconf 89' lang='lat' dir='ltr'><strong>legit</strong></span> <span class='ocrx_word' id='word_1_732' title='bbox 2025 5577 2109 5630; x_wconf 77' lang='lat' dir='ltr'><strong>in-</strong></span> 
     </span>
    </p>
   </div>
   <div class='ocr_carea' id='block_1_100' title="bbox 529 5659 1944 5799">
    <p class='ocr_par' dir='ltr' id='par_1_100' title="bbox 529 5659 1944 5799">
     <span class='ocr_line' id='line_1_100' title="bbox 529 5659 1944 5799; baseline -0.001 -25"><span class='ocrx_word' id='word_1_733' title='bbox 529 5659 851 5799; x_wconf 50' lang='grc' dir='ltr'><strong>εαέηιὲἕιῖἱςη</strong></span> <span class='ocrx_word' id='word_1_734' title='bbox 882 5714 1348 5799; x_wconf 54' lang='grc' dir='ltr'><strong>ξίίιειιηιμιὶαρι</strong></span> <span class='ocrx_word' id='word_1_735' title='bbox 1376 5715 1658 5799; x_wconf 63' lang='lat' dir='ltr'><strong>Christum.</strong></span> <span class='ocrx_word' id='word_1_736' title='bbox 1744 5783 1762 5799; x_wconf 54' lang='lat'><strong><em>‘</em></strong></span> <span class='ocrx_word' id='word_1_737' title='bbox 1792 5781 1833 5799; x_wconf 27' lang='grc' dir='ltr'><strong>Α.</strong></span> <span class='ocrx_word' id='word_1_738' title='bbox 1890 5794 1901 5799; x_wconf 81' lang='lat'><strong>_</strong></span> <span class='ocrx_word' id='word_1_739' title='bbox 1931 5782 1944 5795; x_wconf 43' lang='grc' dir='ltr'><strong><em>ο</em></strong></span> 
     </span>
    </p>
   </div>
   <div class='ocr_carea' id='block_1_101' title="bbox 607 5780 2110 5844">
    <p class='ocr_par' dir='ltr' id='par_1_101' title="bbox 607 5780 2110 5844">
     <span class='ocr_line' id='line_1_101' title="bbox 607 5780 2110 5844; baseline -0.003 0"><span class='ocrx_word' id='word_1_740' title='bbox 607 5787 627 5827; x_wconf 75' lang='grc' dir='ltr'>ί</span> <span class='ocrx_word' id='word_1_741' title='bbox 661 5788 860 5844; x_wconf 88' lang='lat' dir='ltr'><strong>Vocem</strong></span> <span class='ocrx_word' id='word_1_742' title='bbox 879 5784 1074 5840; x_wconf 76' lang='lat' dir='ltr'><strong>Filium</strong></span> <span class='ocrx_word' id='word_1_743' title='bbox 1093 5780 1262 5842; x_wconf 77' lang='lat' dir='ltr'><strong>codex</strong></span> <span class='ocrx_word' id='word_1_744' title='bbox 1288 5785 1604 5843; x_wconf 85' lang='lat' dir='ltr'><strong>Parisiensis</strong></span> <span class='ocrx_word' id='word_1_745' title='bbox 1617 5800 1724 5841; x_wconf 91' lang='lat' dir='ltr'><strong>non</strong></span> <span class='ocrx_word' id='word_1_746' title='bbox 1744 5781 1908 5840; x_wconf 87' lang='lat' dir='ltr'><strong>habet</strong></span> <span class='ocrx_word' id='word_1_747' title='bbox 1931 5782 1983 5842; x_wconf 90' lang='lat' dir='ltr'><strong>in</strong></span> <span class='ocrx_word' id='word_1_748' title='bbox 2004 5782 2110 5840; x_wconf 82' lang='lat' dir='ltr'><strong>hoc</strong></span> 
     </span>
    </p>
   </div>
   <div class='ocr_carea' id='block_1_102' title="bbox 536 5858 2040 5996">
    <p class='ocr_par' dir='ltr' id='par_1_102' title="bbox 536 5858 2040 5996">
     <span class='ocr_line' id='line_1_102' title="bbox 536 5858 2040 5996; baseline 0 -18"><span class='ocrx_word' id='word_1_749' title='bbox 536 5858 552 5911; x_wconf 62' lang='grc'><strong>1</strong></span> <span class='ocrx_word' id='word_1_750' title='bbox 574 5873 803 5983; x_wconf 61' lang='grc' dir='ltr'><strong>’ῗςθὶιιοω</strong></span> <span class='ocrx_word' id='word_1_751' title='bbox 824 5920 1017 5990; x_wconf 82' lang='lat' dir='ltr'><strong>codex,</strong></span> <span class='ocrx_word' id='word_1_752' title='bbox 1044 5931 1253 5994; x_wconf 81' lang='lat' dir='ltr'><strong>propter</strong></span> <span class='ocrx_word' id='word_1_753' title='bbox 1271 5940 1389 5983; x_wconf 74' lang='lat' dir='ltr'><strong>cum</strong></span> <span class='ocrx_word' id='word_1_754' title='bbox 1410 5934 1586 5982; x_wconf 72' lang='lat' dir='ltr'><strong>cortra</strong></span> <span class='ocrx_word' id='word_1_755' title='bbox 1613 5940 1730 5981; x_wconf 83' lang='lat' dir='ltr'><strong>cum</strong></span> <span class='ocrx_word' id='word_1_756' title='bbox 1752 5923 2040 5996; x_wconf 65' lang='lat' dir='ltr'><strong>procedere.</strong></span> 
     </span>
    </p>
   </div>
   <div class='ocr_carea' id='block_1_103' title="bbox 2204 4726 3787 4798">
    <p class='ocr_par' dir='ltr' id='par_1_103' title="bbox 2204 4726 3787 4798">
     <span class='ocr_line' id='line_1_103' title="bbox 2204 4726 3787 4798; baseline 0.002 -19"><span class='ocrx_word' id='word_1_757' title='bbox 2204 4732 2378 4781; x_wconf 87' lang='lat' dir='ltr'><strong>tantes</strong></span> <span class='ocrx_word' id='word_1_758' title='bbox 2403 4741 2524 4796; x_wconf 80' lang='lat' dir='ltr'><strong>quae</strong></span> <span class='ocrx_word' id='word_1_759' title='bbox 2551 4734 2740 4782; x_wconf 87' lang='lat' dir='ltr'><strong>contra</strong></span> <span class='ocrx_word' id='word_1_760' title='bbox 2786 4726 3283 4783; x_wconf 84' lang='lat' dir='ltr'><strong>Chalcedonensem</strong></span> <span class='ocrx_word' id='word_1_761' title='bbox 3326 4734 3571 4781; x_wconf 84' lang='lat' dir='ltr'><strong>sanctam</strong></span> <span class='ocrx_word' id='word_1_762' title='bbox 3614 4741 3787 4798; x_wconf 61' lang='lat' dir='ltr'><strong>synoo</strong></span> 
     </span>
    </p>
   </div>
   <div class='ocr_carea' id='block_1_104' title="bbox 2204 4817 3790 4889">
    <p class='ocr_par' dir='ltr' id='par_1_104' title="bbox 2204 4817 3790 4889">
     <span class='ocr_line' id='line_1_104' title="bbox 2204 4817 3790 4889; baseline 0.001 -17"><span class='ocrx_word' id='word_1_763' title='bbox 2204 4817 2331 4872; x_wconf 91' lang='lat' dir='ltr'><strong>dum</strong></span> <span class='ocrx_word' id='word_1_764' title='bbox 2363 4817 2432 4872; x_wconf 87' lang='lat' dir='ltr'><strong>ab</strong></span> <span class='ocrx_word' id='word_1_765' title='bbox 2459 4817 2714 4889; x_wconf 82' lang='lat' dir='ltr'><strong>Eutychis</strong></span> <span class='ocrx_word' id='word_1_766' title='bbox 2741 4827 2769 4868; x_wconf 75' lang='grc' dir='ltr'><strong>(ι</strong></span> <span class='ocrx_word' id='word_1_767' title='bbox 2800 4826 2856 4873; x_wconf 90' lang='lat' dir='ltr'><strong>et</strong></span> <span class='ocrx_word' id='word_1_768' title='bbox 2877 4817 3108 4873; x_wconf 88' lang='lat' dir='ltr'><strong>Nestorii</strong></span> <span class='ocrx_word' id='word_1_769' title='bbox 3139 4817 3424 4889; x_wconf 89' lang='lat' dir='ltr'><strong>impiorum</strong></span> <span class='ocrx_word' id='word_1_770' title='bbox 3465 4819 3790 4886; x_wconf 78' lang='lat' dir='ltr'><strong>sequacibus</strong></span> 
     </span>
    </p>
   </div>
   <div class='ocr_carea' id='block_1_105' title="bbox 2204 4912 3790 4986">
    <p class='ocr_par' dir='ltr' id='par_1_105' title="bbox 2204 4912 3790 4986">
     <span class='ocr_line' id='line_1_105' title="bbox 2204 4912 3790 4986; baseline -0.001 -18"><span class='ocrx_word' id='word_1_771' title='bbox 2204 4914 2542 4982; x_wconf 86' lang='lat' dir='ltr'><strong>movebatur,</strong></span> <span class='ocrx_word' id='word_1_772' title='bbox 2572 4913 2794 4970; x_wconf 84' lang='lat' dir='ltr'><strong>fecimus</strong></span> <span class='ocrx_word' id='word_1_773' title='bbox 2812 4914 3106 4986; x_wconf 73' lang='lat' dir='ltr'><strong>praedicare</strong></span> <span class='ocrx_word' id='word_1_774' title='bbox 3126 4912 3373 4969; x_wconf 83' lang='lat' dir='ltr'><strong>eamdem</strong></span> <span class='ocrx_word' id='word_1_775' title='bbox 3412 4921 3657 4969; x_wconf 80' lang='lat' dir='ltr'><strong>sanctam</strong></span> <span class='ocrx_word' id='word_1_776' title='bbox 3696 4927 3790 4984; x_wconf 81' lang='lat' dir='ltr'><strong>sy-</strong></span> 
     </span>
    </p>
   </div>
   <div class='ocr_carea' id='block_1_106' title="bbox 2277 5156 3784 5233">
    <p class='ocr_par' dir='ltr' id='par_1_106' title="bbox 2277 5156 3784 5233">
     <span class='ocr_line' id='line_1_106' title="bbox 2277 5156 3784 5233; baseline -0.002 -16"><span class='ocrx_word' id='word_1_777' title='bbox 2277 5162 2306 5200; x_wconf 71' lang='grc' dir='ltr'>δ</span> <span class='ocrx_word' id='word_1_778' title='bbox 2342 5162 2417 5218; x_wconf 87' lang='lat' dir='ltr'><strong>De</strong></span> <span class='ocrx_word' id='word_1_779' title='bbox 2445 5162 2567 5233; x_wconf 77' lang='lat' dir='ltr'><strong>ﬁde.</strong></span> <span class='ocrx_word' id='word_1_780' title='bbox 2588 5159 2727 5233; x_wconf 72' lang='lat' dir='ltr'><strong>Ilaec</strong></span> <span class='ocrx_word' id='word_1_781' title='bbox 2754 5161 2948 5233; x_wconf 78' lang='lat' dir='ltr'><strong>desunt</strong></span> <span class='ocrx_word' id='word_1_782' title='bbox 2966 5161 3028 5233; x_wconf 85' lang='lat' dir='ltr'><strong>in</strong></span> <span class='ocrx_word' id='word_1_783' title='bbox 3058 5158 3251 5233; x_wconf 86' lang='lat' dir='ltr'><strong>eodem</strong></span> <span class='ocrx_word' id='word_1_784' title='bbox 3302 5158 3438 5233; x_wconf 81' lang='lat' dir='ltr'><strong>libro</strong></span> <span class='ocrx_word' id='word_1_785' title='bbox 3469 5156 3784 5214; x_wconf 62' lang='lat' dir='ltr'><strong>Parisiensi.</strong></span> 
     </span>
    </p>
   </div>
   <div class='ocr_carea' id='block_1_107' title="bbox 2283 5229 3364 5288">
    <p class='ocr_par' dir='ltr' id='par_1_107' title="bbox 2283 5229 3364 5288">
     <span class='ocr_line' id='line_1_107' title="bbox 2283 5229 3364 5288; baseline -0.004 -2"><span class='ocrx_word' id='word_1_786' title='bbox 2283 5240 2299 5270; x_wconf 75' lang='grc' dir='ltr'><strong><em>ι</em></strong></span> <span class='ocrx_word' id='word_1_787' title='bbox 2333 5229 2479 5288; x_wconf 82' lang='lat' dir='ltr'><strong>Ideni</strong></span> <span class='ocrx_word' id='word_1_788' title='bbox 2505 5231 2672 5288; x_wconf 77' lang='lat' dir='ltr'><strong>codex</strong></span> <span class='ocrx_word' id='word_1_789' title='bbox 2705 5249 2720 5285; x_wconf 92' lang='lat'><strong>:</strong></span> <span class='ocrx_word' id='word_1_790' title='bbox 2754 5230 2823 5284; x_wconf 82' lang='lat' dir='ltr'><strong>Et</strong></span> <span class='ocrx_word' id='word_1_791' title='bbox 2853 5230 2932 5284; x_wconf 78' lang='lat' dir='ltr'><strong>his</strong></span> <span class='ocrx_word' id='word_1_792' title='bbox 2959 5232 3035 5284; x_wconf 83' lang='lat' dir='ltr'><strong>ita</strong></span> <span class='ocrx_word' id='word_1_793' title='bbox 3061 5229 3364 5286; x_wconf 75' lang='lat' dir='ltr'><strong>subsecutis.</strong></span> 
     </span>
    </p>
   </div>
   <div class='ocr_carea' id='block_1_108' title="bbox 2281 5300 2949 5374">
    <p class='ocr_par' dir='ltr' id='par_1_108' title="bbox 2281 5300 2949 5374">
     <span class='ocr_line' id='line_1_108' title="bbox 2281 5300 2949 5374; baseline -0.004 -17"><span class='ocrx_word' id='word_1_794' title='bbox 2281 5301 2297 5374; x_wconf 57' lang='grc' dir='ltr'><em>ξ</em></span> <span class='ocrx_word' id='word_1_795' title='bbox 2336 5300 2480 5374; x_wconf 72' lang='lat' dir='ltr'><strong>Idem</strong></span> <span class='ocrx_word' id='word_1_796' title='bbox 2509 5301 2705 5374; x_wconf 74' lang='lat' dir='ltr'><strong>codex,</strong></span> <span class='ocrx_word' id='word_1_797' title='bbox 2724 5302 2949 5374; x_wconf 65' lang='lat' dir='ltr'><strong>fuerunt.</strong></span> 
     </span>
    </p>
   </div>
   <div class='ocr_carea' id='block_1_109' title="bbox 2278 5369 3333 5439">
    <p class='ocr_par' dir='ltr' id='par_1_109' title="bbox 2278 5369 3333 5439">
     <span class='ocr_line' id='line_1_109' title="bbox 2278 5369 3333 5439; baseline -0.002 -14"><span class='ocrx_word' id='word_1_798' title='bbox 2278 5369 2305 5410; x_wconf 79' lang='grc' dir='ltr'><strong>¹ι</strong></span> <span class='ocrx_word' id='word_1_799' title='bbox 2336 5371 2560 5426; x_wconf 87' lang='lat' dir='ltr'><strong>Veteres</strong></span> <span class='ocrx_word' id='word_1_800' title='bbox 2590 5369 2734 5439; x_wconf 74' lang='lat' dir='ltr'><strong>libri,</strong></span> <span class='ocrx_word' id='word_1_801' title='bbox 2761 5371 2818 5424; x_wconf 78' lang='lat' dir='ltr'><strong>in</strong></span> <span class='ocrx_word' id='word_1_802' title='bbox 2846 5369 3063 5424; x_wconf 77' lang='lat' dir='ltr'><strong>concilio</strong></span> <span class='ocrx_word' id='word_1_803' title='bbox 3091 5369 3333 5439; x_wconf 67' lang='lat' dir='ltr'><strong>pervenit.</strong></span> 
     </span>
    </p>
   </div>
   <div class='ocr_carea' id='block_1_110' title="bbox 2285 5439 3189 5508">
    <p class='ocr_par' dir='ltr' id='par_1_110' title="bbox 2285 5439 3189 5508">
     <span class='ocr_line' id='line_1_110' title="bbox 2285 5439 3189 5508; baseline -0.003 -13"><span class='ocrx_word' id='word_1_804' title='bbox 2285 5439 2303 5479; x_wconf 78' lang='grc' dir='ltr'>ι</span> <span class='ocrx_word' id='word_1_805' title='bbox 2336 5440 2502 5496; x_wconf 85' lang='lat' dir='ltr'><strong>Iidem</strong></span> <span class='ocrx_word' id='word_1_806' title='bbox 2533 5440 2674 5506; x_wconf 88' lang='lat' dir='ltr'><strong>libri,</strong></span> <span class='ocrx_word' id='word_1_807' title='bbox 2703 5441 2944 5508; x_wconf 71' lang='lat' dir='ltr'><strong>quoniam</strong></span> <span class='ocrx_word' id='word_1_808' title='bbox 2968 5449 3018 5493; x_wconf 84' lang='lat' dir='ltr'><strong>et</strong></span> <span class='ocrx_word' id='word_1_809' title='bbox 3047 5448 3189 5493; x_wconf 81' lang='lat' dir='ltr'><strong>tunc.</strong></span> 
     </span>
    </p>
   </div>
   <div class='ocr_carea' id='block_1_111' title="bbox 2281 5511 2789 5575">
    <p class='ocr_par' dir='ltr' id='par_1_111' title="bbox 2281 5511 2789 5575">
     <span class='ocr_line' id='line_1_111' title="bbox 2281 5511 2789 5575; baseline -0.002 -12"><span class='ocrx_word' id='word_1_810' title='bbox 2281 5521 2318 5548; x_wconf 79' lang='grc' dir='ltr'>ω</span> <span class='ocrx_word' id='word_1_811' title='bbox 2351 5511 2548 5575; x_wconf 87' lang='lat' dir='ltr'><strong>Paris.,</strong></span> <span class='ocrx_word' id='word_1_812' title='bbox 2579 5511 2789 5565; x_wconf 79' lang='lat' dir='ltr'><strong>dirinw.</strong></span> 
     </span>
    </p>
   </div>
   <div class='ocr_carea' id='block_1_112' title="bbox 2279 5577 3250 5643">
    <p class='ocr_par' dir='ltr' id='par_1_112' title="bbox 2279 5577 3250 5643">
     <span class='ocr_line' id='line_1_112' title="bbox 2279 5577 3250 5643; baseline -0.005 -7"><span class='ocrx_word' id='word_1_813' title='bbox 2279 5588 2307 5618; x_wconf 77' lang='grc' dir='ltr'>ιι</span> <span class='ocrx_word' id='word_1_814' title='bbox 2337 5581 2556 5636; x_wconf 83' lang='lat' dir='ltr'><strong>Veteres</strong></span> <span class='ocrx_word' id='word_1_815' title='bbox 2582 5579 2720 5643; x_wconf 90' lang='lat' dir='ltr'><strong>libri,</strong></span> <span class='ocrx_word' id='word_1_816' title='bbox 2745 5578 2948 5632; x_wconf 76' lang='lat' dir='ltr'><strong>civitate</strong></span> <span class='ocrx_word' id='word_1_817' title='bbox 2974 5577 3044 5632; x_wconf 84' lang='lat' dir='ltr'><strong>ad</strong></span> <span class='ocrx_word' id='word_1_818' title='bbox 3071 5578 3250 5632; x_wconf 79' lang='lat' dir='ltr'><strong>aliam.</strong></span> 
     </span>
    </p>
   </div>
   <div class='ocr_carea' id='block_1_113' title="bbox 2282 5646 3019 5713">
    <p class='ocr_par' dir='ltr' id='par_1_113' title="bbox 2282 5646 3019 5713">
     <span class='ocr_line' id='line_1_113' title="bbox 2282 5646 3019 5713; baseline -0.005 -9"><span class='ocrx_word' id='word_1_819' title='bbox 2282 5659 2309 5687; x_wconf 76' lang='grc' dir='ltr'><strong>ι·</strong></span> <span class='ocrx_word' id='word_1_820' title='bbox 2337 5651 2503 5706; x_wconf 77' lang='lat' dir='ltr'><strong>Iidem</strong></span> <span class='ocrx_word' id='word_1_821' title='bbox 2526 5648 2664 5713; x_wconf 83' lang='lat' dir='ltr'><strong>libri,</strong></span> <span class='ocrx_word' id='word_1_822' title='bbox 2687 5651 2742 5702; x_wconf 85' lang='lat' dir='ltr'><strong>in</strong></span> <span class='ocrx_word' id='word_1_823' title='bbox 2767 5646 3019 5702; x_wconf 76' lang='lat' dir='ltr'><strong>Ecclesia.</strong></span> 
     </span>
    </p>
   </div>
   <div class='ocr_carea' id='block_1_114' title="bbox 2285 5717 3185 5789">
    <p class='ocr_par' dir='ltr' id='par_1_114' title="bbox 2285 5717 3185 5789">
     <span class='ocr_line' id='line_1_114' title="bbox 2285 5717 3185 5789; baseline -0.001 -19"><span class='ocrx_word' id='word_1_824' title='bbox 2285 5729 2311 5770; x_wconf 74' lang='grc' dir='ltr'><strong>Ρ</strong></span> <span class='ocrx_word' id='word_1_825' title='bbox 2342 5719 2537 5789; x_wconf 80' lang='lat' dir='ltr'><strong>Paris.,</strong></span> <span class='ocrx_word' id='word_1_826' title='bbox 2569 5733 2729 5789; x_wconf 71' lang='lat' dir='ltr'><strong>usque</strong></span> <span class='ocrx_word' id='word_1_827' title='bbox 2754 5719 2810 5772; x_wconf 78' lang='lat' dir='ltr'><strong>in</strong></span> <span class='ocrx_word' id='word_1_828' title='bbox 2837 5717 3185 5772; x_wconf 76' lang='lat' dir='ltr'><strong>Occidentem.</strong></span> 
     </span>
    </p>
   </div>
   <div class='ocr_carea' id='block_1_115' title="bbox 2282 5785 3788 5856">
    <p class='ocr_par' dir='ltr' id='par_1_115' title="bbox 2282 5785 3788 5856">
     <span class='ocr_line' id='line_1_115' title="bbox 2282 5785 3788 5856; baseline 0.001 -16"><span class='ocrx_word' id='word_1_829' title='bbox 2282 5799 2308 5840; x_wconf 67' lang='grc' dir='ltr'><strong>τι</strong></span> <span class='ocrx_word' id='word_1_830' title='bbox 2339 5789 2415 5845; x_wconf 78' lang='lat' dir='ltr'><strong>Ab</strong></span> <span class='ocrx_word' id='word_1_831' title='bbox 2445 5785 2723 5856; x_wconf 76' lang='lat' dir='ltr'><strong>Eutycltis,</strong></span> <span class='ocrx_word' id='word_1_832' title='bbox 2752 5794 2881 5856; x_wconf 84' lang='lat' dir='ltr'><strong>etc.,</strong></span> <span class='ocrx_word' id='word_1_833' title='bbox 2909 5800 3080 5856; x_wconf 82' lang='lat' dir='ltr'><strong>usque</strong></span> <span class='ocrx_word' id='word_1_834' title='bbox 3106 5796 3359 5856; x_wconf 79' lang='lat' dir='ltr'><strong>sanctam</strong></span> <span class='ocrx_word' id='word_1_835' title='bbox 3380 5785 3653 5856; x_wconf 71' lang='lat' dir='ltr'><strong>synodum.</strong></span> <span class='ocrx_word' id='word_1_836' title='bbox 3684 5786 3788 5843; x_wconf 68' lang='lat' dir='ltr'><strong>Ida</strong></span> 
     </span>
    </p>
   </div>
   <div class='ocr_carea' id='block_1_116' title="bbox 2212 5855 3789 5927">
    <p class='ocr_par' dir='ltr' id='par_1_116' title="bbox 2212 5855 3789 5927">
     <span class='ocr_line' id='line_1_116' title="bbox 2212 5855 3789 5927; baseline -0.004 -12"><span class='ocrx_word' id='word_1_837' title='bbox 2212 5859 2528 5916; x_wconf 78' lang='lat' dir='ltr'><strong>exciderunt</strong></span> <span class='ocrx_word' id='word_1_838' title='bbox 2548 5855 2767 5914; x_wconf 87' lang='lat' dir='ltr'><strong>librario</strong></span> <span class='ocrx_word' id='word_1_839' title='bbox 2795 5855 2886 5927; x_wconf 83' lang='lat' dir='ltr'><strong>qui</strong></span> <span class='ocrx_word' id='word_1_840' title='bbox 2913 5855 3129 5927; x_wconf 77' lang='lat' dir='ltr'><strong>scripsit</strong></span> <span class='ocrx_word' id='word_1_841' title='bbox 3158 5855 3432 5926; x_wconf 73' lang='lat' dir='ltr'><strong>exemplar</strong></span> <span class='ocrx_word' id='word_1_842' title='bbox 3462 5855 3789 5913; x_wconf 74' lang='lat' dir='ltr'><strong>l’arisiense.</strong></span> 
     </span>
    </p>
   </div>
  </div>
