3986 6356
161 313 220 367 53
1331 310 1681 365 ΕΡ15Το1,.Ε
1723 309 1808 364 ΕΤ
1843 308 2172 363 ΗῘΞΕΠΕΤᾹ.
3336 316 3406 370 3η

162 422 336 476 nodum
375 435 490 474 cum
527 417 798 487 prmdictis
839 420 964 474 aliis
1004 422 1204 477 sanctis
1232 431 1252 458 υ
1287 421 1454 474 bibus
1481 422 1720 475 conciliis
1755 428 1797 486 Α
1825 419 1965 488 quod
1999 419 2360 474 imlubitauter
2388 429 2587 476 etcum
2627 423 2772 477 omni
2801 423 3076 480 alacritate
3104 434 3306 479 rectam
3341 423 3401 476 ft-

166 515 207 565 in
237 511 319 563 Dei
348 509 595 572 ecclesiis,
621 517 773 563 certe
797 511 1041 566 scientes
1067 511 1210 580 quod
1231 527 1292 565 ea
1323 526 1439 580 qua:
1463 512 1528 564 ab
1558 527 1619 563 ea
1655 513 1724 566 de

163 603 250 654 lile
274 601 520 669 exposita
536 607 659 653 sunt
676 599 726 664 lt,
754 611 1065 656 consonant
1093 618 1190 671 per
1216 601 1393 654 omnia
1415 601 1534 654 aliis
1557 601 1726 654 tribus

163 691 338 743 sanctis
366 689 603 744 conciliis
635 707 647 740 :
680 698 735 742 et
761 691 952 742 umltis
982 691 1194 760 quidem
1224 689 1289 743 ad
1319 691 1560 744 eamdem
1601 707 1724 744 san-

161 793 282 833 ctam
323 779 578 849 synodum
617 780 1122 833 contradicentilms
1169 779 1556 845 satisfecimns;
1589 780 1724 832 alios

162 878 316 922 autem
365 868 454 937 qui
513 877 1001 938 perseveraverant
1048 869 1220 922 eidem
1263 879 1450 923 saneto
1494 871 1726 924 concilio

160 961 564 1014 contradicentes
591 959 904 1027 expulimus
929 961 1006 1016 sic
1037 971 1060 997 ε
1095 960 1146 1013 in
1185 961 1386 1014 sanctis
1427 960 1519 1015 Dei
1549 963 1726 1016 eccle-

161 1049 276 1104 siis"
306 1059 358 1103 et
385 1050 786 1102 venerabilibus
835 1051 1200 1117 monasteriis,
1242 1060 1300 1104 ut
1337 1051 1619 1106 conca-dia
1670 1061 1727 1106 et

94 1175 111 1187 —.
157 1159 272 1211 pare
307 1151 609 1196 sanctarum
657 1141 1023 1196 Ecclesiarum
1069 1151 1122 1196 et
1169 1158 1354 1197 carum
1383 1144 1723 1197 sacerdotum

160 1235 360 1286 firmiter
386 1233 678 1295 custodita,
711 1250 819 1288 una
847 1243 903 1288 et
932 1233 1120 1288 eadem
1167 1232 1296 1290 fides
1325 1250 1484 1303 quam
1527 1243 1726 1287 sancta:

159 1334 362 1393 quatuor
404 1323 598 1394 synodi
637 1323 900 1378 confessa:
946 1333 1092 1386 sunt,
1123 1325 1322 1378 sanctis
1350 1323 1440 1377 Dei
1471 1323 1726 1378 Ecclc-iis

159 1412 468 1481 put-dicetur.
507 1411 604 1465 llis
637 1412 708 1464 ita
739 1428 840 1482 pro
872 1411 1121 1465 firmitate
1162 1419 1464 1464 sanctarum
1493 1421 1727 1482 quatuor

158 1499 454 1570 synodorum
485 1499 603 1553 Deo
644 1500 882 1568 propitio
923 1517 1020 1569 per
1045 1516 1142 1554 nos
1169 1499 1321 1556 factis
1354 1509 1410 1556 et
1435 1501 1728 1556 obtinenti-

159 1592 241 1643 bus
267 1591 314 1642 in
341 1599 534 1644 sancta
581 1589 672 1644 Dei
718 1589 979 1651 Ecclesia,
1025 1589 1256 1644 Nestorii
1304 1607 1562 1660 sequaces
1603 1609 1725 1662 p70-

159 1684 304 1750 priam
330 1683 666 1752 impietatem
696 1682 971 1750 applicare
1001 1683 1241 1737 volentes
1281 1693 1477 1738 sancta:
1509 1683 1600 1737 Dei
1629 1683 1728 1738 Ec-

1824 509 1946 563 dem
1973 509 2202 563 confessi
2233 511 2380 574 estis,
2423 519 2478 565 et
2525 512 2738 581 impiam
2787 515 3203 569 condemnastis.
3254 515 3402 582 Quo-

1825 601 1966 653 niam
1997 617 2125 655 vero
2153 609 2208 654 et
2253 611 2372 670 post
2412 603 2914 659 condemnationem
2941 621 2971 659 a
3006 607 3157 661 vobis
3186 606 3402 674 factam,

1826 689 1876 742 in
1917 690 2118 743 eisdem
2171 690 2298 758 ipsis
2348 705 2659 762 permanent
2709 695 2948 762 quidam,
2999 695 3187 748 eadem
3239 698 3402 766 impia

1828 778 1925 831 tria
1956 779 2188 848 capitula
2218 779 2580 844 vindicantes,
2622 781 2742 835 ideo
2773 784 3079 838 vocavimus
3109 801 3202 840 vos
3225 787 3290 841 ad
3319 803 3407 841 re—

1825 871 1962 937 giam
2007 870 2214 933 urbem,
2266 872 2544 925 hortantes
2591 874 2950 926 communiter
2997 877 3402 940 convenientes,

1825 974 1982 1026 quam
2035 959 2245 1012 habetis
2288 977 2384 1028 pro
2434 961 2516 1014 his
2568 963 2920 1026 voluntatem,
2965 965 3154 1018 iterum
3187 966 3410 1020 manife-

1825 1056 1988 1101 stare.
2018 1047 2212 1115 Vigilio
2233 1051 2375 1103 enim
2405 1059 2443 1086 ιιι
2475 1051 2879 1117 religiosissima
2907 1068 3058 1122 papm
3087 1055 3409 1122 antiquioris

1830 1133 2012 1187 Roma:
2041 1151 2162 1190 cum
2193 1142 2522 1206 pervenisset
2553 1140 2618 1192 ad
2648 1141 2783 1195 hanc
2815 1142 3012 1208 regiam
3043 1143 3315 1197 civitatem
3348 1155 3404 1209 η,

1829 1224 1896 1277 de
1929 1225 2096 1279 tribus
2125 1227 2372 1295 capitulis
2409 1228 2676 1282 subtiliter
2703 1231 2881 1283 omnia
2930 1230 3404 1296 manifestavimus,

1829 1322 1885 1366 et
1906 1314 2354 1382 interrogavimus
2383 1331 2502 1370 eum
2531 1318 2656 1386 quid
2681 1321 2820 1388 sapit
2857 1319 2924 1374 de
2962 1321 3065 1376 hoc
3094 1319 3219 1393 [hac
3248 1337 3410 1378 causa

1826 1404 1986 1476 sapit]
2019 1423 2032 1457 :
2067 1417 2120 1460 et
2146 1407 2258 1474 ipse
2291 1423 2395 1461 non
2425 1409 2611 1472 semel,
2647 1425 2745 1464 nec
2772 1411 2874 1477 bis,
2904 1412 2998 1466 sed
3027 1413 3187 1466 etiam
3217 1414 3414 1482 smpius

1830 1495 1881 1548 in
1929 1495 2142 1566 scriptis
2187 1504 2212 1533 ο
2257 1497 2732 1552 anathematizavit
2786 1499 2946 1570 impia
2998 1502 3096 1555 tria
3151 1504 3408 1572 capitula.

1827 1583 1982 1650 Quod
2019 1601 2148 1640 vero
2202 1587 2438 1655 ejusdem
2497 1589 2786 1645 voluntatis
2813 1606 3026 1660 semper
3054 1591 3151 1646 fuit
3176 1593 3244 1646 de
3281 1610 3414 1647 cou-

1827 1675 2168 1733 demnatione
2223 1681 2381 1733 trimn
2443 1683 2844 1750 capitulorum,
2911 1691 2966 1738 et
3023 1699 3118 1754 per
3182 1685 3408 1754 plurima

161 1771 329 1832 desim,
360 1779 414 1824 et
441 1787 551 1824 non
585 1780 854 1840 ponentes
899 1771 1000 1826 hoc
1049 1787 1142 1842 per
1181 1773 1478 1825 Nestorium
1523 1770 1722 1839 facere,
1759 1787 1800 1844 Β
1827 1769 1931 1822 alia
1994 1769 2316 1838 declaravit,
2375 1782 2430 1827 et
2483 1789 2582 1842 per
2639 1775 3146 1829 condemnationem
3207 1775 3412 1830 Rustici

163 1862 524 1916 festinaverunt
552 1877 678 1915 eam
709 1861 1054 1918 inuolucere
1083 1879 1177 1932 per
1207 1862 1547 1916 Theodorum
1577 1861 1726 1930 Mop—

164 1962 439 2008 suestetmm
455 1953 742 2008 doctorem
765 1953 1016 2017 Nestorii,
1039 1955 1128 2022 qui
1153 1955 1315 2008 multa
1342 1953 1523 2023 pejora
1547 1953 1732 2008 Nesto-

168 2046 235 2098 rio
258 2043 673 2112 blasphemavit,
703 2050 760 2096 et
784 2058 948 2112 super
979 2043 1108 2096 alias
1145 2043 1559 2097 innumerabiles
1605 2059 1728 2096 suas

167 2136 496 2214 blaSphemias
525 2143 726 2190 contra
755 2135 1026 2189 Christum
1059 2136 1222 2188 Deum
1255 2142 1496 2188 nostrum
1541 2133 1724 2198 factas,

171 2230 306 2280 alium
331 2227 462 2280 dixit
491 2226 670 2280 Deum
714 2225 983 2291 Verbum,
1035 2226 1194 2278 alium
1235 2224 1508 2280 Christum
1541 2235 1586 2291 ⁸,
1630 2241 1729 2280 nec

170 2335 256 2372 non
280 2327 331 2369 et
356 2333 450 2386 per
476 2318 651 2386 impia
679 2316 983 2388 conscripta
1015 2315 1358 2380 Theodoreti,
1392 2331 1511 2384 qua:
1541 2326 1726 2370 contra

172 2416 342 2462 rectam
374 2407 528 2461 tidem
565 2415 628 2459 et
652 2405 976 2474 Ephesinam
1017 2407 1242 2474 primani
1293 2414 1532 2460 sanctam
1576 2421 1732 2476 syno-

171 2501 295 2564 dum,
321 2507 371 2551 et
399 2507 595 2552 contra
629 2505 832 2550 sanctae
861 2497 1131 2549 memoria!
1157 2496 1412 2567 Cyrillum
1445 2503 1500 2548 et
1528 2496 1730 2548 duode-

171 2588 258 2641 ciin
282 2588 389 2656 ejus
411 2587 657 2658 capitula
689 2587 959 2656 exposuit,
1003 2595 1058 2640 et
1102 2587 1320 2656 insuper
1359 2586 1670 2642 sceleratam
1708 2583 1725 2622 τ

174 2681 459 2749 epistolam,
513 2696 688 2750 quam
749 2679 948 2734 dicitur
998 2679 1116 2734 ibas
1171 2679 1235 2732 ad
1290 2679 1454 2733 Mario
1513 2679 1727 2732 Persam

173 2772 435 2841 scripsisse,
467 2786 596 2840 quae
641 2770 802 2839 plena
833 2777 916 2825 est
954 2770 1098 2824 omni
1141 2770 1416 2838 impietate
1464 2767 1728 2823 Theodori

174 2869 218 2911 et
240 2858 475 2913 Nestorii.
515 2858 627 2912 Per
655 2845 796 2912 lianc
838 2857 1035 2912 etenim
1067 2858 1282 2926 impiam
1313 2857 1592 2926 epistolam
1625 2873 1728 2910 non

175 2949 322 3002 solum
350 2949 715 3018 impietatem,
743 2947 838 3002 sed
867 2948 1029 3002 etiam
1059 2948 1202 3016 ipsas
1253 2961 1506 3016 personas
1552 2945 1730 3000 Theo-

175 3038 362 3092 doriict
389 3038 658 3101 Nestorii,
691 3052 827 3106 quas
856 3038 1089 3090 maxime
1138 3037 1319 3090 laudat
1367 3036 1621 3108 [vindicat
1667 3053 1731 3090 ea:

176 3143 216 3181 ι’.
239 3126 368 3198 .lolyj
397 3137 448 3182 et
469 3128 692 3196 judieat
720 3136 744 3174 II
768 3144 783 3191 ;
817 3126 1004 3182 eadem
1049 3125 1208 3197 impia
1237 3127 1482 3196 epistola,
1516 3125 1731 3180 festina-
1760 3137 1806 3201 ρ

177 3227 342 3270 verunt
388 3217 902 3272 condemnationem
943 3217 968 3254 ιι
1021 3218 1276 3280 liberare,
1329 3218 1568 3271 dicentes
1611 3233 1730 3272 eam

176 3317 446 3376 susceptam
472 3325 601 3364 esse
630 3325 660 3362 a
687 3318 873 3364 saneta
901 3308 1325 3363 Cbalcedonensi
1365 3307 1589 3380 synodo.
1622 3308 1734 3363 lloc

178 3407 332 3452 autem
356 3400 536 3454 dicunt
563 3415 681 3454 non
712 3414 812 3468 pro
839 3398 1148 3453 defensione
1177 3407 1374 3453 sanctae
1402 3399 1610 3470 synodi,
1640 3397 1732 3452 sed

179 3492 366 3543 nomine
403 3491 539 3558 ejus.
570 3491 718 3544 sicut
748 3497 959 3559 putant,
1004 3503 1154 3542 suam
1185 3489 1514 3558 impietatem
1541 3487 1737 3542 contir-

179 3593 302 3632 niare
326 3577 666 3633 festinantes.
702 3576 922 3632 Certum
953 3585 1130 3631 autem
1161 3585 1263 3642 est,
1293 3577 1438 3646 quod
1467 3576 1626 3646 impia
1657 3577 1735 3630 in-

179 3669 324 3721 lentio
345 3676 424 3722 est
452 3669 552 3723 ista
581 3667 1003 3733 vindicantium,
1031 3677 1087 3721 ut
1126 3669 1172 3722 si
1205 3667 1283 3722 eis
1313 3669 1552 3722 evenerit
1581 3707 1596 3734 ,
1629 3684 1734 3722 non

179 3759 472 3827 praedicetur
520 3760 667 3814 Deus
717 3759 951 3815 Verbum
997 3760 1159 3813 homo
1202 3769 1420 3814 sanctus
1458 3773 1594 3824 esse,
1639 3775 1738 3814 nec

178 3861 337 3901 sancta
365 3851 600 3918 gloriosa
645 3849 811 3919 Virgo
855 3849 1019 3904 Maria
1055 3849 1071 3887 ί
1109 3849 1200 3904 Dei
1226 3851 1456 3918 genitrix
1486 3849 1740 3920 praedice-

179 3946 270 3993 tur.
297 3939 415 3996 llmc
457 3942 603 3997 enim
637 3941 958 3996 Theodorus
981 3949 1035 3996 ct
1064 3939 1340 3996 Nestorius
1376 3941 1429 3996 in
1468 3941 1579 3997 suis
1610 3956 1740 3996 con-

179 4029 368 4097 scriptis
411 4030 577 4101 impie
619 4038 1008 4100 exposuerunt,
1053 4039 1108 4085 ct
1149 4031 1240 4100 qui
1285 4031 1564 4101 epistolam
1608 4031 1741 4086 scri-

179 4119 284 4184 ρήι,
305 4119 355 4172 in
377 4135 437 4174 ea
464 4121 810 4190 blasphemat
837 4121 882 4174 ἱ.
907 4121 1014 4176 Nos
1040 4121 1201 4190 igitur
1217 4131 1502 4191 sequentes
1526 4131 1741 4177 sanctos

181 4208 433 4280 Patres,et
462 4213 712 4268 volentes
741 4221 943 4268 rectam
975 4213 1130 4266 Iidem
1161 4213 1276 4268 sine
1291 4212 1738 4284 quadam[Forte,

183 4303 360 4376 aliqua]
390 4307 596 4360 macula
630 4307 684 4360 in
716 4306 812 4360 Dei
840 4305 1080 4360 ecclesiis
1103 4306 1377 4375 puedicari
1406 4304 1450 4370 ⁵⁵,
1476 4314 1531 4360 et
1552 4307 1742 4376 impio-

183 4406 284 4444 rum
310 4403 559 4447 conatum
591 4408 860 4456 resecare,
893 4394 1120 4462 primum
1148 4393 1361 4461 quidem
1389 4403 1445 4448 et
1471 4394 1524 4448 in
1553 4395 1744 4449 vestris

182 4495 268 4534 vos
295 4481 548 4551 degentes
578 4481 826 4537 ecclesiis
855 4483 1296 4550 interrogavimus
1324 4483 1392 4538 de
1419 4483 1686 4553 praedictis
1719 4481 1738 4522 ι

183 4571 338 4641 impiis
365 4575 533 4628 tribus
565 4573 842 4643 capitulis,
884 4582 938 4628 et
965 4582 1198 4628 vestram
1231 4574 1386 4628 nobis
1410 4575 1742 4630 voluntatem

185 4665 496 4722 manifestam
529 4665 754 4731 fecistis,
786 4680 884 4737 pro
911 4681 1015 4736 qua
1045 4673 1098 4721 et
1120 4665 1586 4738 comprobavimus
1615 4681 1745 4735 vos,

248 4844 270 4873 ⁸
299 4835 490 4904 Paris.,
519 4837 718 4893 sanctis
750 4837 888 4891 aliis.

247 4905 271 4942 δ
301 4905 593 4976 Bellorum,
627 4915 676 4960 et
704 4907 1017 4976 composita;
1043 4913 1098 4959 et
1124 4921 1269 4970 mox,
1302 4915 1603 4960 consonent.

249 4984 271 5012 ε
301 4975 496 5030 Vocem
519 4980 597 5029 sic
620 4986 833 5030 veteres
859 4975 977 5030 libri
999 4992 1106 5030 non
1131 4983 1444 5043 agnoscunt,
1467 4991 1641 5045 neque
1661 4991 1754 5032 ve-

189 5053 316 5097 teres
340 5047 633 5101 editiones.

249 5113 271 5149 ἀ
304 5113 634 5180 Legendum,
662 5115 717 5168 in
757 5117 950 5170 sanctis
981 5113 1079 5169 Dei
1102 5112 1371 5170 Ecclesiis.
1399 5113 1648 5168 Mendum
1672 5123 1754 5169 est

189 5183 616 5302 typographicum
645 5183 894 5238 editionis
915 5184 1211 5240 Labbcanze
1234 5201 1252 5238 :
1275 5185 1361 5239 hic
1388 5193 1470 5240 est
1495 5185 1751 5239 emenda-

213 5267 310 5302 um.

255 5331 276 5358 ο
308 5321 525 5378 Veteres
554 5321 700 5386 libri,
731 5331 782 5376 et
801 5323 960 5377 alium
989 5322 1264 5377 Christum.

259 5391 276 5428 ί
307 5390 604 5462 bellone...
638 5393 848 5462 insuper
872 5409 964 5462 per
989 5393 1310 5447 sceleratam.

256 5469 280 5506 ε
307 5460 526 5516 Veteres
553 5461 698 5522 libri,
722 5460 963 5515 vindicat.

255 5527 281 5564 ει
315 5529 611 5596 Bellovae,
645 5531 1088 5585 condcmnalione.
1121 5529 1311 5590 Paris,
1368 5547 1400 5584 a
1450 5529 1757 5584 condemna-

198 5599 319 5653 tione
339 5615 422 5653 eos
448 5598 696 5652 liberare.

266 5669 278 5704 ί
306 5668 632 5736 Legendum,
669 5668 894 5738 gloriosa
917 5685 1114 5739 semper
1136 5671 1294 5740 virgo.
1313 5669 1417 5726 ista
1443 5668 1757 5726 exciderunt

1827 1869 1880 1912 et
1935 1859 2234 1916 Sebastiani
2314 1865 2600 1933 aliquando
2676 1865 3028 1920 diaconorum
3095 1867 3414 1936 antiquioris

1830 1971 1842 2001 ί
1871 1971 2030 2018 [inmte
2051 2010 2065 2030 ,
2089 1975 2228 2033 cujus
2264 1979 2408 2022 etiam
2429 1977 2586 2025 chiro-

1827 2039 2006 2091 grapha
2032 2038 2156 2091 apud
2187 2049 2272 2081 llth
2295 2051 2424 2084 cons:
2446 2051 2584 2084 rvau-

1828 2101 1878 2158 t_u
1898 2111 1924 2158 -τ
1957 2094 2010 2140 lit
2037 2099 2278 2158 posthaec
2315 2098 2429 2145 fuat
2460 2101 2586 2158 quod

1826 2154 2007 2218 di~-it_ur
2071 2155 2342 2204 Judicaum
2391 2171 2403 2205 :
2460 2154 2588 2218 quod

2662 1978 2845 2031 Roma:
2874 1997 2886 2031 :
2918 1981 3008 2047 qui
3037 1996 3156 2034 cum
3182 1983 3409 2048 primum

2660 2049 3018 2115 SIIS09[)i\St}lll
3042 2048 3233 2103 factum
3257 2053 3324 2104 ab
3348 2068 3415 2104 eo

2661 2117 2984 2179 Judicatum,
3003 2120 3052 2171 in
3075 2134 3180 2187 quo
3192 2122 3416 2175 anathe-

1827 2216 2050 2278 omnibus
2065 2219 2396 2278 sacerdotibus
2407 2220 2466 2265 ab
2480 2216 2591 2278 ipso

1829 2275 2012 2322 editum
2059 2276 2260 2324 manifes
2284 2293 2362 2326 um
2415 2275 2589 2326 factum

1830 2344 1930 2388 est.
1957 2345 2212 2400 etparner
2264 2351 2292 2384 n
2334 2352 2392 2386 eo
2419 2341 2588 2400 prtcdi.

1828 2405 1933 2443 cata
1956 2398 2140 2459 (Forte,
2177 2417 2184 2449 l
2206 2398 2427 2458 medietai
2449 2402 2526 2459 itnj
2546 2401 2590 2446 ia

1827 2457 2032 2515 capitula
2057 2473 2128 2504 an:
2149 2457 2475 2510 tbematiravit
2518 2457 2594 2508 ius

1832 2520 1998 2585 verbis
2023 2533 2036 2566 τ
2060 2521 2113 2566 El
2133 2519 2356 2585 qapniam
2390 2521 2463 2570 his
2489 2533 2592 2585 rer-

1833 2576 1903 2638 (ἠδ
1945 2592 2055 2638 qua:
2107 2576 2238 2628 nobis
2291 2583 2354 2630 de
2409 2580 2597 2630 nomine

1838 2634 2076 2689 Theodori
2115 2641 2430 2702 Mapsttesteui
2470 2641 2595 2692 soli-

1830 2707 1910 2760 pta
1933 2710 2152 2768 porrerta
2171 2711 2298 2768 sunt,
2317 2703 2466 2768 multa
2485 2716 2594 2752 cov-

1833 2769 1925 2806 tra:
1940 2763 1988 2809 ia
1999 2769 2145 2810 recta!
2161 2763 2274 2822 ﬁdei
2287 2766 2498 2822 relegunt
2533 2779 2558 2812 r
2574 2775 2593 2813 :

1831 2833 1864 2867 η
1886 2834 1917 2868 τε
1956 2822 2131 2886 monita
2169 2823 2322 2886 Pauli
2352 2834 2596 2886 manentes

1829 2883 2028 2945 apostoli
2044 2885 2270 2942 docentis,
2295 2883 2437 2934 Omni
2455 2905 2464 2931 ι
2485 2900 2596 2945 pro-

1835 2944 1976 3005 bate,
2001 2946 2130 3005 quod
2164 2947 2340 2996 bonum
2367 2953 2441 2996 est
2476 2948 2596 2994 reti-

1835 3004 1986 3052 nete:
2005 3004 2206 3066 ideoque
2221 3006 2538 3056 anathemati:
2559 3024 2596 3045 '-

1834 3077 1942 3128 τηυξ
1994 3066 2294 3128 Tlteodormn
2315 3105 2328 3128 ,
2377 3069 2459 3128 qui
2503 3067 2592 3126 fuit

1841 3124 2148 3197 .tlojzsnrstia'.
2180 3124 2448 3197 cpiscopus,
2470 3124 2596 3197 rum

1835 3188 1978 3233 munit
1993 3199 2048 3251 n.-
2073 3188 2170 3251 suis
2195 3188 2352 3249 impiis
2381 3188 2593 3251 scriptis,

1835 3253 1878 3316 et
1920 3245 2288 3316 ηιιὶιυὶηιίὶσηηὶ⁸
2311 3261 2432 3316 cuin.
2462 3245 2536 3297 An
2559 3245 2594 3316 :5-

1835 3306 2189 3370 tltentatizamns
2209 3317 2254 3358 et
2274 3309 2468 3370 impiam
2492 3308 2596 3369 epi-

1833 3381 1858 3418 s
1877 3367 2002 3417 olunt
2024 3382 2131 3431 qua:
2152 3373 2216 3418 ad
2255 3367 2430 3420 Marini
2471 3367 2599 3420 Per-

1835 3441 1938 3502 eam
1959 3439 2139 3502 εει-τρια
2161 3443 2262 3481 esse
2297 3433 2356 3480 ab
2394 3433 2484 3502 (ba
2505 3432 2599 3502 _di-

1835 3500 1960 3540 citur
1981 3530 1994 3550 ,
2039 3500 2264 3552 tanqwtm
2305 3500 2600 3544 contrariam

1836 3561 1982 3601 rrctw
2006 3551 2378 3616 Christianorum
2394 3553 2534 3616 fidei,
2553 3562 2600 3616 et

1837 3623 1998 3661 omnes
2022 3613 2104 3676 qui
2125 3613 2502 3676 eanrtviurticant,
2521 3613 2602 3676 iret

1836 3680 2018 3721 rectam
2035 3674 2152 3722 esse
2187 3674 2361 3725 dicunt.
2390 3675 2597 3726 Anothe-

1836 3731 2116 3796 matiamms
2139 3742 2183 3784 et
2223 3737 2404 3796 scripta
2446 3737 2600 3786 Theo-—

1837 3792 1990 3855 (tereti
2013 3831 2026 3855 ,
2068 3807 2176 3853 quae
2215 3792 2380 3846 contra
2419 3804 2599 3847 rectam

1837 3853 1988 3916 [idem
2013 3853 2065 3916 et
2097 3857 2353 3916 duodecim
2391 3858 2601 3916 capitulo

1837 3914 1989 3979 sancti
2013 3915 2181 3979 σεινίΗί
2199 3916 2376 3979 scrith
2393 3914 2516 3969 sunt.
2545 3919 2599 3966 Et

1841 3976 1946 4024 haec
1959 3976 2166 4041 quidem
2191 3980 2239 4025 in
2259 3976 2321 4041 ea
2347 3992 2458 4041 quae
2479 3981 2601 4028 dici-

1841 4042 1919 4084 Ittr
1942 4037 2222 4088 ludicalum
2257 4037 2436 4088 inserta
2469 4046 2583 4090 illul

1843 4097 2077 4162 Putemus
2119 4105 2281 4147 autem
2333 4101 2460 4162 quod
2509 4114 2603 4152 nec

1840 4155 1934 4205 hoc
1959 4162 2327 4223 vestram_latltit
2353 4155 2604 4223 religiosi-

1842 4225 2010 4280 tatem.
2030 4221 2156 4280 quod
2172 4220 2420 4270 Rusticum
2442 4220 2488 4270 et
2509 4225 2602 4271 Se-

1842 4279 2110 4345 bastianum
2133 4295 2158 4329 s
2178 4294 2245 4330 ιος
2265 4283 2491 4332 diaconos
2507 4323 2522 4345 ,
2551 4292 2604 4335 et

1842 4340 1966 4406 alios
1987 4340 2212 4399 clericos,
2229 4345 2310 4402 qui
2329 4357 2482 4406 primo
2497 4340 2562 4406 qu
2583 4370 2604 4382 -

1841 4402 1954 4466 dum
1978 4411 2302 4464 sust-cperunt
2323 4405 2449 4466 quod
2488 4402 2604 4454 fecit

1845 4459 2150 4525 Judieatum';
2178 4467 2224 4513 in
2249 4459 2366 4526 quo',
2389 4469 2511 4515 sic-ut
2527 4467 2605 4515 di-

1845 4531 1976 4570 ctum
2023 4533 2137 4581 est,
2192 4529 2606 4578 anatbetnatimvit

1847 4585 2017 4632 eadem
2039 4587 2176 4646 impia
2193 4587 2415 4646 copl'ula;
2436 4599 2603 4646 nomen

1848 4657 1967 4692 vero
1985 4663 2000 4690 κ
2014 4646 2240 4694 indicarat
2263 4656 2280 4695 t
2301 4657 2351 4695 et
2366 4647 2604 4696 defende-

1850 4711 1964 4755 runt
2001 4709 2173 4756 eadem
2215 4709 2355 4770 impia
2379 4711 2604 4770 capitula,

1855 4843 1907 4898 in
1946 4843 2182 4900 editione
2213 4844 2516 4900 Labbeana.

1931 4913 1952 4996 il
1977 4912 2170 4996 Daris"
2222 4915 2624 4996 illasphemaltat.

2664 2188 2938 2240 matizavit
2953 2188 3136 2240 eadem
3155 2189 3312 2257 impia
3327 2207 3416 2243 ea-

2663 2257 2850 2326 pitula,
2867 2265 3050 2324 postea
3063 2269 3416 2326 susceperunt

2663 2325 2718 2380 et
2737 2325 3089 2378 defenderunt
3108 2325 3293 2380 eorum
3322 2329 3416 2380 im-

2703 2395 2940 2448 ielatem.
2971 2395 3075 2448 Sed
3106 2397 3268 2448 etiam
3315 2397 3417 2449 Va-

2685 2464 3246 2536 entinianoepiscopo
3283 2464 3417 2536 Sey.

2666 2534 2811 2589 tltixr...
2853 2541 2908 2586 et
2952 2533 3242 2587 Aureliano
3277 2533 3414 2588 Are-

2669 2602 2786 2660 lati,
2816 2617 2934 2669 quae
2955 2611 3050 2670 est,
3065 2603 3232 2670 prima
3259 2620 3418 2658 sanc-

2669 2672 2990 2724 tissimarum
3022 2669 3204 2726 Callia:
3233 2672 3420 2728 Recte--

2671 2741 2892 2804 siarum,
2919 2741 3134 2809 scripsit
3155 2751 3209 2794 et
3247 2745 3417 2796 mani-

2669 2810 2878 2863 festavit
2892 2811 2957 2863 de
2973 2811 3418 2866 condemnatione

2667 2880 2891 2933 istorum
2937 2879 3289 2946 capitulorum
3320 2899 3332 2932 :
3364 2890 3418 2934 ct

2666 2949 2922 3019 praecepit
2950 2949 3027 3019 eis
3073 2950 3201 3002 nihil
3248 2951 3416 3004 susci-

2669 3018 2795 3086 pere
2825 3018 2965 3086 quod
2989 3032 3018 3070 a
3045 3020 3414 3074 condemnatis

2663 3087 2906 3140 diaconis
2965 3088 3218 3142 scribitur
3281 3105 3415 3144 conv

2664 3157 2882 3209 trarium
2913 3157 3170 3224 prmdicto
3197 3155 3405 3212 iudiea-

2665 3233 2720 3277 to
2745 3241 2760 3277 :
2783 3233 2837 3277 et
2859 3227 3237 3292 compendiose
3265 3227 3413 3279 dice-

2666 3309 2746 3354 re,
2778 3309 2992 3362 semper
3026 3293 3077 3346 in
3107 3294 3292 3348 eadem
3323 3311 3419 3348 vo-

2669 3363 2870 3416 luntate
2918 3364 3299 3431 perseveravit.
3355 3364 3420 3418 Et

2669 3432 2782 3487 inec
2804 3433 2980 3502 omnia
3002 3449 3099 3502 per
3116 3449 3268 3502 suum
3285 3442 3416 3487 tem-

2666 3516 2767 3571 pus
2815 3501 2968 3555 vobis
3005 3501 3283 3556 manifesta
3337 3502 3416 3556 fa-

2667 3571 2889 3626 cienms.
2933 3571 3193 3636 Quoniam
3231 3587 3361 3627 vero
3393 3584 3415 3621 [ι

2667 3650 2876 3710 postea,
2915 3656 3034 3710 cum
3082 3643 3418 3709 pervenisse-

2671 3709 2756 3770 tis.
2798 3710 2934 3765 sicut
2979 3709 3178 3764 dictum
3220 3719 3322 3776 est,
3353 3711 3418 3764 ad

2671 3780 2810 3832 hanc
2855 3779 3056 3843 regiam
3113 3780 3418 3843 civitatem,

2668 3819 2871 3916 ζέἳὲιῖιᾱ
2885 3819 3056 3902 Ἑιῖίέ
3097 3819 3419 3904 sariat}:

2671 3917 2842 3970 vicem
2864 3929 2893 3968 a
2915 3925 3090 3970 vestra
3114 3918 3416 3980 sanctitate,

2671 3993 2728 4039 et
2748 3999 2776 4038 a
2802 3984 2989 4052 Vigilio
3018 3986 3417 4054 religiosissimi)

2671 4068 2807 4124 papa
2853 4055 3191 4124 antiquioris
3215 4055 3418 4119 Retine,

2671 4123 2731 4178 ut
2758 4139 2944 4178 omnes
2971 4139 3067 4177 vos
3109 4123 3238 4178 uniti
3289 4141 3420 4179 con-

2669 4193 2921 4258 veniatis,
2946 4203 3002 4247 et
3029 4202 3248 4262 propter
3298 4195 3418 4246 illos

2672 4264 2760 4334 qui
2789 4265 2900 4334 sive
2921 4279 2985 4316 ex
3011 4263 3328 4334 ignorantia,
3351 4264 3421 4314 si-

2673 4332 2740 4388 ve
2785 4333 3046 4399 scientia,
3095 4332 3421 4402 impietatem

2673 4402 3045 4471 capitulorum,
3085 4401 3370 4455 defendunt
3399 4443 3414 4463 ,

2673 4469 2967 4539 congruum
3028 4469 3286 4538 judicium
3347 4471 3424 4524 eis

2673 4555 2792 4608 Qua:
2813 4555 2841 4594 a
2863 4540 3309 4609 sanctisquatuor
3335 4557 3423 4609 sy-

2675 4609 2830 4664 nodis
2901 4624 3000 4678 pro
3057 4608 3158 4664 [ide
3204 4608 3421 4664 definita

2674 4688 2819 4744 sunt,
2845 4676 3126 4748 proferatis
3152 4695 3168 4746 ;
3201 4679 3423 4734 manda-

1931 4981 1953 5056 ξ
1982 4983 2205 5056 Veteres
2216 4981 2366 5056 libri,
2402 4987 2706 5056 praedicare.

1935 5050 1952 5089 ι
1980 5050 2172 5126 Raris“
2207 5050 2456 5126 interrog.
2480 5065 2529 5109 et
2557 5056 2620 5109 de
2644 5055 2923 5126 prrtrdictis.

1929 5130 1968 5158 ω
1989 5122 2306 5191 Conjunctio
2329 5121 2482 5178 deest
2507 5127 2555 5178 in
2587 5121 2774 5180 eodem
2798 5126 2934 5179 libro
2966 5123 3132 5178 Paris.

1932 5199 1959 5227 ι’
1990 5190 2184 5274 Daris"
2203 5190 2399 5274 “Roma:
2421 5196 2640 5274 senioris
2668 5210 2780 5274 cum
2816 5195 3118 5274 adregiam.
3161 5209 3422 5274 pervenis-

1858 5269 1954 5334 set,
1986 5261 2050 5314 de
2071 5261 2331 5334 praedictis
2358 5263 2530 5334 tribus
2569 5265 2738 5334 impiis
2782 5261 3018 5332 capitulis
3037 5261 3290 5334 subtiliter
3306 5281 3427 5334 70m-

1860 5331 2006 5402 nibus
2050 5332 2420 5399 manifestatis,
2446 5342 2516 5402 fet
2569 5331 2990 5402 int'errogaeimus
3035 5345 3149 5382 eum
3191 5333 3314 5396 quid
3365 5334 3428 5387 de

1853 5399 1950 5472 hac
1977 5415 2133 5452 causa
2153 5401 2324 5472 sapit;
2349 5411 2398 5454 et
2436 5401 2544 5472 ipse
2583 5417 2686 5454 non
2724 5399 3096 5472 sémcltantum
3139 5415 3298 5472 neque
3325 5403 3426 5470 bis,

1855 5468 1946 5540 sed
1969 5477 2019 5540 et
2037 5469 2226 5540 sa'pias
2263 5471 2316 5522 in
2354 5468 2563 5540 scriptis,
2575 5485 2728 5540 quam
2755 5471 2864 5522 sine
2893 5469 3094 5538 scriptis
3122 5468 3424 5526 uiuitltemaé-

1857 5539 2033 5608 tizarjt
2058 5537 2216 5608 impia
2246 5545 2348 5608 tina
2374 5537 2618 5608 capitula.

1929 5617 1952 5642 ο
1979 5606 2182 5680 Dellov.
2215 5606 2444 5680 eteditt,‘
2466 5609 2516 5660 in
2547 5609 2750 5680 scriptis
2772 5619 2820 5662 et
2838 5608 2951 5664 sine
2975 5610 3199 5680 scriptis.

1931 5686 1957 5724 r
1979 5675 2200 5731 Veteres
2227 5677 2367 5746 libri,
2398 5675 2658 5741 Quoniam
2675 5693 2806 5733 rere.

267 5777 282 5807 ¹
309 5774 379 5830 Es
409 5791 512 5830 ms.
540 5774 668 5829 cod.
700 5772 868 5830 Paris.
908 5775 1110 5836 Claudii
1142 5776 1262 5848 Joly
1289 5793 1408 5834 can.
1441 5785 1496 5832 et
1528 5779 1762 5834 cantoris
1789 5779 1932 5837 Eccl.
1968 5783 2133 5838 Paris.
