3986 6360
131 299 198 354 E7
1364 297 1720 354 EPISTULE
1760 297 1842 351 ET
1883 296 2216 351 DECllETA.
3337 301 3404 352 38

129 410 515 480 muntquidam
529 407 1098 478 dicere,etepistolam
1109 422 1227 480 qum
1239 409 1544 480 praedictam
1557 408 1737 478 impie-
1767 412 1812 468 Α
1846 407 2125 462 riosissimi
2153 407 2478 463 Childcberti
2509 407 2839 464 Francorum
2867 422 3007 478 regis
3031 409 3332 465 Christiana
3354 423 3405 468 et

131 511 297 556 tatem
331 502 578 557 continet
608 507 923 568 susceptam
961 515 1083 556 esse
1111 515 1142 554 a
1167 497 1589 554 Chalcedonensi
1611 513 1737 552 san-

129 601 220 647 cto
236 603 255 624 ‘
270 591 533 656 concilio,
548 591 830 644 hortamur
852 606 952 645 vos
972 590 1218 645 conferre
1237 605 1300 645 ea
1315 605 1433 660 qua:
1449 588 1590 644 dicta
1611 597 1737 643 sunt

131 681 198 736 ab
226 681 423 736 eodem
444 687 636 737 sancto
666 681 908 735 concilio
938 681 994 734 in
1023 681 1338 734 deﬁnitione
1368 695 1468 749 pro
1499 675 1602 734 ﬁde
1632 694 1733 732 ex-

131 773 332 841 posita,
360 787 486 826 cum
515 772 597 824 his
617 785 737 839 qua:
766 770 820 824 in
865 771 1030 840 impia
1057 769 1284 838 epistola
1310 767 1337 806 δ
1367 769 1732 832 continentur,

132 874 188 917 ut
215 863 456 934 undique
485 871 636 917 recta
666 861 886 930 quidem
911 859 1317 925 conﬁrmentur,
1344 859 1505 928 impia
1553 867 1732 911 autem

130 954 586 1010 condemnentur.
609 951 798 1006 0.uuia
825 952 990 1018 igitur
1001 951 1253 1020 praedicta
1281 965 1402 1002 cum
1433 949 1578 1004 omni
1608 949 1735 1000 sub-

131 1045 322 1097 tilitate
344 1042 741 1110 disceptantes,
763 1040 906 1094 sicut
935 1039 1246 1094 sacerdotes
1275 1037 1448 1101 decet,
1472 1038 1524 1091 in
1554 1046 1734 1090 mente

133 1133 396 1186 habentes
427 1131 522 1184 Dei
555 1131 802 1182 timorem
837 1138 894 1182 et
935 1129 1169 1182 futurum
1197 1127 1482 1197 judicium,
1516 1137 1572 1180 et
1597 1127 1731 1180 nihil

132 1224 316 1292 pietati
345 1232 400 1274 et
432 1233 597 1276 recta:
648 1220 767 1274 ﬁdei
798 1229 854 1273 et
879 1219 1094 1272 veritati
1117 1225 1173 1271 et
1212 1217 1304 1270 Dei
1336 1217 1520 1284 gloriae
1545 1224 1598 1268 et
1637 1215 1732 1270 ho-

134 1313 249 1366 nori
293 1310 768 1382 prmponentesﬁn
795 1318 977 1362 mente
998 1317 1176 1361 autem
1215 1306 1476 1360 habentes
1521 1314 1575 1359 et
1603 1321 1734 1374 apo-

133 1401 382 1455 stolicam
409 1399 934 1469 pronuntiationem,
957 1412 1075 1466 quae
1095 1405 1279 1452 contra
1299 1411 1392 1450 eos
1414 1397 1505 1464 qui
1522 1407 1734 1449 contra-

134 1491 209 1542 ria
238 1499 406 1544 rectm
433 1489 555 1542 ﬁdei
591 1487 828 1550 tradunt,
853 1486 1065 1556 prolata
1089 1494 1192 1552 est,
1220 1484 1502 1539 manifeste
1549 1485 1733 1538 dicen-

135 1588 242 1634 tem
265 1597 280 1631 :
310 1577 467 1642 Quod
491 1579 608 1632 licet
632 1594 726 1631 nos
749 1577 824 1631 ecl
851 1577 1066 1644 angelus
1089 1577 1154 1630 de
1165 1577 1291 1629 eo’lo
1313 1575 1735 1645 euangelizaverit

81 1737 95 1746 ρ
134 1669 296 1734 nobis,
326 1681 522 1740 pneter
541 1686 694 1740 quant
710 1668 846 1738 quod
865 1668 1326 1738 evangelizaeinms
1349 1665 1488 1720 vobis
1524 1677 1568 1732 ο,
1597 1683 1733 1718 ana-

1841 497 1953 554 Deo
1992 499 2189 568 placita
2235 499 2288 553 in
2329 499 2660 568 perhibendo
2699 500 2852 556 vobis
2881 501 3190 558 testimonio
3215 503 3410 558 volun-

1837 597 1922 644 tas
1960 589 2208 644 accessit.
2236 588 2576 658 Quapropter
2603 589 2748 644 vices
2774 600 2988 645 nostras
3015 599 3207 646 vestra:
3234 592 3413 647 chari-

1837 681 1936 734 tati
1978 681 2079 735 hac
2109 683 2432 734 auctoritate
2469 680 2890 748 committimus,
2935 690 2993 735 ut
3023 682 3270 737 universa
3291 697 3414 752 qua:

1835 771 2180 826 dCCBSSOI‘Ulll
2228 780 2533 825 llOSlI‘OI‘lilll
2562 772 2648 825 vel
2677 786 2945 825 canonum
2973 782 3172 826 statuta
3215 788 3408 828 sanxe-
3471 777 3480 788 ’

1837 868 1984 925 runt,
2012 860 2121 914 Deo
2143 861 2393 929 congruis
2412 861 2665 929 operibus
2685 860 2927 914 faciendo
2943 869 3102 928 atque
3122 861 3405 927 servando,

1837 959 1891 1003 et
1919 959 2183 1015 nostrum,
2217 960 2273 1004 et
2299 951 2539 1020 prmdicti
2567 951 2786 1018 gloriosi
2814 951 2954 1017 regis
2977 951 3238 1019 judicium
3265 951 3406 1006 circa

1835 1037 2152 1093 charitatcm
2212 1047 2357 1093 tuam
2409 1050 2612 1096 rectum
2663 1038 2825 1094 fuisse
2877 1042 3051 1110 possis
3104 1041 3404 1096 ostendere.

1836 1131 2154 1184 Sanctarum
2184 1132 2326 1186 enim
2355 1132 2751 1200 Seripturarmn
2780 1149 2879 1186 nos
2909 1132 3070 1186 docet
3095 1133 3406 1198 auctoritas,

1835 1220 1960 1286 quia
1991 1219 2234 1275 Christus
2263 1219 2404 1276 Deus
2425 1221 2684 1276 Dominus
2703 1231 2759 1276 et
2785 1220 3035 1276 Salvator
3062 1231 3246 1278 noster
3265 1222 3411 1292 prius

1835 1311 2082 1364 universa
2111 1326 2230 1378 qua-
2252 1310 2392 1365 bona
2415 1320 2540 1365 sunt
2565 1310 2742 1366 facere
2768 1310 2956 1375 voluit,
2977 1325 3140 1378 quam
3168 1310 3366 1366 docere
3392 1331 3406 1368 :

1834 1401 2093 1468 scriptum
2125 1409 2207 1454 est
2233 1401 2375 1455 enim
2415 1419 2428 1454 :
2475 1399 2710 1454 Primum
2735 1402 2941 1471 quidem
2982 1417 3268 1454 sermonem
3313 1403 3410 1472 feci

1837 1494 1900 1547 de
1939 1494 2192 1560 omnibus,
2221 1512 2251 1549 ο
2295 1495 2572 1566 TheOpItile
2592 1535 2608 1561 ,
2650 1513 2764 1568 qua
2791 1499 2938 1567 coepit
2972 1497 3127 1551 Iesus
3157 1499 3326 1568 facere
3361 1509 3410 1552 et

1837 1588 2020 1642 docere
2055 1605 2214 1658 usque
2252 1588 2306 1640 in
2348 1589 2514 1654 diem,
2563 1606 2664 1659 qua
2702 1590 3008 1658 praecipiens
3044 1591 3292 1659 apostolis
3319 1606 3410 1658 per

1839 1677 2092 1747 Spiritum
2120 1689 2356 1732 sanctum
2395 1695 2520 1749 quos
2548 1680 2700 1746 elegit
2740 1689 3033 1749 assumptus
3069 1689 3144 1733 est
3182 1681 3317 1748 (Act.
3348 1679 3409 1747 l).

135 1762 306 1813 thema
331 1761 423 1814 sit.
459 1760 610 1813 Sient
651 1759 1011 1828 prtedia‘imns,
1043 1769 1091 1812 et
1121 1757 1271 1812 modo
1293 1760 1476 1811 iterum
1504 1757 1619 1810 dico
1650 1756 1735 1811 :si
1770 1777 1814 1835 Β
1838 1770 1971 1824 “om
1993 1771 2119 1838 quid
2153 1770 2552 1830 commonendo
2575 1770 2916 1825 Timotheum
2955 1770 3148 1825 docto.-
3173 1770 3410 1838 gentium

144 1853 258 1922 quis
312 1851 458 1905 robis
509 1850 938 1920 euangelizarerit
1001 1856 1187 1919 pra'ter
1236 1865 1389 1919 quam
1442 1848 1732 1916 accepistis,

139 1943 420 1994 anatlienm
442 1943 510 1994 sit
535 1941 738 2012 (Colat.
770 1941 833 2012 ι).
861 1940 1104 1995 Scicntes
1127 1949 1308 1996 autem
1335 1949 1386 1994 et
1431 1938 1574 1993 Petri
1605 1955 1734 2008 apo-

139 2033 261 2086 stoli
314 2043 648 2100 praeceptum
696 2032 964 2086 dicentis:
997 2030 1179 2084 Parati
1227 2048 1428 2099 semper
1467 2041 1627 2083 estote
1668 2029 1736 2082 ad

140 2121 558 2190 satisfactionem
609 2121 752 2174 omni
781 2122 970 2189 petenti
1006 2137 1094 2174 vos
1141 2121 1395 2172 rationem
1425 2120 1486 2171 de
1507 2136 1594 2187 spe
1624 2135 1738 2188 qua:

142 2210 194 2262 in
212 2209 355 2263 robis
370 2219 448 2262 est
472 2208 528 2270 (1
553 2211 700 2264 Petr.
717 2212 820 2276 ut);
847 2210 1098 2264 celeriter
1112 2209 1178 2264 dc
1200 2209 1281 2265 his
1297 2226 1414 2279 quae
1438 2211 1735 2278 interroga-

143 2304 334 2368 n'mus,
356 2313 599 2357 vestram
657 2303 1003 2358 manifestato
1051 2303 1404 2358 voluntatem.
1431 2301 1564 2356 Cum
1595 2302 1736 2356 enim

142 2393 232 2461 qui
262 2392 332 2447 de
377 2401 530 2448 recta
589 2392 696 2448 ﬁde
741 2396 1124 2464 interrogatur,
1153 2394 1242 2449 diu
1265 2394 1569 2464 protrahit;
1601 2394 1735 2448 nihil

143 2484 284 2537 aliud
325 2493 408 2538 est
429 2484 533 2538 nisi
579 2485 870 2555 abnegatio
898 2495 1058 2540 recta:
1088 2486 1463 2542 confessionis.
1489 2486 1546 2539 lu
1577 2486 1744 2540 inter—

144 2572 517 2640 rogationibus
570 2573 716 2628 enim
774 2582 830 2628 et
886 2574 1156 2644 responsis
1204 2589 1323 2645 ane
1351 2575 1418 2631 de
1465 2575 1567 2631 ﬁde
1591 2585 1736 2640 sunt,

145 2679 250 2716 non
295 2671 380 2719 est
419 2663 631 2734 primus
657 2665 744 2718 vel
783 2665 1069 2732 secundus,
1099 2665 1192 2720 sed
1224 2666 1318 2734 qui
1351 2666 1404 2720 in
1433 2674 1582 2722 recta
1607 2682 1739 2721 con-

146 2752 387 2807 fossione
410 2754 654 2822 paratior
681 2755 954 2810 invenitur
975 2797 991 2822 ,
1020 2757 1370 2826 acccptabilis
1407 2757 1545 2828 apud
1575 2757 1740 2812 Deum

147 2850 253 2896 est.
285 2841 551 2897 Diviuitas
603 2860 702 2900 vos
757 2852 940 2900 servet
978 2860 1076 2914 per
1101 2845 1301 2901 multos
1345 2861 1535 2910 annos,
1568 2846 1741 2903 sancti

144 2947 208 2987 ac
255 2933 650 3002 religiosissimi
701 2943 903 3006 patres.
935 2934 1125 2990 Datum
1154 2935 1178 2973 ά
1211 2953 1264 2991 iv
1291 2952 1464 2992 nonas
1487 2948 1511 2976 ο
1554 2937 1740 3004 Maias,

145 3025 618 3096 Constantinopoli
643 3067 660 3091 ,
713 3027 924 3097 imperii
953 3029 1157 3085 domiui
1187 3029 1469 3085 Justiuiani
1498 3033 1744 3103 perpetui

1837 1861 1981 1915 dicat
1999 1861 2304 1930 Apostolus,
2331 1860 2717 1916 fraternitatem
2741 1870 2886 1917 tuam
2909 1877 3123 1931 semper
3139 1870 3265 1915 ante
3284 1875 3411 1915 ocu-

1838 1953 1920 2006 los
1939 1951 2136 2006 habere
2165 1950 2502 2007 conﬁdimus.
2537 1952 2626 2006 Ait
2651 1953 2794 2008 enim
2825 1970 2840 2006 :
2873 1952 3183 2023 Canfortore
3208 1953 3262 2006 in
3285 1969 3410 2023 gra-

1839 2043 1912 2095 tia
1939 2058 2055 2111 quia
2081 2050 2157 2094 est
2185 2043 2240 2096 in
2267 2040 2474 2095 Christo
2501 2040 2660 2104 Iesu;
2685 2051 2736 2095 et
2761 2057 2876 2112 aute
2904 2041 3093 2094 audisti
3131 2057 3165 2094 α
3197 2058 3280 2094 me
3322 2058 3412 2110 per

1837 2131 2028 2184 nmltos
2062 2138 2236 2196 testes,
2268 2131 2376 2183 Itan:
2407 2131 2708 2183 commendo
2737 2129 2974 2199 ﬁdelibus
2997 2119 3304 2193 hominibus,
3325 2131 3412 2201 qui

1837 2220 2010 2274 idonei
2034 2229 2183 2274 erunt
2209 2230 2259 2272 et
2290 2220 2424 2273 alios
2445 2219 2628 2274 docere
2650 2219 2738 2288 (II
2765 2219 2898 2274 Tim.
2923 2221 3014 2288 n);
3037 2229 3094 2275 et
3113 2221 3238 2276 item
3261 2220 3411 2290 ipse:

1840 2309 2078 2364 Sollicite
2115 2325 2240 2364 cura
2263 2317 2310 2363 te
2335 2310 2504 2377 ipsum
2531 2309 2846 2379 probabilem
2866 2310 3106 2364 exhibere
3127 2309 3254 2374 Deo,
3285 2326 3410 2379 ope-

1839 2399 2034 2454 rarium
2061 2400 2494 2468 inconfusibilem,
2536 2409 2670 2454 recte
2701 2409 3005 2454 tractantem
3035 2399 3238 2454 verbum
3275 2401 3409 2454 ceri-

1841 2488 1962 2541 tatis
1993 2487 2273 2559 (lbidem);
2302 2497 2358 2544 et
2385 2488 2577 2542 iterum
2613 2506 2626 2541 :
2667 2487 2873 2543 Laboro
2903 2490 3034 2543 sicut
3072 2488 3232 2542 bonus
3266 2490 3414 2544 miles

1840 2578 2036 2632 Christi
2068 2578 2212 2632 Jesu.
2247 2577 2492 2649 Intellige
2512 2595 2628 2649 qua:
2667 2581 2821 2644 dico;
2853 2579 2995 2632 dabit
3023 2581 3160 2633 enim
3190 2579 3279 2634 tibi
3310 2579 3418 2635 Do-

1840 2671 2011 2723 minus
2045 2672 2100 2725 in
2129 2671 2366 2724 omnibus
2394 2671 2707 2724 intellectum
2729 2669 2996 2741 (Ibidem).
3027 2669 3082 2725 Si
3102 2685 3262 2738 quam
3288 2685 3420 2738 ergo

1842 2762 1983 2818 inter
2013 2761 2206 2818 fratres
2242 2763 2486 2819 diabolus
2509 2805 2525 2830 ,
2569 2763 2787 2818 humani
2832 2766 3046 2832 generis
3085 2765 3254 2821 hostis
3281 2766 3420 2820 anti—

1841 2868 2000 2923 quus,
2033 2854 2293 2908 zizaniam
2321 2853 2666 2910 seminaverit
2695 2854 2986 2910 calliditate
3013 2855 3264 2924 nequitia:
3290 2872 3424 2910 con-

1842 2953 2052 3008 suetze,
2103 2951 2198 2998 aut
2235 2943 2301 2998 de
2347 2944 2529 3013 aliquo
2557 2944 2898 3000 sacerdotum
2925 2943 3248 2999 fraternitati
3292 2953 3422 3007 tum,

1842 3032 2072 3088 servatis
2114 3032 2376 3102 majorum
2409 3050 2506 3103 per
2535 3034 2716 3088 omnia
2757 3033 3062 3089 constitutis
3102 3033 3260 3088 fuerit
3289 3048 3420 3102 que-

147 3115 375 3208 Augusti
405 3133 551 3208 anno
570 3117 661 3184 27,
689 3128 813 3189 post
841 3120 1182 3176 consulatum
1207 3120 1392 3176 Basilii
1433 3123 1531 3178 viri
1555 3123 1742 3179 claris-
1767 3146 1814 3208 ο
1844 3123 1958 3186 rela
1988 3123 2231 3193 deposita
2265 3141 2278 3176 :
2311 3121 2566 3180 adhibitis
2593 3123 2688 3177 tibi
2716 3123 2971 3177 fratribus
3006 3132 3061 3178 et
3087 3123 3423 3193 coepiscopis

147 3206 271 3259 simi
302 3221 449 3262 anno
479 3207 567 3262 l2.

218 3296 530 3366 Stephanus
549 3309 606 3354 et
633 3299 900 3369 Georgius
945 3310 1002 3357 et
1026 3300 1317 3358 Damianus
1355 3304 1745 3374 religiosissimi

151 3389 418 3460 episcopi,
459 3391 636 3446 vicem
685 3401 907 3461 agentes
955 3391 1231 3450 Eustachii
1277 3397 1597 3452 sanctissimi
1652 3413 1750 3468 pa-

155 3479 406 3534 triarchae
457 3479 958 3553 llierosolymitaui,
989 3499 1086 3555 per
1113 3501 1278 3540 unum
1328 3501 1392 3542 ex
1446 3487 1595 3558 ipsis,
1627 3488 1750 3543 Ste-

155 3572 395 3640 phanum
430 3573 893 3642 religiosissimum
930 3574 949 3614 ί
975 3576 1288 3646 episcopum
1319 3576 1560 3648 Raphiae,
1593 3577 1747 3633 dixe-

155 3673 282 3718 rant
313 3683 327 3716 :
354 3663 679 3721 Theodorus
723 3666 806 3720 vir
833 3666 1146 3736 magniﬁcus
1166 3678 1346 3732 exeat,
1376 3685 1499 3724 cum
1528 3668 1747 3725 satisfe-

155 3755 291 3808 cerit
318 3763 346 3801 ε
377 3755 606 3824 piissimi
655 3755 1000 3826 imperatoris
1022 3755 1274 3826 jussioni.
1306 3756 1374 3812 Et
1401 3773 1522 3813 cum
1551 3759 1753 3814 exisset

157 3844 239 3898 vir
277 3846 597 3915 spectabilis
647 3845 989 3909 silentiarius,
1023 3856 1210 3902 sancta
1259 3849 1501 3918 synodus
1543 3849 1681 3904 dixit
1735 3865 1748 3902 :

159 3935 341 3992 Certis
367 3939 702 4008 constitutis,
729 3953 850 4008 qua:
897 3940 1034 3996 lecta
1083 3941 1348 4012 imperiali
1371 3941 1541 3998 forma
1572 3943 1746 3998 conti-

161 4037 384 4090 nentur,
417 4030 673 4098 quoniam
704 4031 846 4086 inter
871 4047 968 4086 nos
995 4041 1051 4086 et
1075 4031 1325 4100 Vigilium
1355 4032 1754 4088 sanctissimum

160 4121 485 4190 antiquioris
516 4119 698 4176 Romae
716 4136 906 4192 papam
925 4123 1122 4194 scripta
1144 4123 1386 4193 quasdam
1416 4123 1554 4179 facta
1575 4133 1700 4178 sunt
1726 4121 1752 4161 ι

163 4213 512 4284 respicientia
540 4213 696 4288 [adde
723 4214 791 4269 ad
839 4224 1161 4286 przesentem
1205 4213 1469 4287 causam],
1502 4231 1755 4272 necessa-

162 4305 303 4361 rium
333 4321 456 4362 esse
485 4313 736 4376 putamus
755 4314 881 4360 ante
905 4306 1008 4360 alia
1037 4306 1218 4361 omnia
1251 4307 1362 4360 haec
1382 4305 1614 4362 lectione
1641 4321 1757 4360 ma—

164 4396 430 4452 nifestari.
460 4395 528 4450 Et
573 4412 698 4451 cum
745 4397 1068 4468 suscepisset
1094 4396 1401 4468 Stephanus
1429 4395 1671 4452 notarius
1700 4404 1759 4451 et

165 4487 665 4555 instrumentarius,
695 4487 964 4544 recitavit.

419 4599 754 4656 EPISTOLA
783 4601 928 4672 (olim
957 4599 1028 4672 X)
1064 4598 1286 4656 VlGlLll
1316 4596 1520 4654 PAPE

529 4706 596 4745 AD
622 4706 962 4745 AUBBLIANUI
996 4705 1403 4745 ARELATENSI’...

179 4776 304 4836 Post
327 4781 527 4836 obitum
557 4782 795 4850 Ausonii
809 4797 931 4835 suos
960 4781 1244 4834 Aureliano
1271 4782 1512 4850 episcopo
1541 4776 1676 4832 vices
1703 4776 1758 4831 in

754 4847 927 4904 Gallia
957 4849 1179 4921 delegat.

245 4940 606 4996 Dilectissimo
635 4939 784 4996 fratri
813 4941 1101 4995 Aureliano
1130 4939 1370 5008 Vigilius.

247 5031 784 5087 Administrationem
845 5033 1027 5086 vicum
1077 5039 1382 5086 nostrarum
1445 5028 1763 5085 fraternitati

181 5132 372 5176 vestra:
401 5121 582 5177 animo
608 5121 795 5176 libenti
821 5121 1227 5188 committimus,
1259 5129 1310 5174 et
1341 5119 1609 5175 credimus
1635 5120 1764 5174 cha-

185 5211 356 5266 ritatis
395 5221 590 5266 vestra:
637 5208 817 5266 ofﬁcio
847 5210 1058 5265 actibus
1099 5209 1212 5264 Deo
1241 5208 1452 5280 placitis
1479 5206 1765 5275 diligenter

187 5300 435 5354 mdversa
464 5298 762 5369 compleri;
792 5299 1010 5368 quando
1029 5305 1084 5353 et
1109 5297 1304 5352 summi
1325 5296 1611 5352 sacerdotii
1633 5312 1764 5351 con-

183 5389 350 5445 sortio
377 5405 478 5446 vos
504 5389 698 5459 dignos
723 5388 903 5443 divina
922 5403 1040 5444 esse
1061 5387 1233 5457 gratia
1257 5386 1538 5457 judicavit,
1567 5395 1623 5442 et
1643 5387 1762 5456 gloo

255 5506 278 5535 ³
310 5497 536 5556 Veteres
553 5497 696 5563 libri,
721 5505 902 5552 sancto
921 5495 1346 5552 Chalcedonensi.

253 5565 279 5605 δ
311 5567 481 5624 Paris.
533 5575 766 5630 tantum,
795 5567 969 5636 impii:
985 5567 1238 5636 epistolae.

259 5646 281 5706 τ
311 5637 587 5706 Bellovac.
617 5644 672 5692 et
699 5637 788 5690 hic
815 5645 871 5690 et
891 5637 1048 5706 paulo
1077 5645 1216 5706 post,
1245 5651 1355 5690 eos.

253 5703 278 5742 ’⁵
308 5705 580 5764 Bellovac.
610 5715 670 5764 et
697 5703 908 5760 veteres
935 5703 1093 5770 edit;
1118 5703 1304 5758 Datur.

263 5787 285 5814 ο
301 5776 520 5835 Veteres
533 5776 685 5840 libri,
698 5790 756 5829 tu
769 5790 948 5829 nonas.
963 5774 1051 5831 Sic
1062 5766 1220 5830 etiam
1235 5780 1444 5828 veteres
1455 5766 1740 5825 editiones.

1788 4525 1843 4586 D

1845 3213 2140 3271 secundum
2179 3213 2495 3283 qualitatem
2538 3213 2741 3282 negotii
2788 3227 3012 3267 numero
3055 3221 3418 3280 competente,

1850 3321 2068 3362 causam
2114 3306 2376 3361 canonica
2423 3314 2477 3361 et
2529 3305 2825 3376 apostolica
2871 3303 3210 3359 ordinatione
3239 3303 3420 3357 discn-

1847 3399 2009 3460 tiens,
2042 3411 2105 3452 ea
2137 3395 2403 3452 sententia
2429 3392 2672 3461 deﬁnies,
2723 3409 2842 3464 qua:
2879 3403 2934 3449 et
2961 3393 3302 3448 decessurum
3327 3407 3424 3446 no-

1849 3500 2086 3544 strornm
2116 3487 2403 3542 conveniat
2443 3487 2676 3552 statutis,
2724 3495 2780 3541 et
2809 3485 2919 3541 Deo
2945 3485 3202 3556 {equitate
3230 3482 3282 3538 in
3309 3497 3426 3538 om-

1851 3581 2010 3634 nibus
2049 3579 2288 3648 diligenti
2330 3579 2400 3634 sit
2438 3587 2611 3648 grata.
2653 3577 2708 3634 Si
2740 3577 2881 3647 quod
2908 3593 3040 3633 vero
3065 3577 3133 3632 de
3171 3577 3429 3645 religione

1854 3670 1996 3734 fidei,
2027 3671 2170 3740 quod
2211 3670 2354 3724 Deus
2393 3668 2623 3733 auferat,
2665 3669 2825 3723 fuerit
2850 3676 3126 3724 certamen
3157 3676 3425 3733 exortum,

1853 3770 1948 3817 aut
1974 3761 2082 3816 tale
2111 3761 2326 3828 aliquod
2353 3761 2630 3828 negotium
2663 3759 2906 3815 fortassis
2945 3758 3244 3825 emerserit,
3285 3756 3429 3828 quod

1853 3869 1953 3923 pro
1981 3853 2063 3926 sui
2087 3851 2448 3920 magnitudine
2469 3851 2663 3906 ibidem
2685 3860 2916 3919 nequeat
2936 3849 3175 3916 deﬁniri;
3201 3849 3429 3905 veritate

1853 3943 2091 3997 discussa
2116 3982 2132 4006 ,
2179 3941 2454 3996 relationis
2480 3940 2620 3996 serie
2658 3939 2928 4003 distincta,
2973 3939 3040 3994 ad
3069 3948 3265 3995 nostra:
3289 3939 3432 3996 sedis

1855 4031 2302 4088 consultationem
2345 4031 2526 4101 potius
2574 4037 2632 4085 ut
2680 4030 2923 4084 remittas
2963 4028 3274 4094 hortamur;
3305 4030 3428 4096 quia

1857 4122 1934 4177 ita
1974 4121 2292 4177 deccssores
2329 4129 2538 4176 vestros
2560 4159 2576 4185 ,
2623 4120 2714 4191 qui
2753 4117 3094 4174 decessorum
3124 4125 3428 4174 nostrorum

1857 4213 2004 4267 vices
2025 4213 2199 4281 egisse
2228 4219 2616 4278 monstrantur,
2652 4209 2842 4266 fecisse
2867 4208 3233 4265 testimonium
3263 4209 3434 4266 nostri

1859 4301 2099 4356 declarat
2143 4301 2326 4356 scrinii
2374 4308 2685 4370 :quatenus
2705 4314 2767 4354 ea
2812 4297 3162 4369 diSpositioue
3198 4306 3435 4365 servata,

1862 4393 2120 4450 Ecclesia:
2150 4395 2326 4450 unitas
2371 4392 2548 4449 stabili
2592 4391 2843 4446 ﬁrmitate
2891 4391 3219 4459 persistens,
3277 4389 3435 4458 pacis

1867 4483 2009 4538 bono
2037 4483 2089 4538 in
2115 4483 2362 4538 omnibus
2399 4482 2703 4552 perfruatur
2733 4497 2745 4533 :
2772 4478 2926 4548 cujus
2955 4479 3104 4534 velut
3151 4479 3443 4533 haeredita-

1865 4575 2004 4629 rium
2025 4589 2216 4628 munus
2255 4571 2499 4626 Christus
2529 4570 2668 4625 Deus
2697 4569 2953 4624 Dominus
2979 4577 3036 4623 et
3062 4567 3311 4623 Salvator
3335 4584 3438 4623 no-

1865 4673 2015 4730 ster,
2059 4663 2127 4720 ad
2175 4663 2362 4729 cmlos,
2412 4661 2554 4718 unde
2582 4675 2856 4730 nunquam
2897 4659 3062 4715 defuit
3087 4701 3104 4728 ,
3145 4657 3442 4726 rediturus,

1866 4753 2140 4824 discipulis
2187 4753 2300 4808 suis
2345 4752 2540 4821 legitur
2583 4751 2906 4819 reliquisse,
2949 4749 3135 4804 dicens
3181 4767 3194 4802 :
3250 4748 3442 4804 Pacem

1868 4859 2036 4897 meam
2062 4843 2127 4897 do
2155 4843 2331 4908 vobis,
2373 4856 2552 4914 pacem
2593 4857 2756 4894 meam
2801 4838 3034 4912 relinquo
3079 4837 3218 4894 vobis
3256 4837 3446 4908 (Joan.

1869 4932 2008 5001 xm).
2037 4928 2102 4984 Et
2142 4937 2200 4985 ut
2228 4929 2474 4986 universa
2505 4927 2811 4983 fraternitas
2838 4937 3015 4984 vestra
3043 4925 3280 4998 diligenti
3308 4945 3438 5001 pos-

1865 5020 1937 5074 sit
1984 5019 2197 5074 ratione
2233 5018 2508 5088 complere
2531 5054 2546 5081 ,
2592 5017 2900 5088 episcopis,
2947 5019 3142 5087 quibus
3181 5035 3282 5088 pro
3322 5019 3441 5075 vice

1865 5121 2048 5169 nostra
2078 5122 2132 5168 te
2157 5127 2385 5184 praeesse
2413 5111 2695 5175 voluimus,
2722 5126 2822 5166 nos
2849 5119 3114 5180 prtecepta
3143 5109 3444 5167 destinasse

1865 5205 2136 5273 signamus
2157 5244 2172 5270 ,
2218 5211 2355 5258 utet
2381 5202 2457 5256 illi
2486 5201 2640 5257 vobis
2663 5200 3024 5256 obedientiam
3052 5199 3306 5255 exhibere
3345 5199 3443 5256 de-

1869 5297 2034 5352 beant
2055 5302 2470 5365 competentem,
2501 5300 2555 5349 et
2582 5291 2891 5346 fraternitas
2930 5297 3021 5344 tua
3045 5303 3141 5344 eos
3167 5288 3222 5344 in
3245 5288 3445 5346 Christi

1871 5389 2136 5445 charitate
2180 5386 2541 5456 complectens
2563 5421 2580 5448 ,
2637 5381 2899 5450 exemplis
2945 5380 3209 5436 bonorum
3262 5381 3446 5450 potius

1947 5495 1964 5534 τ
1997 5495 2222 5551 νείατος
2244 5491 2382 5556 libri,
2405 5487 2889 5545 reverentissimum.

1943 5573 1968 5638 tt
1994 5563 2295 5638 Paris.,_qui
2317 5577 2432 5614 cum
2457 5559 2728 5638 satisfecit.
2759 5633 2771 5638 _
3215 5624 3232 5638 ο
3263 5627 3276 5638 ,
3356 5626 3386 5638 Α,

1940 5631 1966 5672 h
1995 5627 2320 5709 legendum,
2333 5639 2451 5682 sunt
2465 5628 2533 5709 ad
2549 5627 2852 5709 ρῖωεεηξςξῃ
2871 5627 3443 5709 οιξεειξηιινςιρὶεὲεηξὶς.

1868 5693 2116 5827 Μοηςιδιῆ
2137 5710 2220 5756 est
2249 5693 2688 5772 typographicum
2716 5694 2966 5751 editionis
3002 5693 3322 5762 Labbeante,
3353 5695 3446 5756 hic

1868 5789 2022 5827 cmen
2061 5788 2090 5826 a
2120 5786 2228 5826 um.

1868 5786 2228 5828 emendatum.
