3986 6404
484 316 555 373 59
1890 315 2122 374 YiGlLll
2159 317 2365 374 PAPE

3701 314 3788 369 40

486 452 735 509 operum,
782 436 848 494 ad
874 451 996 508 qua
1023 444 1151 494 sunt
1184 437 1299 494 Deo
1336 439 1539 510 placita
1586 440 1828 499 facienda
1855 455 2074 512 semper
2102 446 2152 506 Α
2176 440 2469 497 Callian-tua
2493 437 2736 510 partibus
2766 444 3118 509 pmscntans,
3143 433 3438 491 secundum
3466 442 3771 490 consuetu-

487 528 699 584 iuvitet.
725 526 861 584 Illud
886 528 1003 598 pari
1025 528 1106 583 eis
1132 530 1461 586 auctoritate
1487 531 1838 602 signavimus,
1863 545 1931 587 ne
1950 531 2073 602 quis

485 620 606 676 sine
642 621 871 676 formata
900 629 1006 675 ture
1032 618 1388 679 fraternitatis
1423 623 1490 678 ad
1532 624 1777 694 longiora
1809 623 1931 680 loca
1972 638 2070 678 au-

486 712 614 768 deat
640 710 936 782 proﬁcisci;
986 709 1085 767 sed
1113 719 1174 766 ut
1210 713 1658 769 consuetudinem
1704 714 1850 770 illam
1878 713 2075 771 debeat

486 801 765 860 custodire
788 842 805 868 ,
854 817 1020 871 quam
1049 811 1267 859 constat
1307 819 1525 875 semper
1565 814 1766 862 nostrae
1802 806 1946 862 sedis
1972 806 2073 860 ha-

484 894 667 949 buisse
690 893 990 959 vicarium,
1029 900 1089 948 et
1132 907 1163 946 a
1205 893 1357 948 vobis
1388 893 1672 949 formatam
1702 896 1996 966 postulent,
2026 894 2073 950 si

482 999 768 1042 causarum
806 999 1026 1040 suarum
1072 985 1395 1040 necessitate
1423 986 1688 1058 compulsi
1730 985 1797 1039 ad
1829 985 2071 1052 longiora

484 1076 679 1134 itinera
725 1075 1002 1131 destinam
1030 1075 1342 1146 disponunt.
1376 1075 1483 1131 Sed
1526 1090 1598 1130 ne
1641 1075 1694 1129 in
1724 1075 1905 1144 aliquo
1931 1075 2074 1130 sedis

487 1178 686 1226 nostra:
730 1169 966 1225 vicarius
1014 1171 1194 1224 minor
1231 1171 1344 1225 suis
1390 1169 1768 1224 decessoribus
1802 1170 2069 1234 videatur,

483 1254 846 1309 necessarium
876 1253 993 1309 fore
1021 1252 1346 1309 credidimus
1359 1253 1511 1323 pallii
1532 1253 1685 1308 vobis
1701 1268 1876 1320 usum,
1891 1267 2076 1322 quem-

485 1345 777 1401 admodum
828 1343 1104 1399 decessori
1158 1352 1342 1398 vestro
1388 1342 1658 1398 hactenus
1711 1342 2070 1410 dederamus,

485 1437 738 1509 praesenti
765 1437 1094 1492 auctoritate
1118 1434 1457 1499 concedere;
1498 1443 1558 1489 ut
1596 1448 1828 1497 morum,
1872 1441 1929 1488 et
1955 1448 2076 1488 om-

485 1531 633 1587 nium
675 1531 941 1585 bonarum
970 1543 1150 1584 rerum
1173 1568 1190 1594 ,
1238 1528 1396 1583 vobis
1440 1526 1603 1584 beato
1631 1526 1797 1584 Petro
1824 1528 2074 1599 apostolo

483 1619 841 1689 sull‘ragante,
878 1637 986 1675 non
1014 1621 1154 1676 desit
1194 1629 1440 1676 ornatus.
1485 1619 1714 1691 Oportet
1742 1635 1874 1691 ergo
1897 1621 2076 1676 cltari-

485 1718 654 1765 tatem
683 1723 919 1765 vestram
947 1709 1274 1765 sacerdotali
1311 1725 1530 1780 semper
1553 1710 1733 1766 studio
1757 1710 1898 1765 inter
1920 1709 2073 1765 dom-

2173 533 2355 586 dinem
2385 547 2415 586 a
2447 531 2647 586 nostris
2670 528 3045 586 deccssoribus
3074 527 3410 592 attributam,
3439 525 3778 596 sapientiam

2172 620 2402 675 sollicita
2432 618 2774 690 indagatione
2795 624 2950 674 custo
2971 617 3124 681 liens,
3156 617 3199 671 si
3230 630 3390 686 quam
3418 615 3637 672 humani
3673 628 3780 685 ge-

2174 713 2320 766 neris
2344 709 2515 764 bostis
2542 710 2794 778 antiquus
2829 707 3088 762 zizaniam
3119 707 3260 762 inter
3285 705 3379 762 Del
3409 706 3641 763 famulos
3666 721 3781 762 ne-

2173 801 2340 872 quitia
2366 807 2627 855 consueta
2668 797 2936 853 seminare
2976 796 3288 866 tentaverit,
3334 797 3617 868 sapientia:
3653 811 3782 852 sure

2175 892 2564 954 moderamine,
2610 889 2865 944 adhibitis
2907 888 3008 943 sibi
3038 886 3291 942 fratribus
3321 903 3384 943 ac
3428 889 3780 960 coepiscopis

2174 986 2405 1049 nostris,
2445 982 2651 1054 justitia
2682 982 2796 1038 Deo
2841 982 3036 1053 placita
3077 982 3330 1037 scandala
3374 990 3495 1038 orta
3539 983 3781 1038 submo-

2173 1085 2316 1132 veat.
2365 1073 2517 1130 Unde
2558 1074 2683 1145 quia
2710 1073 2908 1128 dudum
2952 1073 3220 1137 Auxanio,
3253 1073 3529 1144 quondam
3572 1075 3779 1130 Areis.

2176 1168 2342 1221 tensis
2364 1167 2597 1222 civitatis
2623 1165 2872 1229 antistiti,
2908 1164 3084 1220 vicum
3113 1173 3419 1219 nostrarum
3441 1165 3777 1220 sollicitudi—

2177 1270 2298 1310 nem
2327 1255 2669 1320 detleramus,
2707 1254 2801 1311 sed
2829 1271 3046 1310 cursum
3074 1254 3198 1308 vita:
3227 1254 3508 1324 prtesentis
3534 1254 3782 1326 implen~

2173 1346 2245 1401 do
2275 1347 2342 1402 de
2371 1347 2472 1400 hac
2516 1346 2636 1401 luce
2684 1346 2973 1415 migravit,
3016 1345 3068 1400 in
3099 1345 3253 1414 cujus
3295 1345 3416 1400 loco
3444 1346 3781 1403 Aurelianus

2174 1435 2342 1492 frater
2370 1447 2556 1492 noster
2583 1439 2823 1492 noscitur
2841 1436 3189 1502 succcs>is:e,
3220 1438 3583 1491 necessarium
3611 1437 3782 1491 valde

2175 1527 2500 1582 credidimus
2524 1527 2943 1583 sollicitudinem
2993 1527 3132 1582 hanc
3158 1542 3190 1581 a
3220 1527 3374 1582 nobis
3398 1527 3640 1582 antclEtto
3661 1529 3770 1583 de—

2177 1617 2306 1670 bere
2350 1616 2654 1680 committi,
2703 1618 3038 1673 conﬁdentes
3087 1616 3235 1671 illum
3277 1624 3333 1672 et
3377 1634 3475 1687 pro
3525 1618 3630 1674 loci
3672 1621 3769 1675 sui

2175 1709 2439 1777 qualitate
2480 1709 2638 1764 bonis
2681 1724 2733 1763 at
2750 1709 2890 1764 tibus
2932 1711 3179 1764 universa
3217 1725 3338 1779 quae
3374 1710 3486 1766 Deo
3515 1712 3781 1782 placeant

488 1818 589 1856 nos
618 1801 756 1856 ﬁlios
796 1810 1013 1856 nostros
1055 1801 1504 1856 clementiSsimos
1530 1800 1826 1870 principes,
1854 1807 1910 1854 et
1950 1799 2071 1867 glo-
2107 1822 2147 1881 Β
2177 1815 2334 1870 posse
2362 1800 2634 1869 complere
2661 1816 2675 1853 :
2706 1809 2762 1853 et
2790 1800 3024 1855 maxime
3049 1816 3171 1854 cum
3200 1799 3466 1868 gloriosus
3496 1799 3636 1856 ﬁlius
3665 1820 3781 1859 no-

491 1894 842 1949 riosissimum
870 1893 1065 1959 virum,
1094 1892 1150 1948 id
1175 1901 1260 1948 est
1289 1892 1456 1948 ﬁlium
1486 1901 1730 1948 nostrqu
1758 1890 2076 1947 Childeber-

491 1993 605 2039 tum
639 1997 845 2054 regem,
877 1984 1063 2054 gratim
1093 1985 1307 2040 intacta:
1346 1982 1549 2040 foedera
1587 1983 1882 2038 custodire.
1913 1981 2074 2037 Scitis

483 2077 659 2140 enim,
710 2090 811 2131 nec
839 2090 936 2130 vos
980 2077 1236 2131 convenit
1275 2075 1546 2145 ignorare,
1576 2073 1724 2145 quod
1764 2073 2072 2130 necessario

483 2169 806 2241 pumicatis,
838 2167 965 2238 quia
990 2167 1266 2238 Scriptura
1296 2170 1636 2239 pronuntiat,
1664 2167 1849 2223 dicens
1880 2185 1894 2220 :
1926 2164 2076 2220 Beati

481 2261 637 2333 pedes
672 2259 1135 2332 euangelizantinm
1181 2275 1379 2330 pacem,
1425 2259 1891 2330 erangelizantinm
1937 2255 2075 2311 bona

484 2350 664 2424 (Rom.
707 2352 788 2422 ι).
821 2348 887 2404 Et
925 2349 1031 2405 hoc
1056 2363 1274 2420 quoque
1315 2356 1558 2404 vestrum
1589 2347 1770 2404 facere
1798 2347 2075 2403 desidera-

484 2458 606 2497 mus
647 2441 917 2505 allectum,
968 2448 1027 2496 ut
1053 2440 1294 2510 glorioso
1323 2441 1442 2495 viro
1488 2440 1600 2494 lilio
1629 2446 1817 2493 nostro
1845 2437 2074 2507 patricio

486 2531 744 2586 Belisario
771 2529 1060 2587 destinatis
1085 2529 1305 2599 scriptis
1324 2529 1530 2597 gratias
1559 2527 1826 2591 referatis,
1849 2526 1940 2596 qui
1973 2526 2074 2580 ho-

487 2623 619 2678 mini
647 2630 828 2676 vestro
859 2621 1102 2676 laborem
1138 2621 1208 2674 ad
1255 2619 1735 2675 clementissimum
1774 2617 2074 2688 principem

484 2711 708 2767 abstulit
733 2711 1082 2776 transeundi;
1117 2711 1212 2766 sed
1241 2726 1369 2766 mox
1413 2720 1472 2764 ut
1500 2725 1816 2781 responsant
1845 2710 2075 2780 recepit,

486 2803 642 2858 nobis
669 2803 782 2857 suis
809 2801 1004 2858 litteris
1031 2801 1309 2856 indicavit.
1340 2801 1486 2856 Deus
1513 2809 1569 2856 te
1599 2801 1922 2856 incolumem
1947 2815 2074 2856 cus-

488 2892 688 2955 todiat,
720 2889 886 2947 frater
911 2891 1250 2947 charissime.
1302 2890 1436 2946 Data
1476 2906 1511 2945 x
1555 2890 1662 2946 kal.
1686 2890 1835 2960 Septi
1855 2891 2034 2945 mhres
2055 2929 2072 2956 ,

490 2984 774 3052 quinquies
793 2991 915 3053 post
941 2983 1278 3038 consulatum
1300 2982 1483 3038 Basilii
1505 2983 1606 3038 viri
1633 2983 1915 3039 clarissimi
1942 2983 2075 3053 (An-

489 3089 556 3126 no
585 3071 774 3125 Christi
804 3069 956 3143 5-56).

661 3185 992 3242 EPISTULA
1036 3189 1180 3261 (aliut
1219 3186 1312 3262 XI)
1366 3186 1594 3244 VlGlLll
1621 3183 1827 3242 ΡΛΡλΕ

958 3293 1027 3333 AD
1054 3292 1334 3334 EPISCOPOS
1361 3294 1592 3335 αλιυδ.

525 3364 750 3422 Nuntiat
776 3382 832 3421 se
857 3367 1138 3440 Aureliano
1166 3369 1299 3440 uices
1326 3383 1450 3440 suas
1475 3369 1530 3422 in
1553 3365 1728 3422 Callia
1751 3367 2036 3440 delegasse,

784 3437 1098 3508 mandatque
1125 3445 1183 3490 ut
1209 3439 1380 3492 eidem
1400 3437 1771 3509 obtemperent.

555 3526 930 3583 Dilectissimis
955 3526 1211 3582 fratribus
1238 3527 1506 3583 universis
1543 3529 1832 3598 episcopis,
1856 3529 1948 3598 qui
1975 3527 2077 3584 sub

484 3633 653 3689 regno
694 3618 1068 3689 gloriosissimi
1101 3615 1195 3673 ﬁlii
1234 3619 1407 3675 nostri
1427 3617 1756 3676 Cbildeberti
1781 3620 1924 3690 regis
1953 3627 2080 3675 sunt

485 3727 583 3785 per
607 3710 812 3766 Gallias
839 3711 1154 3777 constituti,
1192 3710 1438 3780 Vigilius.

559 3801 832 3857 Admouet
857 3814 960 3856 nos
986 3801 1093 3857 loci
1114 3802 1284 3856 nostri
1309 3802 1666 3858 ministerium
1694 3801 1891 3859 divina:
1917 3802 2081 3859 mise-

486 3891 733 3948 ricordiae
774 3891 922 3948 dono
949 3891 1205 3948 collatum
1229 3933 1246 3958 ,
1294 3893 1510 3949 Domini
1540 3909 1641 3949 nos
1679 3894 1854 3964 gratia
1893 3902 2081 3966 prote-

488 3992 669 4054 gente,
716 3984 1040 4053 negligentis
1079 3984 1439 4056 speculatoris
1477 3986 1730 4043 evitando
1757 3988 2075 4058 periculum,

486 4076 644 4133 bonis
672 4077 854 4148 potius
881 4077 1118 4149 palmam
1158 4079 1536 4136 retributionis
1565 4081 1844 4150 promissa:
1883 4090 1940 4138 et
1959 4090 2077 4138 stu-

486 4166 731 4233 deatuus,
760 4175 819 4223 et
846 4182 1154 4224 mereamur
1197 4169 1464 4240 accipere.
1508 4169 1662 4226 Unde
1688 4179 1950 4242 quantum
1978 4188 2080 4230 nos

485 4257 733 4313 Christus
752 4256 895 4313 Deus
922 4257 1182 4313 Dominus
1207 4267 1264 4314 et
1285 4259 1536 4315 Salvator
1563 4269 1748 4318 noster
1765 4263 1925 4334 primi
1953 4279 2082 4335 apo-

487 4348 756 4404 stolorum
785 4347 965 4403 locum
1013 4363 1115 4418 pro
1163 4348 1421 4406 ineﬁ‘abili
1467 4351 1686 4421 pietatis
1737 4369 1849 4410 suae
1887 4368 2080 4424 gerere

493 4437 744 4506 largitate
772 4437 1061 4502 concessit,
1089 4447 1296 4493 tantum
1329 4453 1430 4495 nos
1453 4440 1522 4496 de
1550 4442 1917 4500 universarum
1946 4458 2080 4514 pace

2175 1901 2289 1947 ster
2314 1891 2691 1946 Childebcrtus
2717 1906 2816 1947 rex
2846 1893 3213 1948 testimonium
3240 1893 3396 1949 bona!
3419 1897 3777 1953 conscientia:

2173 1995 2274 2050 pro
2318 1979 2623 2034 Christiana
2651 1996 2762 2035 sure
2811 1981 3102 2036 voluntatis
3129 1983 3419 2039 devotione
3465 1988 3771 2056 perhibuit.

2174 2073 2404 2143 Oportet
2428 2088 2556 2142 ergo
2583 2073 2903 2128 charitatem
2932 2084 3166 2129 vestram
3192 2074 3242 2131 ei
3272 2077 3326 2130 in
3352 2079 3619 2146 erunibus,
3643 2095 3778 2150 qua:

2174 2163 2402 2218 servatis
2434 2178 2530 2233 per
2576 2173 2770 2218 cuncta
2809 2164 3109 2219 canonibus
3136 2165 3423 2222 salubriter
3464 2168 3777 2226 secundum

2178 2264 2487 2309 nostrorum
2526 2252 2743 2308 defoita
2774 2253 3038 2323 majorum
3069 2271 3169 2326 pro
3215 2264 3400 2311 nostra
3438 2259 3778 2315 auctoritate

2173 2345 2485 2411 censuerit,
2529 2346 2774 2415 praebere
2821 2346 3185 2402 obedientiam
3231 2358 3658 2421 compctentem.
3699 2350 3779 2406 Et

2175 2435 2305 2507 quia
2330 2437 2552 2492 omnino
2586 2452 2809 2493 necesse
2837 2445 2940 2501 est,
2973 2445 3033 2492 ut
3059 2454 3158 2509 pro
3185 2438 3411 2494 diversis
3436 2456 3560 2496 cum
3585 2441 3779 2498 fratri-

2175 2527 2276 2582 bus
2302 2525 2416 2582 Dco
2441 2527 2667 2596 juvante
2715 2527 3011 2582 tractandis
3032 2567 3047 2593 ,
3091 2529 3305 2585 statutis
3345 2530 3596 2603 aptisque
3625 2540 3774 2589 tem-

2176 2620 2400 2690 poribus
2447 2621 2827 2691 episcoporum
2873 2621 3139 2694 synodum
3183 2622 3380 2678 debeat
3405 2638 3773 2695 congregare,

2176 2709 2378 2766 idcirco
2402 2711 2654 2780 praesenti
2679 2711 3005 2767 auctoritate
3035 2727 3342 2778 censemus,
3371 2721 3430 2768 ut
3465 2715 3646 2770 nullus
3674 2716 3775 2771 ubi

2176 2808 2271 2857 aut
2295 2803 2513 2874 quando
2542 2803 2890 2859 constituerit
2915 2819 2974 2858 se
3004 2804 3201 2859 audeat
3229 2820 3510 2872 excusare,
3535 2817 3774 2878 excepta

2177 2892 2503 2950 inﬁrmitatis
2530 2911 2710 2961 causa,
2736 2911 2897 2967 quam
2939 2895 3177 2952 humana
3206 2913 3316 2953 non
3349 2906 3531 2970 potest
3557 2901 3776 2959 evitare

2175 2986 2435 3058 fragilitas
2456 3027 2474 3054 ,
2515 2997 2609 3042 aut
2635 2997 2783 3044 certe
2810 3004 2971 3059 quem
3013 2988 3185 3059 digna:
3213 2991 3579 3046 excusationis
3619 2994 3773 3047 ratio

2176 3077 2365 3132 fecerit
2393 3092 2502 3132 non
2546 3079 2753 3133 venire.
2787 3077 3047 3134 Omnibus
3096 3079 3445 3136 nihilominus
3469 3082 3777 3141 scientibus

2098 3179 2147 3242 ο
2174 3167 2322 3236 quod
2348 3167 2590 3225 Christus
2621 3168 2878 3224 Dominus
2905 3178 2960 3226 et
2999 3168 3248 3227 Salvator
3276 3183 3462 3228 uester
3490 3174 3577 3244 pia
3607 3175 3774 3231 insti-

2178 3259 2388 3314 tutione
2414 3259 2750 3331 pronuntiat,
2781 3260 2968 3318 (licens
3001 3280 3015 3316 :
3041 3260 3178 3327 Quia
3197 3264 3242 3318 si
3262 3263 3366 3320 duo
3392 3281 3458 3319 ea:
3477 3263 3618 3320 vobis
3640 3281 3778 3321 con-

2177 3350 2435 3405 senserint
2458 3367 2612 3420 super
2652 3359 2845 3406 terram
2868 3390 2883 3415 ,
2935 3352 3002 3407 de
3025 3354 3167 3408 omni
3192 3370 3266 3418 re,
3297 3371 3651 3428 quamcunque
3678 3373 3777 3427 pe-

2181 3440 2378 3504 tierint,
2408 3439 2499 3510 ﬁet
2531 3440 2638 3494 illis
2666 3457 2698 3494 α
2730 3439 2891 3496 Patre
2930 3458 3044 3498 meo
3071 3443 3160 3515 qui
3185 3446 3341 3498 estin
3380 3445 3522 3499 satis
3546 3445 3772 3514 (Matth.

2179 3533 2351 3590 xvtu).
2389 3528 2854 3595 Quemadmodum
2884 3540 3062 3585 autem
3093 3531 3213 3602 quis
3253 3533 3353 3588 sibi
3381 3549 3501 3604 qua:
3530 3536 3781 3604 postulat

2180 3621 2352 3677 credit
2389 3636 2553 3692 posse
2591 3623 2838 3688 concedi,
2864 3622 2909 3678 si
2950 3625 3386 3694 congregationis
3413 3635 3613 3682 sancta:
3636 3643 3780 3682 con-

2180 3723 2440 3778 ventum,
2495 3712 2585 3767 ubi
2636 3713 2896 3769 Dominus
2941 3717 3282 3786 prtesentiam
3319 3732 3470 3773 suam
3518 3719 3779 3788 promisit

2180 3803 2358 3858 modis
2385 3802 2636 3858 omnibus
2667 3802 2994 3871 adfuturam,
3043 3805 3160 3861 sine
3189 3806 3369 3877 aliqua
3407 3817 3570 3863 rectae
3596 3822 3778 3864 excu-

2181 3892 2413 3948 sationis
2453 3907 2617 3948 causa
2662 3893 2833 3949 vitare
2861 3894 3188 3950 crediderit?
3233 3895 3362 3960 Sed,
3393 3897 3532 3953 sicut
3560 3897 3777 3967 przefati

2182 4000 2386 4050 sumus,
2419 3984 2466 4040 si
2493 3985 2639 4055 justa
2667 4001 2830 4042 causa
2857 3987 3007 4042 illum
3046 3987 3113 4043 ad
3153 3989 3417 4062 synodum
3442 3987 3633 4045 fecerit
3657 4005 3775 4047 non

2181 4077 2386 4143 venire,
2416 4093 2514 4148 pro
2537 4094 2596 4133 se
2623 4086 2718 4134 aut
2744 4080 3140 4152 presbyterum,
3170 4088 3262 4136 aut
3304 4080 3594 4137 diaconum
3639 4080 3776 4138 des-

2183 4170 2359 4226 tinare
2389 4186 2496 4226 non
2523 4170 2762 4238 differat;
2785 4181 3054 4244 quatenus
3081 4187 3201 4244 qua:
3222 4170 3420 4229 fuerint
3447 4172 3773 4240 constituta,

2182 4275 2282 4330 per
2309 4274 2404 4316 eos
2447 4262 2620 4333 possit
2649 4275 2966 4331 agnoscere,
2993 4272 3050 4319 et
3072 4262 3293 4319 deﬁnita
3314 4263 3609 4335 complere.
3644 4262 3772 4321 Pari

2183 4350 2508 4406 auctoritate
2538 4351 2878 4420 mandantes,
2921 4360 2980 4408 ut
3024 4346 3202 4411 nullus
3241 4354 3358 4410 sine
3386 4355 3626 4426 pmdicti
3657 4355 3775 4411 foro

2184 4451 2328 4498 mata
2358 4443 2427 4498 ad
2469 4443 2842 4514 longinquiora
2890 4444 3011 4501 loca
3043 4445 3240 4502 audeat
3278 4447 3547 4518 proﬁcisci
3581 4465 3595 4501 :
3630 4463 3776 4518 prte—

489 4528 873 4598 Ecclesiarum,
895 4544 1016 4602 qua:
1046 4530 1173 4587 licet
1200 4532 1253 4586 in
1276 4533 1481 4602 multis,
1504 4550 1609 4590 una
1641 4542 1819 4591 tamen
1849 4544 1934 4591 est
1963 4544 2078 4593 toto
2106 4555 2160 4615 D
2183 4534 2370 4588 sertim
2410 4535 2536 4603 quia
2568 4542 2623 4590 ct
2663 4534 3011 4591 decessurum
3051 4546 3359 4592 nostrorum
3388 4537 3775 4595 decesserimus

489 4621 623 4676 urbe
644 4619 834 4675 diffusa
861 4662 880 4689 ,
921 4621 1214 4677 incessanti
1247 4623 1428 4679 studio
1447 4626 1702 4682 convenit
1729 4641 1848 4682 esse
1870 4626 2075 4683 sollici-

493 4721 603 4767 tos.
630 4711 842 4782 Quippe
880 4711 1006 4782 quia
1049 4728 1149 4767 nos
1193 4723 1499 4770 sanctarum
1531 4714 1931 4786 Scripturarum
1957 4718 2076 4774 elo-

487 4800 613 4873 quia
644 4801 877 4857 reddunt
903 4802 1187 4871 diligenter
1204 4804 1518 4872 instructos,
1543 4807 1688 4876 quod
1709 4823 1832 4863 cum
1861 4807 2076 4880 Moyses

489 4892 586 4949 Dei
613 4893 847 4948 famulus
872 4893 1068 4949 divinis
1083 4894 1416 4965 jussionibus
1436 4896 1810 4954 obsecundans
1831 4898 1898 4954 ad
1918 4916 2078 4956 mon.

489 4994 600 5041 tem
628 4983 884 5040 voluisset
905 4986 1218 5051 ascendere,
1249 4986 1374 5044 loco
1397 4989 1482 5044 sui
1511 4991 1691 5046 Aaron
1715 4999 1773 5046 et
1796 4991 1910 5048 llur
1936 4993 2071 5061 legi-

488 5084 579 5132 tur
602 5075 904 5144 reliquisse,
934 5077 1123 5132 dicens
1157 5095 1172 5131 :
1201 5077 1516 5150 Exspectate
1542 5081 1625 5136 hic
1644 5121 1661 5146 ,
1705 5081 1868 5137 donec
1906 5100 2078 5139 rever-

488 5175 662 5221 tantur
688 5166 759 5221 ad
777 5182 884 5222 vos.
910 5164 1131 5222 Habetis
1156 5168 1332 5224 Aaron
1354 5178 1403 5224 et
1429 5170 1550 5225 Har
1571 5171 1845 5238 vobiscum,
1867 5175 1914 5228 si
1948 5174 2076 5247 quid

489 5265 668 5312 natum
689 5259 847 5331 fuerit
863 5259 1186 5330 quaestionis,
1210 5261 1444 5332 referetis
1473 5262 1542 5316 ad
1561 5278 1650 5317 eos
1673 5262 1870 5332 (Exod.
1902 5265 2072 5338 xxrv).

488 5346 568 5403 lta
604 5349 751 5404 enim
781 5348 925 5404 inter
961 5349 1270 5407 sacerdotes
1300 5348 1515 5406 Domini
1563 5361 1745 5423 potest
1779 5369 1883 5425 pax
1912 5370 2078 5427 super

490 5439 671 5494 omnia
698 5439 814 5494 Deo
850 5439 1048 5510 placita
1075 5440 1360 5508 custodiri,
1385 5443 1431 5499 si
1457 5441 1621 5498 fuerit
1646 5443 1738 5512 qui
1770 5445 1944 5499 vicum
1971 5458 2074 5500 no-

490 5537 726 5585 strarum
752 5532 1077 5588 auctoritate
1100 5532 1382 5603 subnixus,
1414 5549 1703 5605 personam
1733 5544 1975 5593 nostram
2019 5539 2076 5594 in

2181 4620 2320 4691 ejus,
2349 4622 2544 4693 quibus
2584 4623 2732 4678 vices
2769 4638 2894 4679 suas
2919 4624 3256 4680 commisisse
3301 4627 3593 4697 praeteritis
3634 4636 3774 4683 tem-

2181 4715 2404 4786 poribus
2453 4716 2800 4785 relcguntur,
2843 4718 2925 4772 sic
2970 4717 3234 4773 deﬁniunt
3282 4726 3523 4785 statuta;
3577 4726 3638 4774 ut
3685 4721 3776 4776 bis

2181 4807 2430 4862 omnibus
2469 4808 2778 4862 obedientia
2807 4807 2920 4863 Deo
2949 4806 3148 4879 placita
3190 4808 3493 4876 custoditis,
3533 4824 3638 4881 pax
3668 4808 3770 4866 Ec-

2182 4896 2468 4953 clesiarum
2528 4897 2708 4955 stabili
2768 4897 3024 4955 ﬁrmitate
3084 4900 3387 4970 persistat;
3451 4910 3554 4965 et,
3627 4902 3775 4957 sicut

2183 4987 2378 5041 doctor
2405 4987 2646 5057 gentium
2687 4989 2820 5044 dicit
2842 4989 3134 5060 Apostolus
3165 4988 3383 5062 (Ep/tes.
3407 4994 3493 5058 v),
3525 4990 3772 5048 Ecclesia

2148 5150 2155 5156 .
2182 5076 2277 5132 Dei
2313 5079 2485 5148 possit
2511 5079 2630 5134 sine
2656 5095 2786 5149 ruga
2817 5088 2874 5136 et
2898 5080 3104 5136 macula
3129 5097 3467 5152 permanere.
3499 5080 3646 5143 Deus
3670 5100 3771 5140 vos

2182 5167 2478 5225 incolumes
2508 5170 2797 5237 custodiat,
2829 5169 3021 5226 fratres
3050 5171 3372 5228 charissimi.

2362 5290 2388 5319 ι
2420 5280 2753 5337 EPISTOLA
2782 5280 2928 5354 (olim
2950 5281 3100 5354 Xlll)
3131 5281 3360 5339 VlGlLll
3388 5282 3594 5340 PAPA‘I

2261 5387 2330 5428 AD
2365 5387 2707 5428 AURELIANUH
2746 5388 3153 5429 ARELATSNSEI.
3193 5389 3684 5432 CONSTANTIEOPOLI

2847 5479 3088 5521 SCRIPTA.

2180 5551 2329 5607 Nihil
2351 5569 2382 5606 a
2423 5570 2480 5608 se
2504 5565 2685 5610 contra
2723 5555 2947 5610 concilia
2986 5555 3273 5625 generalia,
3313 5554 3772 5631 Romanorum,"

567 5720 749 5807 {gum
771 5723 1100 5807 schismatici
1119 5725 1330 5807 scriptis
1345 5726 1540 5807 litteris
1554 5729 1749 5807 ubique
1762 5729 2077 5807 _vulgassent
2109 5720 2130 5729 ⁷
2178 5733 2619 5807 Chalcedonense
2648 5737 2956 5807 concilium,
2986 5742 3041 5792 et
3066 5745 3374 5807 complures
3394 5739 3462 5793 ab
3487 5739 3606 5807 ejus
3626 5756 3771 5796 corn-

468 5789 745 5861 .Vigilium
773 5809 967 5864 papam
1014 5797 1110 5850 tria
1141 5789 1446 5852 damnando
1489 5789 1720 5867 capitula
1760 5789 2077 5870 impugnare

2180 5806 2436 5862 munione
2475 5807 2843 5875 discedcreut,
2875 5806 3282 5862 Valentinianus
3307 5806 3564 5880 Scythiae,
3595 5812 3772 5868 Aure-
