3986 6364
217 355 272 411 Η
680 372 703 403 ⁸

1431 371 1783 432 EPISTOL/E
1822 378 1912 435 ur
1954 379 2290 438 ozenam.
3433 411 3500 467 ω

630 474 843 533 decreta
892 483 1056 589 fuisse
1097 483 1409 589 adnujsum,
1459 490 1698 589 Itoprtatlur
1743 502 1800 546 ut
1831 497 1878 558 Α
1912 493 2055 566 Rogo
2083 505 2255 553 autem
2277 515 2382 564 vos,
2417 503 2625 573 fratres,
2668 516 2724 560 ut
2748 507 3024 567 observetis
3052 531 3141 570 eos
3169 517 3254 589 qui
3298 521 3502 577 dissen-

308 542 371 589 'In'
492 554 601 589 erm
649 550 757 589 nni
802 566 1027 589 annnam.
1098 571 1129 589 υ
1198 573 1225 589 ι.
1313 572 1482 589 ...ηιηκ
1563 571 1797 589 -..η-υ...
1942 586 1951 589 -
2232 587 2253 589 η

276 542 601 646 Cnilbdeberto
649 550 758 646 regi
779 542 1073 646 .sug'gerat,
1098 564 1180 646 utn
1196 557 1266 609 ad
1312 542 1800 646 regemLCotlierunt

200 632 207 635 “
274 613 493 678 scribat,
523 632 588 669 ne
612 613 739 687 quid
774 621 831 674 in
864 613 1103 677 Ecclesia
1134 613 1396 682 Romanu"
1411 613 1611 686 turbari
1636 613 1796 687 uitii:

273 702 638 763 Dilectissimo
665 707 820 766 fratri
850 711 1143 772 Aureliano
1172 719 1429 791 episcopo
1449 722 1688 792 Vigilius.

270 793 655 854 Fraternitatis
682 812 882 859 vestrae
920 804 1131 865 litteras
1171 810 1347 880 pridie
1397 814 1518 870 idus
1546 815 1717 877 Julias
1749 830 1796 883 ⁸,

202 885 496 946 Anastasio
520 890 820 962 deferente,
852 900 1188 969 suscepimus
1216 912 1272 958 et
1294 906 1493 973 gratias
1518 907 1803 969 referimus

198 978 398 1036 divinae
419 981 745 1051 clementiae,
778 990 906 1059 quia
937 991 1353 1051 sollicitudinem
1387 1007 1617 1057 vestram
1648 1003 1701 1058 in
1734 1005 1798 1056 li-

196 1070 287 1128 dei
332 1088 522 1147 causa,
551 1077 640 1132 vel
686 1078 742 1135 in
788 1088 994 1138 nostra
1041 1085 1298 1156 opinione
1324 1105 1587 1161 personae,
1633 1098 1801 1151 sacris

196 1162 492 1234 relegimus
541 1166 568 1205 δ
618 1173 916 1229 convenire
960 1175 1245 1245 mandatis,
1278 1188 1338 1234 ut
1364 1181 1522 1253 digne
1549 1185 1796 1243 charitati

197 1262 308 1310 tua
332 1257 502 1314 verba
533 1258 630 1316 Dei
655 1268 714 1317 et
731 1266 1124 1323 convenienter
1150 1278 1425 1340 aptentur,
1449 1276 1646 1344 quibus
1672 1279 1749 1334 ait
1780 1296 1794 1332 :

193 1342 355 1418 Περὶ
378 1355 431 1401 te
448 1351 772 1409 sacerdotem
798 1370 866 1409 ea:
912 1357 1148 1414 omnibus
1176 1342 1506 1418 ascendensc
1537 1368 1607 1421 ad
1633 1370 1800 1424 altare

191 1448 390 1503 mm,
415 1444 468 1489 et
513 1448 693 1509 partes
736 1459 913 1499 coram
942 1463 1023 1502 me
1051 1447 1223 1521 [forte
1249 1452 1423 1525 apud]
1467 1472 1652 1512 nomen
1684 1475 1796 1514 nta-

189 1538 357 1592 guunt
407 1529 608 1584 cunctis
648 1529 831 1586 diebus
880 1535 999 1588 vita:
1044 1546 1147 1592 tua:
1177 1538 1251 1609 (1
1283 1538 1413 1612 Reg.
1449 1560 1486 1598 ιι
1515 1584 1527 1598 .
1562 1545 1797 1603 Necesse

190 1623 327 1680 ergo
349 1614 511 1669 nobis
555 1625 641 1673 est
666 1618 948 1679 ebaritatis
969 1634 1164 1682 vestrae
1201 1629 1618 1690 sollicitudinem
1641 1636 1793 1692 brevi

189 1698 435 1767 interim,
466 1715 727 1776 quantum
756 1726 856 1781 pro
890 1716 1148 1785 temporis
1190 1720 1453 1788 qualitate
1495 1726 1792 1797 potuimus,

188 1792 442 1851 relevare
470 1798 745 1870 colloquio
774 1820 788 1857 :
820 1813 1093 1874 quatenus
1123 1811 1297 1868 modis
1325 1815 1573 1871 omnibus
1620 1819 1790 1874 conli-

1909 586 2079 639 siones
2107 596 2156 641 et
2177 587 2490 657 aﬂ'eudicula
2519 602 2708 664 preter
2736 597 3026 675 doctrinam
3057 586 3211 677 quam
3248 626 3334 666 vos
3362 614 3502 668 didi-

1909 678 2050 732 cistis
2081 681 2300 751 faciunt,
2323 691 2373 736 et
2392 684 2646 741 declinate
2665 688 2729 742 ab
2754 691 2860 747 illis
2889 693 3066 765 (Rom.
3100 715 3187 755 xvi
3212 702 3231 773 )
3262 722 3273 755 :
3309 704 3361 759 in
3393 707 3503 763 Do-

1911 769 2059 825 mino
2087 772 2437 840 confidentes,
2468 778 2613 845 quia,
2644 779 3007 852 sicutprmfati
3034 769 3237 859 sumus,
3269 796 3338 850 ab
3365 812 3499 867 apo-

1910 863 2064 918 stolis
2109 862 2265 919 fldem
2297 866 2571 937 traditam,
2596 879 2651 927 et
2677 888 2705 926 a
2738 875 3010 942 praedictis
3036 886 3240 941 sanctis
3264 862 3500 958 quatuor

1907 952 2149 1008 conciliis
2178 954 2531 1026 declaratum,
2562 969 2616 1016 et
2643 978 2673 1017 a
2712 964 3091 1028 decessoribus
3120 979 3320 1034 nostris
3346 988 3401 1035 et
3427 986 3496 1037 ab

1904 1043 2189 1099 antedictis
2220 1044 2470 1105 Patrihus
2498 1055 2865 1125 praedicatum,
2908 1069 3071 1132 atque
3115 1065 3503 1127 inviolabiliter

1904 1134 2246 1202 custoditam,
2300 1139 2511 1197 sincera
2559 1145 2838 1203 voluntate
2884 1154 3172 1222 tenuimus,
3226 1166 3492 1227 tenemus,

1903 1227 2147 1282 venerati
2194 1244 2399 1300 sumus,
2430 1248 2757 1294 veneramur
2811 1250 2975 1314 atque
3024 1246 3380 1321 defendimus,
3438 1270 3497 1317 et

1902 1324 2089 1371 contra
2116 1331 2237 1373 eam
2265 1318 2527 1381 facientes
2562 1330 2866 1397 apostolica
2905 1338 3237 1396 auctoritate
3263 1318 3493 1401 damna-

1901 1419 2042 1462 mus.
2072 1405 2180 1464 Sed
2207 1418 2406 1479 quanta
2430 1429 2717 1484 possumus
2750 1435 2849 1491 per
2877 1422 3045 1481 filium
3072 1440 3318 1486 nostrum
3340 1434 3490 1491 Ana-

1899 1496 2121 1552 stasium
2151 1498 2219 1555 de
2244 1500 2328 1557 his
2347 1516 2468 1572 qua:
2494 1513 2643 1574 gesta
2671 1519 2798 1565 sunt
2823 1512 3063 1572 breviter
3096 1534 3196 1575 nos
3241 1521 3489 1581 indicare

1899 1602 2123 1645 necesse
2151 1600 2256 1661 est,
2282 1601 2338 1650 et
2364 1610 2486 1651 cum
2534 1615 2636 1655 nos
2663 1601 2915 1662 dominus
2942 1606 3082 1665 ﬁlius
3130 1623 3319 1671 noster
3372 1619 3484 1674 cle-

1898 1679 2262 1739 mentissimus
2286 1684 2599 1756 imperator,
2629 1691 2770 1748 sicut
2795 1698 3066 1769 promisit,
3090 1701 3200 1760 Deo
3234 1706 3344 1778 (qui
3393 1725 3491 1766 eor

1897 1768 2065 1840 ipsius
2096 1770 2110 1821 ἱ
2145 1774 2314 1849 tenet)
2331 1775 2557 1846 juvante
2586 1784 2783 1839 reverti
2803 1768 3119 1861 praeceperit
3141 1834 3157 1860 ,
3187 1768 3488 1871 hominem,

186 1882 354 1953 datis,
404 1887 541 1943 nihil
580 1860 681 1946 nes
704 1860 923 1962 penilus
950 1860 1791 1972 admisisse'quodmdeee
1828 1873 1871 1931 Β
2213 1864 2282 1921 ad
2318 1868 2528 1972 gingiua
2557 1873 3184 1972 9'3"“‘°{‘“°‘°5°a"
3219 1887 3329 1946 Deo
3357 1906 3489 1962 pm‘

186 1980 505 2032 nostrorum
533 1983 867 2052 constitutis,
906 1986 990 2042 vel
1018 1998 1237 2057 sanctas,
1270 2007 1390 2062 qua:
1438 2012 1541 2052 una
1570 1999 1789 2055 eadem-

185 2080 295 2134 que
319 2076 431 2137 est,
461 2070 587 2127 ﬁdei
615 2082 849 2143 quatuor
882 2079 1232 2150 synodorum,
1284 2084 1336 2140 id
1387 2095 1491 2154 est,
1539 2089 1785 2157 Nicarnm,

184 2154 827 2235 Constantinopolitanae,
858 2167 1146 2239 Ephesium
1180 2174 1387 2243 primm,
1435 2186 1599 2248 atque
1627 2154 1789 2237 Chal;

184 2250 537 2320 eedonensis,
569 2255 876 2314 inveniatur
899 2261 1065 2332 (quod
1087 2265 1247 2337 absit)
1279 2282 1401 2325 esse
1429 2274 1782 2343 contrarium,

184 2341 444 2412 autquod
471 2344 542 2399 ad
570 2361 925 2416 personarum
956 2352 1202 2422 injuriam
1233 2360 1521 2429 pertineat,
1546 2377 1666 2433 quae
1688 2341 1785 2421 de;

182 2429 420 2488 ﬁnitioni
474 2434 717 2506 ejusdem
770 2451 975 2498 sanctae
1021 2445 1143 2502 fidei
1194 2429 1650 2523 subscripserunt,
1700 2459 1785 2513 vel

178 2529 503 2579 sanctorum
577 2528 1036 2602 praedecessorum
1109 2548 1418 2596 nostrorum
1473 2543 1781 2616 leestini,

180 2608 362 2681 Xysti,
412 2612 612 2672 Leonis
651 2619 993 2693 aliorumque
1041 2628 1465 2697 praecedentium
1495 2644 1658 2707 atque
1689 2608 1781 2695 se;

176 2704 466 2771 quentium
486 2707 724 2767 definitis
750 2717 1055 2785 reperiatur
1083 2719 1392 2791 adversum,
1436 2728 1532 2784 sed
1562 2704 1590 2784 ιι
1623 2731 1779 2789 nobis

176 2795 435 2853 omnibus
452 2799 722 2869 praedictis
731 2806 954 2876 synodis
974 2825 1135 2866 unam
1148 2817 1577 2889 venerationem,
1593 2838 1779 2880 uuam-

176 2898 287 2955 que
316 2887 441 2944 tidei
488 2893 861 2954 credulitatem
892 2900 1316 2964 indubitabiliter
1341 2908 1369 2947 «ι
1401 2887 1645 2972 exhiberi
1676 2935 1690 2972 :
1723 2929 1779 2975 et

175 2989 275 3032 eos
297 2980 392 3049 qui
413 2996 606 3041 omnes
633 2992 1033 3063 suprascriptas
1053 3004 1286 3066 quatuor
1299 3004 1537 3074 synodos
1575 3008 1628 3062 in
1657 3025 1779 3066 rec-

174 3067 412 3127 titudine
438 3071 562 3130 ﬁdei
600 3092 711 3134 non
749 3094 1071 3154 sequuntur,
1092 3089 1179 3145 vel
1222 3067 1383 3149 unam
1414 3110 1481 3151 ex
1532 3098 1661 3170 ipsis
1690 3104 1775 3158 vel

174 3172 371 3216 omnes
399 3162 455 3218 in
484 3163 591 3223 fide
608 3181 901 3240 repravant
926 3185 975 3243 ε,
992 3185 1086 3233 aut
1113 3195 1400 3252 repravare
1412 3162 1775 3265 [reprobare],

174 3258 273 3304 aut
301 3251 584 3328 injuﬁare,
614 3261 703 3316 vel
732 3265 1018 3335 repudiare
1044 3251 1305 3342 nituntur,
1329 3251 1647 3351 abi—icimus;
1673 3251 1775 3343 sed
1804 3263 1849 3327 c

176 3351 236 3398 et
258 3359 324 3400 ea
337 3361 462 3417 quae
475 3350 529 3405 in
550 3352 795 3422 ejusdem
810 3369 1009 3416 sancta:
1026 3361 1150 3420 fidei
1178 3366 1428 3437 injuriam
1448 3374 1615 3431 verbo
1628 3376 1772 3434 dicta

175 3435 263 3490 vel
286 3439 637 3508 reperiuntur
658 3446 880 3517 scripta,
899 3435 1398 3516 anathematizanda
1413 3468 1773 3523 exsecranda-

173 3537 282 3592 que
304 3526 695 3604 judicavimus,
734 3546 791 3592 et
837 3542 1214 3603 constituimus
1242 3548 1531 3618 judicanda
1564 3574 1578 3610 :
1608 3558 1772 3615 simili

175 3629 333 3684 pinna
348 3618 654 3688 plecteutes
663 3626 830 3682 etiam
847 3643 941 3686 eos
952 3632 1043 3701 qui
1057 3632 1215 3691 fidem
1231 3638 1376 3695 beati
1391 3641 1594 3714 Cyrilli,
1608 3662 1768 3718 quem

177 3704 199 3743 ‘
223 3717 427 3765 saneta:
447 3714 845 3775 recordationis
861 3719 968 3778 Leo
980 3727 1344 3794 praedecessor
1358 3744 1542 3790 noster
1553 3738 1618 3791 ad
1632 3754 1769 3809 pne-

171 3797 492 3858 decessores
505 3814 531 3852 ι
545 3815 756 3865 vestros
770 3811 1012 3883 aliosque
1024 3817 1165 3875 datis
1176 3822 1441 3891 probavit,
1460 3838 1515 3883 et
1535 3797 1772 3888 laudavit

170 3892 411 3962 scriptis,
424 3896 950 3965 etChalcedonensis
963 3914 1270 3968 veneranda
1283 3926 1468 3973 sancta
1484 3917 1508 3957 ιι
1530 3924 1767 3993 synodus

166 3983 364 4053 legitur
373 3990 685 4059 protulisse,
700 3994 1037 4068 aliorumque
1048 4000 1431 4077 Patrum,quos
1449 3983 1763 4083 apostolica:

164 4074 309 4130 sedis
336 4080 599 4147 praesules
625 4095 979 4156 susceperunt
1007 4099 1170 4164 atque
1215 4074 1386 4154 secuti
1429 4074 1573 4171 sunt,
1603 4120 1762 4164 exse-

162 4168 365 4223 eranda
395 4172 649 4241 superbia
677 4174 843 4248 impia
877 4195 1226 4243 vocaverunt.
1257 4168 1589 4252 Fraternitas
1630 4212 1759 4268 ergo

165 4264 277 4323 tua,
305 4272 473 4328 quem
502 4266 816 4334 apostolica:
843 4272 985 4329 sedis
1008 4289 1112 4344 per
1134 4293 1235 4335 nos
1263 4291 1477 4339 constat
1519 4301 1641 4344 esse
1677 4264 1761 4345 vi-

161 4349 389 4416 earium,
420 4353 687 4414 universis
714 4359 984 4434 episcopis
1013 4365 1337 4440 innotescat,
1385 4383 1444 4431 ut
1473 4379 1634 4436 nullis
1664 4390 1759 4440 aut

159 4436 309 4497 falsis
358 4445 596 4516 scriptis,
646 4460 744 4505 aut
795 4456 1147 4517 mendacibus
1198 4436 1401 4535 verbis,
1432 4478 1526 4524 aut
1554 4473 1756 4529 nuntiis

156 4532 401 4598 qualibet
443 4538 656 4595 ratione
686 4542 990 4613 turbentur,
1015 4550 1110 4604 sed
1135 4553 1318 4622 potius
1345 4532 1505 4627 primi
1528 4570 1752 4631 aposto-

1896 1952 2030 2021 pitio
2054 1954 2406 2016 destinamus.
2429 1962 2584 2029 Quod
2609 1965 2734 2023 ideo
2762 1970 2936 2028 adhuc
2960 1989 3071 2031 non
3092 1976 3333 2050 fecimus,
3357 1952 3487 2055 quia

1895 2052 1950 2097 et
1970 2044 2164 2102 hiemis
2192 2051 2476 2122 asperitas,
2500 2064 2554 2111 et
2582 2056 2767 2128 Italiae,
2798 2076 2921 2133 quae
2948 2082 3045 2123 vos
3070 2085 3178 2126 non
3207 2044 3360 2146 latet,
3376 2044 3488 2134 ἠε-

1893 2135 2116 2193 cessitas
2160 2142 2478 2213 praepedivit
2527 2164 2540 2200 :
2590 2147 2766 2206 donec
2807 2157 3183 2218 serenissimus
3207 2135 3485 2239 princeps,

1890 2225 2034 2283 sicut
2059 2229 2351 2302 desiderat,
2367 2235 2595 2295 Domino
2610 2239 2631 2278 ¹ι
2655 2243 2757 2298 sibi
2781 2245 3007 2317 [Deesse
3022 2225 3484 2334 videturjuvanlej

1890 2319 2347 2381 subveniatJllud
2372 2343 2589 2402 quoque
2608 2335 2879 2394 credimus
2906 2319 3254 2416 sperandum,
3277 2358 3331 2403 ut
3355 2319 3483 2420 quid

1887 2410 2149 2481 scriptum
2203 2424 2330 2471 est:
2376 2417 2570 2476 Frater
2606 2426 2822 2496 fratrem
2875 2410 3131 2502 adjuvans
3164 2410 3485 2497 exaltabimr

1891 2501 1908 2569 (
1933 2500 2090 2559 Prov.
2141 2507 2332 2580 ιινιιιὶς
2363 2518 2419 2566 et
2467 2513 2609 2569 sicut
2656 2516 2725 2572 de
2774 2500 3123 2582 credentibus
3151 2529 3205 2584 iu
3254 2531 3481 2591 Domino

1886 2592 2118 2651 Actuum
2156 2602 2576 2669 apostolicorum
2623 2609 2888 2681 scriptura
2927 2623 3174 2685 testatur,
3214 2622 3340 2693 quia
3364 2636 3483 2681 erat

1886 2684 2210 2744 credentibus
2248 2691 2303 2745 in
2336 2690 2558 2751 Domina
2578 2713 2673 2753 cor
2698 2715 2858 2755 unum
2902 2712 2955 2757 et
2984 2684 3166 2762 anima
3200 2684 3306 2766 una
3332 2713 3476 2787 (Act.

1886 2777 2002 2849 tv);
2034 2787 2094 2834 ut
2120 2782 2193 2836 sit
2240 2782 2549 2844 fraternitas
2578 2797 2758 2848 vestra
2807 2794 2861 2850 in
2911 2796 3016 2853 hac
3066 2814 3284 2874 quoque
3324 2777 3480 2876 parte

1884 2872 2138 2941 sollicita,
2173 2883 2228 2931 et
2273 2877 2512 2947 glorioso
2565 2880 2676 2939 filio
2721 2895 2909 2945 nostro
2961 2872 3474 2970 Childeblerto'regi,

1883 2976 2044 3031 quem
2074 2962 2494 3029 Christianitatis
2532 2974 2712 3033 studio
2757 2983 3161 3042 venerationem
3203 2962 3471 3062 integram

1882 3054 1994 3109 sedi
2019 3059 2353 3127 apostolicae,
2385 3064 2472 3118 cui
2502 3082 2601 3122 nos
2630 3067 2769 3126 Deus
2797 3086 3028 3141 praesse
3053 3078 3243 3147 voluit,
3267 3095 3475 3152 cogno-

1886 3147 2058 3205 vimus
2079 3150 2357 3219 exhibere,
2381 3157 2686 3228 supplicare
2714 3176 2822 3218 non
2854 3164 3094 3239 desinas,
3116 3147 3384 3241 quatenus
3417 3179 3475 3234 in

1882 3244 2029 3293 tanta
2055 3255 2237 3297 rerum
2287 3248 2609 3306 necessitate
2639 3252 2782 3309 circa
2812 3253 3110 3316 Ecclesiam
3140 3263 3235 3320 Dei
3270 3268 3475 3326 sollici-

1880 3330 2140 3399 tudinem,
2182 3335 2320 3391 sicut
2358 3346 2415 3394 et
2453 3341 2793 3414 conﬁdimus,
2824 3346 3130 3409 Christiana
3180 3355 3472 3418 devotione

1878 3423 2153 3492 persolvat
2192 3443 2205 3480 :
2259 3436 2318 3484 ut
2345 3431 2470 3500 quia
2500 3431 2664 3490 Gothi
2702 3451 2823 3493 cum
2851 3454 2980 3511 rege
3025 3459 3125 3502 suo
3154 3447 3209 3503 in
3250 3449 3470 3510 civitate

1878 3512 2118 3571 Romana
2150 3518 2502 3588 perhibentur
2528 3524 2786 3599 ingressi,
2815 3530 2919 3588 hoc
2946 3533 3027 3590 eis
3053 3535 3305 3607 dignetur
3331 3542 3477 3599 scri-

1874 3607 2022 3675 bere,
2053 3625 2122 3666 ne
2149 3626 2209 3667 se
2237 3613 2290 3668 in
2338 3613 2591 3674 Ecclesia:
2640 3630 2840 3679 nostra
2883 3626 3217 3697 praeiudicio,
3266 3636 3468 3707 quippe

1874 3697 2019 3755 velut
2047 3701 2235 3758 aliena:
2265 3704 2415 3774 legis,
2441 3708 2761 3777 immisceat,
2805 3722 2862 3771 et
2909 3717 3112 3789 aliquid
3142 3697 3325 3790 faciat,
3362 3697 3467 3782 aut

1874 3789 1989 3846 fieri
2036 3794 2278 3864 qualibet
2323 3795 2336 3835 ¹
2394 3800 2603 3857 ratione
2652 3807 2958 3877 permittat,
3008 3813 3153 3870 unde
3198 3818 3464 3876 catholica

1871 3882 2042 3951 possit
2088 3883 2326 3943 Ecclesia
2355 3892 2679 3960 perturbari.
2712 3895 2939 3966 Dignum
2967 3904 3109 3959 enim
3156 3916 3259 3974 est,
3290 3919 3345 3964 et
3373 3926 3464 3966 ca-

1870 3972 2091 4042 tholico,
2124 3977 2264 4033 sicut
2287 3989 2387 4048 est,
2417 3983 2531 4053 regi
2552 3990 2897 4057 conveniens,
2923 4000 2981 4047 ut
3012 3993 3167 4052 fidem
3195 3972 3251 4055 et
3270 4000 3463 4059 Eccle-

1865 4064 2023 4137 siam,
2056 4067 2108 4122 in
2138 4083 2243 4139 qua
2289 4071 2430 4129 Deus
2471 4076 2621 4132 illum
2653 4081 2821 4136 voluit
2849 4083 3126 4155 baptizari,
3159 4094 3306 4147 omni
3356 4095 3458 4151 de-

1862 4156 1991 4212 beat
2007 4158 2205 4217 virtute
2227 4161 2536 4225 defendere.
2565 4168 2837 4244 Scriptum
2867 4186 2952 4233 est
2978 4181 3120 4238 enim
3146 4200 3160 4238 :
3186 4183 3311 4243 Vivo
3337 4206 3454 4260 ego,

1861 4248 1987 4303 dicit
2011 4250 2284 4325 Dominus,
2308 4259 2429 4329 quia
2456 4260 2809 4334 gloriﬁcantes
2829 4272 3223 4345 ntegloriﬁcabo
3246 4277 3301 4349 (I
3318 4248 3448 4354 Reg:

1861 4340 1955 4413 ιι).
2003 4343 2217 4402 Festina
2248 4364 2398 4419 ergo,
2449 4352 2617 4410 frater
2667 4340 2999 4430 charissinie,
3054 4340 3117 4422 ut
3158 4369 3212 4424 in
3251 4340 3450 4430 sancta:

1860 4431 1981 4489 fidei
2010 4436 2323 4498 sinceritate
2354 4446 2666 4517 persistens,
2696 4449 3057 4512 Ecclesiarum
3089 4475 3295 4531 pacem,
3329 4480 3449 4535 quae

1859 4526 1944 4581 vel
1976 4544 2004 4581 a
2035 4528 2146 4586 Deo
2174 4547 2274 4602 per
2308 4538 2560 4595 meritum
2614 4544 2905 4603 sacerdotii
2945 4559 2983 4587 ιιι
3033 4551 3126 4607 tibi
3159 4560 3448 4615 commissa

158 4619 355 4689 lorum,
386 4627 529 4682 sin"
550 4634 828 4705 convenit,
854 4639 1021 4694 verba
1043 4619 1324 4701 seciemur
1346 4619 1578 4708 hiem“;
1605 4670 1619 4706 ε
1646 4655 1753 4708 Αά.
1781 4639 1835 4700 D
1857 4624 1959 4682 est,
1993 4620 2075 4675 vel
2104 4636 2134 4675 a
2163 4623 2319 4680 nobis
2344 4641 2445 4697 per
2462 4633 2814 4700 apostolicam
2843 4645 3219 4700 auctoritatem
3251 4647 3447 4705 vicaria

156 4716 418 4770 rersarius
446 4729 611 4775 vester
638 4722 896 4793 diabolus,
924 4738 982 4784 ut
1005 4730 1083 4787 leo
1112 4737 1322 4807 rugiens
1343 4740 1578 4797 circumit
1604 4761 1749 4817 qua:-

153 4819 271 4859 rcns
294 4824 449 4878 quem
477 4809 704 4881 deuoret,
730 4819 812 4871 cui
838 4821 1062 4877 resistite
1096 4827 1259 4897 fortes
1286 4830 1341 4884 in
1389 4832 1497 4902 ﬁde
1523 4833 1578 4903 (1
1602 4809 1745 4893 ῥεῖν.

150 4893 240 4964 v),
269 4905 326 4951 et
354 4899 503 4968 quod
528 4902 657 4959 item
703 4905 897 4964 doctor
926 4908 941 4949 ί
977 4893 1216 4981 gentium
1249 4893 1698 4994 dicit-Apostolus
1728 4946 1743 4961 ·

150 5023 328 5122 lianus
348 5029 684 5122 Arelatensis
711 5037 970 5122 episcopi,
1003 5043 1203 5115 aliique
1230 5049 1411 5120 plures
1430 5056 1744 5122 prudentio-

149 5098 331 5197 resiad
359 5114 484 5154 eum
514 5098 869 5197 scripserant,
897 5098 1338 5196 quieren‘tesfan-
1355 5098 1740 5197 ἶυῖὲὶῖἒὲἕέ.

147 5175 341 5248 rentur
364 5184 495 5251 vera
521 5174 865 5262 essent._llac
888 5174 1178 5262 ojccasione
1203 5174 1486 5262 rescripsit
1511 5174 1740 5259 i632;

150 5236 611 5326 tigiismmajorum
669 5236 1068 5326 inhaerentem,
1110 5236 1738 5326 quatudr'gacrosadem

149 5307 382 5407 foneilia
413 5312 665 5407 probare.
695 5326 752 5372 et
782 5307 1740 5407 venerari:Addiditvgugiuvs‘ingu:

148 5374 696 5466 l"""“.‘..a.fs."m9nti§
733 5374 1270 5466 conu_-ie'.;dii's“i.:
1313 5374 1527 5459 aliis?

146 5443 249 5502 bac
272 5443 478 5541 ⁸ξῖἰεὶιξξ
496 5443 1517 5541 epistola,‘etdevdnwastasid;
1547 5491 1610 5531 ea

144 5518 774 5615 ineptioﬂigendasunt
792 5544 913 5611 qua:
938 5518 1232 5615 narrantur
1244 5518 1486 5597 invalt-e'ra
1504 5518 1733 5615 ὲῇἴειόιιὶ

145 5584 417 5682 legatariis
443 5589 787 5682 Francor‘uin
808 5584 1250 5682 inseﬁpta::qum
1265 5584 1736 5682 aucupo;

145 5611 417 5655 negaturus
443 5611 777 5651 rrancorum
818 5611 978 5656 inseri
1022 5611 1100 5673 ta,
1130 5620 1250 5675 qua:
1288 5625 1388 5667 suo
1435 5611 1559 5682 post
1616 5617 1727 5673 loco

144 5656 478 5755 subjigietur,
537 5678 630 5719 an.
661 5664 861 5725 Christi
906 5619 1036 5743 55g,
1087 5675 1417 5737 Childeberti
1459 5685 1601 5755 regis
1640 5687 1727 5742 41.

144 5722 254 5781 Jac.
278 5722 607 5788 Sin-ouans.

211 5807 234 5874 ᾗ
267 5798 497 5874 Yeteres
519 5802 671 5871 libri,
702 5804 894 5864 Iduum
919 5809 1197 5870 Iuniarum
1225 5817 1327 5874 die.

208 5865 234 5906 ι
264 5866 587 5928 l'arisiensis
612 5865 669 5929 et
699 5875 915 5946 Regius,
948 5865 1187 5952 tegimus.

582 5967 856 6030 PATROL.
894 5973 1123 6039 LXIX.

1860 4716 2131 4777 potestate
2160 4715 2467 4785 mandatur,
2514 4729 2842 4796 competenti
2899 4731 3277 4801 sollicitudine,
3334 4739 3446 4795 Deo

1858 4800 2202 4872 propitiante,
2262 4810 2557 4881 custodias,
2607 4827 2662 4870 et
2689 4819 2950 4876 vicarium
2994 4835 3045 4879 te
3072 4826 3217 4884 sedis
3247 4838 3445 4887 nostra:

1854 4890 2029 4960 dignis
2056 4894 2169 4953 Deo
2197 4902 2509 4960 manifestes
2538 4910 2813 4978 operibus.
2846 4912 2986 4971 Deus
3007 4926 3059 4974 te
3077 4934 3364 4979 conservet
3392 4935 3442 4996 η,

1927 5062 1953 5124 f
1980 5051 2204 5124 yeteres
2232 5056 2376 5124 libri,
2406 5069 2461 5114 ut
2489 5067 2761 5122 ascendas.

1922 5121 1948 5161 ἀ
1980 5119 2173 5192 Paris.,
2202 5119 2576 5188 indubitanter.

1924 5204 1949 5283 ς
1978 5191 2200 5283 βοείας,
2232 5195 2568 5283 Darisiensis,
2600 5212 2658 5259 et
2684 5204 3003 5283 Colbertini,
3024 5217 3324 5283 reprobant.

1923 5265 1943 5304 ι
1977 5261 2361 5341 ξιιιῖὶεηὶςήιιε,
2389 5261 2683 5341 Bellovae,
2713 5261 2816 5331 cui.

1918 5345 1944 5412 β
1977 5333 2197 5412 Yeteres
2225 5333 2366 5412 ljbri,
2397 5333 2757 5412 praecessores.

1919 5404 1946 5485 ξι
1977 5407 2193 5490 §uncta.
2225 5404 2468 5490 Deest'in
2499 5415 2747 5490 omnibus
2768 5419 3001 5490 antiquis
3028 5425 3320 5485 codicibus.

1925 5476 1941 5516 ί
1981 5478 2199 5534 Veteres
2225 5478 2364 5545 libri,
2397 5483 2533 5536 idem
2562 5484 2758 5541 doctor.

1918 5547 1933 5622 _i
1968 5546 2163 5622 Raris”
2192 5566 2282 5622 cor
2310 5552 2444 5622 ejus.

1915 5617 1937 5656 ιι
1971 5619 2170 5699 Omnes
2197 5621 2316 5699 libri
2332 5617 2558 5699 veteres
2590 5625 2857 5699 {Domino
2878 5631 2978 5686 sibi
3001 5638 3288 5694 auxiliante
3308 5644 3430 5699 sub-

1839 5691 2031 5743 veniat.
2065 5688 2153 5745 Sic
2181 5692 2343 5745 etiam
2367 5693 2531 5749 habet
2559 5697 2726 5753 editio
2751 5697 3044 5758 Sirmondi.

1915 5760 1931 5797 ι
1969 5758 2160 5832 I_’_aris.,
2191 5762 2390 5832 aliqua.

1906 5839 1945 5866 ω
1980 5829 2202 5885 Veteres
2220 5829 2362 5899 libri,
2393 5835 2668 5891 sacerdotii
2700 5840 2959 5899 meritum.

1905 5910 1932 5937 ιι
1961 5900 2160 5971 Regius
2181 5911 2234 5959 et
2265 5902 2580 5975 Colbertini,
2611 5910 3204 5975 incolumemcustodtat.

2950 6012 2988 6069 2
