3986 6364
3262 364 3285 391 ι

474 409 540 463 ιτ.
1873 398 2095 458 γιειιιι

2196 400 2345 456 ΑΡτΕ
3272 385 3285 391 ’
3672 385 3746 438 ιι

471 533 639 584 frater
660 523 988 582 charissime.
1013 521 1204 576 Datum
1229 528 1324 576 λιιι
1346 519 1595 576 calendas
1620 516 1804 582 Maias,
1838 518 2044 588 imperii
2084 520 2135 580 Α
2161 518 2317 572 beata
2337 513 2795 573 Chalcedonensis
2838 507 3094 583 synodus,
3123 506 3189 561 ad
3212 502 3607 562 convincendas
3636 500 3747 556 Ne-

473 616 677 674 domini
707 613 873 670 nostri
895 609 1179 666 Iustiniani
1208 609 1454 681 perpetui
1485 609 1708 678 Augusti
1752 625 1893 663 anno
1921 607 1991 661 2i
2023 607 2050 646 δ

471 715 595 778 post
617 703 952 762 consulatum
975 698 1158 755 Basilii
1185 700 1285 755 viri
1306 700 1585 756 clarissimi
1617 716 1756 756 anno
1782 707 1973 754 octavo
2008 709 2055 765 ο,

473 810 579 870 ρει,
600 795 872 850 hominem
900 806 1060 868 quem
1083 790 1396 847 Anastasius
1415 790 1632 846 direxit.

616 903 645 945 δ
667 901 1004 961 EPISTULA
1042 900 1063 976 (
1107 903 1230 958 olim
1261 898 1405 972 XIV)
1438 898 1666 957 VlGlLli
1691 897 1895 955 PAPIE

819 1032 889 1073 AD
929 1028 1195 1071 ιιυετιςωι
1234 1028 1306 1068 ετ
1333 1027 1713 1068 εεωετιιικιτιι.

663 1126 930 1183 Rusticum
965 1132 1015 1181 et
1055 1123 1418 1180 Sebastianum
1449 1122 1881 1177 excotnmanicat.

555 1237 779 1308 \‘igilius
800 1237 1086 1307 episcopus
1112 1233 1333 1290 Rustico
1361 1241 1418 1289 et
1441 1232 1780 1289 Sebastiano.

554 1328 656 1384 Diu
673 1326 847 1389 vobis,
880 1323 1099 1380 Rustice
1124 1330 1182 1378 et
1206 1320 1545 1385 SebaSIiane,
1579 1321 1873 1376 canonibus
1902 1327 1955 1372 et
1976 1317 2071 1371 de-

485 1432 760 1478 cessurum
788 1425 1098 1474 nostrorum
1126 1423 1515 1484 congruentem
1562 1414 1823 1469 ultionem
1874 1411 2071 1465 inferre

488 1527 585 1582 pro
614 1509 909 1581 apostolica
960 1508 1336 1563 moderatione
1380 1505 1732 1571 distulimus;
1797 1502 1892 1559 sed
1945 1501 2070 1572 quia

489 1605 737 1663 Doctoris
761 1603 999 1675 gentium
1021 1601 1075 1656 in
1104 1600 1285 1658 cordis
1306 1599 1472 1656 vestri
1495 1598 1690 1654 duritia
1721 1595 1887 1669 (quod
1916 1609 1946 1648 a
1976 1608 2074 1648 no-

489 1697 575 1753 bis
592 1711 714 1752 cum
761 1693 924 1750 nimia
957 1702 979 1730 ε
1007 1692 1222 1746 tristitia
1245 1690 1481 1760 dicitur)
1515 1687 1677 1744 verba
1704 1687 1948 1741 videmus
1976 1683 2076 1737 im-

492 1790 658 1861 pleta,
685 1786 880 1859 quibus
920 1784 997 1839 ait
1029 1800 1043 1836 :
1082 1780 1307 1836 Nescitis
1330 1781 1450 1852 quia
1488 1777 1741 1849 patientia
1767 1776 1860 1830 Dei
1884 1775 1954 1829 ad
1972 1790 2089 1845 ptB-'

2161 609 2315 664 storii
2345 609 2590 665 vesaniae
2631 606 2687 661 in
2714 602 3033 661 deﬁnitione
3074 598 3195 655 fidei
3235 597 3433 668 legitur
3478 595 3749 667 posuisse,

2163 714 2284 770 qua:
2308 706 2363 756 te
2389 699 2552 755 etiam
2578 698 2813 754 instante
2867 693 2882 731 ί
2908 700 3126 749 certum
3174 698 3260 746 est
3289 687 3555 757 llagitata,
3585 686 3660 742 ita
3693 693 3755 744 ut

2166 791 2289 849 ﬁliis
2316 791 2516 849 nostris
2543 791 2747 861 Sapato
2774 794 2834 845 et
2870 783 3039 842 Paulo
3065 782 3308 839 diaconis
3334 782 3381 847 ι,
3409 779 3505 837 sed
3534 786 3593 836 et
3612 776 3754 834 Sur-

2165 883 2348 953 gentio
2368 881 2704 940 notariorum
2730 876 3040 950 primicerio
3077 873 3385 930 clamitare:
3408 870 3616 935 dicens,
3645 882 3759 923 non

2167 972 2341 1030 solum
2368 985 2567 1028 nomen
2595 976 2654 1026 et
2678 967 2880 1038 scripta
2910 962 3183 1021 Theodori
3207 960 3573 1033 Mopsuesteni
3596 975 3630 1014 a
3652 972 3760 1013 no-

2170 1065 2251 1123 bis
2277 1064 2477 1121 debere
2504 1060 2773 1130 damnari,
2794 1057 2895 1115 sed
2920 1063 2979 1113 et
3005 1054 3339 1112 territorium
3378 1051 3497 1122 ejus
3527 1050 3551 1091 ἰ
3580 1052 3761 1122 ipsum

2176 1157 2266 1214 ubi
2292 1156 2502 1227 positus
2527 1161 2630 1222 est,
2660 1160 2717 1209 et
2741 1150 2790 1208 si
2815 1164 2940 1207 ossa
2980 1147 3098 1218 ejus
3140 1143 3642 1212 evulsa-quisquam
3691 1140 3765 1195 de

2168 1248 2442 1319 sepultura
2463 1245 2707 1317 ejiceret,
2732 1251 2789 1298 et
2812 1254 2939 1299 cun.
2975 1238 3169 1295 eodem
3198 1233 3479 1293 territorio
3503 1230 3767 1289 incende-

2169 1348 2276 1406 ret,
2306 1344 2580 1407 gratanter
2625 1335 2919 1404 acciperes.
2949 1330 3020 1387 Et
3045 1345 3171 1387 cum
3216 1341 3441 1384 necesse
3486 1333 3657 1393 essm,
3705 1331 3767 1377 ut

2174 1431 2448 1500 negotium
2476 1427 2620 1499 quod
2652 1425 2823 1480 fuerat
2852 1427 2907 1480 in
2948 1421 3154 1494 judicio
3180 1428 3370 1476 nostro
3416 1415 3764 1488 perductum.

2176 1532 2230 1578 te
2257 1522 2423 1578 etiam
2450 1534 2610 1590 quam
2635 1518 2872 1573 maxime
2900 1516 3043 1571 inter
3072 1513 3210 1569 alios
3240 1521 3348 1567 tam
3378 1508 3395 1548 ι
3440 1507 3643 1567 sacrati
3670 1522 3771 1562 or-

2175 1614 2337 1679 dinis,
2360 1625 2521 1681 quam
2551 1607 2827 1679 sequentis
2850 1605 3227 1663 consentiente
3248 1610 3312 1669 ⁸³,
3342 1599 3615 1660 sententia
3643 1597 3775 1651 lini-

2178 1711 2343 1768 retur,
2374 1699 2519 1772 quod
2538 1705 2750 1756 constat
2778 1695 3051 1763 effectum,
3078 1693 3283 1764 etquid
3306 1691 3375 1747 de
3400 1688 3592 1747 eodem
3616 1685 3773 1755 indi-

2180 1802 2307 1850 cato
2331 1789 2544 1855 feceris,
2573 1786 2849 1858 quomodo
2873 1786 3037 1842 etiam
3066 1785 3121 1839 in
3170 1781 3372 1854 palatio
3400 1787 3461 1835 ut
3488 1778 3641 1833 fratri
3671 1791 3777 1832 nec

496 1881 769 1937 nitentium
815 1894 904 1934 eos
932 1874 1180 1931 adducit?
1211 1883 1265 1928 tu
1302 1883 1475 1928 autem
1527 1869 1807 1933 secundum
1833 1867 2077 1922 duritiam

2196 1896 2297 1942 stro
2321 1884 2532 1939 Mentire
2563 1890 2612 1949 η,
2633 1881 2699 1935 ad
2727 1893 2889 1949 quem
2936 1878 3344 1946 scripseram“,
3374 1871 3626 1928 celeriter
3656 1876 3773 1921 tra-

496 1982 639 2027 mam
675 1979 727 2026 et
751 1967 1077 2040 impunitate
1117 1976 1226 2032 cor,
1260 1963 1584 2017 thesaurizos
1619 1958 1711 2014 tibi
1737 1959 1875 2012 iram
1913 1957 1968 2010 in
1996 1955 2081 2010 die

495 2067 592 2119 ira:
619 2060 796 2136 (Rom.
819 2059 880 2130 tt)
911 2076 925 2112 :
950 2064 1015 2113 ut
1037 2068 1293 2112 excessus
1317 2051 1338 2091 ί
1362 2061 1575 2108 vestros
1600 2062 1667 2107 ex
1680 2047 1924 2120 plurimis
1951 2057 2084 2115 pau-

498 2170 594 2210 cos
624 2151 860 2212 interim.
888 2146 1208 2218 inquantum
1236 2156 1543 2215 possumus,
1586 2138 1959 2208 designemus,
1989 2148 2085 2189 ve-

498 2243 775 2301 ninutibus
801 2240 957 2298 nobis
978 2239 1065 2293 hic
1095 2238 1149 2292 in
1190 2235 1393 2303 regiam
1431 2233 1727 2295 civitatem,
1757 2235 1814 2282 tu
1844 2225 2082 2290 Rustice,

500 2339 624 2393 dum
654 2337 831 2404 aliqua
853 2332 1008 2388 nobis
1030 2327 1398 2399 ignorantibus
1426 2326 1652 2396 legeres,
1669 2336 1791 2394 quze
1811 2320 2085 2376 hominem

500 2429 609 2485 loci
656 2426 732 2481 ιιιί
759 2423 981 2481 omnino
1026 2421 1209 2488 legere
1234 2433 1345 2474 non
1375 2416 1623 2481 decebat,
1652 2421 1710 2468 et
1742 2412 1893 2483 plura
1934 2425 2089 2467 eom-

500 2521 721 2577 mittere
740 2514 1021 2576 dicereris,
1046 2526 1169 2583 qua:
1195 2511 1360 2566 etiam
1395 2515 1662 2574 nostram,
1682 2506 1728 2559 si
1758 2511 1812 2558 te
1835 2518 1941 2558 non
1963 2517 2088 2571 pro-

502 2610 862 2669 bibuisscmus
886 2601 1054 2676 (quod
1089 2600 1287 2665 absit),
1317 2597 1628 2668 opinionem
1667 2601 1830 2665 atque
1859 2592 2092 2647 animam

505 2701 703 2758 laudere
725 2695 987 2769 potuisset
1003 2702 1028 2740 tt
1057 2709 1071 2746 :
1096 2690 1309 2746 dicente
1335 2700 1551 2760 quoque
1573 2686 1642 2741 de
1663 2692 1717 2740 te
1739 2682 1894 2739 nobis
1915 2681 2093 2752 aliqua

504 2788 676 2846 Paulo
712 2783 966 2849 diacono,
995 2781 1160 2837 etiam
1182 2789 1236 2835 te
1258 2784 1546 2849 praesente,
1571 2775 1714 2831 sicut
1739 2771 1980 2844 oportuit
1999 2811 2015 2833 .
2038 2777 2093 2823 et

508 2898 608 2955 pro
628 2877 911 2944 afﬁnitate,
930 2888 1036 2945 qua
1063 2871 1218 2929 nobis
1235 2886 1266 2927 ι
1291 2881 1573 2940 germano,
1599 2879 1762 2935 quem
1787 2861 2090 2923 dileximus,

505 2954 841 3045 lWBGWS,
870 2976 927 3022 et
949 2980 1048 3037 pro
1067 2977 1134 3019 eo
1161 2960 1306 3031 quod
1337 2974 1438 3014 nos
1466 2965 1518 3012 te
1551 2955 1620 3012 ad
1656 2954 1930 3010 leviticum
1962 2965 2091 3019 pro-

511 3074 834 3120 vexeramus
880 3055 1138 3122 ofﬁcium,
1170 3051 1482 3120 frequenter
1519 3055 1576 3105 et
1615 3055 1825 3101 secrete
1870 3052 2093 3113 paterna

510 3151 819 3211 monuimus
863 3145 1147 3208 cbaritate,
1177 3149 1238 3197 ut
1264 3139 1310 3196 si
1334 3154 1397 3195 ea
1419 3152 1543 3208 qua:
1583 3135 1652 3192 de
1677 3144 1730 3191 te
1757 3133 2094 3198 dicebantur,

511 3261 578 3300 ex
608 3242 784 3312 aliqua
812 3244 967 3310 parte
1007 3245 1386 3306 cognosceres,
1429 3243 1462 3284 a
1500 3226 1696 3285 talibus
1740 3231 2095 3294 temperares,

510 3349 600 3396 ne,
622 3331 749 3403 quia
779 3329 872 3383 Dei
899 3338 1117 3382 causam
1136 3321 1488 3377 indiscussam
1508 3331 1616 3373 non
1636 3324 1947 3385 pateremur
1966 3324 2098 3380 qua-

514 3400 884 3477 libctwrationc
912 3413 1247 3483 relinquere,
1274 3407 1596 3464 canonicum
1648 3419 1748 3476 per
1799 3416 1898 3456 nos
1949 3400 2003 3456 in
2046 3408 2099 3455 te

508 3512 771 3582 judicium
799 3505 1130 3580 proveniret.
1180 3500 1264 3557 Tu
1291 3509 1472 3556 autem
1501 3513 1610 3553 non
1649 3496 1824 3552 solum
1854 3492 2100 3549 admoni-

517 3606 720 3660 tionem
746 3606 985 3655 nostram
1013 3593 1205 3650 audire
1225 3591 1491 3648 malevolo
1518 3586 1710 3660 spiritu
1736 3584 1974 3646 noluisti,
2002 3581 2099 3637 sed

516 3694 702 3758 etiam,
731 3690 871 3746 sicut
896 3686 1158 3758 scriptum
1205 3690 1290 3739 est
1313 3699 1328 3736 :
1359 3681 1532 3753 Argue
1558 3679 1866 3750 sapientem,
1893 3683 1942 3730 et
1966 3678 2101 3728 ada-

519 3785 683 3843 mabit
706 3793 785 3849 te;
827 3782 1061 3846 stultum,
1089 3786 1141 3832 et
1185 3775 1307 3832 odio
1336 3771 1539 3828 habebit
1586 3781 1634 3826 te
1676 3770 1858 3843 (Prov.
1895 3767 2002 3838 ιχ).
2035 3764 2104 3820 Et

518 3882 714 3935 iterum
747 3893 760 3930 :
791 3871 979 3930 Noluit
998 3871 1285 3944 intelligere
1311 3877 1368 3922 ut
1390 3868 1517 3922 bene
1547 3873 1750 3938 ageret;
1781 3864 2105 3936 iniquitatem
2141 3852 2153 3863 ’

518 3969 796 4026 meditatus
814 3967 964 4023 estin
993 3961 1151 4018 cubili
1175 3978 1268 4018 suo
1297 3961 1473 4032 (Psat.
1505 3957 1670 4031 xxxv)
1703 3975 1718 4010 :
1750 3955 1820 4011 ad
1846 3955 1950 4010 hoc
1993 3971 2108 4008 ma-

521 4061 632 4117 litia
663 4068 752 4115 tua
767 4055 1024 4130 perducta
1053 4061 1155 4119 est,
1174 4060 1256 4122 ut,
1280 4058 1463 4106 nostra
1483 4046 1850 4105 admonitione
1865 4052 2108 4099 contem-

518 4160 632 4227 pta,
661 4150 717 4205 in
738 4147 921 4205 odium
951 4144 1131 4217 potius
1151 4139 1456 4213 prosilires,
1488 4145 1545 4193 et
1571 4135 1912 4192 occasionem
1960 4147 2109 4202 qtm-

519 4223 694 4308 rcrcs,
721 4245 986 4308 quatenus
1010 4248 1174 4289 causa
1219 4229 1599 4301 capitulorum,
1629 4225 1681 4281 id
1707 4234 1810 4290 est,
1857 4223 1925 4280 de
1953 4224 2110 4279 dictis

522 4333 796 4392 Theodori
824 4327 1190 4400 Mopsuesteni
1220 4325 1444 4396 ejusque
1474 4336 1705 4394 persona
1722 4361 1740 4388 ,
1781 4320 1875 4375 scd
1904 4327 1959 4374 et
1986 4317 2109 4388 epi-

522 4426 662 4484 stola
689 4438 810 4496 qua:
836 4422 905 4479 ab
930 4421 1021 4477 lba
1050 4420 1115 4474 ad
1146 4418 1334 4473 Marim
1361 4415 1580 4473 Persam
1607 4413 1918 4485 perhibetur
1941 4411 2111 4481 scrip~

2180 1975 2400 2032 deretur
2419 1971 2699 2040 institeris,
2730 1969 2859 2024 nulli
2888 1968 3117 2023 habetur
3145 1966 3433 2026 incertum,
3464 1963 3537 2015 ita
3568 1967 3628 2015 nt
3659 1955 3779 2012 [ilio

2184 2073 2372 2121 nostro
2410 2061 2700 2132 Surgentio
2729 2057 3035 2130 primicerio
3070 2054 3278 2126 petenti
3294 2051 3552 2110 schedam
3595 2049 3777 2119 ipsam

2182 2157 2403 2227 iudicati
2429 2153 2628 2220 nostri,
2672 2160 2734 2207 ut
2761 2148 2907 2222 apud
2935 2164 2994 2205 se
3030 2160 3132 2218 pro
3164 2146 3286 2201 loco
3316 2141 3614 2198 secundum
3643 2154 3783 2194 eon—

2189 2248 2525 2304 suetudinem
2554 2244 2835 2308 retineret,
2866 2254 2965 2311 per
3009 2238 3209 2293 multos
3236 2234 3355 2290 dies
3389 2233 3520 2288 dare
3560 2231 3785 2300 penitus

2193 2337 2473 2402 noluisses,
2503 2335 2675 2391 donec
2700 2329 3031 2402 exemﬂaria
3058 2343 3156 2399 per
3178 2325 3439 2397 plurimos
3465 2320 3787 2378 sacerdotes

2193 2444 2260 2487 ac
2286 2429 2474 2495 laieos,
2505 2426 2600 2482 sed
2628 2433 2687 2481 et
2733 2437 2832 2495 per
2851 2421 3146 2491 gloriosum
3190 2419 3363 2475 virum
3412 2414 3729 2488 Tyrannum
3759 2418 3784 2445 °

2194 2519 2509 2589 magistrum
2537 2515 2791 2582 militum,
2817 2511 3064 2580 aliosque
3086 2509 3256 2565 laicos
3285 2507 3339 2562 in
3368 2505 3620 2560 Africana
3650 2516 3789 2571 pro-

2196 2607 2369 2664 vincia
2396 2606 2716 2669 destinares,
2744 2603 2892 2674 quod
2920 2602 2974 2658 in
3004 2601 3234 2658 ecclesia
3263 2604 3448 2655 nostra
3486 2611 3519 2651 ι
3545 2593 3789 2651 diacono

2196 2714 2470 2771 nunquam
2512 2697 2713 2753 factum
2750 2703 2864 2761 est,
2902 2710 2967 2752 ac
2994 2693 3151 2750 nobis
3199 2691 3365 2749 etiam
3392 2686 3788 2753 nescientibus,

2197 2792 2313 2862 ejus
2338 2788 2666 2861 exemplaria
2711 2786 3031 2843 destinaras.
3058 2783 3193 2840 Nam
3221 2790 3276 2839 et
3302 2781 3528 2841 Sabbato
3571 2785 3792 2841 sancto,

2198 2900 2306 2956 quo
2330 2884 2522 2954 ipsum,
2553 2887 2628 2947 te,
2659 2880 2800 2936 sicut
2823 2876 3031 2949 prmfati
3058 2889 3266 2942 sumus,
3294 2871 3632 2933 inminente,
3658 2883 3794 2937 pro-

2202 2979 2420 3035 tulimus
2435 2977 2752 3047 judicatum,
2775 2973 2830 3030 in
2854 2970 3139 3029 ecclesiam
3155 2981 3364 3026 sessum
3386 2975 3415 3016 ι»
3439 2962 3796 3036 processisse,

2201 3078 2258 3126 et
2285 3066 2734 3133 communicasse,
2763 3071 2822 3119 et
2847 3059 3087 3120 cilicium
3116 3071 3266 3116 tuum
3300 3054 3556 3129 impiosse
3593 3066 3793 3121 cogno-

2201 3159 2393 3216 scet-is.
2415 3154 2548 3213 Nam
2572 3164 2630 3213 et
2656 3155 2853 3212 eodem
2880 3152 2972 3211 die
3005 3159 3286 3208 revertens
3312 3147 3382 3204 ab
3406 3145 3666 3212 ecclesia,
3695 3159 3795 3200 eo-

2202 3249 2459 3320 episcopo
2494 3255 2700 3312 nostro,
2729 3250 2993 3314 quantum
3040 3240 3309 3314 perhibet,
3337 3237 3552 3295 Iuliano
3580 3235 3692 3292 hoc
3716 3234 3797 3290 dio

2204 3356 2372 3406 ceres,
2399 3339 2526 3409 quia
2545 3337 2736 3394 melius
2758 3334 2875 3391 ﬁeri
2888 3348 3000 3390 non
3021 3333 3218 3403 potuit,
3238 3344 3399 3402 quam
3420 3325 3566 3398 quod
3592 3324 3800 3382 factum

2203 3442 2287 3488 est
2309 3431 2624 3502 iudicatum,
2655 3435 2712 3486 et
2737 3425 3036 3483 hortareris
3060 3432 3121 3479 ut
3146 3423 3288 3478 Deus
3306 3429 3581 3484 oraretur,
3606 3430 3795 3487 neque

2204 3521 2352 3593 quod
2377 3520 2397 3594 ί
2420 3522 2552 3593 forte
2580 3535 2650 3575 ne
2676 3515 2862 3589 quod]
2890 3515 3090 3571 factum
3138 3521 3224 3569 est
3251 3523 3279 3563 ει
3312 3511 3615 3569 tolleretur.
3641 3506 3804 3576 Quod

2206 3615 2369 3668 etiam
2400 3611 2724 3668 succedente
2751 3606 3028 3664 dominico
3048 3604 3137 3661 die
3160 3601 3385 3659 Pascha:
3407 3599 3658 3656 similiter
3678 3597 3803 3653 elle-

2207 3705 2348 3772 cisti,
2379 3711 2432 3759 et
2461 3703 2553 3757 diu
2573 3701 2628 3757 in
2651 3700 2840 3757 eadem
2861 3694 3209 3769 pcrdurando
3235 3693 3523 3772 sententia,
3552 3691 3717 3753 alios,
3750 3698 3805 3744 ut

2206 3767 2509 3869 iudicatum
2537 3801 2780 3848 nostrum
2811 3767 2999 3844 libenti
3023 3787 3206 3843 animo
3251 3767 3628 3855 sequerentur,
3662 3781 3804 3835 nihi-

2206 3862 2445 3937 lominus
2474 3875 2798 3932 bortabaris.
2823 3871 2958 3928 Nam
2996 3871 3122 3926 dum
3166 3867 3516 3923 Antiocheam
3544 3862 3808 3920 Ecclesia:

2211 3972 2576 4046 apocrisiariis
2602 3969 2847 4039 ejusdem
2889 3964 3115 4038 iudicati
3166 3959 3497 4033 exemplaria
3538 3973 3640 4014 uos
3666 3957 3807 4012 dare

2211 4065 2517 4140 petentibus
2539 4059 2896 4121 dill'erremus,
2925 4055 3019 4112 sed
3047 4055 3154 4110 hoc
3180 4051 3352 4122 magis
3387 4060 3410 4088 τ
3435 4047 3640 4121 justum
3680 4062 3810 4102 esse

2211 4158 2485 4233 praedictis
2513 4151 2873 4226 apocrisiariis
2919 4147 3242 4213 diceremus,
3274 4152 3335 4199 ut
3359 4157 3391 4198 ι
3419 4141 3586 4197 fratre
3614 4150 3810 4197 nostro

2215 4247 2408 4303 Henna
2437 4245 2618 4316 potius
2644 4239 2974 4313 exemplaria
3001 4243 3271 4309 peterent,
3303 4233 3375 4288 ad
3396 4246 3561 4303 quem
3587 4246 3621 4286 a
3644 4233 3812 4287 nobis

2211 4339 2495 4394 videbatur
2519 4334 2684 4389 fuisse
2704 4331 2996 4404 prolatum,
3025 4336 3084 4383 tu
3106 4334 3287 4382 autem
3309 4323 3521 4395 publica
3553 4335 3690 4377 voce
3713 4321 3813 4377 de-

2214 4444 2487 4502 posceres,
2521 4427 2705 4483 dicens
2751 4422 3030 4479 dominum
3074 4419 3315 4475 Leonem
3357 4416 3432 4471 ita
3473 4413 3545 4470 de
3575 4414 3812 4484 epistola

525 4529 601 4582 ta,
634 4531 732 4573 nec
760 4529 867 4571 non
909 4520 965 4570 et
1013 4510 1282 4566 dictorum
1310 4504 1626 4563 Theodoriti
1653 4502 1682 4542 ιι
1701 4545 1717 4569 ,
1748 4517 1871 4574 quae
1919 4509 2110 4557 contra
2144 4500 2186 4558 l)
2215 4500 2314 4580 sua
2342 4521 2568 4579 diversis
2590 4516 2917 4589 exemplaria
2939 4513 3261 4578 destinas”,
3282 4524 3384 4565 nos
3404 4508 3586 4564 facere
3606 4507 3816 4563 debere

522 4613 731 4666 rectam
752 4604 911 4660 ﬁdem
937 4610 992 4658 et
1021 4599 1304 4671 epistolam
1326 4597 1501 4653 beatae
1515 4593 1907 4652 recordationis
1924 4590 2108 4663 Cyrilli

523 4696 838 4774 synodieam
886 4691 955 4748 ad
997 4689 1301 4746 Nestorium
1351 4703 1473 4743 cum
1506 4684 1788 4742 duodecim
1841 4682 2109 4753 capitulis,

524 4773 688 4859 quam
711 4793 766 4842 ct
793 4794 975 4840 sancta
997 4781 1233 4853 synodus
1257 4777 1526 4849 Ephesiua
1557 4775 1728 4845 prima
1760 4773 2017 4842 suscepit,
2049 4779 2105 4826 et

600 4930 628 4959 "
659 4925 854 4985 Paris.,
884 4922 1029 4976 data.

597 4995 626 5035 ι’
656 4981 854 5064 Regius
874 5002 928 5048 et
957 4989 1273 5057 Colbertini,
1286 4989 1576 5058 imperante
1595 4983 1804 5040 domino
1808 4981 2112 5064 ἒΙιιειὶηἱαιιο

527 5068 647 5124 ιη),
681 5060 813 5136 Αιὶρ,
844 5080 985 5136 anno
1014 5077 1163 5136 x_xtv._
1326 5135 1331 5136 ί
1368 5125 1403 5136 Α
1444 5127 1478 5136 ,,
1570 5125 1602 5136 γ,
1645 5127 1658 5136 .
1808 5060 1828 5068 ἡ

603 5150 626 5178 ε
660 5125 998 5196 Parisiensis,
1032 5131 1251 5199 Regius,
1283 5135 1340 5184 et
1362 5125 1680 5199 Colbertilli.
1711 5138 2040 5199 annoAiiono.

597 5210 624 5246 ά
658 5205 881 5276 Vigilius
929 5195 1100 5276 asuis
1118 5195 1340 5276 clericis
1372 5197 1739 5276 compluribus
1752 5195 2114 5276 .scbisntaticis

527 5263 1146 5347 exagitatustcolleetis,
1177 5269 1271 5347 qui
1307 5274 1462 5322 erant
1483 5265 1973 5346 Constantitmpoli,
2002 5263 2108 5347 Ita-

530 5350 614 5402 liae
633 5335 923 5416 cpiscopis,
963 5335 1295 5416 sententiain
1333 5335 1911 5416 excommunicationis
1939 5343 1994 5388 et
2015 5335 2110 5388 de-

528 5404 837 5488 positionis.
864 5404 934 5488 a_b
979 5412 1127 5488 omni
1168 5405 1672 5488 gifadn_et__ordine
1705 5404 1822 5488 fert
1884 5404 1940 5457 in
1990 5419 2105 5488 eos,

530 5473 766 5541 inaxitne
795 5484 847 5538 in
878 5481 1154 5536 Rusticum
1173 5473 1243 5534 vet
1271 5477 1650 5534 Sebastianum
1688 5473 1968 5528 diaconos.
2001 5473 2110 5528 Nec

531 5566 711 5612 tamen
740 5561 1028 5624 propterea
1056 5548 1344 5624 conﬂatum
1365 5548 1598 5624 schisma
1611 5543 1986 5624 estscd'atum,
2013 5545 2108 5624 sed

532 5628 702 5695 magis
724 5612 1376 5695 e'xcii‘atutn,“conjunctis
1403 5616 1657 5695 adversus
1688 5612 2112 5695 Vigilinnlcapi-

531 5682 771 5750 tutorum
783 5682 1153 5746 defensoribus
1169 5682 1328 5742 simul
1342 5696 1397 5741 et
1410 5683 1893 5756 impugnatoribus.
1906 5682 2105 5739 θαι-οη.

533 5780 623 5818 an.
648 5763 769 5817 550.
802 5761 928 5814 δην.
959 5758 1156 5813 thitxs.

610 5846 633 5872 θ
668 5832 832 5886 Paris.
845 5868 861 5894 ,
889 5831 1224 5887 commodica.

612 5905 630 5943 τ
668 5902 886 5956 Veteres
914 5899 1052 5972 libri,
1081 5907 1130 5954 et
1160 5906 1213 5952 ut
1242 5910 1499 5954 excessi“.

2217 4615 2464 4670 similiter
2490 4609 2804 4674 asserendo,
2831 4607 2959 4677 quia
2983 4611 3286 4667 metueres,
3326 4599 3426 4655 nisi
3483 4597 3816 4653 universitas

2222 4706 2438 4776 iudicati
2467 4703 2639 4760 nostri
2691 4697 3017 4769 exemplaria
3063 4695 3132 4750 de
3175 4691 3376 4748 scrinio
3430 4695 3623 4747 nostro
3663 4689 3819 4759 edita

2221 4805 2431 4853 teneret
2457 4802 2505 4862 ³,
2537 4793 2777 4865 qualibet
2804 4790 3015 4845 ratione
3041 4795 3228 4857 postea
3261 4782 3486 4840 forsitan
3510 4781 3811 4839 celaretur.

2291 4921 2315 4958 ε
2340 4910 2569 4965 Veteres
2595 4908 2738 4971 libri,
2767 4905 3075 4975 potuissent.

2289 4978 2316 5018 ¹¹
2348 4981 2511 5035 Iidem
2542 4979 2680 5041 libri,
2715 4975 3047 5030 Theodoreti.

2299 5053 2313 5088 ί
2353 5051 2543 5111 Paris.,
2575 5049 2836 5102 adstante.

2294 5123 2310 5171 i
2349 5120 2495 5176 Idem
2513 5110 2707 5182 Codex,
2751 5115 3069 5170 draconibus.
3100 5111 3390 5170 Rcllorac.,
3424 5110 3698 5163 dictantis.

2294 5194 2316 5229 κ
2350 5189 2504 5262 jus.
2522 5188 2690 5262 perat
2711 5189 2764 5262 in
2796 5185 3105 5262 Parisien‘si.

2302 5264 2313 5299 ¹
2346 5255 2494 5315 Tant.
2520 5260 2682 5314 Deest
2706 5259 2762 5310 in
2785 5257 2977 5309 eodem
3013 5255 3163 5307 libro.

2288 5341 2327 5370 "'
2358 5331 2583 5386 Veteres
2605 5327 2754 5394 libri,
2780 5325 3234 5394 consentientibus.

2289 5411 2315 5439 ιι
2346 5401 2568 5455 Veteres
2598 5399 2719 5453 libri
2744 5405 2800 5452 et
2826 5396 2981 5460 edin,
3014 5393 3204 5447 Mente.

2290 5482 2317 5509 °
2347 5471 2642 5528 Bellovac.,
2669 5459 3007 5539 Tyrannimn,
3038 5463 3244 5539 Paris,
3260 5459 3603 5514 Turranium.

2288 5553 2316 5593 Ρ
2344 5542 2566 5596 Veteres
2594 5533 2734 5601 libri;
2766 5539 2821 5591 in
2852 5535 3091 5588 Ecclesia
3121 5533 3407 5586 nobiscum.

2287 5623 2315 5663 ς
2341 5611 2534 5674 Paris,
2565 5626 2628 5664 ne
2658 5600 2795 5680 quod
2849 5608 3062 5680 factum.
3107 5603 3242 5680 Illuc
3290 5600 3650 5680 conﬁrmatur
3679 5610 3812 5655 eon-

2211 5684 2421 5752 jectura
2443 5671 2688 5752 apposita
2719 5679 2773 5732 in
2802 5671 3046 5752 margine
3073 5674 3326 5727 editionis
3354 5671 3638 5726 Romam.

2292 5763 2314 5791 τ
2351 5747 2540 5814 Paris,
2562 5760 2612 5803 ct
2641 5750 2737 5802 hoc
2767 5747 2955 5816 magis.

2290 5830 2311 5857 ³
2345 5810 2640 5886 Bellorum,
2685 5810 2894 5872 editaon
2936 5821 3145 5868 teneret.
3196 5812 3394 5869 Paris.
3428 5810 3571 5865 edita
3598 5828 3706 5867 non
3739 5818 3813 5864 te-

2219 5902 2380 5948 iteret.
