3986 6360
245 351 315 406 ιε
1359 397 1363 401 -
1475 357 1828 414 ΕΡΙΒΤοῐηΕ
1861 356 1947 413 ΕΤ
1987 358 2328 416 DECRETA.
3470 372 3547 429 ,48

244 465 380 520 Nam
403 462 531 520 dum
558 463 914 522 occasionem
943 465 1122 522 euntis
1163 465 1229 520 ad
1257 465 1503 523 Siciliam
1535 471 1852 540 reperisses,
1885 474 1929 534 Α
1959 470 2044 535 de,
2069 473 2386 529 canonicam
2417 475 2702 532 advertant
2719 478 2948 536 subiisse
2967 480 3317 551 sententiam,
3345 483 3414 540 ad
3442 491 3549 540 tua;

243 565 302 610 et
325 554 628 624 iudicatum
658 565 912 613 nostrum
941 557 1238 628 laudesque
1263 556 1402 626 ejus,
1449 558 1538 614 ubi
1565 560 1728 614 etiam
1755 559 1849 615 lilii

243 649 420 702 nostri
437 647 700 704 diaconus
727 649 1181 718 primiceriusque
1204 656 1378 703 tecum
1403 649 1744 705 manifestum
1771 659 1854 707 est

243 738 662 811 subscripsisse,
703 739 832 795 filiis
881 741 1082 796 nostris
1112 739 1328 808 Pelagio
1354 740 1589 796 diacono
1626 741 1853 810 aliisque

242 831 486 901 dirigere
511 831 782 888 voluisses
810 847 912 902 pro
935 831 1167 894 cautela,
1198 846 1267 887 ne
1293 831 1362 886 ab
1408 831 1593 901 aliqua
1623 831 1854 887 inveniri

244 922 480 979 forsitan
507 923 795 994 potuisset,
819 923 978 978 nobis
1004 922 1166 978 etiam
1191 922 1582 990 ignorantibus,
1606 922 1656 976 in
1680 937 1853 976 mem-

241 1015 422 1070 brana
453 1027 478 1053 ³·
500 1016 898 1086 conscriptum,
926 1014 1049 1071 etin
1075 1015 1340 1070 brevitate
1361 1015 1851 1085 quadruplieatum,

243 1107 450 1164 litteris
476 1108 739 1180 scriptum
769 1107 1146 1164 minutissimis
1171 1107 1476 1164 destinasti.

323 1199 461 1254 Nam
488 1207 548 1254 ct
587 1198 879 1255 Vincentio
923 1198 1175 1256 secunda:
1219 1198 1457 1266 regionis
1503 1197 1854 1264 subdiacono,

246 1291 452 1345 iterum
473 1306 503 1345 a
535 1290 693 1345 nobis
730 1299 925 1361 postea
972 1289 1039 1346 ad
1082 1289 1318 1345 Siciliam
1350 1289 1578 1356 directo,
1609 1303 1706 1360 per
1733 1304 1855 1344 eum

248 1381 367 1438 lilio
401 1391 592 1438 nostro
618 1379 840 1452 Pelagio
866 1381 1098 1437 diacono
1140 1380 1392 1436 similiter
1419 1381 1680 1450 scripsisti
1715 1397 1728 1432 :
1761 1381 1855 1433 sed

245 1475 378 1547 quia
399 1475 476 1530 ita
504 1483 838 1530 memoratus
865 1473 1230 1530 subdiaconus
1258 1487 1522 1544 prospere
1563 1473 1855 1542 navigavit,

249 1575 316 1620 ut
343 1566 494 1621 illum
521 1566 617 1635 qui
647 1565 702 1621 in
725 1565 1041 1622 membrana
1072 1565 1273 1635 scripta
1291 1564 1318 1602 ιι
1351 1572 1687 1636 portaverat,
1720 1579 1858 1636 prte-

246 1658 450 1714 cedere
477 1657 768 1728 potuisset,
796 1665 1058 1728 quantum
1103 1655 1260 1711 nobis
1289 1655 1496 1721 retulit,
1536 1669 1600 1711 ea
1631 1670 1754 1725 quae
1801 1656 1855 1709 in

249 1748 574 1804 membrana
600 1747 921 1817 scripseras,
955 1745 1202 1814 Pelagius
1239 1745 1502 1800 diaconus
1550 1745 1666 1814 ipso
1713 1759 1853 1814 prie-

1959 560 2316 617 ordinationis
2343 565 2623 622 veniamus
2643 566 2818 623 initia.
2842 568 3172 627 Absentibus
3197 571 3322 628 filiis
3349 583 3550 631 nostris

1959 647 2200 704 diaeonis
2235 653 2250 692 ί
2273 651 2524 709 Anatolio
2548 663 2712 726 atque
2733 657 3040 729 Stephano,
3071 675 3102 714 a
3129 661 3287 717 nobis
3313 665 3550 733 postula-

1959 738 2048 804 sti,
2083 747 2143 793 ut
2186 740 2254 795 ad
2303 750 2516 814 tempus
2543 760 2644 816 pro
2683 747 2956 819 implendo
2983 749 3195 818 cilicio,
3243 752 3546 810 absentium

1960 829 2082 887 loco
2112 831 2402 890 diaconum
2431 845 2484 892 te
2513 837 2730 895 interim
2765 839 3084 900 faceremus.
3109 844 3266 913 Quod
3295 849 3424 905 ideo
3449 849 3545 905 tibi

1960 922 2026 976 ad
2055 939 2292 993 pmsens
2315 929 2552 997 speranti
2583 933 2948 990 concessimus
2967 977 2984 1003 ,
3005 937 3132 1006 quia
3175 947 3302 996 ante
3328 941 3548 998 ordina-

1958 1012 2162 1069 tionem
2190 1022 2335 1070 tuam
2364 1019 2676 1076 cautionem
2731 1022 2886 1079 nobis
2913 1026 3130 1096 propria
3170 1029 3449 1087 voluntate
3477 1031 3550 1086 le-

1957 1101 2100 1187 geris
2125 1103 2371 1161 emisisse
2388 1147 2406 1175 ,
2445 1121 2607 1177 quam
2635 1117 2693 1164 et
2720 1111 2948 1168 testibus
2996 1115 3287 1187 roborasti,
3309 1125 3364 1174 et
3393 1121 3550 1176 tactis

1960 1185 2264 1258 Evangeliis
2305 1191 2668 1262 juramentum
2698 1201 3059 1270 corporaliter
3106 1185 3432 1274 praestitisti,
3489 1221 3550 1263 ut

1959 1279 2218 1350 quidquid
2250 1283 2344 1336 tibi
2373 1299 2403 1338 a
2436 1286 2590 1342 nobis
2621 1302 2719 1357 pro
2760 1290 3123 1348 ecclesiastica
3157 1295 3389 1350 utilitate
3422 1297 3549 1355 fuis-

1959 1378 2043 1423 set
2065 1369 2380 1438 injunetum,
2414 1372 2644 1430 tideliter
2665 1387 2720 1430 et
2741 1378 2856 1433 sine
2883 1381 3061 1452 alipta
3092 1381 3280 1440 fraude
3303 1389 3548 1458 compleo

1961 1475 2066 1526 res,
2097 1461 2334 1518 olficium
2363 1480 2496 1521 vero
2545 1466 2830 1538 locumque
2881 1471 3142 1528 diaeonii
3201 1475 3320 1530 sine
3367 1478 3550 1548 aliquo

1961 1552 2116 1620 vitio,
2163 1553 2283 1608 sine
2311 1553 2488 1624 aliqua
2531 1558 2803 1628 superbia,
2835 1561 2952 1616 sine
2977 1562 3160 1633 aliquo
3189 1566 3546 1636 neglectuum,

1961 1642 2138 1696 donec
2159 1651 2563 1700 reverterentur
2583 1647 2795 1726 diaconi
2822 1655 3127 1720 memorati,
3153 1662 3248 1710 aut
3267 1666 3469 1726 quanto
3495 1668 3551 1716 te

1967 1733 1987 1769 ¹ι
2023 1743 2266 1807 tempore
2308 1738 2361 1792 in
2407 1739 2692 1796 levitarum
2735 1743 3094 1801 voluissemus
3140 1747 3486 1808 ordinatione
3529 1753 3540 1788 ι

245 1847 410 1897 “me
435 1839 700 1910 percepit,
729 1835 872 1906 Ergo
899 1837 1027 1892 dum
1062 1845 1119 1892 ει
1147 1844 1201 1892 ιο
1227 1851 1339 1908 pm
1385 1836 1636 1892 omnibus
1675 1835 1847 1890 immi.
1891 1820 1934 1880 Β
1963 1823 2409 1882 ministrarecum
2441 1829 2586 1884 οσηηί
2611 1830 2913 1887 humilitate
2939 1841 2994 1887 et
3019 1835 3198 1892 studio
3219 1837 3337 1896 sine
3359 1842 3550 1911 negle-

246 1941 420 1987 nente
447 1931 722 2000 prolatum
757 1929 920 1986 fuerit
939 1928 1260 2000 iudicatum,
1291 1936 1346 1984 ct
1375 1935 1524 1984 tanta
1557 1927 1610 1983 in
1635 1927 1753 1997 ejus
1777 1928 1858 1982 in-

248 2021 420 2078 dicati
445 2020 605 2076 laude
628 2034 923 2076 succensus
952 2033 1050 2091 per
1067 2019 1294 2075 multum
1326 2029 1537 2091 tempus
1557 2019 1856 2089 scripseris,

246 2112 519 2167 fecerisve
546 2117 606 2167 ut
651 2124 927 2180 nunquam
977 2117 1032 2166 te
1069 2110 1420 2166 crederemus
1470 2110 1537 2166 ab
1564 2109 1669 2164 hac
1697 2123 1859 2180 posse

249 2202 583 2258 rectitudine
605 2201 845 2269 deviare,
897 2202 1240 2258 immutatum
1272 2209 1328 2257 te
1364 2201 1545 2258 subito
1585 2207 1709 2272 post
1746 2203 1862 2256 haec

248 2293 490 2363 quadam
517 2293 684 2348 animi
714 2292 956 2359 levitate,
987 2292 1248 2362 vnlgante
1285 2292 1543 2363 opinione
1589 2291 1858 2362 comperi-

251 2400 398 2453 mus,
432 2392 636 2440 etcum
657 2383 986 2440 adversariis
1012 2383 1287 2450 Ecclesiae,
1317 2383 1408 2453 qui
1443 2389 1633 2438 contra
1664 2391 1686 2420 ε
1713 2379 1858 2449 judi-

254 2476 367 2532 cati
418 2475 595 2530 nostri
641 2473 841 2532 seriem
895 2474 1228 2538 nitebantur,
1259 2480 1320 2528 et
1360 2488 1390 2526 a
1422 2471 1578 2526 nobis
1611 2477 1738 2526 sunt
1765 2485 1862 2539 per

250 2565 480 2636 iudicati
509 2564 680 2635 ipsius
709 2574 956 2620 tenorem
985 2578 1016 2618 a
1045 2562 1430 2619 communione
1476 2561 1738 2631 suspensi,
1769 2575 1860 2614 se-

253 2665 409 2714 crete
443 2666 680 2714 tractare
710 2675 725 2710 :
767 2665 824 2712 et
851 2656 980 2712 dum
1010 2655 1152 2713 illius
1171 2667 1359 2712 noster
1379 2653 1582 2710 Paulus
1603 2654 1861 2709 diaconus

254 2747 282 2788 ⁸
307 2749 374 2805 ad
397 2749 609 2804 Italiam
646 2759 672 2788 υ
697 2749 979 2806 discedere
1006 2748 1285 2814 voluisset,
1318 2755 1674 2818 posteaquam
1705 2752 1759 2801 et
1794 2746 1859 2798 ad

254 2859 381 2900 cum
405 2843 673 2914 pervenit,
703 2841 853 2913 quod
891 2840 1206 2897 scandalum
1237 2838 1494 2896 Ecclesiae
1525 2839 1577 2894 in
1619 2853 1862 2894 commu-

256 2936 424 2992 nione
443 2935 620 2990 adhuc
639 2941 827 2992 nostra
848 2933 1079 3006 positus,
1109 2940 1320 2990 secrete
1343 2940 1398 2988 et
1424 2932 1532 3001 hic,
1562 2939 1617 2986 et
1637 2933 1690 2986 in
1715 2928 1860 2985 Afri-

255 3045 396 3086 cana
421 3029 704 3101 provincia
751 3025 798 3094 τ,
829 3027 922 3084 ubi
951 3033 1113 3084 antea
1151 3025 1493 3082 defendendo
1519 3033 1573 3080 et
1594 3022 1860 3078 laudando

253 3119 561 3190 iudicatum
607 3129 880 3186 nostrum,
905 3116 1026 3186 ejus
1064 3115 1393 3187 exemplaria
1423 3115 1754 3183 destinastis,
1779 3112 1860 3168 fa-

1962 1923 2051 1968 ctu
2079 1914 2263 1972 modis
2287 1916 2539 1973 omnibus
2563 1919 2910 1989 impleturum
2947 1938 2960 1975 :
3007 1923 3060 1977 in
3083 1924 3278 1980 eadem
3297 1930 3554 1986 cautione

1961 2019 2150 2060 rursus
2175 2005 2451 2076 adjiciens,
2483 2008 2628 2077 quod
2654 2008 2705 2064 si
2746 2007 2818 2065 de
2863 2009 2946 2066 bis
2973 2012 3230 2072 erunibus
3269 2031 3390 2087 qua:
3426 2033 3549 2074 eum

1959 2103 2328 2164 sacramento,
2358 2096 2514 2152 lactis
2543 2097 2901 2167 corporaliter
2929 2098 3232 2171 Erangeliis
3249 2145 3267 2171 ,
3299 2108 3552 2176 promisi-

1961 2184 2051 2245 sti,
2075 2184 2279 2254 aliquid
2309 2186 2486 2242 minus
2513 2187 2817 2257 implesscs,
2866 2197 2995 2246 tunc
3025 2207 3054 2248 a
3095 2203 3279 2250 sancta
3316 2209 3554 2254 commu-

1963 2275 2126 2330 nime
2153 2291 2302 2332 esse;
2331 2292 2624 2347 suspensus
2655 2296 2670 2332 :
2723 2280 2794 2334 ita
2823 2288 2886 2336 ut
2919 2282 2971 2338 si
3000 2297 3029 2336 a
3071 2283 3160 2338 die
3187 2301 3444 2344 excessus
3475 2291 3553 2346 tui

1961 2364 2102 2418 intra
2129 2381 2329 2424 annum
2361 2367 2692 2438 poenitentiae
2721 2369 2985 2427 noluisses
3027 2375 3170 2429 colla
3210 2377 3553 2448 submittere,

1967 2463 2022 2509 tu
2073 2455 2167 2511 tibi
2218 2458 2504 2513 anathema
2544 2474 2706 2528 mat}
2752 2464 2966 2532 propria
3015 2465 3297 2524 scribendo
3345 2468 3550 2528 dixisti.

1965 2543 2114 2600 Tunc
2128 2560 2258 2614 ergo
2281 2545 2348 2600 ad
2379 2562 2614 2618 praesens
2633 2547 2882 2606 factuses
2909 2552 3010 2608 sub
3029 2567 3094 2608 ea
3117 2569 3275 2624 quam
3297 2559 3555 2628 sperabas

1962 2646 2019 2692 et
2046 2637 2318 2709 pollicitus
2347 2640 2526 2696 fueras
2553 2643 2866 2700 conditione
2891 2645 3166 2702 diaconus.
3198 2646 3392 2706 Postea
3419 2666 3554 2708 vero

1965 2738 2025 2785 ut
2052 2745 2084 2785 a
2113 2731 2270 2787 nobis
2303 2731 2370 2787 ad
2399 2732 2784 2790 Dalmatiarum
2813 2736 3197 2806 patrimonium
3239 2741 3550 2808 mittereris,

1964 2824 2188 2880 summis
2215 2825 2464 2895 precibus
2505 2827 2814 2898 postulasti.
2845 2829 3001 2898 Quod
3032 2847 3132 2889 nos
3173 2835 3372 2902 securi,
3427 2837 3554 2906 quia

1965 2913 2129 2968 talem
2153 2913 2365 2970 feceras
2387 2917 2715 2985 cautionem,
2747 2919 2932 2976 animo
2958 2921 3144 2977 libenti
3167 2923 3552 2982 mncessimus.

1963 3002 2066 3070 Qui
2096 3003 2220 3060 dum
2253 3005 2306 3058 in
2353 3005 2726 3064 Salonitanam
2763 3011 2952 3067 urbem
2986 3021 3026 3050 ιη
3075 3029 3176 3084 pro
3215 3015 3556 3074 ordinatione

1963 3097 2276 3166 patrimonii
2323 3098 2654 3168 advenisses,
2683 3109 2944 3171 quantum
2983 3101 3052 3158 ad
3097 3119 3201 3161 nos
3241 3114 3428 3176 postea
3469 3119 3556 3165 cst

257 3186 387 3266 cere
415 3208 700 3274 nitebaris,
726 3217 855 3264 tunc
883 3208 980 3264 tibi
1021 3208 1186 3279 erepit
1214 3186 1464 3264 insistere
1491 3213 1548 3262 et
1573 3207 1780 3277 dicere,
1802 3215 1858 3262 ut

1965 3186 2320 3257 plurimorum
2349 3187 2615 3245 relatione
2660 3190 3004 3260 per-ductum,
3057 3191 3264 3250 illicitis
3305 3203 3360 3252 te
3411 3205 3473 3252 ct
3522 3213 3554 3252 a

257 3303 306 3360 si
333 3317 524 3358 verum
554 3309 720 3370 esset,
743 3299 1048 3372 producere
1075 3309 1102 3349 κ
1140 3299 1446 3367 debuisses;
1479 3297 1626 3370 quod
1655 3307 1710 3355 tu
1741 3314 1866 3356 con-

259 3392 461 3456 victus,
483 3391 667 3448 celare
693 3390 914 3446 minimc
935 3391 1177 3462 potuisti.
1203 3389 1355 3446 Tunc
1373 3405 1508 3447 vero
1535 3397 1866 3446 memoratus

260 3482 421 3538 nobis
442 3481 610 3552 erepit
658 3481 944 3537 imminere
988 3480 1268 3547 diaconus,
1299 3488 1360 3536 ut
1389 3487 1484 3536 aut
1509 3481 1782 3550 corrigere
1811 3489 1865 3536 te

259 3572 328 3627 ab
357 3573 445 3628 bis
463 3588 588 3643 qua:
615 3572 804 3628 illicito
829 3569 1080 3637 faciebat,
1107 3571 1207 3628 sub
1235 3578 1420 3628 nostra
1449 3572 1735 3642 praesentia
1761 3571 1866 3627 ele-

258 3663 609 3734 ricorumque
631 3663 996 3734 promitteres,
1028 3669 1124 3716 aut
1151 3669 1298 3719 certe
1327 3661 1644 3731 petitionem
1673 3659 1864 3715 adver-

257 3770 381 3812 sum
403 3763 482 3824 te,
507 3762 563 3810 et
587 3754 913 3810 varietatem
943 3761 1092 3808 tuam
1123 3759 1286 3822 atque
1313 3751 1578 3808 fallaciam
1606 3751 1674 3808 ab
1703 3765 1771 3807 eo
1787 3750 1864 3805 fa-

257 3852 429 3910 ctam,
459 3859 625 3916 qnam
653 3851 712 3900 et
737 3859 850 3915 pra:
895 3842 1146 3898 manibus
1191 3842 1432 3912 gerebat,
1489 3839 1864 3898 debuissemus

257 3935 514 4004 accipere
547 3951 563 3988 :
595 3932 666 3990 ad
694 3933 803 3990 hoc
826 3949 887 3990 es
907 3933 1127 4006 propria
1151 3933 1433 3988 voluntate
1469 3931 1783 4004 perductus,
1805 3940 1864 3986 ut

257 4025 422 4082 tactis
468 4023 779 4094 Evangeliis
805 4025 1142 4081 sacramenta
1164 4030 1470 4094 praestares,
1502 4031 1558 4078 et
1583 4023 1745 4078 verba
1771 4030 1862 4076 tua

258 4133 291 4172 a
311 4117 532 4174 notario
557 4117 583 4154 ιι
608 4116 811 4187 scripta
841 4115 894 4171 in
941 4123 1128 4171 nostro
1171 4119 1460 4170 teneantur
1489 4113 1711 4178 scrinio,
1739 4111 1860 4182 qui-

257 4209 360 4266 bus
379 4209 526 4265 inter
553 4208 660 4264 alia
681 4207 878 4278 legeris
896 4205 1211 4278 prmisisse
1233 4213 1288 4261 te
1314 4218 1588 4274 nunquam
1612 4218 1642 4258 a
1676 4211 1862 4258 nostro

257 4301 476 4369 penitus
497 4299 762 4370 obsequio
801 4299 1187 4356 discessurum.
1216 4297 1576 4366 Posteaquam
1607 4309 1738 4349 vero
1767 4307 1863 4363 pe-

253 4390 345 4462 lor
374 4400 429 4448 te
447 4391 826 4458 Sebastianus,
855 4403 957 4460 pro
981 4389 1101 4445 solo
1123 4387 1381 4444 seandalo
1423 4385 1693 4452 faciendo,
1720 4384 1862 4440 sicut

254 4491 312 4540 et
344 4484 500 4538 initia
531 4483 704 4554 ipsius
747 4480 1016 4538 venientis
1044 4481 1099 4536 in
1137 4477 1662 4549 Constantinopolim
1705 4492 1862 4532 mon-

254 4581 600 4638 straverunt,
631 4580 690 4628 et
717 4571 898 4628 exitus
925 4569 1084 4642 pejor
1125 4569 1364 4636 edocuit,
1396 4567 1640 4624 noscitur
1691 4565 1860 4622 adve-

256 4661 422 4726 nisse,
445 4661 522 4717 ita
548 4669 610 4717 ut
633 4675 764 4718 mox
794 4660 872 4716 tui
897 4661 1184 4716 immemor
1209 4656 1554 4724 sacramenti,
1598 4654 1857 4726 conjura-

257 4753 468 4808 tionem
496 4752 641 4808 intcr
659 4767 760 4808 vos
788 4761 976 4808 contra
1003 4757 1208 4806 statuta
1231 4762 1526 4812 canonum,
1544 4747 1702 4803 nobis
1714 4747 1866 4816 igno-

254 4843 527 4910 rantibus,
544 4841 828 4906 facientes,
859 4843 916 4898 in
937 4849 1187 4912 aperturi
1217 4847 1448 4910 uterque
1476 4852 1859 4910 prorumpere-

254 4931 326 4986 tis
344 4932 680 4988 scandalum.
695 4932 801 4988 Sed
825 4937 888 4987 ut
908 4941 1023 4994 tua,
1041 4929 1384 4998 Sebastiane,
1407 4944 1517 4986 non
1529 4929 1857 5000 inquantum

253 5029 402 5085 sunt,
432 5021 530 5077 sed
557 5022 876 5093 inquantum
905 5020 1112 5078 referre
1137 5036 1446 5092 possumus,
1477 5019 1618 5074 mala
1637 5033 1759 5088 quae
1779 5015 1858 5073 fe-

255 5111 400 5168 ceris
423 5112 624 5168 diversi
639 5118 998 5183 cognoscant,
1025 5121 1080 5168 et
1099 5110 1250 5183 iuste
1277 5119 1353 5176 te,
1385 5124 1510 5165 nam
1539 5108 1712 5178 magis
1742 5115 1855 5162 tar-

330 5305 358 5336 ι
386 5295 616 5352 Veteres
641 5295 784 5362 libri,
815 5295 1134 5352 membrana.
1179 5295 1272 5352 Sic
1319 5296 1483 5352 etiam
1515 5293 1676 5364 paulo
1706 5300 1848 5362 post.

327 5366 355 5406 δ
385 5365 582 5438 ξθείεη
615 5369 887 5438 scriptum.

327 5447 356 5508 ε
384 5435 681 5508 Bellorum,
711 5435 831 5508 quia
859 5445 1065 5492 contra.

227 5511 236 5520 '
327 5506 355 5546 ά
389 5507 612 5563 Veteres
641 5505 765 5562 libri
796 5517 853 5564 et
875 5507 1032 5574 edit.,
1064 5508 1314 5564 diaconus
1343 5505 1561 5562 Paulus.

329 5589 355 5616 -
386 5575 583 5646 Paris.,
614 5575 680 5630 ab
705 5575 890 5632 Italia.

330 5647 350 5687 τ
383 5647 612 5704 Veteres
639 5647 788 5718 libri,
819 5646 1122 5718 Africanam
1151 5645 1491 5718 provinciam.

323 5729 349 5769 ι
384 5718 580 5783 Paris.,
608 5717 853 5788 prodere.

325 5789 349 5828 δ
372 5790 518 5844 idem
549 5785 755 5851 codex,
789 5785 1030 5840 notariis.

329 5862 347 5901 ί
382 5861 612 5919 Veteres
644 5856 788 5921 libri,
820 5853 1116 5910 diaconibur
1149 5855 1388 5928 Pelagio,
1409 5855 1670 5926 Anatolio,
1702 5865 1855 5927 atque

1964 3278 2094 3334 sede
2127 3279 2426 3350 apostolica
2456 3280 2744 3352 prohibitis
2781 3281 3216 3340 ordinationibus
3266 3287 3550 3351 miscuisti,

1965 3380 2022 3427 et
2040 3387 2176 3442 quos
2202 3370 2497 3440 Honorius,
2529 3381 2657 3430 tunc
2691 3373 2962 3446 prmdictre
2985 3374 3224 3432 civitatis
3241 3377 3552 3450 episcopus,

1963 3473 2154 3520 contra
2177 3454 2640 3521 consuetudinem
2687 3463 2946 3522 Romana:
2971 3465 3060 3522 vel
3103 3481 3216 3524 suae
3253 3465 3550 3535 Ecclesia,

1964 3555 2108 3611 sedis
2137 3555 2450 3626 apostolica:
2475 3556 2769 3613 constituta
2807 3556 2977 3614 sacris
3019 3557 3298 3614 ordinibus
3323 3558 3559 3629 opilion-

1966 3653 2118 3700 verat
2145 3655 2196 3714 ﬂ,
2245 3661 2354 3703 non
2383 3647 2558 3704 solum
2607 3647 2900 3718 prohibere
2943 3649 3157 3720 penitus
3185 3650 3424 3716 noluisti,
3455 3651 3550 3708 sed

1967 3751 2068 3792 nec
2103 3735 2261 3792 nobis
2313 3751 2383 3792 ex
2433 3739 2536 3794 bac
2577 3753 2743 3796 causa
2797 3740 2886 3797 vel
2938 3741 3142 3812 scripto
3187 3741 3418 3812 referre,
3465 3744 3554 3802 vel

1963 3826 2180 3896 quando
2194 3835 2218 3862 °
2234 3825 2634 3884 Thessalonice
2659 3829 2816 3884 nobis
2831 3845 3167 3897 oecurreras,
3184 3847 3395 3890 memor
3413 3848 3550 3890 cou-

1964 3915 2204 3970 scientia:
2233 3924 2354 3981 tum,
2389 3931 2460 3972 ne
2484 3917 2654 3974 verbo
2679 3918 2895 3988 quidem
2919 3934 3210 3990 suggerere
3233 3924 3474 3993 voluisti,
3497 3931 3557 3982 et

1963 4007 2241 4076 eum-illis,
2283 4017 2541 4078 tanquam
2571 4022 2694 4064 cum
2725 4008 2967 4078 legitimo
3003 4018 3063 4065 et
3108 4011 3418 4068 rationabili
3464 4029 3556 4070 or-

1965 4099 2091 4155 dine
2121 4098 2295 4164 lactis,
2335 4098 2656 4170 cupiditatis
2677 4099 2867 4171 spiritu
2893 4101 3205 4170 acquievisti
3232 4103 3554 4175 procedere,

1964 4195 2022 4242 et
2051 4203 2238 4243 comm
2277 4189 2462 4243 socius
2508 4203 2568 4243 es
2605 4187 3004 4245 communionis
3033 4189 3330 4246 venalitate
3362 4207 3552 4262 reper-

1965 4287 2072 4334 tus.
2097 4279 2297 4334 lterum
2348 4278 2730 4336 Thessalonica
2782 4291 2806 4329 P
2831 4279 2900 4334 ad
2927 4279 3219 4336 Dalmatias
3243 4285 3553 4353 patrimonii

1965 4372 2183 4441 regendi
2205 4388 2366 4428 causa
2387 4373 2642 4428 remissus
2665 4387 2954 4444 es,ex-qua
2974 4375 3255 4445 provincia
3278 4375 3554 4446 frequenti

1965 4477 2020 4521 te
2048 4467 2372 4522 auctoritate
2408 4467 2749 4534 monuimus,
2795 4475 2857 4522 ut
2905 4483 3014 4524 non
3059 4477 3184 4524 ante
3226 4468 3552 4537 discederes,

1966 4561 2066 4616 nisi
2096 4577 2288 4617 omnes
2325 4561 2618 4617 secundum
2663 4561 3113 4632 pollicitationem
3162 4568 3310 4616 tuam
3334 4568 3445 4616 tam
3483 4562 3554 4618 de

1968 4653 2350 4709 Dalmatiarum
2375 4653 2703 4724 patrimonio
2733 4667 2895 4724 quam
2923 4652 2990 4709 de
3021 4651 3376 4710 Praevalitano
3395 4655 3551 4711 colli-

1966 4755 2124 4812 geres
2149 4745 2460 4817 pensiones.

2036 4833 2144 4890 Sed
2189 4834 2458 4897 tu.omnia
2489 4833 2924 4904 prtetermittens,
2954 4833 3024 4890 ad
3050 4833 3554 4906 Constantinopoli-

1967 4933 2152 4981 tanatn
2180 4925 2370 4980 urbem
2407 4939 2509 4995 pro
2535 4922 2655 4980 solo
2682 4923 2932 4981 faciendo
2960 4925 3147 4982 venire
3189 4925 3444 4982 seandalo
3472 4923 3552 4981 fe-

1963 5019 2198 5084 stinasti,
2228 5024 2488 5087 quantum
2516 5023 2572 5071 et
2599 5030 2833 5085 sequens
2861 5017 3037 5072 exitus
3057 5015 3372 5072 declaravit.
3399 5014 3553 5070 Rele-

1961 5122 2094 5178 gens
2124 5117 2301 5164 tamen
2349 5105 2630 5163 constituti
2659 5106 2832 5162 nostri
2861 5106 3081 5174 seriem,
3127 5121 3288 5176 quam
3317 5104 3385 5160 de
3415 5119 3552 5175 pne-

1960 5291 2248 5364 Steplmno.

2033 5359 2066 5432 ῥ’
2088 5363 2280 5425 Paris.,
2313 5361 2579 5432 locumque
2601 5359 2927 5432 diaconatus.

2031 5430 2053 5468 ¹ι
2090 5433 2203 5486 Vox
2229 5440 2277 5485 te
2298 5431 2450 5486 deest
2479 5426 2530 5500 in
2559 5426 2834 5500 codicibus
2861 5427 3258 5500 manuscriptis.

2038 5500 2056 5540 ι
2091 5501 2383 5561 Bellovae.,
2414 5497 2827 5563 ordinationem;
2858 5495 3052 5566 Paris.,
3081 5495 3336 5552 ordini-in.

2036 5582 2073 5608 π’
2107 5571 2335 5626 Veteres
2359 5569 2498 5632 libri,
2524 5567 2838 5630 Salonitana
2864 5571 3006 5624 urbe.

2035 5651 2060 5678 ιι
2093 5641 2257 5696 [idem
2287 5639 2430 5703 libri,
2459 5639 2807 5708 applicuerat.

2039 5721 2064 5748 ο
2097 5711 2263 5766 Iidem
2291 5709 2431 5779 libri,
2460 5709 2539 5779 uel
2566 5710 2837 5779 quomodo.
2933 5735 2938 5740 ·

2034 5785 2064 5829 ι’
2089 5779 2255 5842 [idem
2281 5777 2421 5846 libri,
2455 5777 2650 5834 Iterum
2680 5777 2746 5832 de
2771 5777 2795 5829 '1
2816 5777 3152 5834 tessalonica.
