3986 6386
393 353 457 407 Η
851 347 854 350 ’
1793 343 1968 398 VlGll.

2078 342 2148 395 PA
2157 339 2266 394 ΡίΕ
3593 341 3677 396 £3

387 466 512 520 fatis
558 463 804 534 capitulis
835 461 901 515 ad
951 461 1198 516 llleunam
1223 456 1382 529 hujus
1407 457 1640 513 civitatis
1671 455 1965 512 antistitem
2003 461 2044 516 Α
2079 472 2296 509 causam
2346 457 2574 523 habetis,
2624 467 2679 510 et
2711 473 2808 510 nos
2838 458 3016 512 aliam.
3070 457 3262 514 Postea
3293 475 3420 515 vero
3459 461 3526 515 ad
3558 461 3679 518 hoc

388 558 596 614 dedisse
628 555 933 623 relegimus,
954 555 1007 608 in
1026 559 1326 622 conspectu
1353 551 1722 615 diaconorum,
1745 547 1968 604 subdia-

387 661 772 716 conorumque,
803 643 888 699 vel
937 645 1313 698 universorum
1363 641 1704 706 clericorum,
1755 638 1969 708 publica

390 753 522 793 voce
575 735 834 790 laudabas
867 745 912 800 ι,
958 742 1019 789 ιιι
1063 732 1133 788 de
1184 731 1324 788 cmlo
1369 730 1670 800 iudicatum
1723 735 1966 783 nostrum

387 829 692 884 ordinatum
739 833 902 897 atque
954 825 1226 896 prolatum
1283 823 1553 887 omnibus,
1579 822 1717 878 sicut
1761 819 1970 891 prtefati

387 932 596 983 sumus,
656 916 872 973 clericis
914 914 1236 984 loquereris.
1301 913 1452 969 Dicta
1508 927 1637 967 vero
1699 908 1976 965 Theodori

387 1009 748 1080 Mopsuesteni
771 1007 1053 1062 asserebas
1079 1013 1132 1060 te
1160 1005 1213 1060 in
1238 1003 1407 1060 Roma
1429 1005 1564 1058 urbe
1594 1003 1734 1058 inter
1760 1001 1970 1069 aliquos

383 1100 600 1157 codices
653 1100 941 1164 invenisse,
994 1112 1114 1166 quae
1144 1097 1502 1153 contirmabss
1529 1095 1677 1151 omni
1715 1108 1970 1148 exsecra-

389 1194 536 1249 tione
562 1201 618 1249 et
637 1191 985 1261 blasphemiis
1006 1206 1126 1246 esse
1165 1189 1456 1259 completa.
1481 1187 1612 1242 llaec
1639 1185 1886 1249 dicendo,
1917 1184 1969 1238 in

391 1295 574 1340 nostro
604 1282 885 1351 obsequio,
913 1289 969 1335 et
997 1281 1050 1334 in
1104 1277 1334 1333 ecclesia
1385 1277 1600 1346 publice
1621 1283 1676 1329 et
1706 1274 1760 1327 in
1791 1271 1968 1327 Placi-

387 1375 502 1429 dias
532 1373 768 1429 ofﬁcium
798 1372 1114 1426 diaconatus
1145 1365 1752 1439 implebas.Nativitatis
1771 1363 1968 1418 Christi

385 1462 483 1517 Dei
533 1459 744 1515 Domini
783 1468 837 1514 et
873 1457 1172 1513 Salvator-is
1211 1457 1381 1512 nostri
1428 1455 1722 1511 secundum
1749 1467 1970 1508 carnem

387 1551 660 1622 praeterito
681 1564 824 1604 anno
848 1548 964 1604 dies
992 1547 1214 1603 advenit
1239 1565 1250 1600 :
1279 1547 1592 1603 vocavimus
1640 1554 1714 1609 te,
1739 1545 1863 1615 quia
1903 1543 1970 1596 ad

390 1659 510 1708 nos,
539 1657 658 1712 qum
685 1655 847 1712 supra
891 1641 1232 1696 meminimus
1279 1648 1331 1694 te
1361 1637 1554 1695 fecisse
1592 1639 1645 1693 in
1671 1637 1969 1700 Dalmatiis,

388 1734 454 1789 de
476 1734 680 1790 recenti
709 1741 1074 1804 pervenerunt
1107 1749 1118 1784 :
1171 1740 1228 1786 et
1251 1731 1394 1786 sicut
1439 1730 1711 1800 oportuit,
1738 1728 1972 1783 diximus

2078 545 2315 613 nequitia
2365 554 2540 600 vestra
2573 548 2834 616 pervenit,
2868 556 2924 602 ut
2972 551 3455 606 excommunicatis
3509 569 3675 609 com-

2077 636 2352 690 municare
2416 643 2606 691 contra
2663 652 2899 693 canones
2966 639 3201 708 superbo
3261 643 3676 710 pnesumeretis

2077 726 2302 794 spiritu,
2333 725 2385 780 id
2432 735 2534 791 est,
2567 729 2880 782 memoratis
2911 729 2993 783 vel
3040 730 3178 794 aliis,
3229 747 3368 801 quos
3413 747 3514 802 pro
3555 733 3673 787 hoc

2076 817 2217 886 quod
2259 825 2447 872 contra
2505 817 2801 886 judicatum
2853 830 3094 874 nostrum
3151 823 3507 891 scripserant,
3565 839 3676 892 per

2075 906 2314 974 ejusdem
2337 906 2562 976 judicati
2585 909 2781 963 seriem
2812 909 3094 964 constabat
3118 911 3226 978 jam
3257 926 3288 965 a
3329 913 3484 966 nobis
3511 928 3675 968 com-

2075 999 2331 1063 munione
2358 1014 2652 1068 suspensos
2676 1017 2688 1051 :
2722 1000 2808 1055 cui
2834 999 3096 1068 iudicato,
3123 1001 3261 1056 sicut
3299 1018 3459 1072 supra
3478 1004 3678 1058 memi-

2078 1091 2273 1154 nimus,
2303 1105 2401 1145 vos
2446 1090 2779 1160 acquievisse
2808 1099 2862 1145 et
2893 1092 3236 1145 C6n=CIISlSSC
3263 1100 3318 1146 et
3358 1093 3674 1146 communi-

2076 1195 2247 1244 casse,
2278 1179 2546 1235 catholica
2575 1181 2822 1249 probavit
2855 1180 3114 1234 Ecclesia.
3149 1179 3302 1236 Unde
3329 1191 3542 1237 constat
3569 1198 3673 1236 vos

2075 1271 2365 1326 secundum
2395 1273 2609 1340 regulas
2631 1288 2899 1326 canonum
2925 1273 3068 1341 jnste
3093 1273 3358 1327 damnari.
3393 1273 3674 1327 Detiniuns

2075 1361 2217 1413 enim
2248 1375 2525 1414 canones:
2568 1357 2585 1398 ι
2623 1359 2678 1414 Si
2707 1361 2828 1430 quis
2875 1362 3370 1416 excommunicatus
3412 1371 3540 1415 ante
3567 1376 3671 1414 au-

2075 1447 2326 1501 dientiam
2353 1449 2752 1504 communicare
2773 1451 3196 1520 prmsumpserit,
3219 1453 3330 1522 ipse
3349 1452 3401 1506 in
3426 1467 3488 1508 se
3512 1451 3669 1506 dam-

2079 1540 2351 1594 nationem
2376 1541 2621 1609 protulit.

2147 1639 2187 1668 πι
2205 1631 2334 1685 Item
2363 1631 2565 1701 placuit
2593 1633 2845 1688 universo
2873 1635 3127 1701 concilio,
3156 1644 3216 1690 ut
3241 1635 3334 1704 qui
3353 1651 3672 1692 excommu~

2079 1721 2287 1776 nicatus
2317 1719 2476 1777 fuerit
2503 1738 2601 1792 pro
2642 1739 2744 1779 suo
2775 1725 3044 1794 neglectu,
3069 1726 3182 1782 sive
3209 1727 3521 1797 episcopus,
3549 1728 3671 1783 sive

393 1823 508 1890 tibi,
532 1823 576 1878 si
604 1839 727 1878 cum
749 1822 852 1876 illis
877 1821 969 1890 qui
991 1828 1178 1876 contra
1194 1819 1336 1875 sedis
1357 1818 1668 1890 apostolicae
1682 1816 1971 1872 constituta
2008 1825 2050 1884 η
2077 1813 2304 1882 quilibet
2331 1813 2578 1880 cleritus,
2605 1825 2660 1870 et
2690 1824 2930 1886 tempore
2959 1819 3534 1874 excommunicationis
3554 1835 3671 1874 suae

391 1917 443 1969 in
475 1913 698 1969 sacratis
726 1921 852 1969 sunt
878 1912 1132 1982 applicati
1179 1910 1489 1978 ordinibus,
1523 1909 1853 1980 processisti,
1882 1917 1973 1962 ant

389 2021 578 2062 eorum
602 2013 654 2060 te
676 2004 1062 2071 communioni,
1087 2003 1228 2059 sicut
1247 2003 1464 2071 dicitur,
1489 2001 1724 2067 sociasti,
1751 2015 1972 2056 necesse

389 2095 546 2150 nobis
573 2104 675 2162 est,
699 2102 760 2149 ut
784 2095 828 2149 si
857 2110 958 2149 nos
985 2093 1128 2148 Deus
1155 2092 1222 2148 ad
1249 2102 1489 2148 nostram
1516 2093 1766 2162 dignatur
1790 2090 1973 2146 Ecclu-

384 2186 523 2240 siam
552 2199 830 2250 revocare,
863 2198 1166 2256 quaeramus
1197 2184 1295 2238 ista
1325 2183 1375 2250 ι’,
1406 2192 1462 2238 et
1487 2184 1770 2238 veritatem
1801 2181 1971 2236 mani-

387 2273 574 2328 festius
601 2280 1010 2342 cognoscentes,
1035 2273 1330 2328 secundum
1353 2287 1589 2327 canones
1615 2271 1966 2326 vindicemus.

387 2363 468 2419 Tu
495 2364 998 2422 vero.conscienti:e
1026 2371 1132 2419 tum
1156 2371 1310 2420 reatu
1337 2364 1678 2434 perterritus,
1695 2363 1819 2432 quia
1841 2377 1970 2417 con—

389 2472 467 2516 tra
499 2461 795 2532 apostolica
817 2460 1024 2516 feceras
1048 2459 1364 2527 constituta,
1387 2459 1728 2515 occasionem
1747 2457 1840 2511 tibi
1865 2457 1972 2510 dis-

386 2549 619 2606 cedendi
668 2549 1012 2605 dissimulans
1051 2548 1384 2620 requirebas.
1418 2547 1550 2602 Nam
1605 2563 1727 2602 cum
1779 2556 1830 2600 te
1875 2563 1972 2616 pro

382 2650 534 2698 certo
557 2641 806 2696 mandata
835 2652 857 2679 ε
889 2655 1012 2695 cum
1058 2637 1268 2694 Joanne
1294 2638 1569 2709 episcopo,
1601 2645 1656 2693 et
1685 2636 1970 2704 Surgentio

383 2731 714 2802 primicerio,
763 2739 926 2800 atque
967 2727 1262 2785 Saturnino
1313 2727 1620 2785 eonsulario
1675 2735 1861 2782 nostro
1902 2729 1968 2780 ad

383 2821 653 2886 Mennam,
679 2818 900 2876 fratrem
930 2827 1174 2875 nostrum
1196 2818 1354 2888 hujus
1387 2817 1624 2876 civitatis
1645 2818 1964 2883 antistitem,

384 2913 739 2980 misissemus,
755 2925 1004 2966 reversus
1027 2911 1079 2964 in
1102 2909 1383 2976 Plaeidias,
1407 2909 1588 2964 multis
1617 2909 1967 2978 praesentibus

379 3009 439 3056 et
459 2999 695 3059 ofﬁcium
735 3001 946 3057 diaconi
972 3001 996 3038 ι¹
1023 3010 1081 3056 ιιι
1107 3010 1164 3057 et
1190 2999 1442 3058 Rusticus
1466 3016 1536 3056 ex
1558 3016 1708 3056 more
1731 3001 1968 3072 comple—

384 3098 504 3164 stis,
537 3103 594 3152 et
623 3095 837 3166 quando
866 3093 1319 3151 clementissimus
1355 3093 1606 3163 princeps
1632 3091 1880 3148 dominus
1907 3091 1967 3144 li-

383 3189 486 3246 lius
508 3195 711 3250 noSter,
743 3195 803 3242 ut
821 3187 924 3242 alia
950 3185 1038 3242 die
1067 3186 1136 3242 ad
1162 3186 1445 3242 ecclesiam
1484 3185 1780 3257 procedere
1807 3183 1970 3238 debeo
1999 3197 2043 3258 ε

383 3293 582 3344 remus,
615 3275 1036 3333 referendarium
1087 3275 1396 3339 destinavit,
1433 3283 1492 3328 ut
1537 3274 1588 3328 ei
1619 3275 1964 3344 promittere-

382 3384 524 3438 mus,
551 3383 674 3424 cum
702 3368 822 3423 aliis
848 3366 1090 3422 diaconis
1123 3375 1147 3404 ⁸
1175 3374 1230 3420 et
1257 3366 1468 3421 clericis
1493 3356 1592 3421 nos
1617 3374 1673 3420 tu
1702 3373 1758 3420 et
1783 3364 1965 3421 Rusti-

381 3478 478 3518 cus
507 3460 680 3516 fuistis
711 3458 730 3496 τ
763 3458 985 3516 hortati.
1017 3457 1152 3513 Nam
1203 3465 1254 3512 et
1284 3457 1352 3512 ad
1383 3457 1736 3514 refectionem
1767 3459 1968 3528 pariter

377 3553 438 3606 in
474 3562 657 3606 nostra
685 3562 870 3604 mensa
897 3548 1056 3604 ambo
1087 3546 1250 3604 fuisse
1289 3547 1450 3602 simili
1471 3548 1683 3602 ratione
1711 3547 1964 3617 probabi-

382 3644 535 3699 mini.
567 3641 675 3698 Sed
715 3643 856 3697 sicut
880 3639 1064 3707 ludas,
1099 3647 1384 3710 postquam
1413 3639 1709 3694 buccellam
1735 3639 1961 3707 accepit,

383 3735 454 3788 de
483 3731 769 3786 traditione
817 3730 1031 3786 Domini
1074 3730 1351 3798 cogitavit,
1402 3728 1474 3783 ita
1519 3735 1576 3782 et
1620 3744 1714 3783 vos
1736 3728 1909 3783 noctis
1939 3737 1964 3773 Β

384 3824 534 3879 horis
583 3837 680 3892 pro
701 3821 1026 3878 concitando
1053 3819 1308 3876 seandalo
1335 3819 1580 3875 ecclesiae
1627 3819 1962 3874 discessistis.

383 3913 496 3969 Nos
521 3921 702 3968 autem
723 3911 830 3968 alio
854 3911 940 3967 die
965 3909 1280 3966 mandantes
1303 3910 1476 3977 vobis,
1509 3919 1566 3964 ut
1593 3918 1686 3965 aut
1706 3908 1966 3982 procede-

381 4007 516 4062 retis
535 4004 710 4060 locum
739 4002 952 4060 diaconi
980 4017 1046 4058 ex
1080 4017 1232 4058 more
1251 4001 1607 4072 complentes,
1636 4008 1731 4054 aut
1758 4014 1788 4053 a
1813 4015 1965 4055 com-

382 4094 638 4151 munione
658 4109 755 4150 vos
779 4092 1180 4164 cognosceretis
1201 4091 1364 4147 fuisse
1385 4105 1678 4160 suspensos
1699 4108 1712 4143 :
1737 4098 1794 4145 tu
1815 4105 1964 4153 vero,

379 4183 718 4248 Sebastiane,
746 4181 832 4237 bis
851 4195 990 4250 quos
1013 4181 1156 4234 inter
1179 4180 1317 4234 alios
1341 4179 1682 4248 miseramus,
1715 4179 1970 4234 fratribus

382 4273 584 4329 nostris
607 4270 804 4327 Joanni
851 4280 906 4326 et
928 4269 1142 4325 Juliano
1171 4271 1456 4342 episcopos
1475 4269 1526 4338 δ,
1553 4271 1677 4334 hoc,
1709 4280 1968 4340 quantum

382 4363 848 4428 renuntiaverunt,
879 4359 1098 4415 dixisti:
1127 4359 1240 4430 Ego
1287 4359 1582 4430 iudicatum
1637 4361 1782 4432 quod
1829 4377 1969 4432 papa

383 4451 609 4522 protulit
645 4464 866 4520 sequor,
891 4449 946 4508 si
967 4457 1150 4506 tamen
1173 4451 1228 4505 in
1256 4451 1378 4507 illos
1411 4450 1427 4489 ί
1460 4451 1696 4508 vindicat
1721 4454 1813 4522 qui
1839 4469 1970 4508 con-

386 4553 468 4597 tra
493 4541 792 4611 judicatum
843 4538 1066 4596 faciunt.
1097 4540 1230 4596 Nam
1259 4549 1317 4596 et
1341 4541 1505 4597 simili
1555 4544 1655 4608 eis,
1709 4551 1966 4614 quantum
2001 4576 2047 4634 υ

387 4634 692 4705 perhibent,
739 4633 952 4688 ratione
999 4631 1201 4698 dixisti,
1235 4633 1501 4688 intantum
1550 4642 1608 4688 ut
1661 4634 1868 4690 diceres
1897 4635 1966 4690 ibi

385 4726 640 4781 venisset
680 4723 1044 4795 Lampridium
1071 4721 1095 4762 ιι
1126 4732 1182 4780 et
1226 4723 1462 4780 Felicem
1506 4725 1823 4793 monachos,
1877 4728 1966 4797 qui

385 4825 632 4873 nostrum
653 4814 951 4884 judicatum
972 4815 1249 4885 suscipere
1275 4815 1583 4881 noluerunt,
1607 4827 1662 4870 et
1688 4817 1970 4873 mandasse

385 4925 481 4968 vos
507 4909 586 4964 eis
617 4926 630 4960 :
681 4906 798 4963 Non
825 4923 922 4963 vos
946 4922 1232 4978 possumus
1280 4906 1486 4976 videre,
1517 4909 1640 4978 quia
1683 4925 1778 4965 vos
1809 4909 1969 4966 aliam

454 5114 480 5141 ι
515 5102 712 5168 Paris.,
738 5101 1023 5156 clamabas.

456 5173 482 5212 δ
504 5173 699 5238 Paris,
731 5187 1024 5242 queramus
1057 5172 1102 5226 si
1129 5173 1256 5226 ista.

457 5254 480 5281 '-
513 5240 898 5304 Vetereslibri,
929 5242 1202 5295 mandato.

457 5313 485 5352 ά
527 5313 718 5375 Paris.,
749 5311 996 5365 diaconii.

463 5380 732 5436 °Veteres
761 5381 900 5444 libri,
930 5379 1252 5436 diaconibus.

465 5453 480 5490 ί
516 5453 679 5506 Iidem
707 5449 849 5516 libri,
873 5450 1119 5519 fuissetis.

460 5531 485 5568 ι
518 5520 712 5586 Paris.,
741 5521 1030 5573 nocturnis.

413 5662 426 5674 ‘
457 5588 484 5628 ι
506 5591 816 5674 μοβοςιᾳιιξη
835 5588 1108 5674 episcopis.
1127 5588 1292 5645 Error
1307 5597 1390 5647 est
1415 5591 1830 5662 typographicus
1857 5592 1970 5648 edi-

389 5661 551 5717 tionis
582 5660 898 5714 l.abbeana3.
1436 5660 1450 5662 “

466 5731 480 5808 ξ
512 5729 816 5812 ﬁellovacm
839 5728 897 5809 in
923 5727 1054 5812 illis;
1083 5729 1276 5812 Paris,
1306 5733 1361 5787 in
1391 5731 1552 5786 illius.

461 5802 477 5853 i
512 5799 738 5856 Veteres
764 5798 908 5868 libri,
928 5801 1124 5858 venisse
1141 5799 1238 5858 ibi.

2077 1911 2204 1958 ante
2232 1903 2556 1958 audientiam
2587 1906 2988 1961 communicare
3018 1907 3435 1976 przcsumpserit,
3465 1908 3582 1976 ipse
3613 1909 3670 1962 in

2078 2009 2137 2048 se
2168 1994 2527 2050 damnationis
2546 1995 2819 2064 judicetur
2848 1999 3134 2068 protulisse
3171 2002 3515 2055 sententiam.
3551 2002 3668 2055 Ad-

2075 2085 2284 2152 jccistis
2323 2085 2486 2139 etiam
2529 2089 2858 2142 exsecranda
2900 2090 3172 2158 superbia,
3203 2105 3321 2159 qua:
3351 2106 3452 2146 nec
3479 2093 3671 2158 legun-

2079 2182 2187 2242 tur,
2220 2190 2320 2228 nec
2342 2175 2458 2229 sine
2485 2176 2566 2230 sui
2583 2177 2854 2246 pontilicis
2875 2177 3122 2247 jussione
3142 2178 3430 2249 aliquando
3460 2180 3671 2236 ordinis

2080 2265 2237 2317 vestri
2298 2265 2545 2319 homines
2581 2277 3056 2337 pnrsumpseruut,
3103 2271 3479 2324 auctoritatem
3511 2272 3672 2327 vobis

2074 2354 2466 2422 prmdicationis
2515 2365 2701 2411 contra
2731 2373 2946 2412 omnem
2976 2361 3422 2415 consuetudinem
3460 2362 3541 2416 vel
3571 2379 3670 2417 ca-

2073 2459 2245 2499 nones
2276 2445 2567 2513 vindicare,
2616 2444 2896 2517 Ephesium
2937 2449 3124 2518 prima:
3158 2452 3349 2522 synodi
3378 2452 3665 2522 impugna-

2075 2537 2276 2592 tionem
2307 2547 2361 2592 et
2386 2541 2880 2610 exprobrationem,
2933 2543 3111 2598 sedet
3157 2545 3300 2600 beati
3340 2554 3364 2580 "
3410 2547 3671 2600 recorda-

2078 2628 2238 2682 tionis
2285 2627 2502 2700 Cyrilli;
2537 2629 2900 2700 blasphemias
2927 2647 3144 2701 quoque
3191 2641 3379 2688 contra
3420 2633 3603 2690 Jesum
3640 2645 3666 2670 ⁸

2078 2715 2362 2771 Dominum
2389 2727 2632 2774 nostrum
2661 2719 2832 2776 dictas
2859 2721 3018 2775 simili
3049 2721 3400 2778 defendentes
3433 2725 3668 2789 insania,

2076 2816 2130 2861 et
2176 2823 2274 2878 per
2311 2824 2501 2868 omnes
2537 2811 2842 2880 provincias
2881 2812 3145 2868 fallaciter
3186 2817 3518 2882 scribentes,
3551 2833 3668 2871 non

2075 2898 2274 2969 aliquid
2321 2901 2680 2970 commisisse,
2707 2902 2854 2972 quod
2883 2906 3183 2974 reperiatur
3219 2907 3504 2962 adversum
3529 2909 3669 2962 deti-

2076 2989 2268 3044 nitioni
2297 3000 2494 3046 sancta:
2524 2990 2982 3050 Chalcedonensis
3029 2998 3256 3068 synodi,
3285 3013 3404 3068 qua:
3455 3015 3665 3070 puere-

2075 3083 2316 3138 dentium
2355 3100 2414 3140 se
2443 3087 2624 3152 trium,
2661 3089 2711 3141 id
2752 3097 2855 3154 est,
2888 3088 3134 3154 Nicaeum,
3165 3089 3668 3162 Constantinopoli-

2076 3183 2232 3236 tanae,
2258 3183 2418 3246 atque
2439 3175 2717 3246 Ephesinte
2739 3179 2925 3248 prima:
2949 3181 3242 3234 concordat
3271 3180 3391 3234 tidei
3419 3181 3666 3252 synodo-

2076 3281 2215 3320 rum.
2249 3263 2326 3318 lta
2375 3281 2504 3334 ergo
2533 3276 2851 3323 cunctorum
2878 3269 3107 3332 animos,
3129 3271 3218 3338 qui
3245 3278 3474 3325 vestram
3506 3271 3668 3326 mali-

2075 3356 2202 3408 tiam
2234 3356 2560 3420 nescierunt,
2581 3357 2676 3412 sed
2708 3365 2962 3428 tanquam
2987 3375 3016 3412 a
3053 3357 3310 3413 Romanis
3349 3359 3592 3414 diaconis
3639 3371 3668 3408 ρ

2073 3446 2430 3516 suscipientes
2457 3448 2680 3517 scripta,
2714 3449 3036 3518 simpliciter
3057 3448 3419 3514 crediderunt,
3449 3450 3515 3504 ad
3544 3460 3666 3504 tan-

2076 3543 2184 3589 tum
2213 3535 2388 3590 scelus
2411 3537 2654 3606 operatio
2694 3536 2920 3592 fallaciae
2953 3548 3146 3592 vestra:
3174 3539 3439 3608 pervenit,
3471 3547 3529 3594 ut
3562 3543 3572 3592 I
3599 3557 3665 3594 u-

2073 3643 2264 3681 manus
2307 3627 2524 3696 sanguis
2564 3627 2617 3681 iu
2663 3628 2930 3698 aliquibus
2989 3629 3122 3685 locis
3175 3630 3311 3684 intra
3367 3630 3661 3686 ecclesiam

2075 3718 2240 3788 (quod
2289 3717 2392 3773 dici
2441 3717 2591 3774 nefas
2617 3720 2722 3790 est)
2754 3719 3094 3785 funderetur;
3136 3729 3191 3775 et
3239 3737 3454 3776 omnem
3485 3722 3665 3792 legem

2075 3812 2496 3868 ecclesiasticam
2537 3815 2774 3884 superbo
2820 3816 3014 3886 spiritu
3043 3816 3364 3872 conculcare
3392 3819 3664 3884 voluistis,

2074 3913 2379 3957 sanctarum
2402 3919 2619 3974 quoque
2655 3906 2960 3974 regularum
2985 3910 3426 3978 consequentiam
3453 3911 3666 3978 injuriis

2075 3992 2352 4061 alfecistis,
2385 3994 2548 4064 impia
2579 4004 2634 4049 et
2651 4010 2770 4064 qua:
2791 4013 2897 4051 non
2927 4007 3053 4053 sunt
3087 3998 3230 4052 licita
3263 4014 3358 4068 per
3383 3999 3668 4056 universas

2075 4090 2266 4138 contra
2312 4099 2414 4138 nos
2457 4084 2762 4154 provincias
2808 4086 3072 4142 fallaciter
3125 4087 3432 4144 indicando.
3480 4088 3667 4159 Nuper

2075 4176 2240 4231 etiam
2271 4177 2429 4232 malis
2456 4178 2650 4234 vestris
2679 4177 2938 4234 addentes
2967 4179 3152 4248 pejora
3182 4180 3472 4249 prioribus,
3503 4180 3666 4236 dom-

2073 4285 2202 4325 num
2235 4268 2472 4326 Leonem
2515 4270 2969 4340 przedecessorem
3011 4280 3257 4327 nostrum
3295 4273 3350 4327 in
3390 4271 3666 4328 Theodori

2075 4357 2442 4428 Mopsuesteni
2489 4361 2648 4417 dictis
2675 4375 2796 4431 quae
2823 4370 3014 4417 contra
3039 4369 3244 4418 rectam
3283 4361 3438 4417 tidem
3470 4363 3667 4434 legitur

2075 4450 2376 4520 scripsisse,
2398 4466 2716 4508 consensum
2739 4452 3031 4522 praebuisse
3059 4461 3223 4524 atque
3251 4451 3513 4517 ﬁrmasse,
3535 4454 3666 4510 dato

2074 4541 2276 4611 scripto
2303 4541 2372 4598 ad
2399 4541 2915 4599 Christianissimum
2955 4543 3254 4614 principem
3283 4543 3561 4600 dominum
3597 4545 3664 4597 li-

2074 4633 2205 4688 lium
2233 4641 2501 4702 nostrum,
2533 4635 2651 4690 ausi
2681 4633 2856 4692 fuistis
2870 4644 3135 4692 astruere.
3152 4635 3306 4692 Absit
3330 4651 3462 4706 ergo
3482 4653 3668 4707 quem-

2075 4723 2210 4780 libet
2237 4725 2462 4782 credere
2487 4723 2872 4792 Christianum,
2903 4725 3048 4797 quod
3077 4725 3278 4798 aliquid
3305 4727 3434 4795 tale,
3464 4729 3610 4798 quod
3637 4738 3665 4778 ει

2075 4824 2266 4872 contra
2294 4825 2496 4872 rectam
2526 4816 2685 4873 fidem
2716 4832 2746 4872 a
2775 4818 3021 4888 quolibet
3047 4817 3352 4874 inveniatur
3377 4819 3664 4889 scriptum,

2075 4907 2217 4963 illius
2274 4907 2407 4962 tanti
2453 4907 2698 4978 praesulis
2731 4908 2991 4964 sanctitas
3017 4907 3346 4978 suscepisset
3374 4916 3421 4975 τ,
3465 4907 3668 4980 quippe

2151 5106 2174 5178 ξι
2209 5105 2434 5178 Veteres
2459 5106 2843 5178 librietalit.,
2867 5105 3250 5178 Lampadium.

2157 5174 2172 5215 ι
2222 5176 2351 5230 Vide
2373 5176 2540 5246 addit.
2573 5177 2606 5229 4
2625 5177 2959 5246 Qapitular.,
2982 5174 3103 5246 cap.
3139 5175 3227 5246 54.

2152 5257 2190 5282 ιη
2221 5246 2357 5370 ἔξω
2403 5245 2496 5300 lib.
2554 5243 2951 5316 vCap‘itulan,
2983 5243 3106 5316 cap.
3167 5245 3258 5312 50,
3315 5255 3371 5299 et
3425 5245 3518 5302 lib.
3551 5263 3666 5314 VIII,

2149 5383 2176 5421 ὶι
2200 5385 2528 5453 Legendum,
2553 5383 2717 5440 beata:
2748 5403 2766 5439 :
2804 5400 2958 5440 error
2987 5384 3428 5454 typograpbicus,
3459 5387 3546 5444 hic
3573 5404 3697 5462 su-_

2077 5454 2270 5509 blatus.

2148 5533 2174 5562 ο
2209 5524 2430 5579 Veteres
2462 5523 2602 5585 libri,
2633 5535 2813 5578 contra
2839 5523 3119 5577 Christum.

2145 5605 2172 5646 ιι
2202 5593 2364 5648 [idem
2396 5593 2538 5655 libri,
2564 5594 2887 5647 diaconibus.

2146 5677 2173 5716 «ι
2203 5663 2317 5735 Vox
2346 5663 2662 5735 quoddeest
2690 5663 2743 5716 in
2773 5661 3056 5718 codicibus
3083 5664 3343 5735 antiquis.

2150 5745 2170 5774 τ
2196 5733 2421 5790 Veteres
2451 5733 2598 5799 libri,
2628 5735 2932 5803 suscepisse.
