3986 6382
233 392 308 448 «t9
1448 380 1712 440 Et’iSTOl
1723 382 1804 438 ΑΕ

1971 379 2304 438 DEGRETA.
3456 381 3525 436 50

235 504 330 576 qui
356 504 411 558 in
440 500 708 558 universis
735 499 988 571 epistolis
1013 498 1126 556 suis
1151 506 1206 554 et
1225 497 1561 564 Nestorium,
1581 502 1638 551 et
1661 494 1832 566 Euty-
1863 495 1914 555 Α
1941 500 2106 562 atque
2125 491 2425 563 irreligioso
2449 491 2668 559 fecistis,
2692 508 2790 548 vos
2813 491 2942 548 olim
2962 492 3152 563 dignos
3182 491 3530 548 damnatione

237 598 402 665 chen,
430 595 516 651 vel
536 595 617 650 eis
653 593 856 651 similia
886 591 1186 664 sapientes,
1205 589 1324 661 pari
1351 588 1546 658 legitur
1566 586 1834 642 sententia

237 686 654 743 condemnasse.
685 683 746 740 ιη
777 699 889 756 quo
914 688 1219 738 memorato
1245 679 1471 750 scripto,
1505 679 1669 734 etiam
1699 691 1834 733 con-

241 788 325 833 tra
355 776 564 832 divinas
585 776 926 847 Scripturas,
945 789 1054 830 non
1074 772 1250 829 solum
1270 769 1616 842 pontiﬁcibus
1630 769 1833 833 multis,

239 869 338 948 sed
361 869 526 930 etiam
555 865 724 938 (quod
755 865 861 922 dici
887 863 1038 921 nefas
1063 862 1180 934 est)
1202 863 1314 933 ipsi
1361 874 1580 932 quoque
1606 857 1836 930 principi

241 957 533 1028 sacrilegas
587 957 814 1026 injurias
869 957 1111 1026 irrogare
1164 953 1437 1020 tentastis,
1493 959 1759 1022 quatenus
1809 959 1834 985 ιι

243 1051 584 1118 ignorantem
611 1044 986 1104 Christianum
1031 1043 1288 1116 populum
1315 1042 1582 1102 diabolica
1607 1040 1838 1110 amplius

244 1140 573 1211 deciperetis
599 1139 820 1195 astutia.
843 1137 973 1195 Htec
999 1149 1130 1206 ergo
1151 1134 1178 1176 δ
1194 1134 1526 1191 sustinentes
1553 1147 1650 1203 per
1670 1131 1837 1186 multa

247 1233 512 1304 temporis
520 1231 696 1304 spatia
709 1242 756 1298 ε,
768 1230 1032 1303 patientia
1041 1226 1365 1284 sacerdotali
1380 1239 1625 1282 resecare
1637 1223 1840 1280 distuli-

244 1339 387 1388 mus,
401 1322 689 1379 credentes
706 1336 806 1378 vos
815 1320 1038 1378 forsitan
1053 1317 1296 1388 resipisci
1309 1315 1468 1391 [forte
1479 1311 1838 1386 resipiscere],

244 1414 388 1469 etab
405 1413 610 1470 illicitis
631 1420 954 1483 temperare.
971 1409 1078 1467 Sed
1092 1409 1220 1480 quia
1246 1407 1414 1465 semel
1435 1414 1493 1463 et
1501 1404 1738 1462 secundo
1752 1403 1841 1458 ad-

245 1504 566 1560 hortatione
581 1511 762 1559 oostra
780 1517 879 1574 per
892 1501 1088 1556 fratres
1109 1507 1326 1556 nostros
1341 1498 1646 1569 episcopos,
1665 1496 1717 1552 id
1732 1503 1835 1562 est,

245 1594 520 1652 Joannem
571 1595 951 1660 Marsicanum,
973 1601 1031 1650 et
1053 1591 1324 1648 lulianum
1353 1590 1728 1660 Cingulanum,
1753 1589 1839 1644 vel

248 1685 512 1757 Sapatum
544 1683 710 1742 lilium
743 1692 984 1741 nostrum
1008 1691 1172 1753 atque
1199 1682 1486 1739 diaconum
1513 1680 1540 1718 ἀ
1560 1721 1576 1750 ,
1607 1695 1838 1738 necnon

247 1785 306 1832 et
341 1791 443 1848 per
466 1775 766 1846 gloriosum
793 1773 969 1830 virum
1009 1773 1298 1845 patricium
1321 1770 1638 1840 Cethegum,
1669 1777 1726 1826 et
1751 1783 1839 1825 re-

246 1867 502 1935 ligiosum
531 1859 732 1922 'virum
779 1865 911 1921 item
965 1861 1130 1919 filium
1181 1870 1424 1919 nostrum
1479 1860 1795 1918 Senatorem
1823 1903 1840 1928 ,

247 1957 496 2026 aliosque
525 1956 662 2011 filios
691 1961 906 2012 nostros
929 1952 1246 2011 commoniti
1273 1953 1522 2009 noluistis
1549 1951 1761 2021 audire,
1786 1963 1843 2008 et

247 2062 428 2117 neque
455 2047 523 2102 ad
552 2045 866 2112 Ecclesium,
893 2061 1066 2116 neque
1087 2045 1156 2101 ad
1183 2061 1284 2102 nos
1303 2045 1524 2113 reverti,
1556 2045 1697 2101 sicut
1718 2061 1839 2100 om-

248 2138 336 2192 nia
385 2136 582 2204 facitis,
612 2137 863 2193 voluistis
886 2135 1204 2193 detestanda
1254 2146 1277 2174 ε
1309 2135 1598 2207 superbia;
1626 2143 1683 2192 et
1721 2135 1842 2191 ideo

247 2244 476 2286 necesse
499 2228 658 2284 nobis
685 2229 844 2284 estin
868 2229 1022 2284 vobis
1049 2227 1310 2284 canonice
1336 2226 1609 2282 vindicare
1625 2267 1641 2293 ,
1671 2241 1742 2282 ne
1762 2227 1844 2280 vi-

247 2319 480 2375 deamur
505 2319 810 2374 divinarum
854 2317 1252 2388 Scripturarum
1305 2315 1842 2386 interpretationibus

248 2413 554 2482 subiacere.
579 2410 856 2480 Scriptum
873 2418 958 2467 est
983 2411 1126 2467 enim
1156 2426 1172 2465 :
1204 2409 1453 2465 Videbam
1477 2410 1662 2480 furem,
1691 2415 1741 2463 et
1769 2409 1842 2464 sis

248 2505 358 2560 mal
383 2503 629 2560 currebas
660 2503 680 2542 ί
715 2521 834 2558 cum
861 2521 922 2560 eo
951 2519 969 2558 :
999 2510 1051 2558 et
1097 2519 1214 2558 cum
1254 2502 1505 2558 adulteris
1551 2501 1842 2573 portionem

253 2607 394 2650 utam
421 2595 653 2666 ponebas
675 2593 853 2666 (Psat.
897 2594 1087 2665 nix);
1119 2602 1174 2649 et
1203 2594 1318 2664 ipse
1346 2592 1602 2649 Dominus
1631 2607 1696 2646 ac
1719 2591 1841 2646 Sal-

250 2694 410 2742 vator
437 2694 624 2742 noster
649 2684 784 2742 dicit
815 2703 829 2739 :
864 2681 1016 2749 Quod
1055 2685 1102 2739 si
1123 2683 1304 2738 oculus
1333 2692 1449 2737 tuus
1479 2682 1661 2737 dexter
1688 2699 1841 2736 scan-

249 2779 450 2832 ἀειιίιαί
492 2787 558 2844 te,
580 2793 704 2832 erue
748 2792 884 2844 eum,
915 2784 964 2831 et
1007 2775 1202 2847 projice
1229 2773 1321 2830 abs
1349 2784 1414 2828 te.
1446 2773 1676 2844 Expedit
1705 2776 1842 2829 enim

253 2866 342 2921 tibi
373 2877 429 2920 ut
473 2876 652 2936 pereat
678 2883 838 2922 unum
863 2865 1148 2920 membrum
1174 2874 1334 2931 tuum,
1363 2881 1519 2936 quam
1547 2873 1708 2918 totum
1729 2880 1844 2919 cor-

250 2975 348 3027 pus
399 2959 635 3012 mittatur
667 2960 722 3012 in
746 2957 1034 3029 gehennam
1065 2965 1090 3004 δ
1126 2955 1343 3025 (Matth.
1367 2956 1458 3026 v).
1491 2953 1556 3008 Et
1585 2954 1843 3024 quoniam

251 3053 356 3106 iste
407 3050 720 3106 intellectus
765 3049 937 3118 magis
976 3048 1046 3104 de
1093 3045 1289 3104 officiis
1337 3047 1708 3111 ecclesiarum,
1757 3047 1844 3102 vel

251 3139 517 3214 proximis
540 3158 648 3198 non
669 3149 819 3198 recte
845 3139 1146 3210 agentibus,
1172 3147 1228 3196 et
1247 3137 1498 3195 scandala
1521 3137 1574 3192 in
1597 3137 1844 3193 ecclesiis

1941 585 2192 656 praesenti
2217 584 2539 640 auctoritate
2567 583 2906 654 deponimus.
2940 583 3008 646 Et
3061 592 3119 640 ut
3148 584 3386 640 universi
3425 600 3525 638 nos

1941 675 2056 730 haec
2080 691 2177 744 pro
2207 674 2328 730 loco
2353 673 2408 730 in
2435 688 2544 745 quo
2569 689 2668 729 nos
2696 673 2838 730 Deus
2858 689 2980 730 esse
3006 675 3215 740 voluit,
3247 681 3304 730 et
3332 683 3527 730 aucto—

1940 765 2102 819 ritate
2141 763 2286 818 beati
2315 761 2460 818 Petri
2509 763 2744 833 apostoli
2775 770 2926 818 recte
2954 763 3148 820 fecisse
3173 772 3529 832 cognoscant,

1943 870 2211 912 canonum
2237 856 2529 912 constituta
2563 857 2862 928 posuimus,
2881 870 3002 926 quae
3027 864 3212 912 sancta
3239 855 3534 912 Chalcedo-

1945 946 2128 1000 nensis
2152 947 2389 1018 synodus
2412 947 2552 1018 apud
2580 962 2641 1004 se
2691 948 2894 1003 releeta
2935 947 3190 1002 laudavit.
3223 946 3412 1003 Aetius
3438 963 3527 1002 ar-

1947 1036 2295 1093 chidiaconus
2319 1038 2510 1108 relegit
2539 1056 2552 1092 :
2583 1037 2640 1094 Si
2669 1039 2793 1108 quis
2820 1039 3108 1110 presbyter
3135 1047 3228 1092 aut
3250 1039 3526 1102 diaconus,

1947 1143 2100 1182 suum
2127 1137 2478 1186 contemnens
2507 1131 2841 1202 episcopum,
2871 1145 2902 1185 a
2932 1130 3314 1186 communione
3333 1141 3532 1188 semet-

1948 1219 2122 1289 ipsum
2149 1219 2432 1290 suspendit
2470 1221 2735 1289 ecclesiae,
2761 1228 2818 1276 et
2855 1221 3126 1276 secretius
3140 1220 3426 1277 collectam
3452 1221 3533 1276 f-

1949 1309 2042 1378 cit,
2074 1317 2130 1366 et
2159 1308 2328 1366 altare
2349 1307 2650 1378 constituit,
2677 1320 2735 1368 et
2779 1311 2955 1368 noluit
2981 1312 3231 1369 evocanti
3276 1312 3532 1384 episcopo

1946 1403 2288 1469 consentire,
2329 1412 2387 1459 et
2426 1405 2660 1460 noluerit
2713 1404 2891 1461 eidem
2937 1403 3306 1476 acquiescere,
3354 1420 3532 1476 neque

1947 1495 2168 1553 obedire
2196 1503 2252 1552 et
2278 1497 2428 1569 prius
2455 1503 2512 1553 et
2538 1497 2778 1555 secundo
2807 1500 3025 1556 vocanti
3059 1518 3072 1554 :
3112 1500 3259 1556 hunc
3308 1499 3530 1556 omnino

1947 1588 2214 1660 damnari,
2243 1605 2344 1647 nec
2369 1605 2608 1662 unquam
2635 1592 2781 1648 hunc
2805 1593 3142 1648 curationem
3167 1593 3385 1658 mereri,
3431 1607 3531 1648 nec

1946 1681 2189 1750 recipere
2213 1696 2336 1738 eum
2361 1696 2521 1752 posse
2552 1683 2836 1740 honorem.
2867 1680 2923 1738 Si
2973 1692 3151 1739 autem
3181 1686 3528 1754 permanserit

1949 1769 2132 1825 turbas
2159 1769 2362 1828 faciens
2385 1780 2442 1828 et
2467 1771 2762 1828 seditiones
2791 1771 3064 1839 Ecclesiae,
3095 1788 3192 1843 per
3217 1781 3531 1830 extraneum

1879 1884 1920 1940 Β
1946 1869 2272 1933 potestatem
2321 1875 2576 1934 tanquam
2625 1865 2940 1920 seditiosum
2979 1865 3181 1921 debere
3225 1867 3526 1936 comprimi.

1947 1951 2171 2025 (Omnes
2212 1956 2647 2012 reverendissimi
2676 1957 2915 2028 episcopi
2948 1957 3364 2013 clamaverunt:
3407 1957 3532 2016 llaec

1940 2049 2086 2120 iusta
2109 2053 2311 2120 regula,
2344 2051 2458 2108 haec
2485 2053 2670 2122 regula
2699 2051 3192 2123 Palrum.)Pariter
3209 2060 3527 2117 statuentes.

1947 2148 2006 2196 ut
2043 2142 2086 2196 si
2111 2142 2268 2198 nobis
2296 2143 2614 2208 viventibus,
2645 2145 2786 2200 sicut
2806 2153 3076 2215 optamus,
3107 2145 3208 2201 sub
3231 2145 3532 2201 humilitate

1941 2245 2004 2303 et
2024 2237 2433 2292 mansuetudine
2455 2239 2714 2292 canonice
2745 2238 3088 2307 pmnitentes,
3119 2247 3345 2292 matrem
3371 2250 3532 2293 reco-

1947 2327 2240 2396 gnoveritis
2285 2325 2600 2395 Ecclesium,
2651 2329 3068 2396 competentcrl
3111 2340 3142 2380 a
3191 2327 3346 2380 nobis
3376 2327 3532 2380 venia

1951 2416 2298 2471 concedatur.
2329 2415 2387 2470 Si
2436 2430 2566 2470 vero
2597 2415 2763 2486 (quod
2792 2430 2900 2470 non
2928 2415 3198 2485 optamus)
3229 2417 3331 2471 sub
3361 2431 3522 2485 regu-

1950 2507 2050 2562 lari
2076 2506 2388 2578 ptenitentia
2419 2505 2484 2560 ad
2512 2514 2736 2562 matrem
2763 2505 3056 2562 Ecclesiam
3085 2515 3342 2562 consueta
3367 2508 3534 2562 distu-

1948 2597 2119 2654 leritis
2147 2595 2328 2652 redire
2355 2595 2627 2667 superbia,
2654 2597 3010 2652 conciliorum
3036 2597 3088 2652 in
3107 2596 3280 2665 vobis,
3304 2613 3533 2668 quorum

1949 2688 2161 2757 regulas
2211 2686 2512 2758 posuimus,
2563 2701 2794 2743 censura
2823 2695 3088 2752 servetur,
3120 2695 3182 2743 ut
3210 2690 3384 2743 nullus
3413 2699 3536 2760 post

1952 2778 2231 2833 transitum
2259 2786 2502 2835 nostrum
2530 2779 2582 2847 ιι,
2608 2778 2754 2849 quod
2781 2793 2849 2834 ex
2892 2779 3033 2833 beati
3065 2777 3239 2846 Petri,
3269 2779 3424 2849 cujus
3453 2781 3536 2836 Io-

1949 2887 2092 2936 cum,
2115 2871 2242 2928 licet
2271 2871 2543 2937 immeriti,
2561 2871 2816 2940 gerimus,
2840 2871 3161 2927 auctoritate
3191 2871 3532 2942 proferimus,

1949 2979 2218 3021 canonum
2248 2965 2463 3033 regulas
2488 2970 2868 3033 exsequentes,
2893 2963 2946 3018 in
2975 2962 3342 3020 ecclesiastico
3364 2963 3535 3033 gradu

1949 3055 2148 3110 audeat
2187 3069 2446 3110 revocare
2487 3051 2782 3122 Joannem,
2813 3053 3150 3120 Gerontium,
3192 3053 3532 3117 Severinum,

1955 3145 2343 3217 Importunum,
2391 3145 2654 3200 Joannem
2682 3151 2846 3213 atque
2872 3143 3190 3209 Deusdedit,
3232 3159 3370 3214 quos
3396 3159 3532 3201 cono

252 3233 596 3289 mittentibus
625 3248 764 3290 sano
793 3246 954 3287 sensu
996 3228 1162 3286 debet
1213 3228 1409 3299 aptari,
1439 3227 1581 3284 SiCllt
1629 3237 1684 3282 et
1713 3227 1840 3282 alibi
1873 3263 1916 3323 C
1953 3245 2061 3292 stat
2087 3245 2278 3292 vesti-:3
2307 3234 2694 3306 coniurationis
2723 3243 2778 3290 et
2806 3233 3223 3305 conspirationis
3250 3249 3371 3291 esse
3401 3250 3528 3306 par-

253 3339 357 3379 nos
397 3323 674 3388 admonet.
721 3321 950 3377 dicens:
985 3320 1201 3391 ορονεεε
1231 3320 1402 3374 venire
1433 3319 1705 3382 scandala.
1753 3319 1846 3373 sed
1884 3319 1914 3323 '
1949 3327 2154 3397 ticipes,
2177 3340 2313 3396 quos
2334 3339 2436 3382 nos
2459 3332 2710 3396 potentes
2739 3321 2759 3364 1
2784 3324 3232 3387 bonos,.militarc
3250 3323 3526 3388 Ecclesim,

253 3430 329 3469 rat
349 3412 431 3468 illi
451 3430 546 3483 per
564 3429 714 3484 quem
735 3412 946 3468 veniunt
966 3408 1182 3482 (Matth.
1207 3409 1378 3478 xvm).
1410 3408 1478 3462 Et
1498 3409 1685 3464 beatus
1707 3410 1846 3478 Ap0«

254 3502 426 3558 stolus
445 3502 608 3558 simili
637 3500 898 3572 prtedicat
924 3500 1136 3555 ratione
1165 3516 1178 3553 :
1227 3498 1440 3555 Utinam
1465 3507 1514 3552 et
1537 3497 1845 3553 abscindun-

253 3603 338 3646 tur
365 3594 456 3664 qui
484 3608 570 3648 ras
599 3589 909 3647 conturbant
942 3587 1152 3661 (Galat.
1179 3587 1256 3660 v).
1303 3585 1368 3640 Et
1414 3587 1610 3642 iterum
1657 3595 1842 3642 sancta

254 3681 538 3754 Scriptura
564 3697 668 3738 nos
704 3686 1034 3746 commonet,
1065 3677 1252 3733 dicens
1283 3695 1298 3730 :
1330 3675 1480 3747 Ejice
1525 3675 1844 3747 pestilentem

256 3775 317 3828 de
371 3773 616 3836 concilio,
649 3780 700 3827 et
745 3772 882 3826 exiet
911 3786 1026 3824 cum
1055 3785 1115 3824 eo
1151 3768 1388 3840 jurgium
1435 3765 1627 3837 (Prov.
1683 3767 1841 3834 χχιι).

254 3865 484 3934 Oportet
521 3877 653 3931 ergo
700 3878 802 3920 nos
846 3861 960 3932 jam
1005 3867 1126 3931 post
1156 3866 1334 3916 tantas
1363 3858 1754 3914 admonitiones
1789 3861 1841 3914 in

255 3955 412 4011 vobis
447 3954 502 4023 δ,
555 3953 781 4008 Rustice
833 3960 890 4009 et
933 3950 1272 4016 Sebastiano,
1322 3964 1421 4020 per
1466 3949 1842 4004 auctoritatem

253 4048 398 4103 beati
426 4047 593 4110 Petri,
626 4045 782 4116 cujus
804 4060 904 4100 nos
921 4043 1182 4100 Dominus
1220 4041 1323 4096 sibi
1351 4040 1524 4096 voluit
1562 4039 1680 4095 vice
1727 4055 1844 4096 ser-

254 4141 391 4204 vire,
422 4137 747 4206 regulariter
773 4136 1068 4201 vindicare,
1098 4139 1386 4204 propterea
1419 4146 1487 4187 ne
1515 4131 1558 4186 si
1583 4131 1696 4201 jam
1723 4130 1841 4186 diu-

255 4234 362 4288 tius
383 4229 717 4294 differamus,
765 4227 946 4284 omnis
981 4224 1382 4282 ecclesiasticus
1408 4223 1542 4278 ordo
1581 4222 1839 4278 solvatur.

255 4319 492 4390 Ideoque
517 4319 662 4390 quod
691 4335 722 4374 a
751 4318 908 4373 nobis
961 4331 1085 4372 cum
1131 4314 1338 4385 gemitu
1357 4355 1374 4383 ,
1421 4313 1522 4369 sed
1549 4327 1670 4368 cum
1699 4312 1840 4368 beati

255 4411 402 4466 Petri
433 4411 756 4466 auctoritate
785 4406 1067 4464 dicendum
1088 4414 1193 4470 est,
1222 4420 1322 4475 pro
1345 4403 1720 4474 suprascriptis
1749 4419 1844 4458 ex-

254 4503 496 4558 cessibus
524 4503 730 4558 alienos
758 4515 857 4556 vos
899 4515 929 4554 a
960 4498 1170 4556 diaconi
1219 4495 1236 4538 ί
1271 4512 1392 4553 esse
1419 4497 1629 4552 honore
1655 4496 1844 4550 decer-

1946 3415 2034 3476 cni
2063 3420 2173 3476 Deo
2202 3419 2548 3490 prtesidemus
2573 3429 2816 3486 auctore,
2840 3427 3028 3475 nostro
3054 3427 3298 3491 tempore
3327 3419 3525 3476 fecera-
3619 3449 3624 3454 -

1947 3526 2069 3567 mus
2101 3529 2113 3564 :
2149 3519 2330 3566 tamen
2359 3517 2492 3566 utet
2518 3510 2618 3582 ipsi
2647 3511 2855 3582 possint
2881 3519 2936 3565 et
2963 3509 3161 3566 diversi
3181 3524 3506 3580 cognoscere

1945 3601 2014 3657 de
2059 3601 2514 3657 subdiaconorum
2564 3609 2621 3656 ct
2663 3601 2998 3658 notariorum
3051 3601 3139 3657 vel
3187 3601 3528 3658 defensorum

1944 3689 2124 3746 officio
2139 3691 2390 3761 prtesenti
2413 3705 2474 3747 se
2485 3690 2752 3746 sententia
2775 3690 3024 3746 noverint
3046 3689 3213 3746 fuisse
3232 3690 3526 3763 depositas,

1945 3787 2001 3834 et
2031 3779 2234 3834 nullum
2259 3780 2474 3849 penitus
2499 3779 2552 3834 in
2577 3777 2818 3836 Ecclesia
2839 3787 3024 3836 nostra
3053 3779 3276 3849 gradum
3305 3779 3530 3837 ulterius

1946 3869 2220 3934 detinere;
2269 3869 2370 3924 nisi
2423 3868 2591 3934 forte,
2622 3871 2764 3925 sicut
2806 3869 3014 3941 praefati
3053 3885 3255 3938 sumus,
3289 3871 3444 3928 nobis
3475 3873 3532 3928 in

1947 3960 2050 4016 hac
2091 3959 2212 4015 luce
2240 3958 2650 4029 superstitibus,
2681 3967 2736 4014 et
2765 3959 2866 4030 ipsi
2893 3960 3228 4030 pmnitentim
3254 3963 3534 4019 canonica:

1945 4049 2080 4104 colla
2111 4047 2479 4104 submiserint.
2502 4047 2738 4104 Felicem
2761 4049 2928 4104 etiam
2964 4049 3292 4106 monachum
3319 4049 3530 4119 Afrum,

1949 4141 2038 4210 qui
2067 4138 2322 4195 Gillitano
2369 4141 2703 4195 monasterio
2730 4140 2930 4196 dicitur
2977 4139 3276 4212 prmfuisse,
3317 4149 3374 4196 et
3400 4141 3536 4196 levi-

1951 4240 2060 4287 tate
2087 4247 2182 4287 sua
2211 4239 2372 4302 atque
2393 4231 2754 4286 inconstantia
2781 4232 3252 4302 congregationem
3291 4233 3534 4304 ejusdem

1950 4321 2260 4378 monasterii
2282 4337 2382 4392 per
2408 4321 2620 4377 diversa
2651 4323 2770 4379 loca
2823 4331 3029 4379 eertum
3067 4332 3150 4379 est
3189 4323 3530 4395 dispersisse.

1949 4424 2004 4469 et
2029 4422 2225 4469 vestras
2247 4414 2526 4483 pravitatis
2566 4415 2816 4470 incentor
2841 4421 2944 4481 est,
2972 4429 3095 4470 cum
3126 4416 3412 4484 universis,
3442 4417 3536 4485 qui

1951 4519 2072 4559 cum
2101 4503 2188 4558 vel
2217 4518 2332 4567 vos,
2385 4511 2494 4556 tam
2540 4503 2720 4558 clerici
2749 4503 2837 4560 vel
2882 4504 3153 4570 monachi,
3183 4519 3342 4574 quam
3390 4504 3532 4570 laici,

257 4597 453 4660 nimus,
487 4603 542 4650 et
564 4594 710 4650 omni
740 4592 1042 4648 ministerio
1066 4589 1230 4646 ofﬁcii
1281 4587 1510 4654 levitici,
1532 4587 1842 4658 prtedictum
1876 4623 1922 4681 ο
1951 4603 2074 4666 post
2099 4595 2380 4664 prmsentia
2399 4595 2683 4651 interdicta
2717 4596 2768 4650 in
2798 4597 2974 4667 aliqua
2997 4603 3176 4652 vestra
3197 4611 3258 4652 se
3275 4597 3539 4653 societate

258 4689 413 4743 vobis
461 4689 723 4744 honorem
784 4685 1114 4750 auferentes,
1165 4681 1378 4752 penitus
1440 4680 1842 4745 submovemus,

257 4780 457 4834 nullam
488 4779 712 4834 ulterius
763 4776 1033 4831 licentiam
1060 4773 1356 4840 habentes,
1405 4779 1465 4826 ut
1508 4786 1574 4826 ex
1627 4769 1844 4825 levitieo

259 4873 477 4928 nomine
498 4879 591 4926 aut
615 4871 784 4940 gradu
805 4867 1007 4937 aliquid
1039 4867 1218 4922 facere
1244 4864 1600 4935 prmsnmatis,
1635 4862 1722 4918 vel
1743 4863 1842 4917 sub

255 4963 474 5016 nomine
501 4961 851 5016 diaconorum
903 4955 1207 5021 scribendo,
1251 4956 1444 5009 iterant
1477 4953 1571 5008 Dei
1613 4963 1837 5008 contur-

254 5051 392 5105 lietis
418 5048 712 5106 Ecclesiam
737 5067 750 5102 :
780 5049 979 5117 quippe
1000 5046 1092 5116 qui
1119 5061 1184 5102 ex
1207 5045 1502 5116 apostolica
1525 5045 1843 5100 auctoritate

255 5149 309 5193 et
339 5141 562 5194 l’atrum
586 5139 806 5208 regulis,
827 5145 1019 5192 contra
1048 5150 1182 5206 quas
1211 5135 1377 5188 multa
1399 5135 1590 5204 spiritu
1611 5137 1842 5205 superbo

328 5307 352 5368 ξ’
385 5297 575 5360 Paris.,
608 5297 776 5368 quasi.

327 5366 354 5404 δ
384 5366 681 5434 Bellovaci,
713 5367 842 5422 Ηατ
867 5367 1004 5421 enim
1023 5381 1163 5436 ergo.
1365 5432 1394 5436 η
1625 5435 1629 5436 ί
1664 5410 1670 5416 .

331 5448 354 5474 ε
385 5438 574 5500 l’aris.,
601 5432 690 5491 diu
738 5446 787 5490 et
815 5453 908 5507 per
934 5432 1110 5507 multis
1157 5432 1466 5507 temporibus
1497 5435 1685 5503 spatia.
1723 5434 1844 5507 Bel-

258 5508 450 5571 lovac.,
483 5509 632 5561 debet
662 5504 840 5578 (quod
874 5513 958 5560 est
981 5505 1216 5560 effictum
1249 5521 1317 5558 ex
1349 5504 1436 5558 diu
1457 5510 1540 5574 et)
1571 5521 1660 5575 per
1685 5505 1844 5558 niulta

254 5578 564 5646 temporibus
592 5579 788 5644 spatia.

325 5652 348 5683 ά
385 5649 576 5713 l’aris.,
609 5647 902 5700 diaconem.

327 5725 349 5752 ε
375 5717 600 5771 Veteres
631 5717 774 5776 libri,
799 5715 1129 5768 decertanda.

333 5785 350 5821 ί
384 5785 577 5851 Paris,
615 5783 982 5839 concurrebas.

326 5865 350 5906 Β
380 5855 602 5912 Vctetes
629 5855 771 5910 libri.
807 5853 1057 5924 gae/tentia.

1953 4685 2266 4758 polluerint,
2310 4693 2401 4740 aut
2427 4701 2748 4741 consensum
2777 4687 3170 4758 consiliumque
3189 4688 3533 4758 praebuerint,

1953 4777 2254 4845 regularem
2294 4776 2348 4830 in
2377 4775 2484 4844 his,
2509 4789 2632 4844 quze
2660 4777 2790 4831 item
2819 4777 3068 4848 superius
3097 4777 3310 4846 legitur,
3332 4780 3537 4834 consti-

1955 4867 2152 4922 tuimus
2183 4879 2407 4921 monere
2434 4867 2759 4922 sententiam
2807 4885 2820 4920 :
2875 4876 3141 4937 quatenus
3169 4867 3336 4923 inibis
3360 4881 3540 4924 reme-

1953 4955 2076 5022 diis,
2124 4956 2314 5012 ordine
2340 4964 2556 5010 servato
2584 4957 2872 5023 canonico,
2913 4958 3094 5013 nullus
3121 4967 3410 5028 przrsumat
3438 4975 3535 5029 pa-

1953 5061 2092 5110 cem,
2124 5061 2285 5115 quam
2315 5045 2572 5100 Dominus
2588 5045 2783 5114 diligit,
2809 5047 3305 5104 ulteriusEcclesize
3327 5059 3538 5120 pertur—

1953 5136 2103 5190 bare.
2147 5135 2488 5188 Przesentem
2519 5143 2699 5190 autem
2753 5137 3078 5192 sententiam
3129 5153 3225 5208 per
3271 5138 3532 5194 Joannem

2025 5293 2049 5330 ιι
2083 5294 2259 5348 lidom.
2279 5293 2563 5360 libri,_iant
2592 5297 2643 5349 in
2671 5276 2832 5351 vobis.

2033 5362 2044 5402 ί
2082 5364 2244 5417 Iidem
2271 5363 2410 5427 libri,
2443 5365 2692 5418 diucouii.

2031 5437 2042 5482 i
2081 5432 2374 5502 Bellovac..
2395 5443 2706 5501 competens,
2737 5432 2932 5496 Paris.,
2967 5427 3282 5502 conipalcus.

2025 5503 2048 5540 ιι
2085 5501 2420 5569 Legendum,
2469 5511 2587 5568 post
2627 5505 2900 5556 transitura
2952 5514 3179 5556 misti-um
3231 5521 3317 5559 vos
3356 5518 3537 5561 contra

1954 5575 2627 5644 constitutum_nostrum.__
2653 5571 2901 5628 Mendum
2959 5581 3040 5627 est
3092 5577 3536 5644 typographicunt

1954 5642 2204 5696 editionis
2233 5640 2551 5695 Labbeante.
2589 5641 2703 5696 Vox
2759 5651 2938 5697 autent
2992 5660 3077 5696 ros
3117 5640 3333 5698 ‘addita'
3357 5653 3438 5700 est
3467 5662 3538 5700 ex

1955 5713 2186 5778 antiquis
2215 5711 2632 5779 exemplaribus.

2032 5781 2044 5816 ι
2093 5781 2311 5835 Veteres
2341 5781 2483 5848 libri,
2512 5792 2768 5848 putantes.
