3986 6364
213 298 290 354 53
1399 304 1750 361 EPISTOLE
1790 305 1877 360 ET
1915 305 2255 368 DEC’RETA.
3433 313 3501 367 54

213 411 560 468 fraternitatis
588 414 999 476 ordinationem
1047 415 1114 472 ad
1167 432 1268 472 nos
1298 417 1480 474 venire
1509 416 1724 474 festinet
1757 427 1803 480 ⁸.
1838 424 1883 480 Λ
1917 429 2271 492 posteaquam
2297 422 2472 478 edicta
2501 439 2594 478 sua
2642 423 2916 493 piissimus
2945 423 3198 498 princeps
3222 427 3377 496 jussit
3408 444 3502 498 ap-

208 509 474 570 quatcnns
501 501 680 560 lucida
709 505 1092 564 admonitione
1122 516 1436 578 cognoscat,
1480 508 1661 563 omnia
1691 523 1810 578 qua:

207 594 554 654 decessurum
577 609 899 654 nostrorum
930 609 988 656 et
1007 599 1366 656 antefatarum
1387 609 1622 669 quatuor
1645 617 1808 672 syno-

206 685 402 744 dorum
449 696 576 744 sunt
621 688 693 746 de
733 706 842 748 una
874 691 1176 761 eademque
1206 690 1309 746 lide
1351 699 1471 748 acta
1503 693 1810 763 scriptaque

207 780 562 850 temporibus,
595 796 627 836 a
657 782 817 838 nobis
846 782 1236 838 inviolabiliter
1259 781 1422 838 fuisse
1437 791 1671 839 servata.
1689 783 1804 850 Qua

204 869 418 923 ratione
446 879 730 940 percepta,
759 871 999 938 sublato,
1021 871 1408 941 sicutoportet,
1441 871 1508 927 de
1536 871 1805 928 Christia-

197 959 442 1016 nissimis
471 961 669 1018 animis
693 962 977 1031 seandalo,
999 978 1106 1034 pax
1133 963 1246 1018 Deo
1275 963 1471 1034 placita
1500 964 1553 1020 in
1569 963 1687 1032 ejus
1715 963 1810 1021 Ec-

203 1051 368 1106 clesia
418 1052 627 1108 illibata
668 1053 952 1124 perduret.
1003 1053 1120 1110 Hoc
1146 1069 1366 1126 quoque
1411 1054 1809 1111 fraternitatem

204 1149 356 1198 tuam
381 1143 658 1200 credimus
685 1144 1106 1212 adhortandam,
1133 1159 1205 1200 ne
1250 1145 1478 1202 ulterius
1520 1147 1807 1217 praedicto-

205 1250 328 1292 rum
369 1232 582 1292 Rustici
628 1243 686 1291 et
731 1236 1066 1306 Sebastiani,
1093 1243 1188 1292 aut
1235 1236 1453 1294 illorum
1502 1238 1596 1307 qui
1627 1254 1809 1308 prava:

206 1341 398 1382 eorum
464 1328 908 1400 prmsumptionis
966 1328 1266 1400 probantur
1314 1339 1436 1382 esse
1496 1325 1808 1398 participes,

205 1417 411 1490 scripta
436 1418 704 1488 suscipiat
733 1435 752 1485 ;
782 1419 884 1474 sed
914 1428 972 1474 et
1017 1418 1300 1474 universos
1352 1415 1422 1470 ad
1469 1423 1616 1470 tuam
1644 1415 1811 1484 perti-

203 1517 401 1564 nentes
431 1507 836 1563 ordinationem
865 1522 1242 1574 commoneas,
1267 1521 1338 1562 ne
1379 1505 1461 1562 vel
1489 1504 1590 1575 ipsi
1614 1521 1644 1559 a
1667 1520 1808 1576 pra:—

205 1599 364 1654 dictis
387 1599 634 1668 relegant
656 1598 866 1670 aliquid
889 1597 1236 1666 destinatum,
1268 1597 1353 1653 vel
1373 1595 1592 1652 falsitati
1621 1611 1808 1650 eorum

205 1690 437 1745 ulterius
461 1689 706 1744 animum
728 1705 838 1745 sua:
859 1687 1194 1745 credulitatis
1209 1686 1642 1744 accommodent.
1668 1685 1810 1740 Deus

1915 507 2074 579 pendi
2099 509 2346 565 omnibus
2374 510 2642 582 episcopis
2663 511 2996 567 diversarum
3041 515 3290 586 partium,
3321 513 3417 572 sed
3447 523 3503 572 et

1914 598 2244 668 presbyteris
2286 605 2450 667 atque
2496 599 2833 667 diaconibus,
2881 616 2980 656 nec
3023 618 3132 660 non
3179 610 3237 658 et
3293 607 3503 662 clm-iris

1914 687 2528 766 Constantinopolitana:
2551 687 2808 746 Ecclesia:
2829 691 2898 747 ad
2926 708 3026 747 nos
3055 693 3417 756 venientibus,
3447 694 3501 746 in

1915 776 2218 834 Placidiana
2257 778 2452 836 Idomo
2485 781 2531 846 Ι,
2563 790 2849 851 antequam
2891 783 2958 837 ad
2983 783 3166 840 Sancti
3197 783 3343 840 Petri
3371 801 3509 841 con-

1918 869 2224 941 fugeremus
2248 871 2522 928 basilicam
2551 872 2571 908 ¹ι
2594 912 2611 938 ,
2643 871 2778 928 facie
2808 872 2875 926 ad
2906 871 3094 928 faciem
3125 876 3198 929 ita
3224 875 3388 931 locuti
3416 891 3506 932 su-

1916 976 2080 1014 mus:
2114 960 2321 1031 Rogato
2370 961 2670 1031 piissimum
2715 963 3037 1036 principem,
3088 975 3147 1020 ut
3195 967 3370 1022 edicta
3403 983 3498 1022 sua

1916 1065 2036 1121 quae
2065 1053 2319 1126 pnecepit
2362 1053 2620 1123 appendi,
2658 1070 2943 1111 removere
2979 1055 3265 1128 dignetur,
3295 1067 3351 1114 et
3377 1076 3504 1116 con-

1917 1139 2160 1196 stitutum
2218 1155 2504 1198 commune
2557 1141 2755 1198 debeat
2809 1153 3168 1216 exspectare;
3217 1147 3271 1202 id
3323 1157 3407 1204 est
3447 1159 3506 1204 ut

1917 1229 2266 1288 scandalizati
2287 1233 2526 1303 episcopi
2553 1231 2760 1290 Latina:
2789 1233 3002 1304 linguze,
3030 1245 3121 1292 aut
3143 1236 3210 1292 ad
3236 1237 3505 1310 synodum

1915 1322 2172 1388 veniant,
2222 1330 2316 1378 aut
2363 1331 2544 1387 certe,
2595 1333 2802 1380 remota
2849 1327 2998 1383 omni
3045 1328 3336 1396 violentia,
3382 1345 3506 1384 suas

1913 1412 2118 1481 scripto
2165 1411 2443 1468 declarent
2492 1414 2807 1468 sententias.
2839 1413 2992 1482 Quod
3041 1417 3086 1472 si
3130 1415 3269 1474 forte
3313 1434 3504 1488 preces

1913 1510 2120 1556 vestras
2152 1502 2338 1558 audire
2367 1504 2620 1571 noluerit,
2654 1521 2751 1562 vos
2801 1505 2932 1562 nulli
2975 1509 3050 1562 rei
3081 1508 3365 1577 praebentis
3413 1525 3504 1566 as-

1913 1612 2152 1666 sensum,
2181 1612 2301 1668 quae
2357 1598 2425 1653 ad
2479 1598 2794 1654 divisionem
2852 1599 3024 1654 tendit
3074 1598 3347 1666 Ecclesizc,
3399 1618 3498 1658 nec

1917 1700 2109 1746 contra
2150 1691 2502 1748 constitutum
2550 1691 2971 1748 comminatione
3024 1692 3200 1762 aliqua
3257 1694 3504 1750 veniatis.

205 1789 259 1834 te
289 1780 624 1836 incolumem
645 1779 940 1844 custodiat,
969 1778 1136 1834 frater
1170 1779 1509 1834 charissima.
1554 1777 1750 1832 Datum
1781 1775 1807 1814 ι’
1845 1797 1889 1857 Β
1917 1779 2052 1848 Quia
2091 1781 2137 1836 si
2167 1781 2270 1838 hoc
2320 1781 2565 1847 forsitan,
2597 1782 2742 1853 quod
2792 1799 2900 1838 non
2930 1782 3219 1847 credimus,
3250 1783 3507 1846 feceritis.

205 1883 271 1923 xv
299 1869 561 1926 calendas
591 1869 812 1940 Aprilis,
845 1870 1055 1942 imperii
1097 1869 1305 1928 domini
1351 1867 1638 1926 Justiniani
1682 1883 1807 1938 per-

201 1960 355 2032 petui
402 1961 632 2030 Augusti
661 1977 804 2017 anno
831 1959 907 2014 23'
936 1969 1058 2032 post
1104 1959 1445 2016 consulatum
1487 1959 1667 2014 Basilii
1711 1959 1807 2012 viri

205 2053 490 2108 clarissimi
523 2069 670 2108 anno
699 2054 753 2122 9,
781 2069 879 2126 per
905 2051 1169 2108 Joannem
1193 2053 1567 2124 presbyterum
1587 2061 1642 2108 et
1671 2067 1805 2122 apo-

205 2146 534 2211 crisiarium,
560 2156 617 2202 et
659 2147 774 2218 ipse
801 2146 1001 2202 direxit
1027 2161 1148 2202 eam
1179 2161 1276 2216 per
1317 2143 1652 2201 Maxentium
1706 2146 1808 2201 bo-

205 2239 410 2294 minem
427 2255 616 2295 suum.

387 2366 409 2393 ε
443 2351 778 2410 EPISTULA
829 2355 978 2425 (olim
1003 2352 1118 2424 XV)
1154 2351 1382 2408 VlGlLll
1424 2349 1630 2406 PAPl-E

808 2464 1213 2521 ENCYCLICA.

643 2573 711 2611 AD
735 2571 1032 2611 UNIVEBSAI
1064 2570 1378 2610 εεειεειη.

204 2648 446 2721 Exponit
469 2665 678 2721 causas
706 2663 938 2721 secessus
967 2648 1046 2721 sui
1072 2645 1412 2721 adsentitur
1441 2644 1811 2721 Euphemiam,

279 2715 332 2774 ἐι
349 2720 475 2790 quid
514 2719 586 2772 ibi
631 2720 796 2788 egerit
835 2734 952 2771 cum
982 2718 1174 2790 legatis
1203 2715 1534 2790 ustiniani,
1563 2716 1816 2787 simulque

283 2788 406 2860 ﬁdei
431 2805 541 2844 suis
567 2790 948 2860 confessionem
975 2788 1256 2844 interserit.

287 2882 516 2952 Vigilius
543 2882 834 2952 episcopus
855 2877 1114 2934 Ecclesia:
1142 2878 1423 2936 catholica:
1447 2879 1696 2936 universo
1719 2895 1816 2949 po-

211 2976 344 3046 pulo
376 2975 498 3030 Dei.

287 3067 428 3121 Dum
457 3065 512 3120 in
539 3064 756 3120 Sancta:
783 3063 1098 3134 Euphemia:
1129 3064 1353 3119 basilica
1385 3063 1536 3133 gravi
1567 3064 1816 3118 laboran-

1920 1870 2180 1927 noveritis
2229 1888 2324 1927 vos
2354 1887 2421 1926 ex
2470 1873 2718 1942 prtesenti
2763 1873 2869 1938 die,
2901 1879 2957 1927 ut
2988 1875 3448 1942 praevaricatores,
3479 1891 3508 1930 a

1918 1964 2062 2018 beati
2092 1964 2323 2035 apostoli
2356 1964 2500 2020 Petri
2531 1964 2660 2019 sede
2683 1981 2778 2035 per
2809 1966 3164 2022 ministerium
3201 1967 3344 2024 \OCiS
3373 1983 3510 2022 mea:

1919 2057 2300 2111 communione
2333 2053 2349 2093 ι
2383 2071 2692 2128 suspensos.

1991 2143 2056 2200 Et
2076 2147 2329 2216 quoniam
2370 2147 2453 2201 bis
2474 2147 2609 2203 actis
2634 2163 2743 2202 non
2779 2148 2949 2202 solum
2973 2163 3035 2202 ea
3075 2165 3194 2217 qua:
3224 2148 3511 2204 commissa

1919 2233 2129 2291 fuerant
2153 2235 2298 2292 nullo
2326 2237 2486 2291 modo
2506 2245 2632 2291 sunt
2657 2246 2900 2294 correcta
2931 2279 2945 2304 ,
2988 2237 3084 2294 sed
3109 2239 3272 2294 etiam
3303 2253 3368 2294 ex
3394 2239 3514 2293 aliis

1916 2329 2092 2384 causis
2110 2328 2196 2383 die
2217 2329 2352 2400 ipso,
2379 2330 2429 2384 in
2452 2329 2816 2400 prmjudicium
2849 2331 3152 2398 regularum
3185 2331 3512 2388 ecclesiasti-

1917 2435 2122 2485 carum,
2156 2419 2239 2474 vel
2279 2419 2526 2490 injuriam
2576 2420 2720 2477 sedis
2763 2422 3094 2492 apostoliczn,
3153 2422 3338 2492 pejora
3370 2440 3509 2492 pnn-

1919 2521 2131 2583 sumpta
2173 2521 2317 2578 sunt,
2350 2527 2450 2567 nec
2482 2513 2706 2568 ulterius
2755 2528 2851 2567 eos
2877 2514 3278 2568 communionis
3315 2523 3513 2570 nostra:

1921 2603 2262 2672 permisimus
2317 2617 2438 2657 esse
2485 2603 2800 2672 participes,
2856 2617 2956 2657 nec
3003 2611 3258 2673 aspectus
3299 2618 3513 2666 eorum,

1924 2701 2046 2763 post
2082 2701 2160 2748 tot
2181 2693 2670 2762 praevaricationes.
2695 2693 2868 2750 nostri
2896 2692 3039 2750 oculi
3066 2702 3405 2762 receperunt.
3441 2693 3512 2748 lia

1923 2784 2067 2838 enim
2117 2799 2236 2852 qum
2280 2783 2442 2837 verbo
2497 2783 2564 2838 dc
2608 2792 2906 2839 memorata
2956 2785 3518 2841 excommunicatione

1921 2877 2132 2932 cunctis
2155 2877 2447 2946 episcopis,
2472 2877 2825 2949 presbyteris,
2850 2885 2902 2932 et
2926 2878 3262 2944 diaconibus,
3289 2879 3515 2948 aliisque

1922 2969 2132 3025 clericis
2174 2970 2786 3042 Constantinopolitanrc
2832 2969 3087 3026 Ecclesia:
3117 2987 3250 3026 voce
3298 2973 3510 3042 publica

1925 3061 2262 3128 dixeramus,
2303 3073 2492 3134 postea
2533 3065 2697 3118 etiam
2747 3050 2922 3118 die.m
2955 3081 3043 3120 xrx
3090 3065 3434 3120 calendarum
3487 3075 3512 3098 ι·

210 3169 300 3214 tes
327 3156 646 3228 aegritudine
673 3155 1062 3222 detineremur,
1096 3155 1368 3227 piissimus
1389 3165 1551 3226 atque
1576 3156 1814 3212 clernen-
1847 3190 1886 3244 (κ
1925 3151 2318 3221 Septembrium
2349 3169 2523 3222 nuper
2545 3153 2939 3224 praeteritarum
2965 3195 2981 3221 ,
3015 3155 3064 3206 in
3092 3155 3234 3208 beati
3259 3155 3403 3210 Petri
3427 3157 3520 3209 ha-

216 3249 462 3304 tissimus
489 3249 787 3320 imperator
831 3247 1104 3304 dominico
1133 3247 1220 3303 die
1251 3246 1300 3312 ιι,
1346 3248 1396 3302 id
1454 3257 1540 3302 est
1581 3248 1820 3303 calendis
1853 3235 1891 3251 ’⁸
1923 3241 2071 3296 silica
2122 3241 2176 3295 in
2204 3242 2445 3296 Uranisda
2487 3242 2690 3311 scripto
2741 3241 3067 3296 firmavimus
3099 3263 3110 3296 :
3142 3246 3326 3315 inquo
3355 3249 3516 3300 etiam

213 3343 500 3398 Februarii
533 3352 578 3405 ε,
605 3341 877 3410 gloriosos
902 3339 1113 3409 judices
1140 3355 1268 3394 suos
1297 3339 1364 3394 ad
1413 3355 1513 3394 nos
1548 3337 1820 3394 destinare

214 3431 471 3502 dignatus
494 3440 596 3498 est,
629 3430 683 3486 id
714 3439 798 3486 est
831 3429 1147 3486 Belisarium
1204 3439 1260 3484 et
1295 3428 1591 3500 Cethegum
1622 3447 1824 3488 excon-

215 3526 362 3580 sules
385 3533 552 3594 atque
571 3524 850 3595 patricios,
881 3539 979 3579 nec
1005 3540 1114 3580 non
1135 3539 1192 3578 et
1221 3523 1439 3580 Petrum
1472 3525 1820 3580 exconsulem

214 3614 510 3684 patricium
540 3622 701 3682 atque
731 3613 1074 3680 magistrum,
1113 3613 1208 3668 sed
1239 3621 1293 3667 ct
1321 3610 1590 3668 Justinum
1620 3628 1824 3670 excon-

217 3705 394 3760 sulem
424 3713 482 3759 et
511 3704 832 3773 curapalatii
867 3701 885 3742 τ
919 3713 976 3758 et
1004 3702 1376 3760 Marcellinum
1403 3713 1427 3751 8
1467 3713 1816 3775 quaestorem,

217 3795 311 3866 qui
333 3795 496 3850 nobis
524 3793 794 3862 dicerent,
837 3801 894 3848 ut
923 3802 1263 3850 sacramenta
1292 3795 1574 3864 percipere
1594 3795 1821 3851 debere-

215 3901 360 3951 mus,
381 3894 436 3942 et
460 3887 528 3941 de
545 3884 758 3944 Sancta:
776 3884 1088 3955 Euphemia:
1110 3885 1341 3940 ecclesia
1361 3885 1427 3940 ad
1443 3886 1718 3942 civitatem
1738 3903 1824 3942 rc-

217 3977 360 4047 giam
387 3992 653 4032 remeare.
704 3975 911 4044 Quibus
965 3975 1072 4031 tale
1112 3976 1358 4032 dedimus
1403 3976 1514 4032 Deo
1536 3977 1826 4046 adiuvante

221 4083 570 4138 responsum,
593 4068 840 4124 dicentes
869 4085 881 4119 :
914 4066 1024 4123 Nos
1052 4067 1269 4137 quidem
1297 4067 1350 4120 in
1382 4067 1518 4122 hanc
1543 4067 1819 4124 basilicam

221 4175 320 4230 pro
345 4158 495 4213 nulla
537 4157 852 4228 pecuniaria
891 4157 974 4213 vel
1009 4158 1218 4228 privata
1259 4173 1420 4212 causa
1451 4157 1819 4227 confugimus;

220 4253 315 4310 sed
343 4267 448 4324 pro
477 4239 735 4308 Ecclesia:
764 4257 972 4306 tantum
1007 4248 1286 4313 seandalo,
1318 4249 1462 4320 quod
1483 4249 1598 4320 jam
1630 4249 1684 4306 in
1710 4259 1826 4306 toto

221 4341 428 4398 mundo
454 4357 554 4412 pro
581 4341 821 4410 peccatis
849 4341 1104 4396 innotuit.
1141 4339 1205 4396 Et
1251 4340 1398 4404 ideo,
1449 4341 1493 4396 si
1521 4355 1682 4396 causa
1715 4340 1823 4398 Ec-

222 4435 402 4489 clesia:
431 4432 742 4498 ordinatur,
786 4441 848 4488 ut
875 4448 1062 4503 pacem
1089 4433 1228 4502 ejus,
1259 4447 1420 4502 quam
1451 4433 1700 4488 avunculi
1742 4434 1824 4488 sui

1925 3331 2097 3397 illum,
2122 3334 2210 3402 qui
2233 3334 2331 3388 sub
2355 3334 2534 3388 habitu
2560 3334 2850 3404 episropali
2881 3335 2987 3404 lupi
3017 3335 3224 3406 rapacis
3244 3335 3518 3390 dominico

1925 3426 2072 3492 gregi
2112 3443 2325 3495 semper
2357 3426 2525 3480 tendit
2559 3426 2796 3490 insidias,
2840 3435 2893 3481 et
2920 3443 3200 3483 assumens
3232 3427 3392 3482 totius
3423 3429 3521 3482 du-

1927 3526 2104 3570 catum
2135 3517 2396 3582 scandali,
2429 3518 2786 3574 universalem
2811 3519 2903 3573 Dei
2937 3522 3271 3592 perturbavit
3302 3537 3364 3576 ac
3395 3539 3521 3590 pcr-

1931 3607 2112 3660 turbat
2137 3605 2455 3672 Ecclesium,
2485 3609 2553 3664 de
2580 3610 2922 3680 episcopatus
2965 3612 3151 3666 ordine
3183 3611 3518 3684 dcputtCntcs

1929 3694 2323 3761 damnavimus,
2354 3698 2488 3752 alios
2508 3714 2658 3754 vero.
2677 3699 2769 3768 qui
2798 3700 3044 3772 superius
3069 3704 3352 3757 memorati
3373 3714 3520 3769 sunt,

1931 3803 1960 3839 a
1988 3791 2368 3846 cotnmunione
2400 3791 2795 3860 suspendimus.
2831 3793 2934 3846 Sed
2993 3794 3062 3849 ob
3119 3795 3222 3850 hoc
3261 3795 3524 3851 lractcnns

1931 3881 2180 3950 paginam
2210 3881 2374 3951 ipsius
2402 3881 2764 3938 darnnationis
2787 3882 3032 3953 proferre
3064 3887 3353 3952 noluimus,
3381 3904 3521 3958 quo-

1931 3971 2076 4025 niam
2102 3979 2156 4025 et
2178 3971 2654 4026 clementissimum
2685 3975 2984 4046 principem
3016 3993 3114 4045 pro
3150 3979 3239 4032 tali
3270 3997 3334 4035 ac
3373 3989 3522 4034 tanto

1932 4061 2188 4118 seandalo
2230 4077 2293 4116 ea
2345 4078 2466 4132 qua:
2502 4062 2642 4118 facta
2692 4073 2839 4134 sunt,
2883 4066 3048 4121 divini
3088 4068 3523 4124 consideratione

1925 4153 2116 4224 judicii
2170 4171 2428 4212 revocare
2471 4157 2812 4227 conﬁdimus,
2853 4167 2908 4215 et
2955 4161 3225 4232 praedictis
3274 4165 3525 4220 omnibus

1932 4246 2220 4318 oportebat
2247 4263 2348 4303 nos
2375 4248 2609 4320 spatium
2659 4251 2992 4320 poenitentia:
3039 4264 3347 4334 reservare;
3402 4255 3525 4309 imi-

1933 4343 2110 4390 tantes
2138 4337 2354 4396 beatum
2407 4337 2644 4407 Petrum,
2702 4339 2854 4414 cujus
2899 4343 3082 4400 sedem
3127 4352 3391 4414 tenemus,
3422 4346 3524 4401 etsi

1930 4426 2203 4484 immeriti.

221 4524 502 4597 piissimus
533 4525 788 4595 princeps
830 4523 956 4580 fecit
986 4523 1343 4593 temporibus,
1379 4531 1434 4577 ct
1465 4524 1628 4579 modo
1658 4524 1820 4578 rcsti-
1853 4565 1908 4623 Β
2001 4517 2256 4574 Chartam
2311 4536 2440 4574 vero
2488 4521 2658 4590 ipsam
2712 4523 3291 4580 excommunicationis
3359 4534 3525 4596 atque

221 4623 357 4681 tuat,
405 4628 511 4684 ego
540 4613 898 4670 sacramentis
942 4617 1080 4684 opus
1112 4629 1220 4670 non
1266 4614 1463 4678 habeo,
1517 4613 1611 4669 sed
1641 4614 1824 4672 statim

219 4705 494 4775 egredior.
521 4705 580 4761 Si
615 4713 798 4760 autem
829 4719 992 4760 causa
1021 4703 1275 4760 Ecclesia:
1325 4702 1470 4768 ﬁnita
1503 4720 1613 4760 non.
1639 4703 1822 4771 fuerit,

220 4797 352 4851 item
376 4792 401 4832 ’³
433 4793 789 4853 sacramentis
811 4808 948 4862 opus
977 4809 1086 4847 non
1135 4794 1334 4858 habeo,
1393 4793 1520 4864 quia
1549 4809 1823 4864 nunquam

220 4885 288 4939 de
313 4882 534 4940 Sancta:
585 4882 898 4954 Euphemitn
941 4883 1162 4938 basilica
1219 4884 1370 4938 exire
1417 4883 1668 4956 dispono,
1717 4885 1816 4940 nisi

217 4975 539 5033 scandalum
563 4975 630 5030 ab
658 4973 904 5032 Ecclesia
953 4974 1048 5028 Dei
1099 4972 1261 5038 fuerit
1308 4983 1662 5046 amputatum.
1691 4975 1823 5030 Nam

293 5158 544 5232 figat-is,
576 5160 858 5232 Estinenl;
895 5167 952 5214 et
981 5160 1142 5230 paulo
1171 5170 1316 5231 post,
1347 5169 1684 5232 cognoscant.

291 5228 316 5268 δ
349 5227 546 5292 Paris.,
580 5228 739 5282 Data.

292 5312 314 5338 ε
347 5297 527 5370 Edidit
549 5299 869 5370 Sirmondus
897 5308 1020 5367 post
1041 5300 1392 5370 appendicem
1414 5299 1630 5356 Codicis
1651 5299 1820 5354 Theo-

215 5371 444 5424 dosiani.
477 5368 576 5440 Est
603 5369 664 5440 in
681 5384 785 5440 ms.
818 5368 1144 5424 collectione
1191 5379 1500 5440 pervetusta
1533 5372 1584 5423 in
1623 5371 1816 5440 biblio-

217 5443 376 5496 theca
439 5439 672 5508 Collegii
741 5439 1062 5497 Parisiensis
1125 5439 1413 5500 SOcietaIis
1477 5439 1623 5498 Jcsu.
1675 5439 1822 5495 lian—

253 5527 333 5565 crs
361 5528 372 5542 '
410 5552 423 5564 .

214 5527 320 5703 :2
342 5527 490 5636 ιὲοά.
521 5578 684 5645 l.uc.,
720 5579 1108 5634 Dontinicorunt
1141 5581 1241 5646 die,
1273 5580 1330 5634 id
1370 5591 1446 5634 est
1497 5581 1675 5652 quitth
1716 5582 1816 5634 Cal.

263 5672 292 5703 ρ
325 5669 370 5703 r.

263 5653 662 5776 ρέῒιπᾱυίιηιε
689 5720 820 5790 legit
846 5736 877 5774 v
907 5719 1156 5775 colendas
1203 5719 1504 5789 Februarii,
1533 5720 1586 5774 id
1626 5731 1706 5776 est
1751 5721 1818 5774 28

209 5791 442 5852 Januarii
474 5807 568 5848 an.
607 5789 736 5844 552.

1929 4611 2290 4668 damnationis
2326 4613 2537 4670 cuidam
2583 4612 2900 4672 Christiana:
2938 4631 3187 4686 persona:
3211 4617 3526 4676 tradidimus

1930 4703 2401 4768 conservandam,
2455 4713 2513 4760 ut
2559 4707 2604 4761 si
2660 4706 2886 4764 forsitan
2935 4708 2988 4764 bi
3037 4710 3132 4778 qui
3179 4724 3525 4766 excesserant

1931 4796 2078 4850 nullo
2117 4796 2282 4852 modo
2333 4798 2606 4867 corrigere
2641 4801 2972 4868 voluissent,
3013 4812 3108 4857 aut
3154 4803 3198 4858 si
3246 4803 3404 4860 nobis
3443 4805 3524 4860 vis

1931 4887 2108 4956 aliqua
2140 4888 2489 4954 irrogaretnr,
2541 4889 2654 4944 sive
2695 4892 2950 4961 qumlibet
3002 4893 3315 4964 inquietudo
3345 4894 3522 4960 fieret,

1929 4977 2010 5029 vel
2037 4986 2184 5031 certe
2208 4977 2438 5032 lnnnaua
2470 4989 2617 5033 sorte
2652 4982 2908 5036 transitus
2934 4980 3000 5036 de
3023 4981 3121 5037 hac
3151 4983 3273 5038 luce
3307 4987 3520 5039 contin-

2008 5155 2022 5193 ί
2061 5156 2201 5210 Idem
2225 5156 2372 5220 cnd.,
2401 5161 2634 5211 comitem
2659 5159 3036 5216 excubitorum.

2005 5238 2027 5272 ε
2062 5227 2204 5279 ldern
2255 5231 2402 5292 eum,
2435 5230 2730 5299 religiosum
2769 5233 2932 5286 virum
2957 5230 3350 5288 Constantinum
3383 5254 3526 5307 qius-

1929 5309 2026 5350 sto:
2039 5314 2140 5360 um,
2171 5307 2275 5349 etc.

2001 5373 2024 5402 ιι
2060 5367 2199 5420 ldcnr
2221 5368 2366 5427 cod.,
2399 5370 2602 5422 iisdem.

2011 5449 2021 5472 ⁸
2057 5439 2148 5494 ξιξ..
2177 5435 2443 5490 Palatina.

2005 5513 2016 5554 l
2064 5509 2213 5558 Anno
2245 5505 2368 5568 551,
2404 5523 2587 5560 unum:
2613 5508 2870 5567 Angusto.

2002 5575 2022 5612 ‘-
2063 5576 2115 5628 ln
2143 5575 2419 5630 ilnrnrisda
2444 5577 2659 5630 dictum.
2690 5578 3016 5634 llinnttxtts.

2009 5647 2116 5698 i-lrr
2147 5648 2266 5697 md.
2309 5647 2434 5698 an.
2463 5648 2611 5700 tit-cst
2638 5654 3014 5704 communione.
3100 5655 3108 5664 '

1997 5727 2033 5753 η’
2069 5721 2220 5768 Anno
2252 5715 2373 5780 ὺὸι,
2400 5719 2484 5770 die
2520 5717 2582 5770 l4
2614 5721 2852 5782 Augusti.
2885 5720 3209 5774 llinntrsts.

2006 5797 2027 5822 ιι
2055 5791 2184 5841 ιυλ.
2209 5785 2362 5852 Luc.,
2393 5805 2523 5843 nouo
2555 5793 2651 5843 cui.
2681 5791 2839 5846 Deest
2874 5793 2922 5844 in
2958 5791 3225 5846 Ormisda.
