  <div class='ocr_page' id='page_1' title='image "/cluster/home/n/w/nwhite01/storage/ocr_20150623/69/umn.31951002477362u/035.png"; bbox 0 0 3986 6366; ppageno 0'>
   <div class='ocr_carea' id='block_1_1' title="bbox 513 316 2091 378">
    <p class='ocr_par' dir='ltr' id='par_1_1' title="bbox 513 316 2091 376">
     <span class='ocr_line' id='line_1_1' title="bbox 513 316 2091 376; baseline -0.003 0"><span class='ocrx_word' id='word_1_1' title='bbox 513 321 585 376; x_wconf 72' lang='lat'><strong>55</strong></span> <span class='ocrx_word' id='word_1_2' title='bbox 1914 316 2091 374; x_wconf 75' lang='lat' dir='ltr'><strong>VIGIL</strong></span> 
     </span>
    </p>
   </div>
   <div class='ocr_carea' id='block_1_2' title="bbox 2196 316 3794 378">
    <p class='ocr_par' dir='ltr' id='par_1_2' title="bbox 2196 317 3794 378">
     <span class='ocr_line' id='line_1_2' title="bbox 2196 317 3794 378; baseline 0.003 -4"><span class='ocrx_word' id='word_1_3' title='bbox 2196 317 2383 374; x_wconf 66' lang='grc' dir='ltr'><strong>ΡᾹΡᾹΣ</strong></span> <span class='ocrx_word' id='word_1_4' title='bbox 3718 323 3794 378; x_wconf 68' lang='grc'><strong>56</strong></span> 
     </span>
    </p>
   </div>
   <div class='ocr_carea' id='block_1_3' title="bbox 517 431 3794 509">
    <p class='ocr_par' dir='ltr' id='par_1_3' title="bbox 517 431 3794 509">
     <span class='ocr_line' id='line_1_3' title="bbox 517 431 3794 509; baseline 0.002 -20"><span class='ocrx_word' id='word_1_5' title='bbox 517 445 688 505; x_wconf 73' lang='lat' dir='ltr'><strong>geret,</strong></span> <span class='ocrx_word' id='word_1_6' title='bbox 714 449 843 492; x_wconf 74' lang='lat' dir='ltr'><strong>mox</strong></span> <span class='ocrx_word' id='word_1_7' title='bbox 895 449 1018 492; x_wconf 86' lang='lat' dir='ltr'><strong>eam</strong></span> <span class='ocrx_word' id='word_1_8' title='bbox 1063 435 1119 490; x_wconf 86' lang='lat' dir='ltr'><strong>in</strong></span> <span class='ocrx_word' id='word_1_9' title='bbox 1159 433 1528 490; x_wconf 75' lang='lat' dir='ltr'><strong>celeberrimis</strong></span> <span class='ocrx_word' id='word_1_10' title='bbox 1555 431 1690 488; x_wconf 86' lang='lat' dir='ltr'><strong>locis</strong></span> <span class='ocrx_word' id='word_1_11' title='bbox 1736 441 2092 504; x_wconf 75' lang='lat' dir='ltr'><strong>proponeret,</strong></span> <span class='ocrx_word' id='word_1_12' title='bbox 2121 440 2168 497; x_wconf 74' lang='grc' dir='ltr'>Α</span> <span class='ocrx_word' id='word_1_13' title='bbox 2204 447 2324 502; x_wconf 74' lang='lat' dir='ltr'><strong>quae</strong></span> <span class='ocrx_word' id='word_1_14' title='bbox 2347 432 2609 489; x_wconf 84' lang='lat' dir='ltr'><strong>dederant</strong></span> <span class='ocrx_word' id='word_1_15' title='bbox 2653 441 3062 503; x_wconf 86' lang='lat' dir='ltr'><strong>conservarent,</strong></span> <span class='ocrx_word' id='word_1_16' title='bbox 3091 442 3147 490; x_wconf 92' lang='lat' dir='ltr'><strong>et</strong></span> <span class='ocrx_word' id='word_1_17' title='bbox 3192 435 3433 506; x_wconf 81' lang='lat' dir='ltr'><strong>piissimo</strong></span> <span class='ocrx_word' id='word_1_18' title='bbox 3471 437 3794 509; x_wconf 85' lang='lat' dir='ltr'><strong>imperatori</strong></span> 
     </span>
    </p>
   </div>
   <div class='ocr_carea' id='block_1_4' title="bbox 517 523 2094 598">
    <p class='ocr_par' dir='ltr' id='par_1_4' title="bbox 517 523 2094 598">
     <span class='ocr_line' id='line_1_4' title="bbox 517 523 2094 598; baseline -0.001 -16"><span class='ocrx_word' id='word_1_19' title='bbox 517 534 780 598; x_wconf 87' lang='lat' dir='ltr'><strong>quatenus</strong></span> <span class='ocrx_word' id='word_1_20' title='bbox 804 527 920 597; x_wconf 80' lang='lat' dir='ltr'><strong>eius</strong></span> <span class='ocrx_word' id='word_1_21' title='bbox 961 524 1150 580; x_wconf 92' lang='lat' dir='ltr'><strong>notitia</strong></span> <span class='ocrx_word' id='word_1_22' title='bbox 1173 523 1494 580; x_wconf 84' lang='lat' dir='ltr'><strong>Christianis</strong></span> <span class='ocrx_word' id='word_1_23' title='bbox 1539 524 1789 580; x_wconf 85' lang='lat' dir='ltr'><strong>omnibus</strong></span> <span class='ocrx_word' id='word_1_24' title='bbox 1819 523 2094 596; x_wconf 87' lang='lat' dir='ltr'><strong>patefacta</strong></span> 
     </span>
    </p>
   </div>
   <div class='ocr_carea' id='block_1_5' title="bbox 517 613 2097 686">
    <p class='ocr_par' dir='ltr' id='par_1_5' title="bbox 517 613 2097 686">
     <span class='ocr_line' id='line_1_5' title="bbox 517 613 2097 686; baseline 0 -14"><span class='ocrx_word' id='word_1_25' title='bbox 517 624 821 672; x_wconf 82' lang='lat' dir='ltr'><strong>servaretur</strong></span> <span class='ocrx_word' id='word_1_26' title='bbox 861 615 920 672; x_wconf 83' lang='lat' dir='ltr'><strong>in</strong></span> <span class='ocrx_word' id='word_1_27' title='bbox 968 623 1265 686; x_wconf 90' lang='lat' dir='ltr'><strong>posterum.</strong></span> <span class='ocrx_word' id='word_1_28' title='bbox 1307 613 1443 670; x_wconf 88' lang='lat' dir='ltr'><strong>Dum</strong></span> <span class='ocrx_word' id='word_1_29' title='bbox 1495 615 1610 672; x_wconf 61' lang='lat' dir='ltr'><strong>haec</strong></span> <span class='ocrx_word' id='word_1_30' title='bbox 1653 624 1831 671; x_wconf 89' lang='lat' dir='ltr'><strong>autem</strong></span> <span class='ocrx_word' id='word_1_31' title='bbox 1861 613 2097 686; x_wconf 65' lang='lat' dir='ltr'><strong>pra&#39;fatis</strong></span> 
     </span>
    </p>
   </div>
   <div class='ocr_carea' id='block_1_6' title="bbox 510 705 2089 777">
    <p class='ocr_par' dir='ltr' id='par_1_6' title="bbox 510 705 2089 777">
     <span class='ocr_line' id='line_1_6' title="bbox 510 705 2089 777; baseline -0.003 -13"><span class='ocrx_word' id='word_1_32' title='bbox 510 707 778 777; x_wconf 89' lang='lat' dir='ltr'><strong>judicibus</strong></span> <span class='ocrx_word' id='word_1_33' title='bbox 799 705 1118 772; x_wconf 86' lang='lat' dir='ltr'><strong>diceremus,</strong></span> <span class='ocrx_word' id='word_1_34' title='bbox 1145 705 1453 775; x_wconf 82' lang='lat' dir='ltr'><strong>rogavimus</strong></span> <span class='ocrx_word' id='word_1_35' title='bbox 1479 713 1538 760; x_wconf 86' lang='lat' dir='ltr'><strong>et</strong></span> <span class='ocrx_word' id='word_1_36' title='bbox 1555 705 1956 776; x_wconf 87' lang='lat' dir='ltr'><strong>eonjuravimus</strong></span> <span class='ocrx_word' id='word_1_37' title='bbox 1975 719 2089 772; x_wconf 86' lang='lat' dir='ltr'><strong>eos,</strong></span> 
     </span>
    </p>
   </div>
   <div class='ocr_carea' id='block_1_7' title="bbox 515 795 2093 868">
    <p class='ocr_par' dir='ltr' id='par_1_7' title="bbox 515 795 2093 868">
     <span class='ocr_line' id='line_1_7' title="bbox 515 795 2093 868; baseline -0.001 -14"><span class='ocrx_word' id='word_1_38' title='bbox 515 801 762 854; x_wconf 88' lang='lat' dir='ltr'><strong>invocato</strong></span> <span class='ocrx_word' id='word_1_39' title='bbox 789 795 1178 868; x_wconf 79' lang='lat' dir='ltr'><strong>omnipotentis</strong></span> <span class='ocrx_word' id='word_1_40' title='bbox 1219 795 1312 852; x_wconf 90' lang='lat' dir='ltr'><strong>Dei</strong></span> <span class='ocrx_word' id='word_1_41' title='bbox 1331 795 1552 867; x_wconf 89' lang='lat' dir='ltr'><strong>judicio,</strong></span> <span class='ocrx_word' id='word_1_42' title='bbox 1587 805 1646 851; x_wconf 91' lang='lat' dir='ltr'><strong>ut</strong></span> <span class='ocrx_word' id='word_1_43' title='bbox 1673 795 2093 852; x_wconf 90' lang='lat' dir='ltr'><strong>clementissimo</strong></span> 
     </span>
    </p>
   </div>
   <div class='ocr_carea' id='block_1_8' title="bbox 513 887 2094 958">
    <p class='ocr_par' dir='ltr' id='par_1_8' title="bbox 513 887 2094 958">
     <span class='ocr_line' id='line_1_8' title="bbox 513 887 2094 958; baseline -0.001 -16"><span class='ocrx_word' id='word_1_44' title='bbox 513 887 830 958; x_wconf 71' lang='lat' dir='ltr'><strong>imperatori</strong></span> <span class='ocrx_word' id='word_1_45' title='bbox 848 887 956 944; x_wconf 85' lang='lat' dir='ltr'><strong>hoc</strong></span> <span class='ocrx_word' id='word_1_46' title='bbox 999 901 1215 957; x_wconf 88' lang='lat' dir='ltr'><strong>quoque</strong></span> <span class='ocrx_word' id='word_1_47' title='bbox 1251 901 1321 943; x_wconf 78' lang='lat' dir='ltr'><strong>ex</strong></span> <span class='ocrx_word' id='word_1_48' title='bbox 1369 887 1589 942; x_wconf 88' lang='lat' dir='ltr'><strong>nomine</strong></span> <span class='ocrx_word' id='word_1_49' title='bbox 1615 893 1806 942; x_wconf 90' lang='lat' dir='ltr'><strong>nostro</strong></span> <span class='ocrx_word' id='word_1_50' title='bbox 1833 898 2094 955; x_wconf 87' lang='lat' dir='ltr'><strong>suggere-</strong></span> 
     </span>
    </p>
   </div>
   <div class='ocr_carea' id='block_1_9' title="bbox 511 977 2093 1053">
    <p class='ocr_par' dir='ltr' id='par_1_9' title="bbox 511 977 2093 1053">
     <span class='ocr_line' id='line_1_9' title="bbox 511 977 2093 1053; baseline -0.003 -18"><span class='ocrx_word' id='word_1_51' title='bbox 511 991 664 1047; x_wconf 89' lang='lat' dir='ltr'><strong>rent;</strong></span> <span class='ocrx_word' id='word_1_52' title='bbox 691 978 783 1050; x_wconf 90' lang='lat' dir='ltr'><strong>qui</strong></span> <span class='ocrx_word' id='word_1_53' title='bbox 813 979 919 1037; x_wconf 82' lang='lat' dir='ltr'><strong>illis</strong></span> <span class='ocrx_word' id='word_1_54' title='bbox 945 979 1037 1053; x_wconf 81' lang='lat' dir='ltr'><strong>qui</strong></span> <span class='ocrx_word' id='word_1_55' title='bbox 1083 995 1116 1034; x_wconf 87' lang='lat' dir='ltr'><strong>a</strong></span> <span class='ocrx_word' id='word_1_56' title='bbox 1169 979 1326 1036; x_wconf 86' lang='lat' dir='ltr'><strong>nobis</strong></span> <span class='ocrx_word' id='word_1_57' title='bbox 1371 977 1824 1034; x_wconf 78' lang='lat' dir='ltr'><strong>excommunicati</strong></span> <span class='ocrx_word' id='word_1_58' title='bbox 1852 985 2008 1044; x_wconf 88' lang='lat' dir='ltr'><strong>sunt,</strong></span> <span class='ocrx_word' id='word_1_59' title='bbox 2039 977 2093 1032; x_wconf 92' lang='lat' dir='ltr'><strong>in</strong></span> 
     </span>
    </p>
   </div>
   <div class='ocr_carea' id='block_1_10' title="bbox 510 1068 2095 1142">
    <p class='ocr_par' dir='ltr' id='par_1_10' title="bbox 510 1068 2095 1142">
     <span class='ocr_line' id='line_1_10' title="bbox 510 1068 2095 1142; baseline -0.001 -16"><span class='ocrx_word' id='word_1_60' title='bbox 510 1071 704 1142; x_wconf 78' lang='lat' dir='ltr'><strong>quibus</strong></span> <span class='ocrx_word' id='word_1_61' title='bbox 723 1078 779 1126; x_wconf 92' lang='lat' dir='ltr'><strong>et</strong></span> <span class='ocrx_word' id='word_1_62' title='bbox 799 1070 844 1126; x_wconf 88' lang='lat' dir='ltr'><strong>is</strong></span> <span class='ocrx_word' id='word_1_63' title='bbox 869 1083 1031 1141; x_wconf 92' lang='lat' dir='ltr'><strong>quem</strong></span> <span class='ocrx_word' id='word_1_64' title='bbox 1057 1068 1401 1141; x_wconf 76' lang='lat' dir='ltr'><strong>pmdiximus</strong></span> <span class='ocrx_word' id='word_1_65' title='bbox 1428 1075 1531 1137; x_wconf 90' lang='lat' dir='ltr'><strong>est,</strong></span> <span class='ocrx_word' id='word_1_66' title='bbox 1561 1069 1966 1126; x_wconf 82' lang='lat' dir='ltr'><strong>communicare</strong></span> <span class='ocrx_word' id='word_1_67' title='bbox 1986 1084 2095 1126; x_wconf 89' lang='lat' dir='ltr'><strong>non</strong></span> 
     </span>
    </p>
   </div>
   <div class='ocr_carea' id='block_1_11' title="bbox 510 1159 2096 1233">
    <p class='ocr_par' dir='ltr' id='par_1_11' title="bbox 510 1159 2096 1233">
     <span class='ocr_line' id='line_1_11' title="bbox 510 1159 2096 1233; baseline 0.001 -17"><span class='ocrx_word' id='word_1_68' title='bbox 510 1161 692 1227; x_wconf 84' lang='lat' dir='ltr'><strong>debet,</strong></span> <span class='ocrx_word' id='word_1_69' title='bbox 742 1176 809 1217; x_wconf 91' lang='lat' dir='ltr'><strong>ne</strong></span> <span class='ocrx_word' id='word_1_70' title='bbox 833 1175 1020 1230; x_wconf 88' lang='lat' dir='ltr'><strong>grave,</strong></span> <span class='ocrx_word' id='word_1_71' title='bbox 1063 1159 1207 1233; x_wconf 86' lang='lat' dir='ltr'><strong>quod</strong></span> <span class='ocrx_word' id='word_1_72' title='bbox 1235 1159 1396 1224; x_wconf 87' lang='lat' dir='ltr'><strong>absit,</strong></span> <span class='ocrx_word' id='word_1_73' title='bbox 1428 1167 1708 1230; x_wconf 84' lang='lat' dir='ltr'><strong>peccatum</strong></span> <span class='ocrx_word' id='word_1_74' title='bbox 1739 1160 1998 1216; x_wconf 85' lang='lat' dir='ltr'><strong>incurrat.</strong></span> <span class='ocrx_word' id='word_1_75' title='bbox 2025 1161 2096 1218; x_wconf 86' lang='lat' dir='ltr'><strong>lis</strong></span> 
     </span>
    </p>
   </div>
   <div class='ocr_carea' id='block_1_12' title="bbox 511 1249 2092 1324">
    <p class='ocr_par' dir='ltr' id='par_1_12' title="bbox 511 1249 2092 1324">
     <span class='ocr_line' id='line_1_12' title="bbox 511 1249 2092 1324; baseline 0 -16"><span class='ocrx_word' id='word_1_76' title='bbox 511 1252 586 1308; x_wconf 80' lang='lat' dir='ltr'><strong>ita</strong></span> <span class='ocrx_word' id='word_1_77' title='bbox 606 1267 666 1309; x_wconf 88' lang='lat' dir='ltr'><strong>se</strong></span> <span class='ocrx_word' id='word_1_78' title='bbox 694 1252 1036 1321; x_wconf 84' lang='lat' dir='ltr'><strong>habentibus,</strong></span> <span class='ocrx_word' id='word_1_79' title='bbox 1069 1266 1168 1324; x_wconf 92' lang='lat' dir='ltr'><strong>per</strong></span> <span class='ocrx_word' id='word_1_80' title='bbox 1185 1250 1528 1322; x_wconf 84' lang='lat' dir='ltr'><strong>magniﬁcum</strong></span> <span class='ocrx_word' id='word_1_81' title='bbox 1557 1252 1730 1307; x_wconf 91' lang='lat' dir='ltr'><strong>virum</strong></span> <span class='ocrx_word' id='word_1_82' title='bbox 1761 1249 1978 1308; x_wconf 88' lang='lat' dir='ltr'><strong>Petrum</strong></span> <span class='ocrx_word' id='word_1_83' title='bbox 2001 1268 2092 1308; x_wconf 87' lang='lat' dir='ltr'><strong>re-</strong></span> 
     </span>
    </p>
   </div>
   <div class='ocr_carea' id='block_1_13' title="bbox 512 1342 2091 1415">
    <p class='ocr_par' dir='ltr' id='par_1_13' title="bbox 512 1342 2091 1415">
     <span class='ocr_line' id='line_1_13' title="bbox 512 1342 2091 1415; baseline -0.001 -15"><span class='ocrx_word' id='word_1_84' title='bbox 512 1342 873 1401; x_wconf 82' lang='lat' dir='ltr'><strong>fcrendarium</strong></span> <span class='ocrx_word' id='word_1_85' title='bbox 901 1343 988 1400; x_wconf 87' lang='lat' dir='ltr'><strong>die</strong></span> <span class='ocrx_word' id='word_1_86' title='bbox 1007 1343 1180 1415; x_wconf 82' lang='lat' dir='ltr'><strong>pridie</strong></span> <span class='ocrx_word' id='word_1_87' title='bbox 1200 1343 1455 1400; x_wconf 83' lang='lat' dir='ltr'><strong>calendas</strong></span> <span class='ocrx_word' id='word_1_88' title='bbox 1479 1343 1822 1410; x_wconf 88' lang='lat' dir='ltr'><strong>Februarias,</strong></span> <span class='ocrx_word' id='word_1_89' title='bbox 1844 1343 2091 1414; x_wconf 72' lang='lat' dir='ltr'><strong>qumdam</strong></span> 
     </span>
    </p>
   </div>
   <div class='ocr_carea' id='block_1_14' title="bbox 509 1434 2093 1506">
    <p class='ocr_par' dir='ltr' id='par_1_14' title="bbox 509 1434 2093 1506">
     <span class='ocr_line' id='line_1_14' title="bbox 509 1434 2093 1506; baseline -0.001 -14"><span class='ocrx_word' id='word_1_90' title='bbox 509 1436 696 1492; x_wconf 87' lang='lat' dir='ltr'><strong>charta</strong></span> <span class='ocrx_word' id='word_1_91' title='bbox 719 1434 874 1492; x_wconf 87' lang='lat' dir='ltr'><strong>nobis</strong></span> <span class='ocrx_word' id='word_1_92' title='bbox 898 1443 983 1491; x_wconf 89' lang='lat' dir='ltr'><strong>est</strong></span> <span class='ocrx_word' id='word_1_93' title='bbox 1020 1434 1201 1498; x_wconf 86' lang='lat' dir='ltr'><strong>allata,</strong></span> <span class='ocrx_word' id='word_1_94' title='bbox 1234 1450 1394 1506; x_wconf 90' lang='lat' dir='ltr'><strong>quam</strong></span> <span class='ocrx_word' id='word_1_95' title='bbox 1431 1451 1462 1490; x_wconf 93' lang='lat' dir='ltr'><strong>a</strong></span> <span class='ocrx_word' id='word_1_96' title='bbox 1493 1435 1914 1492; x_wconf 86' lang='lat' dir='ltr'><strong>clementissimo</strong></span> <span class='ocrx_word' id='word_1_97' title='bbox 1943 1435 2093 1506; x_wconf 91' lang='lat' dir='ltr'><strong>prin-</strong></span> 
     </span>
    </p>
   </div>
   <div class='ocr_carea' id='block_1_15' title="bbox 510 1526 2093 1600">
    <p class='ocr_par' dir='ltr' id='par_1_15' title="bbox 510 1526 2093 1600">
     <span class='ocr_line' id='line_1_15' title="bbox 510 1526 2093 1600; baseline 0.002 -17"><span class='ocrx_word' id='word_1_98' title='bbox 510 1527 632 1600; x_wconf 83' lang='lat' dir='ltr'><strong>cipe</strong></span> <span class='ocrx_word' id='word_1_99' title='bbox 673 1527 818 1583; x_wconf 87' lang='lat' dir='ltr'><strong>nullo</strong></span> <span class='ocrx_word' id='word_1_100' title='bbox 865 1526 1026 1583; x_wconf 85' lang='lat' dir='ltr'><strong>modo</strong></span> <span class='ocrx_word' id='word_1_101' title='bbox 1051 1527 1377 1583; x_wconf 85' lang='lat' dir='ltr'><strong>credidimus</strong></span> <span class='ocrx_word' id='word_1_102' title='bbox 1417 1526 1767 1596; x_wconf 84' lang='lat' dir='ltr'><strong>destinatam,</strong></span> <span class='ocrx_word' id='word_1_103' title='bbox 1817 1529 1940 1600; x_wconf 86' lang='lat' dir='ltr'><strong>quia</strong></span> <span class='ocrx_word' id='word_1_104' title='bbox 1992 1545 2093 1586; x_wconf 91' lang='lat' dir='ltr'><strong>nec</strong></span> 
     </span>
    </p>
   </div>
   <div class='ocr_carea' id='block_1_16' title="bbox 509 1617 2090 1690">
    <p class='ocr_par' dir='ltr' id='par_1_16' title="bbox 509 1617 2090 1690">
     <span class='ocr_line' id='line_1_16' title="bbox 509 1617 2090 1690; baseline 0.001 -16"><span class='ocrx_word' id='word_1_105' title='bbox 509 1621 686 1674; x_wconf 81' lang='lat' dir='ltr'><strong>fuerat</strong></span> <span class='ocrx_word' id='word_1_106' title='bbox 708 1618 924 1690; x_wconf 83' lang='lat' dir='ltr'><strong>pietatis</strong></span> <span class='ocrx_word' id='word_1_107' title='bbox 951 1619 1068 1689; x_wconf 88' lang='lat' dir='ltr'><strong>ejus</strong></span> <span class='ocrx_word' id='word_1_108' title='bbox 1096 1633 1257 1674; x_wconf 87' lang='lat' dir='ltr'><strong>manu</strong></span> <span class='ocrx_word' id='word_1_109' title='bbox 1281 1619 1604 1690; x_wconf 87' lang='lat' dir='ltr'><strong>subscripta.</strong></span> <span class='ocrx_word' id='word_1_110' title='bbox 1635 1617 1700 1674; x_wconf 89' lang='lat' dir='ltr'><strong>Et</strong></span> <span class='ocrx_word' id='word_1_111' title='bbox 1723 1618 1851 1675; x_wconf 92' lang='lat' dir='ltr'><strong>dum</strong></span> <span class='ocrx_word' id='word_1_112' title='bbox 1881 1635 2090 1676; x_wconf 88' lang='lat' dir='ltr'><strong>memo-</strong></span> 
     </span>
    </p>
   </div>
   <div class='ocr_carea' id='block_1_17' title="bbox 509 1710 2088 1780">
    <p class='ocr_par' dir='ltr' id='par_1_17' title="bbox 509 1710 2088 1780">
     <span class='ocr_line' id='line_1_17' title="bbox 509 1710 2088 1780; baseline 0 -14"><span class='ocrx_word' id='word_1_113' title='bbox 509 1719 630 1768; x_wconf 90' lang='lat' dir='ltr'><strong>rato</strong></span> <span class='ocrx_word' id='word_1_114' title='bbox 674 1710 1042 1768; x_wconf 86' lang='lat' dir='ltr'><strong>referendario</strong></span> <span class='ocrx_word' id='word_1_115' title='bbox 1081 1711 1382 1767; x_wconf 84' lang='lat' dir='ltr'><strong>diceremus</strong></span> <span class='ocrx_word' id='word_1_116' title='bbox 1429 1719 1489 1766; x_wconf 92' lang='lat' dir='ltr'><strong>ut</strong></span> <span class='ocrx_word' id='word_1_117' title='bbox 1535 1712 1586 1766; x_wconf 92' lang='lat' dir='ltr'><strong>in</strong></span> <span class='ocrx_word' id='word_1_118' title='bbox 1615 1727 1678 1767; x_wconf 89' lang='lat' dir='ltr'><strong>ea</strong></span> <span class='ocrx_word' id='word_1_119' title='bbox 1707 1711 2088 1780; x_wconf 86' lang='lat' dir='ltr'><strong>subscriberet,</strong></span> 
     </span>
    </p>
   </div>
   <div class='ocr_carea' id='block_1_18' title="bbox 2201 524 3793 595">
    <p class='ocr_par' dir='ltr' id='par_1_18' title="bbox 2201 524 3793 595">
     <span class='ocr_line' id='line_1_18' title="bbox 2201 524 3793 595; baseline 0.006 -16"><span class='ocrx_word' id='word_1_120' title='bbox 2201 531 2570 593; x_wconf 56' lang='lat' dir='ltr'><strong>suggererent&#39;,</strong></span> <span class='ocrx_word' id='word_1_121' title='bbox 2601 532 2870 594; x_wconf 80' lang='lat' dir='ltr'><strong>quatenus</strong></span> <span class='ocrx_word' id='word_1_122' title='bbox 2898 524 3072 581; x_wconf 89' lang='lat' dir='ltr'><strong>nullas</strong></span> <span class='ocrx_word' id='word_1_123' title='bbox 3109 525 3508 595; x_wconf 88' lang='lat' dir='ltr'><strong>inquietudines</strong></span> <span class='ocrx_word' id='word_1_124' title='bbox 3544 539 3637 586; x_wconf 90' lang='lat' dir='ltr'><strong>aut</strong></span> <span class='ocrx_word' id='word_1_125' title='bbox 3663 547 3793 588; x_wconf 84' lang='lat' dir='ltr'><strong>mo-</strong></span> 
     </span>
    </p>
   </div>
   <div class='ocr_carea' id='block_1_19' title="bbox 2203 613 3795 688">
    <p class='ocr_par' dir='ltr' id='par_1_19' title="bbox 2203 613 3795 688">
     <span class='ocr_line' id='line_1_19' title="bbox 2203 613 3795 688; baseline 0.006 -20"><span class='ocrx_word' id='word_1_126' title='bbox 2203 614 2406 678; x_wconf 75' lang='lat' dir='ltr'><strong>lestias,</strong></span> <span class='ocrx_word' id='word_1_127' title='bbox 2436 615 2578 671; x_wconf 83' lang='lat' dir='ltr'><strong>sicut</strong></span> <span class='ocrx_word' id='word_1_128' title='bbox 2597 615 2753 672; x_wconf 89' lang='lat' dir='ltr'><strong>nobis</strong></span> <span class='ocrx_word' id='word_1_129' title='bbox 2773 613 3014 686; x_wconf 88' lang='lat' dir='ltr'><strong>juratum</strong></span> <span class='ocrx_word' id='word_1_130' title='bbox 3041 616 3234 684; x_wconf 89' lang='lat' dir='ltr'><strong>fuerat,</strong></span> <span class='ocrx_word' id='word_1_131' title='bbox 3267 627 3598 688; x_wconf 89' lang='lat' dir='ltr'><strong>pateremur.</strong></span> <span class='ocrx_word' id='word_1_132' title='bbox 3623 620 3795 678; x_wconf 87' lang='lat' dir='ltr'><strong>Dum-</strong></span> 
     </span>
    </p>
   </div>
   <div class='ocr_carea' id='block_1_20' title="bbox 2202 707 3792 781">
    <p class='ocr_par' dir='ltr' id='par_1_20' title="bbox 2202 707 3792 781">
     <span class='ocr_line' id='line_1_20' title="bbox 2202 707 3792 781; baseline 0.004 -19"><span class='ocrx_word' id='word_1_133' title='bbox 2202 721 2308 777; x_wconf 92' lang='lat' dir='ltr'><strong>que</strong></span> <span class='ocrx_word' id='word_1_134' title='bbox 2335 707 2465 762; x_wconf 85' lang='lat' dir='ltr'><strong>nihil</strong></span> <span class='ocrx_word' id='word_1_135' title='bbox 2495 715 2679 762; x_wconf 83' lang='lat' dir='ltr'><strong>nostra</strong></span> <span class='ocrx_word' id='word_1_136' title='bbox 2705 707 2868 763; x_wconf 87' lang='lat' dir='ltr'><strong>toties</strong></span> <span class='ocrx_word' id='word_1_137' title='bbox 2909 707 2996 762; x_wconf 90' lang='lat' dir='ltr'><strong>vel</strong></span> <span class='ocrx_word' id='word_1_138' title='bbox 3019 707 3185 763; x_wconf 84' lang='lat' dir='ltr'><strong>verbo</strong></span> <span class='ocrx_word' id='word_1_139' title='bbox 3215 708 3300 764; x_wconf 79' lang='lat' dir='ltr'><strong>vel</strong></span> <span class='ocrx_word' id='word_1_140' title='bbox 3345 711 3548 781; x_wconf 81' lang='lat' dir='ltr'><strong>scripto</strong></span> <span class='ocrx_word' id='word_1_141' title='bbox 3591 721 3792 769; x_wconf 86' lang='lat' dir='ltr'><strong>conte-</strong></span> 
     </span>
    </p>
   </div>
   <div class='ocr_carea' id='block_1_21' title="bbox 2201 799 3792 873">
    <p class='ocr_par' dir='ltr' id='par_1_21' title="bbox 2201 799 3792 873">
     <span class='ocr_line' id='line_1_21' title="bbox 2201 799 3792 873; baseline 0.004 -18"><span class='ocrx_word' id='word_1_142' title='bbox 2201 800 2362 856; x_wconf 90' lang='lat' dir='ltr'><strong>statio</strong></span> <span class='ocrx_word' id='word_1_143' title='bbox 2392 799 2727 870; x_wconf 77' lang='lat' dir='ltr'><strong>profecisset,</strong></span> <span class='ocrx_word' id='word_1_144' title='bbox 2758 799 2854 856; x_wconf 84' lang='lat' dir='ltr'><strong>sed</strong></span> <span class='ocrx_word' id='word_1_145' title='bbox 2899 799 3089 857; x_wconf 88' lang='lat' dir='ltr'><strong>diebus</strong></span> <span class='ocrx_word' id='word_1_146' title='bbox 3133 800 3354 870; x_wconf 75' lang='lat' dir='ltr'><strong>singulis</strong></span> <span class='ocrx_word' id='word_1_147' title='bbox 3399 803 3586 873; x_wconf 87' lang='lat' dir='ltr'><strong>pejora</strong></span> <span class='ocrx_word' id='word_1_148' title='bbox 3619 804 3792 861; x_wconf 88' lang='lat' dir='ltr'><strong>etiam</strong></span> 
     </span>
    </p>
   </div>
   <div class='ocr_carea' id='block_1_22' title="bbox 2202 889 3791 966">
    <p class='ocr_par' dir='ltr' id='par_1_22' title="bbox 2202 889 3791 966">
     <span class='ocr_line' id='line_1_22' title="bbox 2202 889 3791 966; baseline 0.004 -21"><span class='ocrx_word' id='word_1_149' title='bbox 2202 899 2537 961; x_wconf 89' lang='lat' dir='ltr'><strong>pateremur;</strong></span> <span class='ocrx_word' id='word_1_150' title='bbox 2561 900 2687 946; x_wconf 87' lang='lat' dir='ltr'><strong>ante</strong></span> <span class='ocrx_word' id='word_1_151' title='bbox 2707 889 2924 946; x_wconf 89' lang='lat' dir='ltr'><strong>biduum</strong></span> <span class='ocrx_word' id='word_1_152' title='bbox 2952 891 3147 947; x_wconf 89' lang='lat' dir='ltr'><strong>natalis</strong></span> <span class='ocrx_word' id='word_1_153' title='bbox 3159 889 3371 948; x_wconf 86' lang='lat' dir='ltr'><strong>Domini</strong></span> <span class='ocrx_word' id='word_1_154' title='bbox 3399 907 3496 964; x_wconf 90' lang='lat' dir='ltr'><strong>per</strong></span> <span class='ocrx_word' id='word_1_155' title='bbox 3513 909 3616 950; x_wconf 90' lang='lat' dir='ltr'><strong>nos</strong></span> <span class='ocrx_word' id='word_1_156' title='bbox 3637 895 3791 966; x_wconf 87' lang='lat' dir='ltr'><strong>ipsos</strong></span> 
     </span>
    </p>
   </div>
   <div class='ocr_carea' id='block_1_23' title="bbox 2198 980 3793 1056">
    <p class='ocr_par' dir='ltr' id='par_1_23' title="bbox 2198 980 3793 1056">
     <span class='ocr_line' id='line_1_23' title="bbox 2198 980 3793 1056; baseline 0.004 -22"><span class='ocrx_word' id='word_1_157' title='bbox 2198 980 2532 1048; x_wconf 74' lang='lat' dir='ltr'><strong>agnovimus,</strong></span> <span class='ocrx_word' id='word_1_158' title='bbox 2583 988 2640 1036; x_wconf 89' lang='lat' dir='ltr'><strong>et</strong></span> <span class='ocrx_word' id='word_1_159' title='bbox 2686 980 2905 1036; x_wconf 87' lang='lat' dir='ltr'><strong>auribus</strong></span> <span class='ocrx_word' id='word_1_160' title='bbox 2931 981 3132 1036; x_wconf 89' lang='lat' dir='ltr'><strong>nostris</strong></span> <span class='ocrx_word' id='word_1_161' title='bbox 3169 981 3490 1050; x_wconf 80' lang='lat' dir='ltr'><strong>audivimus,</strong></span> <span class='ocrx_word' id='word_1_162' title='bbox 3532 984 3660 1054; x_wconf 88' lang='lat' dir='ltr'><strong>quia</strong></span> <span class='ocrx_word' id='word_1_163' title='bbox 3689 998 3793 1056; x_wconf 87' lang='lat' dir='ltr'><strong>per</strong></span> 
     </span>
    </p>
   </div>
   <div class='ocr_carea' id='block_1_24' title="bbox 2195 1069 3784 1144">
    <p class='ocr_par' dir='ltr' id='par_1_24' title="bbox 2195 1069 3784 1144">
     <span class='ocr_line' id='line_1_24' title="bbox 2195 1069 3784 1144; baseline 0.005 -20"><span class='ocrx_word' id='word_1_164' title='bbox 2195 1069 2436 1138; x_wconf 86' lang='lat' dir='ltr'><strong>singulos</strong></span> <span class='ocrx_word' id='word_1_165' title='bbox 2463 1077 2775 1126; x_wconf 79' lang='lat' dir='ltr'><strong>memorata:</strong></span> <span class='ocrx_word' id='word_1_166' title='bbox 2810 1069 3005 1126; x_wconf 88' lang='lat' dir='ltr'><strong>domus</strong></span> <span class='ocrx_word' id='word_1_167' title='bbox 3031 1071 3427 1128; x_wconf 86' lang='lat' dir='ltr'><strong>eustodiremur</strong></span> <span class='ocrx_word' id='word_1_168' title='bbox 3455 1074 3734 1144; x_wconf 86' lang='lat' dir='ltr'><strong>ingressus</strong></span> <span class='ocrx_word' id='word_1_169' title='bbox 3768 1092 3784 1142; x_wconf 90' lang='lat'><strong>;</strong></span> 
     </span>
    </p>
   </div>
   <div class='ocr_carea' id='block_1_25' title="bbox 2198 1160 3790 1233">
    <p class='ocr_par' dir='ltr' id='par_1_25' title="bbox 2198 1160 3790 1233">
     <span class='ocr_line' id='line_1_25' title="bbox 2198 1160 3790 1233; baseline 0.005 -19"><span class='ocrx_word' id='word_1_170' title='bbox 2198 1160 2272 1215; x_wconf 86' lang='lat' dir='ltr'><strong>ita</strong></span> <span class='ocrx_word' id='word_1_171' title='bbox 2296 1167 2355 1215; x_wconf 91' lang='lat' dir='ltr'><strong>ut</strong></span> <span class='ocrx_word' id='word_1_172' title='bbox 2382 1160 2460 1216; x_wconf 85' lang='lat' dir='ltr'><strong>illi</strong></span> <span class='ocrx_word' id='word_1_173' title='bbox 2479 1161 2572 1232; x_wconf 91' lang='lat' dir='ltr'><strong>qui</strong></span> <span class='ocrx_word' id='word_1_174' title='bbox 2589 1161 2744 1218; x_wconf 91' lang='lat' dir='ltr'><strong>nobis</strong></span> <span class='ocrx_word' id='word_1_175' title='bbox 2773 1161 3046 1233; x_wconf 89' lang='lat' dir='ltr'><strong>ponebant</strong></span> <span class='ocrx_word' id='word_1_176' title='bbox 3062 1163 3302 1231; x_wconf 85' lang='lat' dir='ltr'><strong>insidias,</strong></span> <span class='ocrx_word' id='word_1_177' title='bbox 3323 1179 3356 1220; x_wconf 85' lang='lat' dir='ltr'><strong>a</strong></span> <span class='ocrx_word' id='word_1_178' title='bbox 3383 1167 3582 1223; x_wconf 86' lang='lat' dir='ltr'><strong>nostris</strong></span> <span class='ocrx_word' id='word_1_179' title='bbox 3606 1167 3790 1223; x_wconf 88' lang='lat' dir='ltr'><strong>homi-</strong></span> 
     </span>
    </p>
   </div>
   <div class='ocr_carea' id='block_1_26' title="bbox 2197 1251 3792 1324">
    <p class='ocr_par' dir='ltr' id='par_1_26' title="bbox 2197 1251 3792 1324">
     <span class='ocr_line' id='line_1_26' title="bbox 2197 1251 3792 1324; baseline 0.007 -18"><span class='ocrx_word' id='word_1_180' title='bbox 2197 1251 2355 1306; x_wconf 90' lang='lat' dir='ltr'><strong>nibus</strong></span> <span class='ocrx_word' id='word_1_181' title='bbox 2364 1253 2610 1324; x_wconf 90' lang='lat' dir='ltr'><strong>plurimis</strong></span> <span class='ocrx_word' id='word_1_182' title='bbox 2619 1253 2948 1322; x_wconf 82' lang='lat' dir='ltr'><strong>viderentur,</strong></span> <span class='ocrx_word' id='word_1_183' title='bbox 2962 1263 3018 1310; x_wconf 92' lang='lat' dir='ltr'><strong>et</strong></span> <span class='ocrx_word' id='word_1_184' title='bbox 3031 1270 3217 1312; x_wconf 90' lang='lat' dir='ltr'><strong>eorum</strong></span> <span class='ocrx_word' id='word_1_185' title='bbox 3228 1257 3492 1315; x_wconf 89' lang='lat' dir='ltr'><strong>clamores</strong></span> <span class='ocrx_word' id='word_1_186' title='bbox 3503 1259 3556 1314; x_wconf 91' lang='lat' dir='ltr'><strong>in</strong></span> <span class='ocrx_word' id='word_1_187' title='bbox 3569 1260 3792 1317; x_wconf 88' lang='lat' dir='ltr'><strong>cubicu-</strong></span> 
     </span>
    </p>
   </div>
   <div class='ocr_carea' id='block_1_27' title="bbox 2197 1342 3785 1416">
    <p class='ocr_par' dir='ltr' id='par_1_27' title="bbox 2197 1342 3785 1416">
     <span class='ocr_line' id='line_1_27' title="bbox 2197 1342 3785 1416; baseline 0.008 -19"><span class='ocrx_word' id='word_1_188' title='bbox 2197 1343 2270 1406; x_wconf 92' lang='lat' dir='ltr'><strong>lo,</strong></span> <span class='ocrx_word' id='word_1_189' title='bbox 2286 1342 2374 1398; x_wconf 90' lang='lat' dir='ltr'><strong>ubi</strong></span> <span class='ocrx_word' id='word_1_190' title='bbox 2397 1343 2765 1412; x_wconf 89' lang='lat' dir='ltr'><strong>manebamus,</strong></span> <span class='ocrx_word' id='word_1_191' title='bbox 2787 1355 2946 1402; x_wconf 90' lang='lat' dir='ltr'><strong>nocte</strong></span> <span class='ocrx_word' id='word_1_192' title='bbox 2961 1362 3066 1416; x_wconf 90' lang='lat' dir='ltr'><strong>qua</strong></span> <span class='ocrx_word' id='word_1_193' title='bbox 3095 1347 3436 1405; x_wconf 86' lang='lat' dir='ltr'><strong>discessimus</strong></span> <span class='ocrx_word' id='word_1_194' title='bbox 3451 1351 3785 1410; x_wconf 76' lang='lat' dir='ltr'><strong>audiremus.</strong></span> 
     </span>
    </p>
   </div>
   <div class='ocr_carea' id='block_1_28' title="bbox 2196 1431 3789 1508">
    <p class='ocr_par' dir='ltr' id='par_1_28' title="bbox 2196 1431 3789 1508">
     <span class='ocr_line' id='line_1_28' title="bbox 2196 1431 3789 1508; baseline 0.008 -22"><span class='ocrx_word' id='word_1_195' title='bbox 2196 1431 2314 1498; x_wconf 82' lang='lat' dir='ltr'><strong>Quo</strong></span> <span class='ocrx_word' id='word_1_196' title='bbox 2347 1431 2508 1493; x_wconf 89' lang='lat' dir='ltr'><strong>facto.</strong></span> <span class='ocrx_word' id='word_1_197' title='bbox 2536 1450 2657 1490; x_wconf 92' lang='lat' dir='ltr'><strong>cum</strong></span> <span class='ocrx_word' id='word_1_198' title='bbox 2683 1436 2785 1490; x_wconf 88' lang='lat' dir='ltr'><strong>sub</strong></span> <span class='ocrx_word' id='word_1_199' title='bbox 2810 1437 2960 1506; x_wconf 81' lang='lat' dir='ltr'><strong>gravi</strong></span> <span class='ocrx_word' id='word_1_200' title='bbox 2988 1437 3366 1508; x_wconf 89' lang='lat' dir='ltr'><strong>desperatione</strong></span> <span class='ocrx_word' id='word_1_201' title='bbox 3388 1441 3667 1497; x_wconf 80' lang='lat' dir='ltr'><strong>nocturnis</strong></span> <span class='ocrx_word' id='word_1_202' title='bbox 3695 1443 3789 1499; x_wconf 86' lang='lat' dir='ltr'><strong>ho-</strong></span> 
     </span>
    </p>
   </div>
   <div class='ocr_carea' id='block_1_29' title="bbox 2197 1525 3788 1606">
    <p class='ocr_par' dir='ltr' id='par_1_29' title="bbox 2197 1525 3788 1606">
     <span class='ocr_line' id='line_1_29' title="bbox 2197 1525 3788 1606; baseline 0.007 -28"><span class='ocrx_word' id='word_1_203' title='bbox 2197 1525 2270 1580; x_wconf 89' lang='lat' dir='ltr'><strong>ris</strong></span> <span class='ocrx_word' id='word_1_204' title='bbox 2299 1527 2518 1580; x_wconf 79' lang='lat' dir='ltr'><strong>maximi</strong></span> <span class='ocrx_word' id='word_1_205' title='bbox 2548 1534 2603 1582; x_wconf 91' lang='lat' dir='ltr'><strong>et</strong></span> <span class='ocrx_word' id='word_1_206' title='bbox 2626 1529 2839 1600; x_wconf 85' lang='lat' dir='ltr'><strong>pavoris</strong></span> <span class='ocrx_word' id='word_1_207' title='bbox 2865 1529 3178 1599; x_wconf 80' lang='lat' dir='ltr'><strong>:egritudine</strong></span> <span class='ocrx_word' id='word_1_208' title='bbox 3209 1539 3536 1597; x_wconf 87' lang='lat' dir='ltr'><strong>teneremur,</strong></span> <span class='ocrx_word' id='word_1_209' title='bbox 3565 1535 3788 1606; x_wconf 84' lang='lat' dir='ltr'><strong>diffugi-</strong></span> 
     </span>
    </p>
   </div>
   <div class='ocr_carea' id='block_1_30' title="bbox 2196 1617 3784 1690">
    <p class='ocr_par' dir='ltr' id='par_1_30' title="bbox 2196 1617 3784 1690">
     <span class='ocr_line' id='line_1_30' title="bbox 2196 1617 3784 1690; baseline 0.008 -20"><span class='ocrx_word' id='word_1_210' title='bbox 2196 1631 2336 1686; x_wconf 93' lang='lat' dir='ltr'><strong>mus,</strong></span> <span class='ocrx_word' id='word_1_211' title='bbox 2363 1617 2503 1673; x_wconf 90' lang='lat' dir='ltr'><strong>sicut</strong></span> <span class='ocrx_word' id='word_1_212' title='bbox 2549 1618 2701 1674; x_wconf 91' lang='lat' dir='ltr'><strong>locus</strong></span> <span class='ocrx_word' id='word_1_213' title='bbox 2733 1619 2822 1676; x_wconf 90' lang='lat' dir='ltr'><strong>ille</strong></span> <span class='ocrx_word' id='word_1_214' title='bbox 2849 1621 3051 1690; x_wconf 91' lang='lat' dir='ltr'><strong>poterit</strong></span> <span class='ocrx_word' id='word_1_215' title='bbox 3077 1623 3287 1678; x_wconf 86' lang='lat' dir='ltr'><strong>cunctis</strong></span> <span class='ocrx_word' id='word_1_216' title='bbox 3314 1623 3618 1682; x_wconf 88' lang='lat' dir='ltr'><strong>hominibus</strong></span> <span class='ocrx_word' id='word_1_217' title='bbox 3640 1625 3784 1682; x_wconf 88' lang='lat' dir='ltr'><strong>indi-</strong></span> 
     </span>
    </p>
   </div>
   <div class='ocr_carea' id='block_1_31' title="bbox 2197 1707 3788 1783">
    <p class='ocr_par' dir='ltr' id='par_1_31' title="bbox 2197 1707 3788 1783">
     <span class='ocr_line' id='line_1_31' title="bbox 2197 1707 3788 1783; baseline 0.006 -23"><span class='ocrx_word' id='word_1_218' title='bbox 2197 1721 2342 1761; x_wconf 92' lang='lat' dir='ltr'><strong>care.</strong></span> <span class='ocrx_word' id='word_1_219' title='bbox 2368 1707 2498 1762; x_wconf 82' lang='lat' dir='ltr'><strong>Nam</strong></span> <span class='ocrx_word' id='word_1_220' title='bbox 2528 1709 2573 1762; x_wconf 91' lang='lat' dir='ltr'><strong>si</strong></span> <span class='ocrx_word' id='word_1_221' title='bbox 2601 1707 3065 1779; x_wconf 89' lang='lat' dir='ltr'><strong>circumspiciatur</strong></span> <span class='ocrx_word' id='word_1_222' title='bbox 3087 1724 3254 1780; x_wconf 89' lang='lat' dir='ltr'><strong>quare</strong></span> <span class='ocrx_word' id='word_1_223' title='bbox 3281 1720 3650 1783; x_wconf 88' lang='lat' dir='ltr'><strong>quantumque</strong></span> <span class='ocrx_word' id='word_1_224' title='bbox 3674 1715 3788 1770; x_wconf 84' lang='lat' dir='ltr'><strong>dis-</strong></span> 
     </span>
    </p>
   </div>
   <div class='ocr_carea' id='block_1_32' title="bbox 509 1789 3788 1878">
    <p class='ocr_par' dir='ltr' id='par_1_32' title="bbox 509 1789 3788 1878">
     <span class='ocr_line' id='line_1_32' title="bbox 509 1789 3788 1878; baseline 0.002 -21"><span class='ocrx_word' id='word_1_225' title='bbox 509 1801 764 1873; x_wconf 91' lang='lat' dir='ltr'><strong>diemque</strong></span> <span class='ocrx_word' id='word_1_226' title='bbox 789 1817 898 1874; x_wconf 91' lang='lat' dir='ltr'><strong>quo</strong></span> <span class='ocrx_word' id='word_1_227' title='bbox 925 1802 992 1859; x_wconf 91' lang='lat' dir='ltr'><strong>ab</strong></span> <span class='ocrx_word' id='word_1_228' title='bbox 1013 1801 1132 1874; x_wconf 84' lang='lat' dir='ltr'><strong>ipso</strong></span> <span class='ocrx_word' id='word_1_229' title='bbox 1148 1801 1324 1858; x_wconf 79' lang='lat' dir='ltr'><strong>fuerat</strong></span> <span class='ocrx_word' id='word_1_230' title='bbox 1351 1803 1512 1859; x_wconf 82' lang='lat' dir='ltr'><strong>allata</strong></span> <span class='ocrx_word' id='word_1_231' title='bbox 1538 1803 1742 1874; x_wconf 89' lang='lat' dir='ltr'><strong>pariter</strong></span> <span class='ocrx_word' id='word_1_232' title='bbox 1760 1803 2086 1874; x_wconf 86' lang='lat' dir='ltr'><strong>designaret,</strong></span> <span class='ocrx_word' id='word_1_233' title='bbox 2125 1815 2164 1872; x_wconf 67' lang='grc' dir='ltr'><strong>ις</strong></span> <span class='ocrx_word' id='word_1_234' title='bbox 2195 1789 2400 1852; x_wconf 76' lang='lat' dir='ltr'><strong>crimen</strong></span> <span class='ocrx_word' id='word_1_235' title='bbox 2448 1808 2597 1854; x_wconf 88' lang='lat' dir='ltr'><strong>metu</strong></span> <span class='ocrx_word' id='word_1_236' title='bbox 2647 1799 2878 1856; x_wconf 82' lang='lat' dir='ltr'><strong>faciente</strong></span> <span class='ocrx_word' id='word_1_237' title='bbox 2919 1801 3282 1873; x_wconf 82' lang='lat' dir='ltr'><strong>despeximus,</strong></span> <span class='ocrx_word' id='word_1_238' title='bbox 3312 1812 3371 1860; x_wconf 92' lang='lat' dir='ltr'><strong>ut</strong></span> <span class='ocrx_word' id='word_1_239' title='bbox 3417 1821 3516 1876; x_wconf 91' lang='lat' dir='ltr'><strong>per</strong></span> <span class='ocrx_word' id='word_1_240' title='bbox 3557 1823 3788 1878; x_wconf 86' lang='lat' dir='ltr'><strong>parvam</strong></span> 
     </span>
    </p>
   </div>
   <div class='ocr_carea' id='block_1_33' title="bbox 509 1893 2089 1968">
    <p class='ocr_par' dir='ltr' id='par_1_33' title="bbox 509 1893 2089 1968">
     <span class='ocr_line' id='line_1_33' title="bbox 509 1893 2089 1968; baseline 0.003 -20"><span class='ocrx_word' id='word_1_241' title='bbox 509 1893 730 1950; x_wconf 91' lang='lat' dir='ltr'><strong>omnino</strong></span> <span class='ocrx_word' id='word_1_242' title='bbox 767 1894 962 1964; x_wconf 81' lang='lat' dir='ltr'><strong>refugit</strong></span> <span class='ocrx_word' id='word_1_243' title='bbox 1010 1895 1117 1950; x_wconf 88' lang='lat' dir='ltr'><strong>hoc</strong></span> <span class='ocrx_word' id='word_1_244' title='bbox 1166 1894 1344 1951; x_wconf 83' lang='lat' dir='ltr'><strong>facere</strong></span> <span class='ocrx_word' id='word_1_245' title='bbox 1378 1915 1390 1949; x_wconf 90' lang='lat'><strong>:</strong></span> <span class='ocrx_word' id='word_1_246' title='bbox 1422 1912 1543 1966; x_wconf 87' lang='lat' dir='ltr'><strong>quae</strong></span> <span class='ocrx_word' id='word_1_247' title='bbox 1591 1911 1678 1952; x_wconf 90' lang='lat' dir='ltr'><strong>res</strong></span> <span class='ocrx_word' id='word_1_248' title='bbox 1729 1897 2089 1968; x_wconf 90' lang='lat' dir='ltr'><strong>suspicionem</strong></span> 
     </span>
    </p>
   </div>
   <div class='ocr_carea' id='block_1_34' title="bbox 508 1986 2091 2060">
    <p class='ocr_par' dir='ltr' id='par_1_34' title="bbox 508 1986 2091 2060">
     <span class='ocr_line' id='line_1_34' title="bbox 508 1986 2091 2060; baseline 0.002 -20"><span class='ocrx_word' id='word_1_249' title='bbox 508 1993 768 2054; x_wconf 87' lang='lat' dir='ltr'><strong>nostram,</strong></span> <span class='ocrx_word' id='word_1_250' title='bbox 799 1986 924 2056; x_wconf 83' lang='lat' dir='ltr'><strong>quia</strong></span> <span class='ocrx_word' id='word_1_251' title='bbox 948 1986 1132 2058; x_wconf 68' lang='lat' dir='ltr'><strong>citat-ta</strong></span> <span class='ocrx_word' id='word_1_252' title='bbox 1171 1987 1284 2058; x_wconf 88' lang='lat' dir='ltr'><strong>ipsa</strong></span> <span class='ocrx_word' id='word_1_253' title='bbox 1312 2004 1342 2042; x_wconf 90' lang='lat' dir='ltr'><strong>a</strong></span> <span class='ocrx_word' id='word_1_254' title='bbox 1367 1989 1609 2059; x_wconf 89' lang='lat' dir='ltr'><strong>piissimo</strong></span> <span class='ocrx_word' id='word_1_255' title='bbox 1637 1988 1878 2060; x_wconf 89' lang='lat' dir='ltr'><strong>principe</strong></span> <span class='ocrx_word' id='word_1_256' title='bbox 1916 1990 2091 2044; x_wconf 89' lang='lat' dir='ltr'><strong>nesci-</strong></span> 
     </span>
    </p>
   </div>
   <div class='ocr_carea' id='block_1_35' title="bbox 506 2076 2090 2148">
    <p class='ocr_par' dir='ltr' id='par_1_35' title="bbox 506 2076 2090 2148">
     <span class='ocr_line' id='line_1_35' title="bbox 506 2076 2090 2148; baseline 0.001 -16"><span class='ocrx_word' id='word_1_257' title='bbox 506 2086 677 2143; x_wconf 85' lang='lat' dir='ltr'><strong>retur,</strong></span> <span class='ocrx_word' id='word_1_258' title='bbox 713 2084 899 2148; x_wconf 89' lang='lat' dir='ltr'><strong>apcrtc</strong></span> <span class='ocrx_word' id='word_1_259' title='bbox 930 2077 1177 2132; x_wconf 87' lang='lat' dir='ltr'><strong>firmavit.</strong></span> <span class='ocrx_word' id='word_1_260' title='bbox 1205 2076 1390 2136; x_wconf 86' lang='lat' dir='ltr'><strong>Tantis</strong></span> <span class='ocrx_word' id='word_1_261' title='bbox 1412 2079 1552 2134; x_wconf 91' lang='lat' dir='ltr'><strong>enim</strong></span> <span class='ocrx_word' id='word_1_262' title='bbox 1580 2095 1610 2132; x_wconf 91' lang='lat' dir='ltr'><strong>a</strong></span> <span class='ocrx_word' id='word_1_263' title='bbox 1635 2079 1858 2134; x_wconf 84' lang='lat' dir='ltr'><strong>veritate</strong></span> <span class='ocrx_word' id='word_1_264' title='bbox 1882 2079 2090 2148; x_wconf 90' lang='lat' dir='ltr'><strong>seposi-</strong></span> 
     </span>
    </p>
   </div>
   <div class='ocr_carea' id='block_1_36' title="bbox 509 2167 2090 2238">
    <p class='ocr_par' dir='ltr' id='par_1_36' title="bbox 509 2167 2090 2238">
     <span class='ocr_line' id='line_1_36' title="bbox 509 2167 2090 2238; baseline 0.001 -17"><span class='ocrx_word' id='word_1_265' title='bbox 509 2170 576 2222; x_wconf 89' lang='lat' dir='ltr'><strong>tis</strong></span> <span class='ocrx_word' id='word_1_266' title='bbox 605 2167 768 2223; x_wconf 91' lang='lat' dir='ltr'><strong>rebus</strong></span> <span class='ocrx_word' id='word_1_267' title='bbox 790 2176 952 2238; x_wconf 84' lang='lat' dir='ltr'><strong>atque</strong></span> <span class='ocrx_word' id='word_1_268' title='bbox 999 2168 1206 2236; x_wconf 87' lang='lat' dir='ltr'><strong>injuriis</strong></span> <span class='ocrx_word' id='word_1_269' title='bbox 1232 2168 1493 2238; x_wconf 86' lang='lat' dir='ltr'><strong>probatur</strong></span> <span class='ocrx_word' id='word_1_270' title='bbox 1521 2183 1642 2224; x_wconf 84' lang='lat' dir='ltr'><strong>esse</strong></span> <span class='ocrx_word' id='word_1_271' title='bbox 1671 2169 2002 2238; x_wconf 89' lang='lat' dir='ltr'><strong>plenissima,</strong></span> <span class='ocrx_word' id='word_1_272' title='bbox 2031 2177 2090 2223; x_wconf 91' lang='lat' dir='ltr'><strong>ut</strong></span> 
     </span>
    </p>
   </div>
   <div class='ocr_carea' id='block_1_37' title="bbox 507 2258 2087 2329">
    <p class='ocr_par' dir='ltr' id='par_1_37' title="bbox 507 2258 2087 2329">
     <span class='ocr_line' id='line_1_37' title="bbox 507 2258 2087 2329; baseline 0.001 -15"><span class='ocrx_word' id='word_1_273' title='bbox 507 2259 644 2314; x_wconf 84' lang='lat' dir='ltr'><strong>hanc</strong></span> <span class='ocrx_word' id='word_1_274' title='bbox 683 2259 972 2329; x_wconf 87' lang='lat' dir='ltr'><strong>imperialis</strong></span> <span class='ocrx_word' id='word_1_275' title='bbox 1007 2258 1116 2314; x_wconf 91' lang='lat' dir='ltr'><strong>oris</strong></span> <span class='ocrx_word' id='word_1_276' title='bbox 1143 2273 1415 2328; x_wconf 86' lang='lat' dir='ltr'><strong>nunquam</strong></span> <span class='ocrx_word' id='word_1_277' title='bbox 1455 2259 1707 2314; x_wconf 90' lang='lat' dir='ltr'><strong>credatur</strong></span> <span class='ocrx_word' id='word_1_278' title='bbox 1733 2261 2087 2315; x_wconf 85' lang='lat' dir='ltr'><strong>mansuetudo</strong></span> 
     </span>
    </p>
   </div>
   <div class='ocr_carea' id='block_1_38' title="bbox 502 2349 2088 2420">
    <p class='ocr_par' dir='ltr' id='par_1_38' title="bbox 502 2349 2088 2420">
     <span class='ocr_line' id='line_1_38' title="bbox 502 2349 2088 2420; baseline -0.001 -14"><span class='ocrx_word' id='word_1_279' title='bbox 502 2352 736 2406; x_wconf 83' lang='lat' dir='ltr'><strong>dictasse</strong></span> <span class='ocrx_word' id='word_1_280' title='bbox 765 2391 780 2418; x_wconf 95' lang='lat'><strong>,</strong></span> <span class='ocrx_word' id='word_1_281' title='bbox 825 2351 1059 2406; x_wconf 81' lang='lat' dir='ltr'><strong>maxime</strong></span> <span class='ocrx_word' id='word_1_282' title='bbox 1089 2357 1274 2406; x_wconf 87' lang='lat' dir='ltr'><strong>contra</strong></span> <span class='ocrx_word' id='word_1_283' title='bbox 1317 2350 1461 2404; x_wconf 91' lang='lat' dir='ltr'><strong>illius</strong></span> <span class='ocrx_word' id='word_1_284' title='bbox 1508 2349 1666 2420; x_wconf 90' lang='lat' dir='ltr'><strong>primi</strong></span> <span class='ocrx_word' id='word_1_285' title='bbox 1719 2350 2088 2420; x_wconf 88' lang='lat' dir='ltr'><strong>apostolorum</strong></span> 
     </span>
    </p>
   </div>
   <div class='ocr_carea' id='block_1_39' title="bbox 503 2439 2092 2510">
    <p class='ocr_par' dir='ltr' id='par_1_39' title="bbox 503 2439 2092 2510">
     <span class='ocr_line' id='line_1_39' title="bbox 503 2439 2092 2510; baseline 0.001 -16"><span class='ocrx_word' id='word_1_286' title='bbox 503 2441 760 2497; x_wconf 89' lang='lat' dir='ltr'><strong>vicarium</strong></span> <span class='ocrx_word' id='word_1_287' title='bbox 789 2483 804 2510; x_wconf 92' lang='lat'><strong>,</strong></span> <span class='ocrx_word' id='word_1_288' title='bbox 855 2441 1010 2508; x_wconf 89' lang='lat' dir='ltr'><strong>cujus</strong></span> <span class='ocrx_word' id='word_1_289' title='bbox 1057 2440 1187 2496; x_wconf 87' lang='lat' dir='ltr'><strong>olim</strong></span> <span class='ocrx_word' id='word_1_290' title='bbox 1235 2440 1552 2495; x_wconf 69' lang='lat' dir='ltr'><strong>reverentia:</strong></span> <span class='ocrx_word' id='word_1_291' title='bbox 1608 2454 1668 2494; x_wconf 90' lang='lat' dir='ltr'><strong>se</strong></span> <span class='ocrx_word' id='word_1_292' title='bbox 1721 2439 2092 2509; x_wconf 89' lang='lat' dir='ltr'><strong>frequentibus</strong></span> 
     </span>
    </p>
   </div>
   <div class='ocr_carea' id='block_1_40' title="bbox 504 2528 2088 2600">
    <p class='ocr_par' dir='ltr' id='par_1_40' title="bbox 504 2528 2088 2600">
     <span class='ocr_line' id='line_1_40' title="bbox 504 2528 2088 2600; baseline 0 -14"><span class='ocrx_word' id='word_1_293' title='bbox 504 2530 722 2600; x_wconf 86' lang='lat' dir='ltr'><strong>scriptis</strong></span> <span class='ocrx_word' id='word_1_294' title='bbox 769 2529 1045 2600; x_wconf 85' lang='lat' dir='ltr'><strong>professus</strong></span> <span class='ocrx_word' id='word_1_295' title='bbox 1087 2537 1175 2585; x_wconf 88' lang='lat' dir='ltr'><strong>est</strong></span> <span class='ocrx_word' id='word_1_296' title='bbox 1219 2529 1538 2585; x_wconf 80' lang='lat' dir='ltr'><strong>debitorem.</strong></span> <span class='ocrx_word' id='word_1_297' title='bbox 1567 2528 1864 2586; x_wconf 72' lang='lat' dir='ltr'><strong>Memorata</strong></span> <span class='ocrx_word' id='word_1_298' title='bbox 1909 2540 2088 2586; x_wconf 80' lang='lat' dir='ltr'><strong>autem</strong></span> 
     </span>
    </p>
   </div>
   <div class='ocr_carea' id='block_1_41' title="bbox 502 2622 2090 2694">
    <p class='ocr_par' dir='ltr' id='par_1_41' title="bbox 502 2622 2090 2694">
     <span class='ocr_line' id='line_1_41' title="bbox 502 2622 2090 2694; baseline -0.002 -14"><span class='ocrx_word' id='word_1_299' title='bbox 502 2623 718 2694; x_wconf 81' lang='lat' dir='ltr'><strong>charta,</strong></span> <span class='ocrx_word' id='word_1_300' title='bbox 741 2623 868 2680; x_wconf 89' lang='lat' dir='ltr'><strong>licet</strong></span> <span class='ocrx_word' id='word_1_301' title='bbox 895 2639 991 2694; x_wconf 89' lang='lat' dir='ltr'><strong>per</strong></span> <span class='ocrx_word' id='word_1_302' title='bbox 1016 2638 1078 2680; x_wconf 88' lang='lat' dir='ltr'><strong>se</strong></span> <span class='ocrx_word' id='word_1_303' title='bbox 1099 2623 1270 2678; x_wconf 82' lang='lat' dir='ltr'><strong>nullas</strong></span> <span class='ocrx_word' id='word_1_304' title='bbox 1298 2623 1441 2678; x_wconf 89' lang='lat' dir='ltr'><strong>vires</strong></span> <span class='ocrx_word' id='word_1_305' title='bbox 1469 2622 1734 2690; x_wconf 88' lang='lat' dir='ltr'><strong>obtineat,</strong></span> <span class='ocrx_word' id='word_1_306' title='bbox 1759 2633 1938 2678; x_wconf 89' lang='lat' dir='ltr'><strong>tamen</strong></span> <span class='ocrx_word' id='word_1_307' title='bbox 1961 2639 2090 2679; x_wconf 90' lang='lat' dir='ltr'><strong>con-</strong></span> 
     </span>
    </p>
   </div>
   <div class='ocr_carea' id='block_1_42' title="bbox 503 2714 2090 2786">
    <p class='ocr_par' dir='ltr' id='par_1_42' title="bbox 503 2714 2090 2786">
     <span class='ocr_line' id='line_1_42' title="bbox 503 2714 2090 2786; baseline -0.001 -13"><span class='ocrx_word' id='word_1_308' title='bbox 503 2726 591 2773; x_wconf 74' lang='lat' dir='ltr'><strong>tra</strong></span> <span class='ocrx_word' id='word_1_309' title='bbox 628 2730 749 2772; x_wconf 91' lang='lat' dir='ltr'><strong>eam</strong></span> <span class='ocrx_word' id='word_1_310' title='bbox 793 2714 860 2770; x_wconf 89' lang='lat' dir='ltr'><strong>ad</strong></span> <span class='ocrx_word' id='word_1_311' title='bbox 907 2716 1135 2784; x_wconf 89' lang='lat' dir='ltr'><strong>singula,</strong></span> <span class='ocrx_word' id='word_1_312' title='bbox 1182 2715 1292 2771; x_wconf 92' lang='lat' dir='ltr'><strong>Deo</strong></span> <span class='ocrx_word' id='word_1_313' title='bbox 1333 2715 1576 2784; x_wconf 88' lang='lat' dir='ltr'><strong>juvantc,</strong></span> <span class='ocrx_word' id='word_1_314' title='bbox 1612 2717 1876 2771; x_wconf 88' lang='lat' dir='ltr'><strong>veraciter</strong></span> <span class='ocrx_word' id='word_1_315' title='bbox 1927 2725 2090 2786; x_wconf 72' lang='lat' dir='ltr'><strong>atque</strong></span> 
     </span>
    </p>
   </div>
   <div class='ocr_carea' id='block_1_43' title="bbox 506 2804 2091 2877">
    <p class='ocr_par' dir='ltr' id='par_1_43' title="bbox 506 2804 2091 2877">
     <span class='ocr_line' id='line_1_43' title="bbox 506 2804 2091 2877; baseline 0.001 -16"><span class='ocrx_word' id='word_1_316' title='bbox 506 2805 825 2877; x_wconf 88' lang='lat' dir='ltr'><strong>simpliciter</strong></span> <span class='ocrx_word' id='word_1_317' title='bbox 852 2805 1214 2876; x_wconf 88' lang='lat' dir='ltr'><strong>respondetur</strong></span> <span class='ocrx_word' id='word_1_318' title='bbox 1236 2847 1250 2873; x_wconf 93' lang='lat'><strong>,</strong></span> <span class='ocrx_word' id='word_1_319' title='bbox 1283 2812 1553 2876; x_wconf 89' lang='lat' dir='ltr'><strong>quatenus</strong></span> <span class='ocrx_word' id='word_1_320' title='bbox 1581 2807 1697 2876; x_wconf 88' lang='lat' dir='ltr'><strong>ejus</strong></span> <span class='ocrx_word' id='word_1_321' title='bbox 1728 2804 1950 2874; x_wconf 87' lang='lat' dir='ltr'><strong>falsitas,</strong></span> <span class='ocrx_word' id='word_1_322' title='bbox 1973 2823 2091 2877; x_wconf 81' lang='lat' dir='ltr'><strong>quae</strong></span> 
     </span>
    </p>
   </div>
   <div class='ocr_carea' id='block_1_44' title="bbox 509 2898 2092 2970">
    <p class='ocr_par' dir='ltr' id='par_1_44' title="bbox 509 2898 2092 2970">
     <span class='ocr_line' id='line_1_44' title="bbox 509 2898 2092 2970; baseline 0.001 -17"><span class='ocrx_word' id='word_1_323' title='bbox 509 2899 838 2969; x_wconf 62' lang='lat' dir='ltr'><strong>sapientibus</strong></span> <span class='ocrx_word' id='word_1_324' title='bbox 857 2899 988 2954; x_wconf 86' lang='lat' dir='ltr'><strong>viris</strong></span> <span class='ocrx_word' id='word_1_325' title='bbox 1009 2914 1224 2970; x_wconf 87' lang='lat' dir='ltr'><strong>semper</strong></span> <span class='ocrx_word' id='word_1_326' title='bbox 1243 2908 1327 2953; x_wconf 85' lang='lat' dir='ltr'><strong>est</strong></span> <span class='ocrx_word' id='word_1_327' title='bbox 1348 2898 1554 2968; x_wconf 87' lang='lat' dir='ltr'><strong>odiosa,</strong></span> <span class='ocrx_word' id='word_1_328' title='bbox 1576 2915 1606 2954; x_wconf 94' lang='lat' dir='ltr'><strong>a</strong></span> <span class='ocrx_word' id='word_1_329' title='bbox 1628 2906 1944 2956; x_wconf 85' lang='lat' dir='ltr'><strong>cunctorum</strong></span> <span class='ocrx_word' id='word_1_330' title='bbox 1975 2901 2092 2956; x_wconf 89' lang='lat' dir='ltr'><strong>ani-</strong></span> 
     </span>
    </p>
   </div>
   <div class='ocr_carea' id='block_1_45' title="bbox 509 2989 2088 3062">
    <p class='ocr_par' dir='ltr' id='par_1_45' title="bbox 509 2989 2088 3062">
     <span class='ocr_line' id='line_1_45' title="bbox 509 2989 2088 3062; baseline 0.001 -18"><span class='ocrx_word' id='word_1_331' title='bbox 509 2991 608 3047; x_wconf 85' lang='lat' dir='ltr'><strong>mis</strong></span> <span class='ocrx_word' id='word_1_332' title='bbox 633 2989 842 3062; x_wconf 89' lang='lat' dir='ltr'><strong>plenius</strong></span> <span class='ocrx_word' id='word_1_333' title='bbox 867 2990 1204 3048; x_wconf 77' lang='lat' dir='ltr'><strong>excludatur.</strong></span> <span class='ocrx_word' id='word_1_334' title='bbox 1240 2991 1390 3046; x_wconf 82' lang='lat' dir='ltr'><strong>Nune</strong></span> <span class='ocrx_word' id='word_1_335' title='bbox 1427 2999 1608 3046; x_wconf 91' lang='lat' dir='ltr'><strong>autem</strong></span> <span class='ocrx_word' id='word_1_336' title='bbox 1638 2991 1891 3046; x_wconf 91' lang='lat' dir='ltr'><strong>omnibus</strong></span> <span class='ocrx_word' id='word_1_337' title='bbox 1912 2990 2088 3047; x_wconf 85' lang='lat' dir='ltr'><strong>homi-</strong></span> 
     </span>
    </p>
   </div>
   <div class='ocr_carea' id='block_1_46' title="bbox 507 3079 2088 3152">
    <p class='ocr_par' dir='ltr' id='par_1_46' title="bbox 507 3079 2088 3152">
     <span class='ocr_line' id='line_1_46' title="bbox 507 3079 2088 3152; baseline -0.002 -15"><span class='ocrx_word' id='word_1_338' title='bbox 507 3082 665 3139; x_wconf 85' lang='lat' dir='ltr'><strong>nibus</strong></span> <span class='ocrx_word' id='word_1_339' title='bbox 702 3081 805 3138; x_wconf 90' lang='lat' dir='ltr'><strong>hoc</strong></span> <span class='ocrx_word' id='word_1_340' title='bbox 846 3097 1062 3152; x_wconf 90' lang='lat' dir='ltr'><strong>quoque</strong></span> <span class='ocrx_word' id='word_1_341' title='bbox 1089 3082 1396 3137; x_wconf 88' lang='lat' dir='ltr'><strong>curavimus</strong></span> <span class='ocrx_word' id='word_1_342' title='bbox 1424 3079 1767 3137; x_wconf 90' lang='lat' dir='ltr'><strong>indicandum</strong></span> <span class='ocrx_word' id='word_1_343' title='bbox 1789 3124 1802 3148; x_wconf 92' lang='lat'><strong>,</strong></span> <span class='ocrx_word' id='word_1_344' title='bbox 1833 3081 2088 3150; x_wconf 90' lang='lat' dir='ltr'><strong>quoniam</strong></span> 
     </span>
    </p>
   </div>
   <div class='ocr_carea' id='block_1_47' title="bbox 508 3171 2092 3244">
    <p class='ocr_par' dir='ltr' id='par_1_47' title="bbox 508 3171 2092 3244">
     <span class='ocr_line' id='line_1_47' title="bbox 508 3171 2092 3244; baseline 0 -16"><span class='ocrx_word' id='word_1_345' title='bbox 508 3189 609 3228; x_wconf 90' lang='lat' dir='ltr'><strong>nos</strong></span> <span class='ocrx_word' id='word_1_346' title='bbox 630 3173 696 3227; x_wconf 88' lang='lat' dir='ltr'><strong>ad</strong></span> <span class='ocrx_word' id='word_1_347' title='bbox 717 3181 916 3228; x_wconf 79' lang='lat' dir='ltr'><strong>sanctae</strong></span> <span class='ocrx_word' id='word_1_348' title='bbox 937 3171 1245 3244; x_wconf 66' lang='lat' dir='ltr'><strong>Euphemim</strong></span> <span class='ocrx_word' id='word_1_349' title='bbox 1263 3172 1541 3229; x_wconf 88' lang='lat' dir='ltr'><strong>basilicam</strong></span> <span class='ocrx_word' id='word_1_350' title='bbox 1557 3172 1658 3229; x_wconf 92' lang='lat' dir='ltr'><strong>sub</strong></span> <span class='ocrx_word' id='word_1_351' title='bbox 1681 3185 1875 3241; x_wconf 89' lang='lat' dir='ltr'><strong>magno</strong></span> <span class='ocrx_word' id='word_1_352' title='bbox 1899 3173 2092 3228; x_wconf 90' lang='lat' dir='ltr'><strong>timore</strong></span> 
     </span>
    </p>
   </div>
   <div class='ocr_carea' id='block_1_48' title="bbox 507 3264 2093 3334">
    <p class='ocr_par' dir='ltr' id='par_1_48' title="bbox 507 3264 2093 3334">
     <span class='ocr_line' id='line_1_48' title="bbox 507 3264 2093 3334; baseline 0 -15"><span class='ocrx_word' id='word_1_353' title='bbox 507 3274 670 3334; x_wconf 88' lang='lat' dir='ltr'><strong>atque</strong></span> <span class='ocrx_word' id='word_1_354' title='bbox 685 3265 959 3320; x_wconf 81' lang='lat' dir='ltr'><strong>anxietate</strong></span> <span class='ocrx_word' id='word_1_355' title='bbox 985 3265 1350 3322; x_wconf 87' lang='lat' dir='ltr'><strong>discessimus.</strong></span> <span class='ocrx_word' id='word_1_356' title='bbox 1374 3265 1506 3320; x_wconf 88' lang='lat' dir='ltr'><strong>Nam</strong></span> <span class='ocrx_word' id='word_1_357' title='bbox 1533 3280 1656 3321; x_wconf 91' lang='lat' dir='ltr'><strong>cum</strong></span> <span class='ocrx_word' id='word_1_358' title='bbox 1679 3264 1746 3320; x_wconf 89' lang='lat' dir='ltr'><strong>ad</strong></span> <span class='ocrx_word' id='word_1_359' title='bbox 1774 3266 1919 3321; x_wconf 89' lang='lat' dir='ltr'><strong>beati</strong></span> <span class='ocrx_word' id='word_1_360' title='bbox 1947 3265 2093 3320; x_wconf 90' lang='lat' dir='ltr'><strong>Petri</strong></span> 
     </span>
    </p>
   </div>
   <div class='ocr_carea' id='block_1_49' title="bbox 506 3353 2094 3426">
    <p class='ocr_par' dir='ltr' id='par_1_49' title="bbox 506 3353 2094 3426">
     <span class='ocr_line' id='line_1_49' title="bbox 506 3353 2094 3426; baseline -0.003 -12"><span class='ocrx_word' id='word_1_361' title='bbox 506 3356 784 3414; x_wconf 78' lang='lat' dir='ltr'><strong>basilicam</strong></span> <span class='ocrx_word' id='word_1_362' title='bbox 808 3355 862 3410; x_wconf 89' lang='lat' dir='ltr'><strong>in</strong></span> <span class='ocrx_word' id='word_1_363' title='bbox 882 3353 1128 3412; x_wconf 88' lang='lat' dir='ltr'><strong>Ormisda</strong></span> <span class='ocrx_word' id='word_1_364' title='bbox 1147 3354 1422 3410; x_wconf 78' lang='lat' dir='ltr'><strong>fundatam</strong></span> <span class='ocrx_word' id='word_1_365' title='bbox 1445 3354 1688 3424; x_wconf 88' lang='lat' dir='ltr'><strong>Augusto</strong></span> <span class='ocrx_word' id='word_1_366' title='bbox 1714 3369 1900 3410; x_wconf 89' lang='lat' dir='ltr'><strong>mense</strong></span> <span class='ocrx_word' id='word_1_367' title='bbox 1925 3369 2094 3426; x_wconf 88' lang='lat' dir='ltr'><strong>nuper</strong></span> 
     </span>
    </p>
   </div>
   <div class='ocr_carea' id='block_1_50' title="bbox 507 3443 2093 3517">
    <p class='ocr_par' dir='ltr' id='par_1_50' title="bbox 507 3443 2093 3517">
     <span class='ocr_line' id='line_1_50' title="bbox 507 3443 2093 3517; baseline 0 -17"><span class='ocrx_word' id='word_1_368' title='bbox 507 3447 782 3517; x_wconf 71' lang='lat' dir='ltr'><strong>praeterito</strong></span> <span class='ocrx_word' id='word_1_369' title='bbox 809 3444 1149 3515; x_wconf 81' lang='lat' dir='ltr'><strong>fugissemus,</strong></span> <span class='ocrx_word' id='word_1_370' title='bbox 1173 3445 1377 3501; x_wconf 91' lang='lat' dir='ltr'><strong>nullum</strong></span> <span class='ocrx_word' id='word_1_371' title='bbox 1403 3445 1572 3500; x_wconf 89' lang='lat' dir='ltr'><strong>latere</strong></span> <span class='ocrx_word' id='word_1_372' title='bbox 1599 3443 1938 3511; x_wconf 87' lang='lat' dir='ltr'><strong>confidimus,</strong></span> <span class='ocrx_word' id='word_1_373' title='bbox 1968 3447 2093 3515; x_wconf 92' lang='lat' dir='ltr'><strong>quia</strong></span> 
     </span>
    </p>
   </div>
   <div class='ocr_carea' id='block_1_51' title="bbox 506 3521 2091 3608">
    <p class='ocr_par' dir='ltr' id='par_1_51' title="bbox 506 3521 2091 3608">
     <span class='ocr_line' id='line_1_51' title="bbox 506 3521 2091 3608; baseline -0.002 -15"><span class='ocrx_word' id='word_1_374' title='bbox 506 3521 631 3594; x_wconf 83' lang='lat' dir='ltr'><strong>eum</strong></span> <span class='ocrx_word' id='word_1_375' title='bbox 661 3536 715 3592; x_wconf 92' lang='lat' dir='ltr'><strong>in</strong></span> <span class='ocrx_word' id='word_1_376' title='bbox 743 3536 933 3592; x_wconf 88' lang='lat' dir='ltr'><strong>eadem</strong></span> <span class='ocrx_word' id='word_1_377' title='bbox 960 3537 1184 3593; x_wconf 90' lang='lat' dir='ltr'><strong>ecclesia</strong></span> <span class='ocrx_word' id='word_1_378' title='bbox 1205 3552 1238 3592; x_wconf 94' lang='lat' dir='ltr'><strong>a</strong></span> <span class='ocrx_word' id='word_1_379' title='bbox 1265 3536 1523 3592; x_wconf 89' lang='lat' dir='ltr'><strong>comitatu</strong></span> <span class='ocrx_word' id='word_1_380' title='bbox 1547 3537 1792 3608; x_wconf 75' lang='lat' dir='ltr'><strong>przetoris</strong></span> <span class='ocrx_word' id='word_1_381' title='bbox 1809 3552 1930 3592; x_wconf 90' lang='lat' dir='ltr'><strong>eum</strong></span> <span class='ocrx_word' id='word_1_382' title='bbox 1953 3536 2091 3590; x_wconf 91' lang='lat' dir='ltr'><strong>mul-</strong></span> 
     </span>
    </p>
   </div>
   <div class='ocr_carea' id='block_1_52' title="bbox 507 3625 2092 3697">
    <p class='ocr_par' dir='ltr' id='par_1_52' title="bbox 507 3625 2092 3697">
     <span class='ocr_line' id='line_1_52' title="bbox 507 3625 2092 3697; baseline -0.001 -15"><span class='ocrx_word' id='word_1_383' title='bbox 507 3627 739 3683; x_wconf 83' lang='lat' dir='ltr'><strong>titudine</strong></span> <span class='ocrx_word' id='word_1_384' title='bbox 786 3637 1118 3683; x_wconf 88' lang='lat' dir='ltr'><strong>armatorum</strong></span> <span class='ocrx_word' id='word_1_385' title='bbox 1148 3627 1378 3682; x_wconf 90' lang='lat' dir='ltr'><strong>militum</strong></span> <span class='ocrx_word' id='word_1_386' title='bbox 1423 3627 1694 3692; x_wconf 90' lang='lat' dir='ltr'><strong>veniente,</strong></span> <span class='ocrx_word' id='word_1_387' title='bbox 1724 3635 1978 3697; x_wconf 85' lang='lat' dir='ltr'><strong>tanquam</strong></span> <span class='ocrx_word' id='word_1_388' title='bbox 2027 3625 2092 3680; x_wconf 92' lang='lat' dir='ltr'><strong>ad</strong></span> 
     </span>
    </p>
   </div>
   <div class='ocr_carea' id='block_1_53' title="bbox 505 3718 2092 3790">
    <p class='ocr_par' dir='ltr' id='par_1_53' title="bbox 505 3718 2092 3790">
     <span class='ocr_line' id='line_1_53' title="bbox 505 3718 2092 3790; baseline -0.003 -14"><span class='ocrx_word' id='word_1_389' title='bbox 505 3720 707 3776; x_wconf 85' lang='lat' dir='ltr'><strong>bellum</strong></span> <span class='ocrx_word' id='word_1_390' title='bbox 749 3719 1008 3776; x_wconf 89' lang='lat' dir='ltr'><strong>instructa</strong></span> <span class='ocrx_word' id='word_1_391' title='bbox 1037 3719 1173 3786; x_wconf 91' lang='lat' dir='ltr'><strong>acie,</strong></span> <span class='ocrx_word' id='word_1_392' title='bbox 1203 3736 1234 3774; x_wconf 91' lang='lat' dir='ltr'><strong>a</strong></span> <span class='ocrx_word' id='word_1_393' title='bbox 1261 3727 1452 3775; x_wconf 88' lang='lat' dir='ltr'><strong>sancto</strong></span> <span class='ocrx_word' id='word_1_394' title='bbox 1480 3718 1599 3790; x_wconf 89' lang='lat' dir='ltr'><strong>ejus</strong></span> <span class='ocrx_word' id='word_1_395' title='bbox 1627 3719 1783 3774; x_wconf 89' lang='lat' dir='ltr'><strong>altari</strong></span> <span class='ocrx_word' id='word_1_396' title='bbox 1821 3718 1973 3774; x_wconf 88' lang='lat' dir='ltr'><strong>tracti</strong></span> <span class='ocrx_word' id='word_1_397' title='bbox 1999 3734 2092 3788; x_wconf 89' lang='lat' dir='ltr'><strong>pe-</strong></span> 
     </span>
    </p>
   </div>
   <div class='ocr_carea' id='block_1_54' title="bbox 506 3811 2089 3884">
    <p class='ocr_par' dir='ltr' id='par_1_54' title="bbox 506 3811 2089 3884">
     <span class='ocr_line' id='line_1_54' title="bbox 506 3811 2089 3884; baseline -0.002 -17"><span class='ocrx_word' id='word_1_398' title='bbox 506 3812 667 3868; x_wconf 86' lang='lat' dir='ltr'><strong>dibus</strong></span> <span class='ocrx_word' id='word_1_399' title='bbox 687 3811 1042 3877; x_wconf 89' lang='lat' dir='ltr'><strong>traheremur,</strong></span> <span class='ocrx_word' id='word_1_400' title='bbox 1066 3812 1369 3877; x_wconf 86' lang='lat' dir='ltr'><strong>tenuimus;</strong></span> <span class='ocrx_word' id='word_1_401' title='bbox 1393 3819 1448 3867; x_wconf 91' lang='lat' dir='ltr'><strong>et</strong></span> <span class='ocrx_word' id='word_1_402' title='bbox 1472 3826 1636 3884; x_wconf 88' lang='lat' dir='ltr'><strong>super</strong></span> <span class='ocrx_word' id='word_1_403' title='bbox 1663 3827 1762 3867; x_wconf 92' lang='lat' dir='ltr'><strong>nos</strong></span> <span class='ocrx_word' id='word_1_404' title='bbox 1790 3811 1953 3868; x_wconf 88' lang='lat' dir='ltr'><strong>etiam</strong></span> <span class='ocrx_word' id='word_1_405' title='bbox 1976 3811 2089 3882; x_wconf 83' lang='lat' dir='ltr'><strong>ipsa</strong></span> 
     </span>
    </p>
   </div>
   <div class='ocr_carea' id='block_1_55' title="bbox 507 3903 2090 3971">
    <p class='ocr_par' dir='ltr' id='par_1_55' title="bbox 507 3903 2090 3971">
     <span class='ocr_line' id='line_1_55' title="bbox 507 3903 2090 3971; baseline -0.001 -11"><span class='ocrx_word' id='word_1_406' title='bbox 507 3905 694 3960; x_wconf 88' lang='lat' dir='ltr'><strong>altaris</strong></span> <span class='ocrx_word' id='word_1_407' title='bbox 739 3919 924 3960; x_wconf 91' lang='lat' dir='ltr'><strong>mensa</strong></span> <span class='ocrx_word' id='word_1_408' title='bbox 959 3903 1248 3971; x_wconf 88' lang='lat' dir='ltr'><strong>ceciderat,</strong></span> <span class='ocrx_word' id='word_1_409' title='bbox 1295 3905 1394 3960; x_wconf 88' lang='lat' dir='ltr'><strong>nisi</strong></span> <span class='ocrx_word' id='word_1_410' title='bbox 1435 3903 1755 3960; x_wconf 91' lang='lat' dir='ltr'><strong>clericorum</strong></span> <span class='ocrx_word' id='word_1_411' title='bbox 1783 3913 2090 3961; x_wconf 88' lang='lat' dir='ltr'><strong>nostrorum</strong></span> 
     </span>
    </p>
   </div>
   <div class='ocr_carea' id='block_1_56' title="bbox 505 3996 1321 4052">
    <p class='ocr_par' dir='ltr' id='par_1_56' title="bbox 505 3996 1321 4052">
     <span class='ocr_line' id='line_1_56' title="bbox 505 3996 1321 4052; baseline 0 -2"><span class='ocrx_word' id='word_1_412' title='bbox 505 3996 692 4052; x_wconf 85' lang='lat' dir='ltr'><strong>fuisset</strong></span> <span class='ocrx_word' id='word_1_413' title='bbox 723 3996 970 4052; x_wconf 87' lang='lat' dir='ltr'><strong>manibus</strong></span> <span class='ocrx_word' id='word_1_414' title='bbox 1000 4003 1321 4052; x_wconf 88' lang='lat' dir='ltr'><strong>sustentata.</strong></span> 
     </span>
    </p>
   </div>
   <div class='ocr_carea' id='block_1_57' title="bbox 577 4085 2090 4158">
    <p class='ocr_par' dir='ltr' id='par_1_57' title="bbox 577 4085 2090 4158">
     <span class='ocr_line' id='line_1_57' title="bbox 577 4085 2090 4158; baseline -0.001 -14"><span class='ocrx_word' id='word_1_415' title='bbox 577 4091 770 4145; x_wconf 86' lang='lat' dir='ltr'><strong>Postea</strong></span> <span class='ocrx_word' id='word_1_416' title='bbox 802 4105 932 4144; x_wconf 91' lang='lat' dir='ltr'><strong>vero</strong></span> <span class='ocrx_word' id='word_1_417' title='bbox 975 4089 1102 4144; x_wconf 89' lang='lat' dir='ltr'><strong>dum</strong></span> <span class='ocrx_word' id='word_1_418' title='bbox 1133 4088 1288 4144; x_wconf 88' lang='lat' dir='ltr'><strong>nobis</strong></span> <span class='ocrx_word' id='word_1_419' title='bbox 1314 4087 1510 4144; x_wconf 88' lang='lat' dir='ltr'><strong>dicitur</strong></span> <span class='ocrx_word' id='word_1_420' title='bbox 1557 4085 1703 4158; x_wconf 85' lang='lat' dir='ltr'><strong>quod</strong></span> <span class='ocrx_word' id='word_1_421' title='bbox 1750 4087 1963 4153; x_wconf 82' lang='lat' dir='ltr'><strong>ex&#39;nde,</strong></span> <span class='ocrx_word' id='word_1_422' title='bbox 1991 4087 2090 4143; x_wconf 90' lang='lat' dir='ltr'><strong>nisi</strong></span> 
     </span>
    </p>
   </div>
   <div class='ocr_carea' id='block_1_58' title="bbox 502 4176 2091 4249">
    <p class='ocr_par' dir='ltr' id='par_1_58' title="bbox 502 4176 2091 4249">
     <span class='ocr_line' id='line_1_58' title="bbox 502 4176 2091 4249; baseline -0.001 -15"><span class='ocrx_word' id='word_1_423' title='bbox 502 4187 846 4234; x_wconf 85' lang='lat' dir='ltr'><strong>sacramenta</strong></span> <span class='ocrx_word' id='word_1_424' title='bbox 877 4177 1232 4234; x_wconf 87' lang='lat' dir='ltr'><strong>voluissemus</strong></span> <span class='ocrx_word' id='word_1_425' title='bbox 1253 4178 1520 4249; x_wconf 90' lang='lat' dir='ltr'><strong>accipere,</strong></span> <span class='ocrx_word' id='word_1_426' title='bbox 1540 4176 1639 4232; x_wconf 90' lang='lat' dir='ltr'><strong>sub</strong></span> <span class='ocrx_word' id='word_1_427' title='bbox 1667 4177 1814 4232; x_wconf 92' lang='lat' dir='ltr'><strong>omni</strong></span> <span class='ocrx_word' id='word_1_428' title='bbox 1835 4177 2091 4232; x_wconf 88' lang='lat' dir='ltr'><strong>violentia</strong></span> 
     </span>
    </p>
   </div>
   <div class='ocr_carea' id='block_1_59' title="bbox 505 4267 2090 4340">
    <p class='ocr_par' dir='ltr' id='par_1_59' title="bbox 505 4267 2090 4340">
     <span class='ocr_line' id='line_1_59' title="bbox 505 4267 2090 4340; baseline -0.001 -14"><span class='ocrx_word' id='word_1_429' title='bbox 505 4271 876 4336; x_wconf 81' lang='lat' dir='ltr'><strong>traheremur;</strong></span> <span class='ocrx_word' id='word_1_430' title='bbox 902 4268 1188 4325; x_wconf 89' lang='lat' dir='ltr'><strong>memorati</strong></span> <span class='ocrx_word' id='word_1_431' title='bbox 1205 4267 1416 4338; x_wconf 89' lang='lat' dir='ltr'><strong>judices</strong></span> <span class='ocrx_word' id='word_1_432' title='bbox 1443 4283 1475 4324; x_wconf 89' lang='lat' dir='ltr'><strong>a</strong></span> <span class='ocrx_word' id='word_1_433' title='bbox 1495 4267 1737 4339; x_wconf 84' lang='lat' dir='ltr'><strong>piissimo</strong></span> <span class='ocrx_word' id='word_1_434' title='bbox 1761 4269 2090 4340; x_wconf 89' lang='lat' dir='ltr'><strong>imperatore</strong></span> 
     </span>
    </p>
   </div>
   <div class='ocr_carea' id='block_1_60' title="bbox 505 4358 2093 4430">
    <p class='ocr_par' dir='ltr' id='par_1_60' title="bbox 505 4358 2093 4430">
     <span class='ocr_line' id='line_1_60' title="bbox 505 4358 2093 4430; baseline -0.001 -14"><span class='ocrx_word' id='word_1_435' title='bbox 505 4361 698 4417; x_wconf 86' lang='lat' dir='ltr'><strong>directi</strong></span> <span class='ocrx_word' id='word_1_436' title='bbox 722 4359 1020 4416; x_wconf 83' lang='lat' dir='ltr'><strong>voluissent</strong></span> <span class='ocrx_word' id='word_1_437' title='bbox 1047 4359 1207 4416; x_wconf 88' lang='lat' dir='ltr'><strong>nobis</strong></span> <span class='ocrx_word' id='word_1_438' title='bbox 1229 4367 1568 4417; x_wconf 87' lang='lat' dir='ltr'><strong>sacramenta</strong></span> <span class='ocrx_word' id='word_1_439' title='bbox 1596 4368 1851 4430; x_wconf 69' lang='lat' dir='ltr'><strong>prtestarc</strong></span> <span class='ocrx_word' id='word_1_440' title='bbox 1889 4379 1902 4412; x_wconf 91' lang='lat'>:</span> <span class='ocrx_word' id='word_1_441' title='bbox 1953 4358 2093 4415; x_wconf 91' lang='lat' dir='ltr'><strong>indi-</strong></span> 
     </span>
    </p>
   </div>
   <div class='ocr_carea' id='block_1_61' title="bbox 503 4451 2090 4525">
    <p class='ocr_par' dir='ltr' id='par_1_61' title="bbox 503 4451 2090 4525">
     <span class='ocr_line' id='line_1_61' title="bbox 503 4451 2090 4525; baseline 0.001 -17"><span class='ocrx_word' id='word_1_442' title='bbox 503 4452 685 4508; x_wconf 78' lang='lat' dir='ltr'><strong>culum</strong></span> <span class='ocrx_word' id='word_1_443' title='bbox 713 4451 960 4508; x_wconf 91' lang='lat' dir='ltr'><strong>dedimus</strong></span> <span class='ocrx_word' id='word_1_444' title='bbox 980 4467 1078 4522; x_wconf 89' lang='lat' dir='ltr'><strong>per</strong></span> <span class='ocrx_word' id='word_1_445' title='bbox 1095 4453 1238 4522; x_wconf 88' lang='lat' dir='ltr'><strong>quod</strong></span> <span class='ocrx_word' id='word_1_446' title='bbox 1255 4452 1371 4509; x_wconf 91' lang='lat' dir='ltr'><strong>dari</strong></span> <span class='ocrx_word' id='word_1_447' title='bbox 1393 4468 1638 4525; x_wconf 60' lang='lat' dir='ltr'><strong>personae</strong></span> <span class='ocrx_word' id='word_1_448' title='bbox 1665 4462 1861 4510; x_wconf 71' lang='lat' dir='ltr'><strong>nostra:</strong></span> <span class='ocrx_word' id='word_1_449' title='bbox 1887 4454 2090 4524; x_wconf 89' lang='lat' dir='ltr'><strong>scripto</strong></span> 
     </span>
    </p>
   </div>
   <div class='ocr_carea' id='block_1_62' title="bbox 502 4541 2092 4615">
    <p class='ocr_par' dir='ltr' id='par_1_62' title="bbox 502 4541 2092 4615">
     <span class='ocr_line' id='line_1_62' title="bbox 502 4541 2092 4615; baseline 0.001 -17"><span class='ocrx_word' id='word_1_450' title='bbox 502 4541 790 4612; x_wconf 88' lang='lat' dir='ltr'><strong>petivimus</strong></span> <span class='ocrx_word' id='word_1_451' title='bbox 831 4541 1238 4612; x_wconf 86' lang='lat' dir='ltr'><strong>jusjurandum;</strong></span> <span class='ocrx_word' id='word_1_452' title='bbox 1283 4545 1429 4614; x_wconf 91' lang='lat' dir='ltr'><strong>quod</strong></span> <span class='ocrx_word' id='word_1_453' title='bbox 1459 4545 1910 4601; x_wconf 91' lang='lat' dir='ltr'><strong>clementissimus</strong></span> <span class='ocrx_word' id='word_1_454' title='bbox 1942 4545 2092 4615; x_wconf 61' lang='lat' dir='ltr'><strong>prino</strong></span> 
     </span>
    </p>
   </div>
   <div class='ocr_carea' id='block_1_63' title="bbox 505 4631 2088 4704">
    <p class='ocr_par' dir='ltr' id='par_1_63' title="bbox 505 4631 2088 4704">
     <span class='ocr_line' id='line_1_63' title="bbox 505 4631 2088 4704; baseline 0.003 -18"><span class='ocrx_word' id='word_1_455' title='bbox 505 4647 635 4702; x_wconf 91' lang='lat' dir='ltr'><strong>ceps</strong></span> <span class='ocrx_word' id='word_1_456' title='bbox 661 4646 768 4686; x_wconf 89' lang='lat' dir='ltr'><strong>non</strong></span> <span class='ocrx_word' id='word_1_457' title='bbox 799 4631 958 4702; x_wconf 89' lang='lat' dir='ltr'><strong>quale</strong></span> <span class='ocrx_word' id='word_1_458' title='bbox 985 4647 1085 4688; x_wconf 90' lang='lat' dir='ltr'><strong>nos</strong></span> <span class='ocrx_word' id='word_1_459' title='bbox 1122 4633 1390 4689; x_wconf 88' lang='lat' dir='ltr'><strong>voluimus</strong></span> <span class='ocrx_word' id='word_1_460' title='bbox 1417 4633 1648 4704; x_wconf 70' lang='lat' dir='ltr'><strong>pneberi</strong></span> <span class='ocrx_word' id='word_1_461' title='bbox 1674 4634 1962 4698; x_wconf 91' lang='lat' dir='ltr'><strong>concessit,</strong></span> <span class='ocrx_word' id='word_1_462' title='bbox 1993 4633 2088 4690; x_wconf 87' lang='lat' dir='ltr'><strong>sed</strong></span> 
     </span>
    </p>
   </div>
   <div class='ocr_carea' id='block_1_64' title="bbox 501 4723 2092 4796">
    <p class='ocr_par' dir='ltr' id='par_1_64' title="bbox 501 4723 2092 4796">
     <span class='ocr_line' id='line_1_64' title="bbox 501 4723 2092 4796; baseline 0.004 -20"><span class='ocrx_word' id='word_1_463' title='bbox 501 4723 663 4794; x_wconf 82' lang='lat' dir='ltr'><strong>quale</strong></span> <span class='ocrx_word' id='word_1_464' title='bbox 690 4723 791 4794; x_wconf 88' lang='lat' dir='ltr'><strong>ipsi</strong></span> <span class='ocrx_word' id='word_1_465' title='bbox 820 4725 1024 4795; x_wconf 88' lang='lat' dir='ltr'><strong>placuit</strong></span> <span class='ocrx_word' id='word_1_466' title='bbox 1043 4740 1140 4796; x_wconf 90' lang='lat' dir='ltr'><strong>per</strong></span> <span class='ocrx_word' id='word_1_467' title='bbox 1162 4724 1375 4795; x_wconf 88' lang='lat' dir='ltr'><strong>judices</strong></span> <span class='ocrx_word' id='word_1_468' title='bbox 1401 4741 1530 4782; x_wconf 89' lang='lat' dir='ltr'><strong>suos</strong></span> <span class='ocrx_word' id='word_1_469' title='bbox 1565 4725 1800 4782; x_wconf 90' lang='lat' dir='ltr'><strong>dandum</strong></span> <span class='ocrx_word' id='word_1_470' title='bbox 1827 4741 1948 4782; x_wconf 91' lang='lat' dir='ltr'><strong>esse</strong></span> <span class='ocrx_word' id='word_1_471' title='bbox 1975 4727 2092 4782; x_wconf 61' lang='lat' dir='ltr'><strong>dico</strong></span> 
     </span>
    </p>
   </div>
   <div class='ocr_carea' id='block_1_65' title="bbox 503 4813 2089 4888">
    <p class='ocr_par' dir='ltr' id='par_1_65' title="bbox 503 4813 2089 4888">
     <span class='ocr_line' id='line_1_65' title="bbox 503 4813 2089 4888; baseline 0.001 -18"><span class='ocrx_word' id='word_1_472' title='bbox 503 4816 658 4871; x_wconf 92' lang='lat' dir='ltr'><strong>tavit.</strong></span> <span class='ocrx_word' id='word_1_473' title='bbox 685 4813 754 4869; x_wconf 88' lang='lat' dir='ltr'><strong>Et</strong></span> <span class='ocrx_word' id='word_1_474' title='bbox 779 4815 904 4870; x_wconf 85' lang='lat' dir='ltr'><strong>dum</strong></span> <span class='ocrx_word' id='word_1_475' title='bbox 920 4817 1190 4887; x_wconf 83' lang='lat' dir='ltr'><strong>saepedicti</strong></span> <span class='ocrx_word' id='word_1_476' title='bbox 1206 4817 1435 4888; x_wconf 88' lang='lat' dir='ltr'><strong>judices,</strong></span> <span class='ocrx_word' id='word_1_477' title='bbox 1461 4818 1642 4888; x_wconf 91' lang='lat' dir='ltr'><strong>posito</strong></span> <span class='ocrx_word' id='word_1_478' title='bbox 1665 4818 1901 4875; x_wconf 88' lang='lat' dir='ltr'><strong>iudiculo</strong></span> <span class='ocrx_word' id='word_1_479' title='bbox 1923 4834 2089 4888; x_wconf 89' lang='lat' dir='ltr'><strong>super</strong></span> 
     </span>
    </p>
   </div>
   <div class='ocr_carea' id='block_1_66' title="bbox 503 4909 2091 4981">
    <p class='ocr_par' dir='ltr' id='par_1_66' title="bbox 503 4909 2091 4981">
     <span class='ocr_line' id='line_1_66' title="bbox 503 4909 2091 4981; baseline 0.002 -19"><span class='ocrx_word' id='word_1_480' title='bbox 503 4910 694 4975; x_wconf 90' lang='lat' dir='ltr'><strong>altare,</strong></span> <span class='ocrx_word' id='word_1_481' title='bbox 724 4917 779 4964; x_wconf 90' lang='lat' dir='ltr'><strong>et</strong></span> <span class='ocrx_word' id='word_1_482' title='bbox 825 4917 1095 4966; x_wconf 82' lang='lat' dir='ltr'><strong>cataracta</strong></span> <span class='ocrx_word' id='word_1_483' title='bbox 1141 4911 1286 4966; x_wconf 89' lang='lat' dir='ltr'><strong>beati</strong></span> <span class='ocrx_word' id='word_1_484' title='bbox 1336 4909 1483 4966; x_wconf 87' lang='lat' dir='ltr'><strong>Petri</strong></span> <span class='ocrx_word' id='word_1_485' title='bbox 1531 4909 1784 4981; x_wconf 85' lang='lat' dir='ltr'><strong>apostoli,</strong></span> <span class='ocrx_word' id='word_1_486' title='bbox 1827 4918 1883 4966; x_wconf 91' lang='lat' dir='ltr'><strong>et</strong></span> <span class='ocrx_word' id='word_1_487' title='bbox 1927 4925 2091 4980; x_wconf 89' lang='lat' dir='ltr'><strong>super</strong></span> 
     </span>
    </p>
   </div>
   <div class='ocr_carea' id='block_1_67' title="bbox 503 4999 2089 5072">
    <p class='ocr_par' dir='ltr' id='par_1_67' title="bbox 503 4999 2089 5072">
     <span class='ocr_line' id='line_1_67' title="bbox 503 4999 2089 5072; baseline 0 -18"><span class='ocrx_word' id='word_1_488' title='bbox 503 5017 742 5066; x_wconf 86' lang='lat' dir='ltr'><strong>erucem,</strong></span> <span class='ocrx_word' id='word_1_489' title='bbox 766 5016 884 5070; x_wconf 69' lang='lat' dir='ltr'><strong>quae</strong></span> <span class='ocrx_word' id='word_1_490' title='bbox 907 5001 974 5056; x_wconf 90' lang='lat' dir='ltr'><strong>de</strong></span> <span class='ocrx_word' id='word_1_491' title='bbox 999 5001 1144 5070; x_wconf 84' lang='lat' dir='ltr'><strong>ligno</strong></span> <span class='ocrx_word' id='word_1_492' title='bbox 1173 5001 1437 5072; x_wconf 89' lang='lat' dir='ltr'><strong>passionis</strong></span> <span class='ocrx_word' id='word_1_493' title='bbox 1461 5000 1673 5056; x_wconf 91' lang='lat' dir='ltr'><strong>Domini</strong></span> <span class='ocrx_word' id='word_1_494' title='bbox 1697 5001 1861 5055; x_wconf 88' lang='lat' dir='ltr'><strong>habet</strong></span> <span class='ocrx_word' id='word_1_495' title='bbox 1881 4999 2089 5056; x_wconf 86' lang='lat' dir='ltr'><strong>inclau-</strong></span> 
     </span>
    </p>
   </div>
   <div class='ocr_carea' id='block_1_68' title="bbox 502 5089 2089 5161">
    <p class='ocr_par' dir='ltr' id='par_1_68' title="bbox 502 5089 2089 5161">
     <span class='ocr_line' id='line_1_68' title="bbox 502 5089 2089 5161; baseline -0.002 -15"><span class='ocrx_word' id='word_1_496' title='bbox 502 5107 640 5156; x_wconf 84' lang='lat' dir='ltr'><strong>sum,</strong></span> <span class='ocrx_word' id='word_1_497' title='bbox 669 5091 764 5146; x_wconf 88' lang='lat' dir='ltr'><strong>sed</strong></span> <span class='ocrx_word' id='word_1_498' title='bbox 793 5099 848 5145; x_wconf 88' lang='lat' dir='ltr'><strong>et</strong></span> <span class='ocrx_word' id='word_1_499' title='bbox 871 5107 1034 5161; x_wconf 87' lang='lat' dir='ltr'><strong>super</strong></span> <span class='ocrx_word' id='word_1_500' title='bbox 1063 5093 1242 5146; x_wconf 88' lang='lat' dir='ltr'><strong>claves</strong></span> <span class='ocrx_word' id='word_1_501' title='bbox 1269 5091 1414 5146; x_wconf 88' lang='lat' dir='ltr'><strong>beati</strong></span> <span class='ocrx_word' id='word_1_502' title='bbox 1442 5090 1585 5146; x_wconf 88' lang='lat' dir='ltr'><strong>Petri</strong></span> <span class='ocrx_word' id='word_1_503' title='bbox 1617 5090 1848 5160; x_wconf 88' lang='lat' dir='ltr'><strong>apostoli</strong></span> <span class='ocrx_word' id='word_1_504' title='bbox 1879 5089 2089 5160; x_wconf 55' lang='lat' dir='ltr'><strong>praesti—</strong></span> 
     </span>
    </p>
   </div>
   <div class='ocr_carea' id='block_1_69' title="bbox 504 5181 2092 5252">
    <p class='ocr_par' dir='ltr' id='par_1_69' title="bbox 504 5181 2092 5252">
     <span class='ocr_line' id='line_1_69' title="bbox 504 5181 2092 5252; baseline -0.004 -13"><span class='ocrx_word' id='word_1_505' title='bbox 504 5185 696 5240; x_wconf 87' lang='lat' dir='ltr'><strong>tissent</strong></span> <span class='ocrx_word' id='word_1_506' title='bbox 715 5184 998 5252; x_wconf 81' lang='lat' dir='ltr'><strong>corporale</strong></span> <span class='ocrx_word' id='word_1_507' title='bbox 1045 5182 1450 5252; x_wconf 88' lang='lat' dir='ltr'><strong>jusjurandum;</strong></span> <span class='ocrx_word' id='word_1_508' title='bbox 1494 5183 1562 5236; x_wconf 89' lang='lat' dir='ltr'><strong>ad</strong></span> <span class='ocrx_word' id='word_1_509' title='bbox 1596 5181 2092 5247; x_wconf 84' lang='lat' dir='ltr'><strong>Placidianas,tan-</strong></span> 
     </span>
    </p>
   </div>
   <div class='ocr_carea' id='block_1_70' title="bbox 504 5272 2090 5343">
    <p class='ocr_par' dir='ltr' id='par_1_70' title="bbox 504 5272 2090 5343">
     <span class='ocr_line' id='line_1_70' title="bbox 504 5272 2090 5343; baseline 0.001 -19"><span class='ocrx_word' id='word_1_510' title='bbox 504 5291 666 5342; x_wconf 80' lang='lat' dir='ltr'><strong>quam</strong></span> <span class='ocrx_word' id='word_1_511' title='bbox 691 5274 822 5328; x_wconf 90' lang='lat' dir='ltr'><strong>nihil</strong></span> <span class='ocrx_word' id='word_1_512' title='bbox 846 5273 970 5327; x_wconf 87' lang='lat' dir='ltr'><strong>mali</strong></span> <span class='ocrx_word' id='word_1_513' title='bbox 1001 5272 1223 5327; x_wconf 88' lang='lat' dir='ltr'><strong>ulterius</strong></span> <span class='ocrx_word' id='word_1_514' title='bbox 1243 5273 1839 5342; x_wconf 84' lang='lat' dir='ltr'><strong>patientes,secundum</strong></span> <span class='ocrx_word' id='word_1_515' title='bbox 1867 5273 2090 5343; x_wconf 83' lang='lat' dir='ltr'><strong>piissimi</strong></span> 
     </span>
    </p>
   </div>
   <div class='ocr_carea' id='block_1_71' title="bbox 505 5363 2090 5436">
    <p class='ocr_par' dir='ltr' id='par_1_71' title="bbox 505 5363 2090 5436">
     <span class='ocr_line' id='line_1_71' title="bbox 505 5363 2090 5436; baseline 0.001 -20"><span class='ocrx_word' id='word_1_516' title='bbox 505 5365 763 5433; x_wconf 78' lang='lat' dir='ltr'><strong>principis</strong></span> <span class='ocrx_word' id='word_1_517' title='bbox 802 5363 1092 5418; x_wconf 89' lang='lat' dir='ltr'><strong>redivimus</strong></span> <span class='ocrx_word' id='word_1_518' title='bbox 1117 5364 1471 5418; x_wconf 85' lang='lat' dir='ltr'><strong>voluntatem.</strong></span> <span class='ocrx_word' id='word_1_519' title='bbox 1502 5364 1560 5419; x_wconf 92' lang='lat' dir='ltr'><strong>ln</strong></span> <span class='ocrx_word' id='word_1_520' title='bbox 1605 5381 1708 5436; x_wconf 90' lang='lat' dir='ltr'><strong>qua</strong></span> <span class='ocrx_word' id='word_1_521' title='bbox 1748 5366 1874 5419; x_wconf 91' lang='lat' dir='ltr'><strong>dum</strong></span> <span class='ocrx_word' id='word_1_522' title='bbox 1925 5364 2090 5418; x_wconf 90' lang='lat' dir='ltr'><strong>multa</strong></span> 
     </span>
    </p>
   </div>
   <div class='ocr_carea' id='block_1_72' title="bbox 506 5453 2090 5524">
    <p class='ocr_par' dir='ltr' id='par_1_72' title="bbox 506 5453 2090 5524">
     <span class='ocr_line' id='line_1_72' title="bbox 506 5453 2090 5524; baseline 0.001 -20"><span class='ocrx_word' id='word_1_523' title='bbox 506 5453 645 5506; x_wconf 85' lang='lat' dir='ltr'><strong>mala</strong></span> <span class='ocrx_word' id='word_1_524' title='bbox 676 5453 1032 5506; x_wconf 88' lang='lat' dir='ltr'><strong>intolerabilia</strong></span> <span class='ocrx_word' id='word_1_525' title='bbox 1061 5453 1255 5523; x_wconf 71' lang='lat' dir='ltr'><strong>smpius</strong></span> <span class='ocrx_word' id='word_1_526' title='bbox 1285 5461 1612 5524; x_wconf 90' lang='lat' dir='ltr'><strong>pateremur,</strong></span> <span class='ocrx_word' id='word_1_527' title='bbox 1639 5469 1758 5524; x_wconf 72' lang='lat' dir='ltr'><strong>qum</strong></span> <span class='ocrx_word' id='word_1_528' title='bbox 1777 5453 1888 5523; x_wconf 87' lang='lat' dir='ltr'><strong>jam</strong></span> <span class='ocrx_word' id='word_1_529' title='bbox 1918 5453 2090 5508; x_wconf 86' lang='lat' dir='ltr'><strong>omni-</strong></span> 
     </span>
    </p>
   </div>
   <div class='ocr_carea' id='block_1_73' title="bbox 507 5539 2092 5612">
    <p class='ocr_par' dir='ltr' id='par_1_73' title="bbox 507 5539 2092 5612">
     <span class='ocr_line' id='line_1_73' title="bbox 507 5539 2092 5612; baseline 0.001 -19"><span class='ocrx_word' id='word_1_530' title='bbox 507 5545 605 5596; x_wconf 85' lang='lat' dir='ltr'><strong>bus</strong></span> <span class='ocrx_word' id='word_1_531' title='bbox 625 5550 752 5596; x_wconf 91' lang='lat' dir='ltr'><strong>nota</strong></span> <span class='ocrx_word' id='word_1_532' title='bbox 773 5555 893 5597; x_wconf 86' lang='lat' dir='ltr'><strong>esse</strong></span> <span class='ocrx_word' id='word_1_533' title='bbox 919 5539 1257 5608; x_wconf 83' lang='lat' dir='ltr'><strong>confidimus,</strong></span> <span class='ocrx_word' id='word_1_534' title='bbox 1286 5543 1571 5612; x_wconf 65' lang='lat' dir='ltr'><strong>prmdictos</strong></span> <span class='ocrx_word' id='word_1_535' title='bbox 1593 5544 1803 5612; x_wconf 87' lang='lat' dir='ltr'><strong>judices</strong></span> <span class='ocrx_word' id='word_1_536' title='bbox 1832 5551 1941 5600; x_wconf 81' lang='lat' dir='ltr'><strong>tam</strong></span> <span class='ocrx_word' id='word_1_537' title='bbox 1969 5557 2092 5596; x_wconf 90' lang='lat' dir='ltr'><strong>vcr-</strong></span> 
     </span>
    </p>
   </div>
   <div class='ocr_carea' id='block_1_74' title="bbox 508 5630 2093 5702">
    <p class='ocr_par' dir='ltr' id='par_1_74' title="bbox 508 5630 2093 5702">
     <span class='ocr_line' id='line_1_74' title="bbox 508 5630 2093 5702; baseline 0.001 -18"><span class='ocrx_word' id='word_1_538' title='bbox 508 5633 598 5696; x_wconf 86' lang='lat' dir='ltr'><strong>bo,</strong></span> <span class='ocrx_word' id='word_1_539' title='bbox 625 5630 750 5686; x_wconf 90' lang='lat' dir='ltr'><strong>dum</strong></span> <span class='ocrx_word' id='word_1_540' title='bbox 772 5631 839 5686; x_wconf 91' lang='lat' dir='ltr'><strong>ad</strong></span> <span class='ocrx_word' id='word_1_541' title='bbox 867 5646 968 5687; x_wconf 90' lang='lat' dir='ltr'><strong>nos</strong></span> <span class='ocrx_word' id='word_1_542' title='bbox 980 5631 1175 5701; x_wconf 64' lang='lat' dir='ltr'><strong>saepius</strong></span> <span class='ocrx_word' id='word_1_543' title='bbox 1198 5647 1228 5686; x_wconf 91' lang='lat' dir='ltr'><strong>a</strong></span> <span class='ocrx_word' id='word_1_544' title='bbox 1253 5631 1672 5689; x_wconf 89' lang='lat' dir='ltr'><strong>clementissimo</strong></span> <span class='ocrx_word' id='word_1_545' title='bbox 1691 5634 1915 5689; x_wconf 89' lang='lat' dir='ltr'><strong>fuissent</strong></span> <span class='ocrx_word' id='word_1_546' title='bbox 1942 5633 2093 5702; x_wconf 92' lang='lat' dir='ltr'><strong>prin-</strong></span> 
     </span>
    </p>
   </div>
   <div class='ocr_carea' id='block_1_75' title="bbox 509 5721 2091 5792">
    <p class='ocr_par' dir='ltr' id='par_1_75' title="bbox 509 5721 2091 5792">
     <span class='ocr_line' id='line_1_75' title="bbox 509 5721 2091 5792; baseline -0.001 -17"><span class='ocrx_word' id='word_1_547' title='bbox 509 5723 628 5790; x_wconf 84' lang='lat' dir='ltr'><strong>cipe</strong></span> <span class='ocrx_word' id='word_1_548' title='bbox 655 5721 925 5786; x_wconf 86' lang='lat' dir='ltr'><strong>destinati,</strong></span> <span class='ocrx_word' id='word_1_549' title='bbox 954 5735 1114 5790; x_wconf 88' lang='lat' dir='ltr'><strong>quam</strong></span> <span class='ocrx_word' id='word_1_550' title='bbox 1143 5723 1305 5777; x_wconf 88' lang='lat' dir='ltr'><strong>etiam</strong></span> <span class='ocrx_word' id='word_1_551' title='bbox 1347 5722 1561 5792; x_wconf 87' lang='lat' dir='ltr'><strong>scriptis</strong></span> <span class='ocrx_word' id='word_1_552' title='bbox 1598 5722 1802 5788; x_wconf 90' lang='lat' dir='ltr'><strong>semel,</strong></span> <span class='ocrx_word' id='word_1_553' title='bbox 1833 5721 2091 5784; x_wconf 88' lang='lat' dir='ltr'><strong>secundo,</strong></span> 
     </span>
    </p>
   </div>
   <div class='ocr_carea' id='block_1_76' title="bbox 510 5810 2090 5878">
    <p class='ocr_par' dir='ltr' id='par_1_76' title="bbox 510 5810 2090 5878">
     <span class='ocr_line' id='line_1_76' title="bbox 510 5810 2090 5878; baseline -0.001 -10"><span class='ocrx_word' id='word_1_554' title='bbox 510 5821 568 5868; x_wconf 81' lang='lat' dir='ltr'><strong>et</strong></span> <span class='ocrx_word' id='word_1_555' title='bbox 612 5811 772 5870; x_wconf 80' lang='lat' dir='ltr'><strong>tertio</strong></span> <span class='ocrx_word' id='word_1_556' title='bbox 813 5810 1138 5868; x_wconf 82' lang='lat' dir='ltr'><strong>credidimus</strong></span> <span class='ocrx_word' id='word_1_557' title='bbox 1189 5811 1608 5878; x_wconf 83' lang='lat' dir='ltr'><strong>contcslaudos,</strong></span> <span class='ocrx_word' id='word_1_558' title='bbox 1654 5822 1711 5866; x_wconf 89' lang='lat' dir='ltr'><strong>ut</strong></span> <span class='ocrx_word' id='word_1_559' title='bbox 1753 5819 2090 5870; x_wconf 87' lang='lat' dir='ltr'><strong>sacramenta</strong></span> 
     </span>
    </p>
   </div>
   <div class='ocr_carea' id='block_1_77' title="bbox 2199 1889 3786 1968">
    <p class='ocr_par' dir='ltr' id='par_1_77' title="bbox 2199 1889 3786 1968">
     <span class='ocr_line' id='line_1_77' title="bbox 2199 1889 3786 1968; baseline 0.008 -24"><span class='ocrx_word' id='word_1_560' title='bbox 2199 1889 2489 1946; x_wconf 88' lang='lat' dir='ltr'><strong>maceriem</strong></span> <span class='ocrx_word' id='word_1_561' title='bbox 2541 1890 2914 1948; x_wconf 84' lang='lat' dir='ltr'><strong>fabricantium</strong></span> <span class='ocrx_word' id='word_1_562' title='bbox 2969 1895 3199 1950; x_wconf 89' lang='lat' dir='ltr'><strong>transire</strong></span> <span class='ocrx_word' id='word_1_563' title='bbox 3241 1897 3537 1968; x_wconf 90' lang='lat' dir='ltr'><strong>compediti</strong></span> <span class='ocrx_word' id='word_1_564' title='bbox 3587 1899 3786 1958; x_wconf 88' lang='lat' dir='ltr'><strong>dolore</strong></span> 
     </span>
    </p>
   </div>
   <div class='ocr_carea' id='block_1_78' title="bbox 2198 1982 3786 2058">
    <p class='ocr_par' dir='ltr' id='par_1_78' title="bbox 2198 1982 3786 2058">
     <span class='ocr_line' id='line_1_78' title="bbox 2198 1982 3786 2058; baseline 0.009 -23"><span class='ocrx_word' id='word_1_565' title='bbox 2198 1982 2364 2038; x_wconf 88' lang='lat' dir='ltr'><strong>nimio</strong></span> <span class='ocrx_word' id='word_1_566' title='bbox 2392 1984 2444 2038; x_wconf 91' lang='lat' dir='ltr'><strong>in</strong></span> <span class='ocrx_word' id='word_1_567' title='bbox 2475 1993 2736 2040; x_wconf 91' lang='lat' dir='ltr'><strong>nocturna</strong></span> <span class='ocrx_word' id='word_1_568' title='bbox 2761 1985 3088 2042; x_wconf 84' lang='lat' dir='ltr'><strong>obscuritate</strong></span> <span class='ocrx_word' id='word_1_569' title='bbox 3108 1987 3268 2058; x_wconf 91' lang='lat' dir='ltr'><strong>positi</strong></span> <span class='ocrx_word' id='word_1_570' title='bbox 3296 2001 3632 2057; x_wconf 83' lang='lat' dir='ltr'><strong>cogeremur,</strong></span> <span class='ocrx_word' id='word_1_571' title='bbox 3655 2001 3786 2050; x_wconf 90' lang='lat' dir='ltr'><strong>tunc</strong></span> 
     </span>
    </p>
   </div>
   <div class='ocr_carea' id='block_1_79' title="bbox 2197 2075 3786 2149">
    <p class='ocr_par' dir='ltr' id='par_1_79' title="bbox 2197 2075 3786 2149">
     <span class='ocr_line' id='line_1_79' title="bbox 2197 2075 3786 2149; baseline 0.009 -21"><span class='ocrx_word' id='word_1_572' title='bbox 2197 2075 2396 2144; x_wconf 89' lang='lat' dir='ltr'><strong>poterit</strong></span> <span class='ocrx_word' id='word_1_573' title='bbox 2423 2075 2702 2131; x_wconf 88' lang='lat' dir='ltr'><strong>evidenter</strong></span> <span class='ocrx_word' id='word_1_574' title='bbox 2728 2078 2946 2146; x_wconf 76' lang='lat' dir='ltr'><strong>agnosci</strong></span> <span class='ocrx_word' id='word_1_575' title='bbox 2995 2087 3194 2149; x_wconf 89' lang='lat' dir='ltr'><strong>quanta</strong></span> <span class='ocrx_word' id='word_1_576' title='bbox 3242 2080 3397 2137; x_wconf 86' lang='lat' dir='ltr'><strong>nobis</strong></span> <span class='ocrx_word' id='word_1_577' title='bbox 3450 2081 3613 2140; x_wconf 89' lang='lat' dir='ltr'><strong>fuerit</strong></span> <span class='ocrx_word' id='word_1_578' title='bbox 3641 2094 3786 2141; x_wconf 84' lang='lat' dir='ltr'><strong>tem-</strong></span> 
     </span>
    </p>
   </div>
   <div class='ocr_carea' id='block_1_80' title="bbox 2196 2164 3782 2244">
    <p class='ocr_par' dir='ltr' id='par_1_80' title="bbox 2196 2164 3782 2244">
     <span class='ocr_line' id='line_1_80' title="bbox 2196 2164 3782 2244; baseline 0.009 -27"><span class='ocrx_word' id='word_1_579' title='bbox 2196 2165 2342 2234; x_wconf 89' lang='lat' dir='ltr'><strong>poris</strong></span> <span class='ocrx_word' id='word_1_580' title='bbox 2365 2181 2464 2235; x_wconf 93' lang='lat' dir='ltr'><strong>pro</strong></span> <span class='ocrx_word' id='word_1_581' title='bbox 2490 2165 2606 2220; x_wconf 90' lang='lat' dir='ltr'><strong>sola</strong></span> <span class='ocrx_word' id='word_1_582' title='bbox 2627 2164 2882 2223; x_wconf 65' lang='lat' dir='ltr'><strong>Ecclesiae</strong></span> <span class='ocrx_word' id='word_1_583' title='bbox 2921 2183 3084 2224; x_wconf 89' lang='lat' dir='ltr'><strong>causa</strong></span> <span class='ocrx_word' id='word_1_584' title='bbox 3111 2170 3428 2236; x_wconf 88' lang='lat' dir='ltr'><strong>necessitas,</strong></span> <span class='ocrx_word' id='word_1_585' title='bbox 3457 2181 3550 2228; x_wconf 89' lang='lat' dir='ltr'><strong>aut</strong></span> <span class='ocrx_word' id='word_1_586' title='bbox 3573 2182 3782 2244; x_wconf 85' lang='lat' dir='ltr'><strong>quanta</strong></span> 
     </span>
    </p>
   </div>
   <div class='ocr_carea' id='block_1_81' title="bbox 2195 2253 3785 2332">
    <p class='ocr_par' dir='ltr' id='par_1_81' title="bbox 2195 2253 3785 2332">
     <span class='ocr_line' id='line_1_81' title="bbox 2195 2253 3785 2332; baseline 0.008 -24"><span class='ocrx_word' id='word_1_587' title='bbox 2195 2253 2456 2322; x_wconf 87' lang='lat' dir='ltr'><strong>custodia,</strong></span> <span class='ocrx_word' id='word_1_588' title='bbox 2487 2269 2608 2325; x_wconf 77' lang='lat' dir='ltr'><strong>qua:</strong></span> <span class='ocrx_word' id='word_1_589' title='bbox 2636 2271 2736 2312; x_wconf 89' lang='lat' dir='ltr'><strong>nos</strong></span> <span class='ocrx_word' id='word_1_590' title='bbox 2763 2257 2863 2312; x_wconf 89' lang='lat' dir='ltr'><strong>sub</strong></span> <span class='ocrx_word' id='word_1_591' title='bbox 2889 2256 2983 2314; x_wconf 90' lang='lat' dir='ltr'><strong>tali</strong></span> <span class='ocrx_word' id='word_1_592' title='bbox 3036 2257 3344 2316; x_wconf 85' lang='lat' dir='ltr'><strong>discrimine</strong></span> <span class='ocrx_word' id='word_1_593' title='bbox 3380 2261 3560 2332; x_wconf 85' lang='lat' dir='ltr'><strong>coegit</strong></span> <span class='ocrx_word' id='word_1_594' title='bbox 3601 2263 3785 2321; x_wconf 81' lang='lat' dir='ltr'><strong>disce-</strong></span> 
     </span>
    </p>
   </div>
   <div class='ocr_carea' id='block_1_82' title="bbox 2193 2344 3785 2423">
    <p class='ocr_par' dir='ltr' id='par_1_82' title="bbox 2193 2344 3785 2423">
     <span class='ocr_line' id='line_1_82' title="bbox 2193 2344 3785 2423; baseline 0.009 -24"><span class='ocrx_word' id='word_1_595' title='bbox 2193 2345 2340 2400; x_wconf 89' lang='lat' dir='ltr'><strong>dere.</strong></span> <span class='ocrx_word' id='word_1_596' title='bbox 2372 2344 2482 2401; x_wconf 89' lang='lat' dir='ltr'><strong>Sed</strong></span> <span class='ocrx_word' id='word_1_597' title='bbox 2509 2361 2577 2401; x_wconf 92' lang='lat' dir='ltr'><strong>ne</strong></span> <span class='ocrx_word' id='word_1_598' title='bbox 2603 2347 2724 2418; x_wconf 86' lang='lat' dir='ltr'><strong>quis</strong></span> <span class='ocrx_word' id='word_1_599' title='bbox 2751 2345 2997 2416; x_wconf 86' lang='lat' dir='ltr'><strong>forsitan,</strong></span> <span class='ocrx_word' id='word_1_600' title='bbox 3037 2358 3098 2406; x_wconf 89' lang='lat' dir='ltr'><strong>ut</strong></span> <span class='ocrx_word' id='word_1_601' title='bbox 3140 2359 3225 2407; x_wconf 91' lang='lat' dir='ltr'><strong>est</strong></span> <span class='ocrx_word' id='word_1_602' title='bbox 3249 2367 3628 2423; x_wconf 86' lang='lat' dir='ltr'><strong>perversorum</strong></span> <span class='ocrx_word' id='word_1_603' title='bbox 3683 2357 3785 2414; x_wconf 87' lang='lat' dir='ltr'><strong>bo-</strong></span> 
     </span>
    </p>
   </div>
   <div class='ocr_carea' id='block_1_83' title="bbox 2194 2435 3785 2514">
    <p class='ocr_par' dir='ltr' id='par_1_83' title="bbox 2194 2435 3785 2514">
     <span class='ocr_line' id='line_1_83' title="bbox 2194 2435 3785 2514; baseline 0.009 -26"><span class='ocrx_word' id='word_1_604' title='bbox 2194 2435 2396 2490; x_wconf 86' lang='lat' dir='ltr'><strong>minum</strong></span> <span class='ocrx_word' id='word_1_605' title='bbox 2439 2435 2673 2502; x_wconf 88' lang='lat' dir='ltr'><strong>malitia,</strong></span> <span class='ocrx_word' id='word_1_606' title='bbox 2719 2437 2789 2492; x_wconf 89' lang='lat' dir='ltr'><strong>de</strong></span> <span class='ocrx_word' id='word_1_607' title='bbox 2847 2438 3229 2509; x_wconf 68' lang='lat' dir='ltr'><strong>prredicatione</strong></span> <span class='ocrx_word' id='word_1_608' title='bbox 3286 2451 3470 2498; x_wconf 90' lang='lat' dir='ltr'><strong>nostra</strong></span> <span class='ocrx_word' id='word_1_609' title='bbox 3511 2444 3785 2514; x_wconf 79' lang='lat' dir='ltr'><strong>religiosis</strong></span> 
     </span>
    </p>
   </div>
   <div class='ocr_carea' id='block_1_84' title="bbox 2194 2525 3782 2603">
    <p class='ocr_par' dir='ltr' id='par_1_84' title="bbox 2194 2525 3782 2603">
     <span class='ocr_line' id='line_1_84' title="bbox 2194 2525 3782 2603; baseline 0.008 -23"><span class='ocrx_word' id='word_1_610' title='bbox 2194 2525 2388 2581; x_wconf 87' lang='lat' dir='ltr'><strong>animis</strong></span> <span class='ocrx_word' id='word_1_611' title='bbox 2459 2543 2524 2582; x_wconf 89' lang='lat' dir='ltr'><strong>ac</strong></span> <span class='ocrx_word' id='word_1_612' title='bbox 2580 2527 2748 2582; x_wconf 88' lang='lat' dir='ltr'><strong>Deum</strong></span> <span class='ocrx_word' id='word_1_613' title='bbox 2822 2529 3134 2587; x_wconf 91' lang='lat' dir='ltr'><strong>timentibus</strong></span> <span class='ocrx_word' id='word_1_614' title='bbox 3213 2532 3393 2602; x_wconf 89' lang='lat' dir='ltr'><strong>aliqua</strong></span> <span class='ocrx_word' id='word_1_615' title='bbox 3464 2536 3782 2603; x_wconf 89' lang='lat' dir='ltr'><strong>mentiatur,</strong></span> 
     </span>
    </p>
   </div>
   <div class='ocr_carea' id='block_1_85' title="bbox 2197 2613 3783 2694">
    <p class='ocr_par' dir='ltr' id='par_1_85' title="bbox 2197 2613 3783 2694">
     <span class='ocr_line' id='line_1_85' title="bbox 2197 2613 3783 2694; baseline 0.011 -28"><span class='ocrx_word' id='word_1_616' title='bbox 2197 2613 2318 2668; x_wconf 84' lang='lat' dir='ltr'><strong>fidei</strong></span> <span class='ocrx_word' id='word_1_617' title='bbox 2367 2623 2564 2670; x_wconf 75' lang='lat' dir='ltr'><strong>nostra:</strong></span> <span class='ocrx_word' id='word_1_618' title='bbox 2625 2617 3060 2689; x_wconf 67' lang='lat' dir='ltr'><strong>[medicationem</strong></span> <span class='ocrx_word' id='word_1_619' title='bbox 3125 2621 3250 2678; x_wconf 92' lang='lat' dir='ltr'><strong>huic</strong></span> <span class='ocrx_word' id='word_1_620' title='bbox 3295 2638 3474 2694; x_wconf 67' lang='lat' dir='ltr'><strong>parvae</strong></span> <span class='ocrx_word' id='word_1_621' title='bbox 3527 2626 3783 2684; x_wconf 86' lang='lat' dir='ltr'><strong>relationi</strong></span> 
     </span>
    </p>
   </div>
   <div class='ocr_carea' id='block_1_86' title="bbox 2195 2706 3778 2787">
    <p class='ocr_par' dir='ltr' id='par_1_86' title="bbox 2195 2706 3778 2787">
     <span class='ocr_line' id='line_1_86' title="bbox 2195 2706 3778 2787; baseline 0.01 -28"><span class='ocrx_word' id='word_1_622' title='bbox 2195 2706 2458 2762; x_wconf 90' lang='lat' dir='ltr'><strong>malorum</strong></span> <span class='ocrx_word' id='word_1_623' title='bbox 2478 2721 2598 2777; x_wconf 68' lang='lat' dir='ltr'><strong>qum</strong></span> <span class='ocrx_word' id='word_1_624' title='bbox 2628 2709 2942 2779; x_wconf 85' lang='lat' dir='ltr'><strong>pertulimus</strong></span> <span class='ocrx_word' id='word_1_625' title='bbox 2969 2711 3296 2770; x_wconf 87' lang='lat' dir='ltr'><strong>credidimus</strong></span> <span class='ocrx_word' id='word_1_626' title='bbox 3329 2715 3778 2787; x_wconf 86' lang='lat' dir='ltr'><strong>subjungendam.</strong></span> 
     </span>
    </p>
   </div>
   <div class='ocr_carea' id='block_1_87' title="bbox 2196 2796 3783 2879">
    <p class='ocr_par' dir='ltr' id='par_1_87' title="bbox 2196 2796 3783 2879">
     <span class='ocr_line' id='line_1_87' title="bbox 2196 2796 3783 2879; baseline 0.012 -29"><span class='ocrx_word' id='word_1_627' title='bbox 2196 2796 2381 2852; x_wconf 83' lang='lat' dir='ltr'><strong>Sciant</strong></span> <span class='ocrx_word' id='word_1_628' title='bbox 2421 2798 2582 2868; x_wconf 80' lang='lat' dir='ltr'><strong>igitur</strong></span> <span class='ocrx_word' id='word_1_629' title='bbox 2610 2801 2842 2857; x_wconf 90' lang='lat' dir='ltr'><strong>universi</strong></span> <span class='ocrx_word' id='word_1_630' title='bbox 2872 2819 2970 2859; x_wconf 90' lang='lat' dir='ltr'><strong>nos</strong></span> <span class='ocrx_word' id='word_1_631' title='bbox 2999 2804 3140 2859; x_wconf 91' lang='lat' dir='ltr'><strong>illam</strong></span> <span class='ocrx_word' id='word_1_632' title='bbox 3168 2806 3325 2862; x_wconf 87' lang='lat' dir='ltr'><strong>fidem</strong></span> <span class='ocrx_word' id='word_1_633' title='bbox 3355 2809 3666 2879; x_wconf 64' lang='lat' dir='ltr'><strong>praedicare,</strong></span> <span class='ocrx_word' id='word_1_634' title='bbox 3699 2820 3783 2868; x_wconf 82' lang='lat' dir='ltr'><strong>te-</strong></span> 
     </span>
    </p>
   </div>
   <div class='ocr_carea' id='block_1_88' title="bbox 2196 2889 3780 2969">
    <p class='ocr_par' dir='ltr' id='par_1_88' title="bbox 2196 2889 3780 2969">
     <span class='ocr_line' id='line_1_88' title="bbox 2196 2889 3780 2969; baseline 0.009 -27"><span class='ocrx_word' id='word_1_635' title='bbox 2196 2902 2328 2944; x_wconf 91' lang='lat' dir='ltr'><strong>nere</strong></span> <span class='ocrx_word' id='word_1_636' title='bbox 2379 2897 2540 2960; x_wconf 90' lang='lat' dir='ltr'><strong>atque</strong></span> <span class='ocrx_word' id='word_1_637' title='bbox 2584 2889 2890 2960; x_wconf 87' lang='lat' dir='ltr'><strong>defendere,</strong></span> <span class='ocrx_word' id='word_1_638' title='bbox 2920 2910 3081 2966; x_wconf 90' lang='lat' dir='ltr'><strong>quam</strong></span> <span class='ocrx_word' id='word_1_639' title='bbox 3119 2896 3188 2952; x_wconf 91' lang='lat' dir='ltr'><strong>ab</strong></span> <span class='ocrx_word' id='word_1_640' title='bbox 3216 2899 3475 2968; x_wconf 89' lang='lat' dir='ltr'><strong>apostolis</strong></span> <span class='ocrx_word' id='word_1_641' title='bbox 3506 2901 3780 2969; x_wconf 83' lang='lat' dir='ltr'><strong>traditam,</strong></span> 
     </span>
    </p>
   </div>
   <div class='ocr_carea' id='block_1_89' title="bbox 2196 2983 3783 3059">
    <p class='ocr_par' dir='ltr' id='par_1_89' title="bbox 2196 2983 3783 3059">
     <span class='ocr_line' id='line_1_89' title="bbox 2196 2983 3783 3059; baseline 0.009 -28"><span class='ocrx_word' id='word_1_642' title='bbox 2196 2987 2252 3032; x_wconf 90' lang='lat' dir='ltr'><strong>et</strong></span> <span class='ocrx_word' id='word_1_643' title='bbox 2279 2993 2376 3047; x_wconf 90' lang='lat' dir='ltr'><strong>per</strong></span> <span class='ocrx_word' id='word_1_644' title='bbox 2401 2994 2744 3036; x_wconf 91' lang='lat' dir='ltr'><strong>successores</strong></span> <span class='ocrx_word' id='word_1_645' title='bbox 2783 2996 2968 3038; x_wconf 89' lang='lat' dir='ltr'><strong>eorum</strong></span> <span class='ocrx_word' id='word_1_646' title='bbox 3014 2983 3392 3043; x_wconf 88' lang='lat' dir='ltr'><strong>inviolabiliter</strong></span> <span class='ocrx_word' id='word_1_647' title='bbox 3435 2991 3783 3059; x_wconf 88' lang='lat' dir='ltr'><strong>custoditam,</strong></span> 
     </span>
    </p>
   </div>
   <div class='ocr_carea' id='block_1_90' title="bbox 2199 3068 3784 3151">
    <p class='ocr_par' dir='ltr' id='par_1_90' title="bbox 2199 3068 3784 3151">
     <span class='ocr_line' id='line_1_90' title="bbox 2199 3068 3784 3151; baseline 0.009 -29"><span class='ocrx_word' id='word_1_648' title='bbox 2199 3068 2492 3124; x_wconf 90' lang='lat' dir='ltr'><strong>reverenda</strong></span> <span class='ocrx_word' id='word_1_649' title='bbox 2514 3068 2726 3126; x_wconf 78' lang='lat' dir='ltr'><strong>Nicarna</strong></span> <span class='ocrx_word' id='word_1_650' title='bbox 2752 3069 3104 3144; x_wconf 78' lang='lat' dir='ltr'><strong>synodns3l8</strong></span> <span class='ocrx_word' id='word_1_651' title='bbox 3128 3073 3342 3132; x_wconf 83' lang='lat' dir='ltr'><strong>Patrum</strong></span> <span class='ocrx_word' id='word_1_652' title='bbox 3363 3089 3551 3135; x_wconf 79' lang='lat' dir='ltr'><strong>saneto</strong></span> <span class='ocrx_word' id='word_1_653' title='bbox 3575 3079 3633 3151; x_wconf 58' lang='lat' dir='ltr'><strong>S,</strong></span> <span class='ocrx_word' id='word_1_654' title='bbox 3654 3082 3784 3136; x_wconf 91' lang='lat' dir='ltr'><strong>iritu</strong></span> 
     </span>
    </p>
   </div>
   <div class='ocr_carea' id='block_1_91' title="bbox 2199 3159 3784 3242">
    <p class='ocr_par' dir='ltr' id='par_1_91' title="bbox 2199 3159 3784 3242">
     <span class='ocr_line' id='line_1_91' title="bbox 2199 3159 3784 3242; baseline 0.013 -30"><span class='ocrx_word' id='word_1_655' title='bbox 2199 3159 2300 3214; x_wconf 89' lang='lat' dir='ltr'><strong>sibi</strong></span> <span class='ocrx_word' id='word_1_656' title='bbox 2347 3161 2620 3218; x_wconf 88' lang='lat' dir='ltr'><strong>revelante</strong></span> <span class='ocrx_word' id='word_1_657' title='bbox 2647 3165 2946 3235; x_wconf 91' lang='lat' dir='ltr'><strong>suscipiens</strong></span> <span class='ocrx_word' id='word_1_658' title='bbox 2991 3168 3198 3239; x_wconf 87' lang='lat' dir='ltr'><strong>redegit</strong></span> <span class='ocrx_word' id='word_1_659' title='bbox 3249 3169 3302 3224; x_wconf 91' lang='lat' dir='ltr'><strong>in</strong></span> <span class='ocrx_word' id='word_1_660' title='bbox 3343 3172 3641 3242; x_wconf 85' lang='lat' dir='ltr'><strong>symbolum</strong></span> <span class='ocrx_word' id='word_1_661' title='bbox 3673 3192 3688 3226; x_wconf 91' lang='lat'>:</span> <span class='ocrx_word' id='word_1_662' title='bbox 3718 3191 3784 3232; x_wconf 90' lang='lat' dir='ltr'><strong>ac</strong></span> 
     </span>
    </p>
   </div>
   <div class='ocr_carea' id='block_1_92' title="bbox 2119 3241 3786 3338">
    <p class='ocr_par' dir='ltr' id='par_1_92' title="bbox 2119 3241 3786 3338">
     <span class='ocr_line' id='line_1_92' title="bbox 2119 3241 3786 3338; baseline 0.013 -37"><span class='ocrx_word' id='word_1_663' title='bbox 2119 3241 2164 3301; x_wconf 85' lang='lat' dir='ltr'>C</span> <span class='ocrx_word' id='word_1_664' title='bbox 2196 3249 2387 3306; x_wconf 90' lang='lat' dir='ltr'><strong>deinde</strong></span> <span class='ocrx_word' id='word_1_665' title='bbox 2407 3259 2517 3308; x_wconf 89' lang='lat' dir='ltr'><strong>tres</strong></span> <span class='ocrx_word' id='word_1_666' title='bbox 2545 3253 2664 3309; x_wconf 75' lang='lat' dir='ltr'><strong>aliae</strong></span> <span class='ocrx_word' id='word_1_667' title='bbox 2691 3265 2890 3312; x_wconf 64' lang='lat' dir='ltr'><strong>sancte</strong></span> <span class='ocrx_word' id='word_1_668' title='bbox 2915 3259 3126 3329; x_wconf 85' lang='lat' dir='ltr'><strong>synodi,</strong></span> <span class='ocrx_word' id='word_1_669' title='bbox 3148 3260 3198 3315; x_wconf 85' lang='lat' dir='ltr'><strong>id</strong></span> <span class='ocrx_word' id='word_1_670' title='bbox 3221 3270 3302 3316; x_wconf 90' lang='lat' dir='ltr'><strong>est</strong></span> <span class='ocrx_word' id='word_1_671' title='bbox 3325 3261 3786 3338; x_wconf 81' lang='lat' dir='ltr'><strong>Constantinopo-</strong></span> 
     </span>
    </p>
   </div>
   <div class='ocr_carea' id='block_1_93' title="bbox 2197 3339 3785 3420">
    <p class='ocr_par' dir='ltr' id='par_1_93' title="bbox 2197 3339 3785 3420">
     <span class='ocr_line' id='line_1_93' title="bbox 2197 3339 3785 3420; baseline 0.013 -26"><span class='ocrx_word' id='word_1_672' title='bbox 2197 3339 2361 3395; x_wconf 89' lang='lat' dir='ltr'><strong>litana</strong></span> <span class='ocrx_word' id='word_1_673' title='bbox 2394 3341 2496 3398; x_wconf 68' lang='lat'><strong>150</strong></span> <span class='ocrx_word' id='word_1_674' title='bbox 2523 3343 2740 3400; x_wconf 86' lang='lat' dir='ltr'><strong>Patrum</strong></span> <span class='ocrx_word' id='word_1_675' title='bbox 2785 3348 2884 3403; x_wconf 90' lang='lat' dir='ltr'><strong>sub</strong></span> <span class='ocrx_word' id='word_1_676' title='bbox 2913 3349 3011 3420; x_wconf 67' lang='lat' dir='ltr'><strong>piae</strong></span> <span class='ocrx_word' id='word_1_677' title='bbox 3040 3353 3312 3407; x_wconf 73' lang='lat' dir='ltr'><strong>memoria:</strong></span> <span class='ocrx_word' id='word_1_678' title='bbox 3342 3351 3649 3412; x_wconf 85' lang='lat' dir='ltr'><strong>Theodosio</strong></span> <span class='ocrx_word' id='word_1_679' title='bbox 3693 3373 3785 3414; x_wconf 86' lang='lat' dir='ltr'><strong>se-</strong></span> 
     </span>
    </p>
   </div>
   <div class='ocr_carea' id='block_1_94' title="bbox 2198 3435 3792 3514">
    <p class='ocr_par' dir='ltr' id='par_1_94' title="bbox 2198 3435 3792 3514">
     <span class='ocr_line' id='line_1_94' title="bbox 2198 3435 3792 3514; baseline 0.011 -26"><span class='ocrx_word' id='word_1_680' title='bbox 2198 3435 2350 3489; x_wconf 90' lang='lat' dir='ltr'><strong>niore</strong></span> <span class='ocrx_word' id='word_1_681' title='bbox 2394 3436 2638 3508; x_wconf 91' lang='lat' dir='ltr'><strong>principe</strong></span> <span class='ocrx_word' id='word_1_682' title='bbox 2667 3437 2822 3504; x_wconf 87' lang='lat' dir='ltr'><strong>facta,</strong></span> <span class='ocrx_word' id='word_1_683' title='bbox 2876 3448 2932 3495; x_wconf 90' lang='lat' dir='ltr'><strong>et</strong></span> <span class='ocrx_word' id='word_1_684' title='bbox 2958 3439 3227 3512; x_wconf 83' lang='lat' dir='ltr'><strong>Ephesina</strong></span> <span class='ocrx_word' id='word_1_685' title='bbox 3255 3446 3449 3514; x_wconf 89' lang='lat' dir='ltr'><strong>prima,</strong></span> <span class='ocrx_word' id='word_1_686' title='bbox 3479 3447 3566 3503; x_wconf 92' lang='lat' dir='ltr'><strong>cui</strong></span> <span class='ocrx_word' id='word_1_687' title='bbox 3611 3448 3792 3506; x_wconf 69' lang='lat' dir='ltr'><strong>beatte</strong></span> 
     </span>
    </p>
   </div>
   <div class='ocr_carea' id='block_1_95' title="bbox 2197 3525 3786 3610">
    <p class='ocr_par' dir='ltr' id='par_1_95' title="bbox 2197 3525 3786 3610">
     <span class='ocr_line' id='line_1_95' title="bbox 2197 3525 3786 3610; baseline 0.01 -32"><span class='ocrx_word' id='word_1_688' title='bbox 2197 3525 2472 3580; x_wconf 62' lang='lat' dir='ltr'><strong>memoriae</strong></span> <span class='ocrx_word' id='word_1_689' title='bbox 2495 3541 2628 3596; x_wconf 90' lang='lat' dir='ltr'><strong>papa</strong></span> <span class='ocrx_word' id='word_1_690' title='bbox 2659 3525 2978 3585; x_wconf 81' lang='lat' dir='ltr'><strong>leestinns</strong></span> <span class='ocrx_word' id='word_1_691' title='bbox 3004 3530 3258 3588; x_wconf 85' lang='lat' dir='ltr'><strong>decessor</strong></span> <span class='ocrx_word' id='word_1_692' title='bbox 3295 3545 3496 3603; x_wconf 92' lang='lat' dir='ltr'><strong>noster,</strong></span> <span class='ocrx_word' id='word_1_693' title='bbox 3524 3545 3578 3592; x_wconf 89' lang='lat' dir='ltr'><strong>et</strong></span> <span class='ocrx_word' id='word_1_694' title='bbox 3605 3536 3786 3610; x_wconf 83' lang='lat' dir='ltr'><strong>Cyril-</strong></span> 
     </span>
    </p>
   </div>
   <div class='ocr_carea' id='block_1_96' title="bbox 2198 3615 3788 3694">
    <p class='ocr_par' dir='ltr' id='par_1_96' title="bbox 2198 3615 3788 3694">
     <span class='ocr_line' id='line_1_96' title="bbox 2198 3615 3788 3694; baseline 0.009 -25"><span class='ocrx_word' id='word_1_695' title='bbox 2198 3616 2280 3670; x_wconf 92' lang='lat' dir='ltr'><strong>lus</strong></span> <span class='ocrx_word' id='word_1_696' title='bbox 2320 3615 2711 3675; x_wconf 79' lang='lat' dir='ltr'><strong>Alexandrinus</strong></span> <span class='ocrx_word' id='word_1_697' title='bbox 2761 3621 3068 3692; x_wconf 86' lang='lat' dir='ltr'><strong>episcopus,</strong></span> <span class='ocrx_word' id='word_1_698' title='bbox 3124 3624 3536 3694; x_wconf 65' lang='lat' dir='ltr'><strong>praesederunt;</strong></span> <span class='ocrx_word' id='word_1_699' title='bbox 3585 3627 3682 3684; x_wconf 90' lang='lat' dir='ltr'><strong>scd</strong></span> <span class='ocrx_word' id='word_1_700' title='bbox 3731 3641 3788 3686; x_wconf 84' lang='lat' dir='ltr'><strong>et</strong></span> 
     </span>
    </p>
   </div>
   <div class='ocr_carea' id='block_1_97' title="bbox 2195 3708 3788 3792">
    <p class='ocr_par' dir='ltr' id='par_1_97' title="bbox 2195 3708 3788 3792">
     <span class='ocr_line' id='line_1_97' title="bbox 2195 3708 3788 3792; baseline 0.01 -29"><span class='ocrx_word' id='word_1_701' title='bbox 2195 3708 2652 3766; x_wconf 88' lang='lat' dir='ltr'><strong>Chalcedonensis</strong></span> <span class='ocrx_word' id='word_1_702' title='bbox 2677 3711 2781 3767; x_wconf 81' lang='grc'><strong>650</strong></span> <span class='ocrx_word' id='word_1_703' title='bbox 2807 3712 3046 3783; x_wconf 87' lang='lat' dir='ltr'><strong>Patrum,</strong></span> <span class='ocrx_word' id='word_1_704' title='bbox 3077 3732 3196 3787; x_wconf 77' lang='lat' dir='ltr'><strong>qua:</strong></span> <span class='ocrx_word' id='word_1_705' title='bbox 3223 3718 3320 3774; x_wconf 88' lang='lat' dir='ltr'><strong>sub</strong></span> <span class='ocrx_word' id='word_1_706' title='bbox 3360 3720 3462 3792; x_wconf 76' lang='lat' dir='ltr'><strong>pia:</strong></span> <span class='ocrx_word' id='word_1_707' title='bbox 3508 3724 3788 3779; x_wconf 59' lang='lat' dir='ltr'><strong>memoriae</strong></span> 
     </span>
    </p>
   </div>
   <div class='ocr_carea' id='block_1_98' title="bbox 2194 3798 3787 3879">
    <p class='ocr_par' dir='ltr' id='par_1_98' title="bbox 2194 3798 3787 3879">
     <span class='ocr_line' id='line_1_98' title="bbox 2194 3798 3787 3879; baseline 0.009 -25"><span class='ocrx_word' id='word_1_708' title='bbox 2194 3798 2468 3857; x_wconf 78' lang='lat' dir='ltr'><strong>Marciano</strong></span> <span class='ocrx_word' id='word_1_709' title='bbox 2497 3801 2822 3872; x_wconf 90' lang='lat' dir='ltr'><strong>imperatore</strong></span> <span class='ocrx_word' id='word_1_710' title='bbox 2847 3807 3118 3874; x_wconf 90' lang='lat' dir='ltr'><strong>convenit,</strong></span> <span class='ocrx_word' id='word_1_711' title='bbox 3151 3809 3343 3879; x_wconf 91' lang='lat' dir='ltr'><strong>cuique</strong></span> <span class='ocrx_word' id='word_1_712' title='bbox 3367 3819 3569 3866; x_wconf 74' lang='lat' dir='ltr'><strong>sancta:</strong></span> <span class='ocrx_word' id='word_1_713' title='bbox 3597 3827 3787 3868; x_wconf 82' lang='lat' dir='ltr'><strong>recor—</strong></span> 
     </span>
    </p>
   </div>
   <div class='ocr_carea' id='block_1_99' title="bbox 2195 3891 3788 3971">
    <p class='ocr_par' dir='ltr' id='par_1_99' title="bbox 2195 3891 3788 3971">
     <span class='ocr_line' id='line_1_99' title="bbox 2195 3891 3788 3971; baseline 0.009 -26"><span class='ocrx_word' id='word_1_714' title='bbox 2195 3891 2427 3947; x_wconf 88' lang='lat' dir='ltr'><strong>dationis</strong></span> <span class='ocrx_word' id='word_1_715' title='bbox 2455 3891 2710 3949; x_wconf 90' lang='lat' dir='ltr'><strong>decessor</strong></span> <span class='ocrx_word' id='word_1_716' title='bbox 2759 3903 2944 3951; x_wconf 90' lang='lat' dir='ltr'><strong>noster</strong></span> <span class='ocrx_word' id='word_1_717' title='bbox 2967 3912 3106 3968; x_wconf 91' lang='lat' dir='ltr'><strong>papa</strong></span> <span class='ocrx_word' id='word_1_718' title='bbox 3150 3895 3260 3954; x_wconf 90' lang='lat' dir='ltr'><strong>Leo</strong></span> <span class='ocrx_word' id='word_1_719' title='bbox 3306 3915 3403 3971; x_wconf 91' lang='lat' dir='ltr'><strong>per</strong></span> <span class='ocrx_word' id='word_1_720' title='bbox 3426 3900 3633 3969; x_wconf 76' lang='lat' dir='ltr'><strong>legatos</strong></span> <span class='ocrx_word' id='word_1_721' title='bbox 3653 3917 3788 3959; x_wconf 88' lang='lat' dir='ltr'><strong>suos</strong></span> 
     </span>
    </p>
   </div>
   <div class='ocr_carea' id='block_1_100' title="bbox 2195 3981 3784 4058">
    <p class='ocr_par' dir='ltr' id='par_1_100' title="bbox 2195 3981 3784 4058">
     <span class='ocr_line' id='line_1_100' title="bbox 2195 3981 3784 4058; baseline 0.009 -24"><span class='ocrx_word' id='word_1_722' title='bbox 2195 3981 2536 4054; x_wconf 88' lang='lat' dir='ltr'><strong>vicariosque</strong></span> <span class='ocrx_word' id='word_1_723' title='bbox 2562 3985 2829 4054; x_wconf 63' lang='lat' dir='ltr'><strong>praesedit,</strong></span> <span class='ocrx_word' id='word_1_724' title='bbox 2876 3994 2931 4042; x_wconf 90' lang='lat' dir='ltr'><strong>et</strong></span> <span class='ocrx_word' id='word_1_725' title='bbox 2959 3995 3119 4058; x_wconf 91' lang='lat' dir='ltr'><strong>prout</strong></span> <span class='ocrx_word' id='word_1_726' title='bbox 3143 3987 3470 4047; x_wconf 87' lang='lat' dir='ltr'><strong>diversarum</strong></span> <span class='ocrx_word' id='word_1_727' title='bbox 3517 3992 3784 4048; x_wconf 67' lang='lat' dir='ltr'><strong>haercsum</strong></span> 
     </span>
    </p>
   </div>
   <div class='ocr_carea' id='block_1_101' title="bbox 2195 4075 3786 4146">
    <p class='ocr_par' dir='ltr' id='par_1_101' title="bbox 2195 4075 3786 4146">
     <span class='ocr_line' id='line_1_101' title="bbox 2195 4075 3786 4146; baseline 0.008 -18"><span class='ocrx_word' id='word_1_728' title='bbox 2195 4075 2500 4130; x_wconf 89' lang='lat' dir='ltr'><strong>damnanda</strong></span> <span class='ocrx_word' id='word_1_729' title='bbox 2551 4076 2800 4146; x_wconf 78' lang='lat' dir='ltr'><strong>exigebat</strong></span> <span class='ocrx_word' id='word_1_730' title='bbox 2856 4077 3174 4145; x_wconf 89' lang='lat' dir='ltr'><strong>adversitas,</strong></span> <span class='ocrx_word' id='word_1_731' title='bbox 3206 4081 3452 4138; x_wconf 89' lang='lat' dir='ltr'><strong>eamdem</strong></span> <span class='ocrx_word' id='word_1_732' title='bbox 3483 4081 3642 4137; x_wconf 83' lang='lat' dir='ltr'><strong>fidem</strong></span> <span class='ocrx_word' id='word_1_733' title='bbox 3673 4099 3786 4141; x_wconf 88' lang='lat' dir='ltr'><strong>uno</strong></span> 
     </span>
    </p>
   </div>
   <div class='ocr_carea' id='block_1_102' title="bbox 2195 4163 3786 4237">
    <p class='ocr_par' dir='ltr' id='par_1_102' title="bbox 2195 4163 3786 4237">
     <span class='ocr_line' id='line_1_102' title="bbox 2195 4163 3786 4237; baseline 0.006 -19"><span class='ocrx_word' id='word_1_734' title='bbox 2195 4163 2494 4234; x_wconf 88' lang='lat' dir='ltr'><strong>eodemque</strong></span> <span class='ocrx_word' id='word_1_735' title='bbox 2521 4179 2682 4222; x_wconf 88' lang='lat' dir='ltr'><strong>sensu</strong></span> <span class='ocrx_word' id='word_1_736' title='bbox 2722 4174 2885 4236; x_wconf 90' lang='lat' dir='ltr'><strong>atque</strong></span> <span class='ocrx_word' id='word_1_737' title='bbox 2937 4167 3128 4237; x_wconf 90' lang='lat' dir='ltr'><strong>spiritu</strong></span> <span class='ocrx_word' id='word_1_738' title='bbox 3157 4169 3496 4226; x_wconf 87' lang='lat' dir='ltr'><strong>declarantes</strong></span> <span class='ocrx_word' id='word_1_739' title='bbox 3523 4171 3786 4228; x_wconf 88' lang='lat' dir='ltr'><strong>latissime</strong></span> 
     </span>
    </p>
   </div>
   <div class='ocr_carea' id='block_1_103' title="bbox 2194 4256 3784 4329">
    <p class='ocr_par' dir='ltr' id='par_1_103' title="bbox 2194 4256 3784 4329">
     <span class='ocr_line' id='line_1_103' title="bbox 2194 4256 3784 4329; baseline 0.005 -18"><span class='ocrx_word' id='word_1_740' title='bbox 2194 4256 2497 4312; x_wconf 86' lang='lat' dir='ltr'><strong>ediderunt.</strong></span> <span class='ocrx_word' id='word_1_741' title='bbox 2521 4257 2657 4314; x_wconf 82' lang='lat' dir='ltr'><strong>Hinc</strong></span> <span class='ocrx_word' id='word_1_742' title='bbox 2679 4267 2764 4314; x_wconf 92' lang='lat' dir='ltr'><strong>est</strong></span> <span class='ocrx_word' id='word_1_743' title='bbox 2786 4259 2932 4329; x_wconf 89' lang='lat' dir='ltr'><strong>quod</strong></span> <span class='ocrx_word' id='word_1_744' title='bbox 2956 4260 3094 4317; x_wconf 91' lang='lat' dir='ltr'><strong>Deus</strong></span> <span class='ocrx_word' id='word_1_745' title='bbox 3114 4271 3299 4317; x_wconf 92' lang='lat' dir='ltr'><strong>noster</strong></span> <span class='ocrx_word' id='word_1_746' title='bbox 3325 4271 3513 4318; x_wconf 90' lang='lat' dir='ltr'><strong>contra</strong></span> <span class='ocrx_word' id='word_1_747' title='bbox 3537 4279 3784 4319; x_wconf 87' lang='lat' dir='ltr'><strong>errorum</strong></span> 
     </span>
    </p>
   </div>
   <div class='ocr_carea' id='block_1_104' title="bbox 2194 4346 3784 4420">
    <p class='ocr_par' dir='ltr' id='par_1_104' title="bbox 2194 4346 3784 4420">
     <span class='ocr_line' id='line_1_104' title="bbox 2194 4346 3784 4420; baseline 0.004 -18"><span class='ocrx_word' id='word_1_748' title='bbox 2194 4346 2501 4417; x_wconf 86' lang='lat' dir='ltr'><strong>hujusmodi</strong></span> <span class='ocrx_word' id='word_1_749' title='bbox 2543 4346 2808 4404; x_wconf 74' lang='lat' dir='ltr'><strong>feritatem</strong></span> <span class='ocrx_word' id='word_1_750' title='bbox 2847 4350 3119 4420; x_wconf 86' lang='lat' dir='ltr'><strong>pastorale</strong></span> <span class='ocrx_word' id='word_1_751' title='bbox 3166 4353 3376 4409; x_wconf 73' lang='lat' dir='ltr'><strong>ctelitus</strong></span> <span class='ocrx_word' id='word_1_752' title='bbox 3403 4356 3632 4410; x_wconf 87' lang='lat' dir='ltr'><strong>armavit</strong></span> <span class='ocrx_word' id='word_1_753' title='bbox 3657 4355 3784 4412; x_wconf 86' lang='lat' dir='ltr'><strong>offl-</strong></span> 
     </span>
    </p>
   </div>
   <div class='ocr_carea' id='block_1_105' title="bbox 2194 4438 3784 4516">
    <p class='ocr_par' dir='ltr' id='par_1_105' title="bbox 2194 4438 3784 4516">
     <span class='ocr_line' id='line_1_105' title="bbox 2194 4438 3784 4516; baseline 0.006 -22"><span class='ocrx_word' id='word_1_754' title='bbox 2194 4438 2334 4494; x_wconf 92' lang='lat' dir='ltr'><strong>eium</strong></span> <span class='ocrx_word' id='word_1_755' title='bbox 2363 4440 2508 4510; x_wconf 90' lang='lat' dir='ltr'><strong>quod</strong></span> <span class='ocrx_word' id='word_1_756' title='bbox 2559 4440 2869 4497; x_wconf 90' lang='lat' dir='ltr'><strong>beatissimo</strong></span> <span class='ocrx_word' id='word_1_757' title='bbox 2909 4441 3072 4498; x_wconf 87' lang='lat' dir='ltr'><strong>Petro</strong></span> <span class='ocrx_word' id='word_1_758' title='bbox 3115 4445 3364 4514; x_wconf 89' lang='lat' dir='ltr'><strong>apostolo</strong></span> <span class='ocrx_word' id='word_1_759' title='bbox 3393 4445 3529 4500; x_wconf 91' lang='lat' dir='ltr'><strong>trina</strong></span> <span class='ocrx_word' id='word_1_760' title='bbox 3575 4462 3784 4516; x_wconf 60' lang='lat' dir='ltr'><strong>praece-</strong></span> 
     </span>
    </p>
   </div>
   <div class='ocr_carea' id='block_1_106' title="bbox 2195 4531 3780 4608">
    <p class='ocr_par' dir='ltr' id='par_1_106' title="bbox 2195 4531 3780 4608">
     <span class='ocr_line' id='line_1_106' title="bbox 2195 4531 3780 4608; baseline 0.005 -24"><span class='ocrx_word' id='word_1_761' title='bbox 2195 4531 2380 4602; x_wconf 90' lang='lat' dir='ltr'><strong>ptione</strong></span> <span class='ocrx_word' id='word_1_762' title='bbox 2399 4531 2781 4588; x_wconf 88' lang='lat' dir='ltr'><strong>commendans</strong></span> <span class='ocrx_word' id='word_1_763' title='bbox 2795 4533 2899 4588; x_wconf 89' lang='lat' dir='ltr'><strong>ait:</strong></span> <span class='ocrx_word' id='word_1_764' title='bbox 2929 4533 3094 4590; x_wconf 81' lang='lat' dir='ltr'><strong>Pasce</strong></span> <span class='ocrx_word' id='word_1_765' title='bbox 3113 4551 3228 4590; x_wconf 82' lang='lat' dir='ltr'><strong>oves</strong></span> <span class='ocrx_word' id='word_1_766' title='bbox 3254 4553 3395 4590; x_wconf 83' lang='lat' dir='ltr'><strong>meas</strong></span> <span class='ocrx_word' id='word_1_767' title='bbox 3424 4538 3599 4608; x_wconf 83' lang='lat' dir='ltr'><strong>(Joan.</strong></span> <span class='ocrx_word' id='word_1_768' title='bbox 3643 4545 3780 4608; x_wconf 74' lang='lat' dir='ltr'><strong>ut):</strong></span> 
     </span>
    </p>
   </div>
   <div class='ocr_carea' id='block_1_107' title="bbox 2195 4621 3785 4698">
    <p class='ocr_par' dir='ltr' id='par_1_107' title="bbox 2195 4621 3785 4698">
     <span class='ocr_line' id='line_1_107' title="bbox 2195 4621 3785 4698; baseline 0.005 -22"><span class='ocrx_word' id='word_1_769' title='bbox 2195 4627 2252 4676; x_wconf 91' lang='lat' dir='ltr'><strong>et</strong></span> <span class='ocrx_word' id='word_1_770' title='bbox 2283 4629 2430 4678; x_wconf 90' lang='lat' dir='ltr'><strong>recte</strong></span> <span class='ocrx_word' id='word_1_771' title='bbox 2475 4621 2551 4677; x_wconf 92' lang='lat' dir='ltr'><strong>illi</strong></span> <span class='ocrx_word' id='word_1_772' title='bbox 2597 4623 2988 4693; x_wconf 87' lang='lat' dir='ltr'><strong>pascendarum</strong></span> <span class='ocrx_word' id='word_1_773' title='bbox 3016 4632 3100 4680; x_wconf 91' lang='lat' dir='ltr'><strong>est</strong></span> <span class='ocrx_word' id='word_1_774' title='bbox 3127 4641 3254 4680; x_wconf 57' lang='lat' dir='ltr'><strong>cura</strong></span> <span class='ocrx_word' id='word_1_775' title='bbox 3295 4627 3600 4691; x_wconf 90' lang='lat' dir='ltr'><strong>commissa,</strong></span> <span class='ocrx_word' id='word_1_776' title='bbox 3630 4629 3785 4698; x_wconf 89' lang='lat' dir='ltr'><strong>cujus</strong></span> 
     </span>
    </p>
   </div>
   <div class='ocr_carea' id='block_1_108' title="bbox 2198 4709 3784 4782">
    <p class='ocr_par' dir='ltr' id='par_1_108' title="bbox 2198 4709 3784 4782">
     <span class='ocr_line' id='line_1_108' title="bbox 2198 4709 3784 4782; baseline 0.006 -17"><span class='ocrx_word' id='word_1_777' title='bbox 2198 4709 2318 4766; x_wconf 85' lang='lat' dir='ltr'><strong>fidei</strong></span> <span class='ocrx_word' id='word_1_778' title='bbox 2347 4713 2602 4782; x_wconf 53' lang='lat' dir='ltr'><strong>praeclara</strong></span> <span class='ocrx_word' id='word_1_779' title='bbox 2623 4713 2889 4769; x_wconf 91' lang='lat' dir='ltr'><strong>confessio</strong></span> <span class='ocrx_word' id='word_1_780' title='bbox 2911 4713 3004 4769; x_wconf 90' lang='lat' dir='ltr'><strong>Dei</strong></span> <span class='ocrx_word' id='word_1_781' title='bbox 3025 4724 3106 4770; x_wconf 90' lang='lat' dir='ltr'><strong>est</strong></span> <span class='ocrx_word' id='word_1_782' title='bbox 3121 4731 3216 4771; x_wconf 90' lang='lat' dir='ltr'><strong>ore</strong></span> <span class='ocrx_word' id='word_1_783' title='bbox 3237 4716 3784 4774; x_wconf 88' lang='lat' dir='ltr'><strong>laudata.Conlitenti</strong></span> 
     </span>
    </p>
   </div>
   <div class='ocr_carea' id='block_1_109' title="bbox 2197 4806 3784 4866">
    <p class='ocr_par' dir='ltr' id='par_1_109' title="bbox 2197 4806 3784 4866">
     <span class='ocr_line' id='line_1_109' title="bbox 2197 4806 3784 4866; baseline 0.004 -6"><span class='ocrx_word' id='word_1_784' title='bbox 2197 4807 2340 4861; x_wconf 91' lang='lat' dir='ltr'><strong>enim</strong></span> <span class='ocrx_word' id='word_1_785' title='bbox 2382 4806 2692 4861; x_wconf 87' lang='lat' dir='ltr'><strong>salutariter</strong></span> <span class='ocrx_word' id='word_1_786' title='bbox 2729 4821 2794 4862; x_wconf 91' lang='lat' dir='ltr'><strong>ac</strong></span> <span class='ocrx_word' id='word_1_787' title='bbox 2831 4807 3029 4862; x_wconf 88' lang='lat' dir='ltr'><strong>dicenti</strong></span> <span class='ocrx_word' id='word_1_788' title='bbox 3060 4825 3072 4860; x_wconf 90' lang='lat'><strong>:</strong></span> <span class='ocrx_word' id='word_1_789' title='bbox 3126 4806 3200 4861; x_wconf 82' lang='lat' dir='ltr'><strong>Tn</strong></span> <span class='ocrx_word' id='word_1_790' title='bbox 3243 4825 3299 4864; x_wconf 85' lang='lat' dir='ltr'><strong>es</strong></span> <span class='ocrx_word' id='word_1_791' title='bbox 3347 4807 3581 4864; x_wconf 73' lang='lat' dir='ltr'><strong>Christus</strong></span> <span class='ocrx_word' id='word_1_792' title='bbox 3608 4809 3784 4866; x_wconf 78' lang='lat' dir='ltr'><strong>Filius</strong></span> 
     </span>
    </p>
   </div>
   <div class='ocr_carea' id='block_1_110' title="bbox 2198 4895 3778 4972">
    <p class='ocr_par' dir='ltr' id='par_1_110' title="bbox 2198 4895 3778 4972">
     <span class='ocr_line' id='line_1_110' title="bbox 2198 4895 3778 4972; baseline 0.004 -22"><span class='ocrx_word' id='word_1_793' title='bbox 2198 4895 2298 4952; x_wconf 84' lang='lat' dir='ltr'><strong>Dei</strong></span> <span class='ocrx_word' id='word_1_794' title='bbox 2326 4898 2422 4952; x_wconf 76' lang='lat' dir='ltr'><strong>nivi</strong></span> <span class='ocrx_word' id='word_1_795' title='bbox 2462 4896 2677 4969; x_wconf 75' lang='lat' dir='ltr'><strong>(Matth.</strong></span> <span class='ocrx_word' id='word_1_796' title='bbox 2708 4898 2843 4969; x_wconf 77' lang='lat' dir='ltr'><strong>xvi),</strong></span> <span class='ocrx_word' id='word_1_797' title='bbox 2868 4899 3121 4969; x_wconf 91' lang='lat' dir='ltr'><strong>perennis</strong></span> <span class='ocrx_word' id='word_1_798' title='bbox 3148 4900 3424 4956; x_wconf 89' lang='lat' dir='ltr'><strong>beatitudo</strong></span> <span class='ocrx_word' id='word_1_799' title='bbox 3447 4901 3778 4972; x_wconf 90' lang='lat' dir='ltr'><strong>rependitur,</strong></span> 
     </span>
    </p>
   </div>
   <div class='ocr_carea' id='block_1_111' title="bbox 2197 4987 3786 5062">
    <p class='ocr_par' dir='ltr' id='par_1_111' title="bbox 2197 4987 3786 5062">
     <span class='ocr_line' id='line_1_111' title="bbox 2197 4987 3786 5062; baseline 0.004 -18"><span class='ocrx_word' id='word_1_800' title='bbox 2197 4997 2253 5044; x_wconf 89' lang='lat' dir='ltr'><strong>et</strong></span> <span class='ocrx_word' id='word_1_801' title='bbox 2281 4989 2542 5044; x_wconf 76' lang='lat' dir='ltr'><strong>columba:</strong></span> <span class='ocrx_word' id='word_1_802' title='bbox 2572 4987 2712 5046; x_wconf 87' lang='lat' dir='ltr'><strong>filius</strong></span> <span class='ocrx_word' id='word_1_803' title='bbox 2758 4991 3042 5057; x_wconf 87' lang='lat' dir='ltr'><strong>vocitatur,</strong></span> <span class='ocrx_word' id='word_1_804' title='bbox 3071 4998 3126 5046; x_wconf 92' lang='lat' dir='ltr'><strong>et</strong></span> <span class='ocrx_word' id='word_1_805' title='bbox 3151 4991 3330 5049; x_wconf 90' lang='lat' dir='ltr'><strong>claves</strong></span> <span class='ocrx_word' id='word_1_806' title='bbox 3357 4993 3506 5062; x_wconf 87' lang='lat' dir='ltr'><strong>regni</strong></span> <span class='ocrx_word' id='word_1_807' title='bbox 3547 4994 3786 5050; x_wconf 68' lang='lat' dir='ltr'><strong>caelestis</strong></span> 
     </span>
    </p>
   </div>
   <div class='ocr_carea' id='block_1_112' title="bbox 2198 5080 3782 5154">
    <p class='ocr_par' dir='ltr' id='par_1_112' title="bbox 2198 5080 3782 5154">
     <span class='ocr_line' id='line_1_112' title="bbox 2198 5080 3782 5154; baseline 0.005 -20"><span class='ocrx_word' id='word_1_808' title='bbox 2198 5081 2408 5150; x_wconf 89' lang='lat' dir='ltr'><strong>accipit.</strong></span> <span class='ocrx_word' id='word_1_809' title='bbox 2455 5080 2825 5150; x_wconf 87' lang='lat' dir='ltr'><strong>lnterrogante</strong></span> <span class='ocrx_word' id='word_1_810' title='bbox 2853 5082 3116 5153; x_wconf 89' lang='lat' dir='ltr'><strong>siquidem</strong></span> <span class='ocrx_word' id='word_1_811' title='bbox 3165 5083 3414 5152; x_wconf 84' lang='lat' dir='ltr'><strong>Domino,</strong></span> <span class='ocrx_word' id='word_1_812' title='bbox 3445 5099 3605 5154; x_wconf 90' lang='lat' dir='ltr'><strong>quem</strong></span> <span class='ocrx_word' id='word_1_813' title='bbox 3654 5101 3782 5142; x_wconf 89' lang='lat' dir='ltr'><strong>eum</strong></span> 
     </span>
    </p>
   </div>
   <div class='ocr_carea' id='block_1_113' title="bbox 2194 5171 3784 5245">
    <p class='ocr_par' dir='ltr' id='par_1_113' title="bbox 2194 5171 3784 5245">
     <span class='ocr_line' id='line_1_113' title="bbox 2194 5171 3784 5245; baseline 0.003 -21"><span class='ocrx_word' id='word_1_814' title='bbox 2194 5171 2571 5226; x_wconf 79' lang='lat' dir='ltr'><strong>dicerentesse</strong></span> <span class='ocrx_word' id='word_1_815' title='bbox 2601 5171 2765 5226; x_wconf 87' lang='lat' dir='ltr'><strong>filium</strong></span> <span class='ocrx_word' id='word_1_816' title='bbox 2793 5172 3047 5238; x_wconf 89' lang='lat' dir='ltr'><strong>hominis,</strong></span> <span class='ocrx_word' id='word_1_817' title='bbox 3072 5173 3320 5228; x_wconf 85' lang='lat' dir='ltr'><strong>eumdem</strong></span> <span class='ocrx_word' id='word_1_818' title='bbox 3347 5174 3521 5245; x_wconf 90' lang='lat' dir='ltr'><strong>ipsum</strong></span> <span class='ocrx_word' id='word_1_819' title='bbox 3547 5173 3784 5229; x_wconf 82' lang='lat' dir='ltr'><strong>hominis</strong></span> 
     </span>
    </p>
   </div>
   <div class='ocr_carea' id='block_1_114' title="bbox 2197 5259 3782 5334">
    <p class='ocr_par' dir='ltr' id='par_1_114' title="bbox 2197 5259 3782 5334">
     <span class='ocr_line' id='line_1_114' title="bbox 2197 5259 3782 5334; baseline 0.004 -21"><span class='ocrx_word' id='word_1_820' title='bbox 2197 5277 2316 5314; x_wconf 55' lang='lat' dir='ltr'><strong>esse</strong></span> <span class='ocrx_word' id='word_1_821' title='bbox 2361 5259 2564 5331; x_wconf 86' lang='lat' dir='ltr'><strong>Deique</strong></span> <span class='ocrx_word' id='word_1_822' title='bbox 2615 5261 2807 5316; x_wconf 81' lang='lat' dir='ltr'><strong>Filium</strong></span> <span class='ocrx_word' id='word_1_823' title='bbox 2838 5262 2936 5316; x_wconf 90' lang='lat' dir='ltr'><strong>sub</strong></span> <span class='ocrx_word' id='word_1_824' title='bbox 2968 5263 3197 5317; x_wconf 89' lang='lat' dir='ltr'><strong>mirabili</strong></span> <span class='ocrx_word' id='word_1_825' title='bbox 3229 5264 3667 5334; x_wconf 89' lang='lat' dir='ltr'><strong>interrogationis</strong></span> <span class='ocrx_word' id='word_1_826' title='bbox 3695 5280 3782 5320; x_wconf 87' lang='lat' dir='ltr'><strong>re-</strong></span> 
     </span>
    </p>
   </div>
   <div class='ocr_carea' id='block_1_115' title="bbox 2197 5352 3782 5421">
    <p class='ocr_par' dir='ltr' id='par_1_115' title="bbox 2197 5352 3782 5421">
     <span class='ocr_line' id='line_1_115' title="bbox 2197 5352 3782 5421; baseline 0.003 -16"><span class='ocrx_word' id='word_1_827' title='bbox 2197 5352 2608 5421; x_wconf 75' lang='lat' dir='ltr'><strong>sponsionisque</strong></span> <span class='ocrx_word' id='word_1_828' title='bbox 2637 5353 2899 5408; x_wconf 88' lang='lat' dir='ltr'><strong>brevitate</strong></span> <span class='ocrx_word' id='word_1_829' title='bbox 2927 5353 3203 5410; x_wconf 88' lang='lat' dir='ltr'><strong>confessus</strong></span> <span class='ocrx_word' id='word_1_830' title='bbox 3223 5364 3335 5410; x_wconf 89' lang='lat' dir='ltr'><strong>est:</strong></span> <span class='ocrx_word' id='word_1_831' title='bbox 3365 5355 3439 5409; x_wconf 84' lang='lat' dir='ltr'><strong>Tu</strong></span> <span class='ocrx_word' id='word_1_832' title='bbox 3463 5373 3519 5411; x_wconf 81' lang='lat' dir='ltr'><strong>es</strong></span> <span class='ocrx_word' id='word_1_833' title='bbox 3546 5354 3782 5410; x_wconf 79' lang='lat' dir='ltr'><strong>Christus</strong></span> 
     </span>
    </p>
   </div>
   <div class='ocr_carea' id='block_1_116' title="bbox 2197 5441 3780 5518">
    <p class='ocr_par' dir='ltr' id='par_1_116' title="bbox 2197 5441 3780 5518">
     <span class='ocr_line' id='line_1_116' title="bbox 2197 5441 3780 5518; baseline 0.003 -23"><span class='ocrx_word' id='word_1_834' title='bbox 2197 5441 2370 5496; x_wconf 73' lang='lat' dir='ltr'><strong>Filius</strong></span> <span class='ocrx_word' id='word_1_835' title='bbox 2399 5443 2496 5498; x_wconf 80' lang='lat' dir='ltr'><strong>Dei</strong></span> <span class='ocrx_word' id='word_1_836' title='bbox 2532 5445 2647 5498; x_wconf 80' lang='lat' dir='ltr'><strong>vivi.</strong></span> <span class='ocrx_word' id='word_1_837' title='bbox 2677 5444 3065 5500; x_wconf 75' lang='lat' dir='ltr'><strong>Sacratissinue</strong></span> <span class='ocrx_word' id='word_1_838' title='bbox 3112 5447 3317 5502; x_wconf 90' lang='lat' dir='ltr'><strong>scilicet</strong></span> <span class='ocrx_word' id='word_1_839' title='bbox 3352 5447 3663 5518; x_wconf 87' lang='lat' dir='ltr'><strong>mysterium</strong></span> <span class='ocrx_word' id='word_1_840' title='bbox 3695 5447 3780 5500; x_wconf 88' lang='lat' dir='ltr'><strong>in-</strong></span> 
     </span>
    </p>
   </div>
   <div class='ocr_carea' id='block_1_117' title="bbox 2197 5533 3777 5608">
    <p class='ocr_par' dir='ltr' id='par_1_117' title="bbox 2197 5533 3777 5608">
     <span class='ocr_line' id='line_1_117' title="bbox 2197 5533 3777 5608; baseline 0 -18"><span class='ocrx_word' id='word_1_841' title='bbox 2197 5534 2526 5598; x_wconf 82' lang='lat' dir='ltr'><strong>carnationis</strong></span> <span class='ocrx_word' id='word_1_842' title='bbox 2556 5533 2675 5604; x_wconf 92' lang='lat' dir='ltr'><strong>ejus</strong></span> <span class='ocrx_word' id='word_1_843' title='bbox 2699 5535 2968 5606; x_wconf 88' lang='lat' dir='ltr'><strong>aperiens,</strong></span> <span class='ocrx_word' id='word_1_844' title='bbox 3003 5535 3128 5591; x_wconf 90' lang='lat' dir='ltr'><strong>dum</strong></span> <span class='ocrx_word' id='word_1_845' title='bbox 3157 5537 3212 5591; x_wconf 91' lang='lat' dir='ltr'><strong>in</strong></span> <span class='ocrx_word' id='word_1_846' title='bbox 3256 5536 3464 5592; x_wconf 91' lang='lat' dir='ltr'><strong>unitate</strong></span> <span class='ocrx_word' id='word_1_847' title='bbox 3511 5551 3777 5608; x_wconf 56' lang='lat' dir='ltr'><strong>persona,</strong></span> 
     </span>
    </p>
   </div>
   <div class='ocr_carea' id='block_1_118' title="bbox 2197 5627 3783 5698">
    <p class='ocr_par' dir='ltr' id='par_1_118' title="bbox 2197 5627 3783 5698">
     <span class='ocr_line' id='line_1_118' title="bbox 2197 5627 3783 5698; baseline 0.001 -18"><span class='ocrx_word' id='word_1_848' title='bbox 2197 5633 2408 5680; x_wconf 72' lang='lat' dir='ltr'><strong>servata</strong></span> <span class='ocrx_word' id='word_1_849' title='bbox 2437 5627 2663 5694; x_wconf 72' lang='lat' dir='ltr'><strong>geminze</strong></span> <span class='ocrx_word' id='word_1_850' title='bbox 2689 5627 3021 5698; x_wconf 88' lang='lat' dir='ltr'><strong>proprietate</strong></span> <span class='ocrx_word' id='word_1_851' title='bbox 3069 5637 3294 5692; x_wconf 68' lang='lat' dir='ltr'><strong>naturae,</strong></span> <span class='ocrx_word' id='word_1_852' title='bbox 3323 5628 3488 5684; x_wconf 89' lang='lat' dir='ltr'><strong>homo</strong></span> <span class='ocrx_word' id='word_1_853' title='bbox 3532 5628 3783 5697; x_wconf 88' lang='lat' dir='ltr'><strong>idemque</strong></span> 
     </span>
    </p>
   </div>
   <div class='ocr_carea' id='block_1_119' title="bbox 2199 5717 3782 5788">
    <p class='ocr_par' dir='ltr' id='par_1_119' title="bbox 2199 5717 3782 5788">
     <span class='ocr_line' id='line_1_119' title="bbox 2199 5717 3782 5788; baseline 0.001 -18"><span class='ocrx_word' id='word_1_854' title='bbox 2199 5717 2362 5781; x_wconf 83' lang='lat' dir='ltr'><strong>Deus,</strong></span> <span class='ocrx_word' id='word_1_855' title='bbox 2393 5728 2448 5772; x_wconf 92' lang='lat' dir='ltr'><strong>et</strong></span> <span class='ocrx_word' id='word_1_856' title='bbox 2492 5719 2634 5788; x_wconf 81' lang='lat' dir='ltr'><strong>quod</strong></span> <span class='ocrx_word' id='word_1_857' title='bbox 2663 5735 2727 5773; x_wconf 78' lang='lat' dir='ltr'><strong>ex</strong></span> <span class='ocrx_word' id='word_1_858' title='bbox 2759 5727 2932 5772; x_wconf 87' lang='lat' dir='ltr'><strong>matre</strong></span> <span class='ocrx_word' id='word_1_859' title='bbox 2959 5733 3175 5788; x_wconf 89' lang='lat' dir='ltr'><strong>semper</strong></span> <span class='ocrx_word' id='word_1_860' title='bbox 3208 5719 3413 5788; x_wconf 90' lang='lat' dir='ltr'><strong>virgine</strong></span> <span class='ocrx_word' id='word_1_861' title='bbox 3459 5721 3684 5788; x_wconf 88' lang='lat' dir='ltr'><strong>sumpsit</strong></span> <span class='ocrx_word' id='word_1_862' title='bbox 3728 5720 3782 5772; x_wconf 87' lang='lat' dir='ltr'><strong>in</strong></span> 
     </span>
    </p>
   </div>
   <div class='ocr_carea' id='block_1_120' title="bbox 2201 5808 3784 5880">
    <p class='ocr_par' dir='ltr' id='par_1_120' title="bbox 2201 5808 3784 5880">
     <span class='ocr_line' id='line_1_120' title="bbox 2201 5808 3784 5880; baseline -0.003 -12"><span class='ocrx_word' id='word_1_863' title='bbox 2201 5819 2462 5880; x_wconf 73' lang='lat' dir='ltr'><strong>tempore,</strong></span> <span class='ocrx_word' id='word_1_864' title='bbox 2520 5809 2742 5880; x_wconf 84' lang='lat' dir='ltr'><strong>etquod</strong></span> <span class='ocrx_word' id='word_1_865' title='bbox 2776 5818 2930 5864; x_wconf 91' lang='lat' dir='ltr'><strong>natus</strong></span> <span class='ocrx_word' id='word_1_866' title='bbox 2981 5826 3047 5866; x_wconf 73' lang='lat' dir='ltr'><strong>ex</strong></span> <span class='ocrx_word' id='word_1_867' title='bbox 3080 5808 3239 5865; x_wconf 86' lang='lat' dir='ltr'><strong>Patre</strong></span> <span class='ocrx_word' id='word_1_868' title='bbox 3287 5820 3372 5866; x_wconf 91' lang='lat' dir='ltr'><strong>est</strong></span> <span class='ocrx_word' id='word_1_869' title='bbox 3419 5819 3546 5866; x_wconf 86' lang='lat' dir='ltr'><strong>ante</strong></span> <span class='ocrx_word' id='word_1_870' title='bbox 3566 5809 3784 5875; x_wconf 70' lang='lat' dir='ltr'><strong>sarcula,</strong></span> 
     </span>
    </p>
   </div>
  </div>
