3986 6366
207 363 262 419 ω
1405 359 1763 416 EPISTULA'I
1803 360 1887 416 ET
1925 362 2259 421 DECRETA.
3393 373 3462 430 58

205 478 543 547 permaneret.
568 467 862 525 lnconfuse
909 477 1110 534 autem,
1141 483 1196 523 et
1218 468 1471 537 maivise,
1500 479 1664 542 atque
1693 473 1778 527 in-
1809 480 1852 537 Α
1882 476 2147 534 brevitate
2176 489 2469 547 narratam,
2497 481 2758 537 doctrina:
2783 483 3114 554 prophetiae
3140 492 3304 557 atque
3328 504 3457 558 apo-

206 564 606 623 couvertibiliter
627 568 681 616 et
710 560 1196 616 subsistentialiter
1215 561 1408 617 uniens
1426 562 1528 617 sibi
1556 578 1777 619 carnem

206 657 334 713 Deus
352 656 579 712 Verbum
600 652 925 708 Emmanuel
950 660 1135 708 noster
1155 653 1247 722 qui
1278 653 1398 722 lege
1424 661 1480 708 et
1501 654 1777 726 prophetis

204 748 622 804 annuntiantibus
646 746 1093 817 exspectabatur,
1125 744 1362 799 advenit.
1402 744 1624 800 Verbum
1654 763 1777 803 caro

204 843 380 913 factum
401 846 498 906 est,
519 849 568 892 es
587 834 842 891 habitarit
860 838 918 891 in
946 834 1092 890 nobis
1118 834 1299 906 (Joan.
1315 836 1379 907 t):
1408 844 1553 892 totus
1571 837 1623 892 in
1644 838 1773 904 suis,

202 941 333 985 totus
382 930 435 983 in
484 930 709 995 nostris,
770 942 1056 983 assumens
1101 942 1167 983 ex
1196 927 1356 983 vulva
1397 943 1617 985 carnem
1654 945 1775 986 cum

201 1022 362 1076 anima
409 1019 662 1074 rationali
707 1026 764 1074 et
793 1017 1181 1074 intellectuali:
1228 1027 1306 1087 et,
1332 1019 1474 1074 sicut
1516 1021 1779 1091 scriptum

201 1122 292 1177 est,
341 1111 610 1182 adificans
663 1108 762 1166 sibi
803 1111 1038 1177 domum,
1069 1118 1321 1184 tanquam
1348 1129 1568 1184 sponsus
1595 1132 1769 1186 proce-

202 1205 313 1259 dens
337 1204 399 1257 de
421 1203 651 1258 thalamo
681 1219 775 1257 suo
823 1200 998 1273 (Psal.
1037 1202 1211 1272 xvm),
1239 1203 1495 1260 ineffabili
1524 1206 1778 1261 salutari-

200 1308 293 1363 que
319 1291 611 1363 mysterio,
640 1290 732 1360 qui
756 1290 810 1345 in
846 1290 1113 1361 principio
1141 1301 1262 1345 erat
1282 1291 1540 1355 Verbum,
1568 1300 1624 1348 et
1654 1293 1780 1349 Ver-

200 1385 313 1439 bum
334 1392 447 1437 erat
475 1381 621 1453 apud
642 1380 836 1448 Deum,
860 1389 918 1436 et
943 1381 1083 1435 Deus
1110 1391 1232 1437 erat
1253 1381 1509 1452 Verbum,
1533 1385 1778 1439 incarna-

202 1486 278 1529 tus
302 1474 438 1529 Deus
465 1473 563 1528 Dei
615 1472 783 1527 Filius
828 1486 898 1528 ex
950 1470 1153 1541 Spiritu
1199 1481 1405 1538 sancto,
1437 1481 1493 1528 et
1521 1490 1589 1529 ex
1618 1475 1777 1531 beata

200 1562 350 1618 Maria
385 1577 607 1631 semper
654 1560 866 1630 virgine
890 1561 1239 1616 humanitatis
1284 1564 1513 1632 sumpsit
1543 1564 1777 1632 initium,

202 1664 255 1711 ut
293 1670 389 1710 nos
437 1654 764 1708 aeternitatis
799 1668 911 1708 sua:
964 1652 1166 1708 laceret
1205 1653 1538 1720 cohaeredes,
1579 1666 1777 1711 nostra!

202 1762 409 1802 consors
450 1746 709 1816 dignatus
752 1755 839 1800 est
885 1760 1005 1801 esse
1050 1752 1283 1808 natum,
1318 1753 1375 1799 ut
1402 1761 1502 1801 nos
1536 1762 1647 1801 sua:
1678 1748 1777 1801 im-

1883 568 2089 624 stoliea:
2125 579 2532 638 congruentem,
2555 573 3041 643 suprascriptorum
3064 573 3283 633 Patrum
3308 577 3467 634 latius

1883 658 2193 727 explanavit
2215 660 2442 715 assertio
2466 677 2480 727 ;
2508 676 2651 728 cum,
2693 663 2833 719 sicut
2850 662 3103 731 diximus,
3131 674 3225 722 aut
3251 667 3465 723 haereti-

1884 763 2071 805 corum
2100 749 2464 806 infestantium
2486 754 2897 817 convinceretur
2920 756 3235 821 adversitas,
3266 760 3359 813 'aut
3382 774 3466 813 re-

1883 849 2094 895 ctorum
2115 841 2426 910 dogmatum
2446 842 2740 899 efficaciter
2762 844 3129 902 declararetur
3148 849 3462 903 auctoritas.

1884 933 2033 989 Hanc
2060 949 2275 1004 quoque
2302 935 2457 990 fidem
2487 936 2829 1006 prtefatarum
2856 948 3089 1007 quatuor
3113 941 3464 1011 synodorum,

1879 1024 1975 1078 sed
2004 1033 2059 1079 et
2082 1024 2365 1080 beatorum
2406 1026 2752 1082 decessorum
2781 1036 3090 1085 nostrorum
3129 1031 3372 1102 epistolis
3399 1032 3467 1088 de

1882 1111 2004 1167 fidei
2033 1113 2340 1181 integritate
2388 1117 2729 1188 conscriptis.
2769 1119 3014 1174 continet
3036 1120 3301 1176 laudanda
3329 1137 3461 1177 con-

1881 1201 2060 1269 fessio,
2111 1219 2233 1273 quae
2273 1205 2532 1262 doctrinae
2560 1207 2708 1264 sedis
2741 1209 2898 1279 primi
2948 1212 3316 1282 apostolorum
3367 1228 3466 1285 per

1881 1294 2061 1348 omnia
2107 1295 2367 1366 probatur
2405 1298 2674 1363 assimilis,
2704 1308 2761 1355 et
2799 1301 2943 1355 nulla
2972 1318 3038 1356 ex
3076 1313 3231 1375 parte
3256 1304 3465 1361 discor-

1879 1386 2033 1441 dans.
2085 1383 2222 1441 Huic
2246 1401 2376 1456 ergo
2406 1388 2528 1443 fidei
2558 1390 2641 1444 vel
2683 1391 2934 1447 omnibus
2974 1408 3095 1462 qua:
3139 1394 3193 1449 in
3220 1396 3466 1465 supradi-

1881 1476 1982 1530 ctis
2009 1483 2243 1544 quatuor
2270 1478 2513 1533 conciliis
2540 1494 2572 1534 a
2599 1482 2799 1536 sanctis
2826 1481 3074 1539 Patribus
3103 1486 3301 1540 nostris
3329 1485 3464 1542 dell-

1880 1566 1989 1620 nita
2017 1577 2143 1622 sunt
2189 1569 2642 1633 contradicentes,
2686 1571 2970 1627 haereticos
3009 1574 3461 1642 condemnamus;

1881 1655 1932 1710 id
1961 1672 2045 1711 est
2072 1658 2277 1721 Arium,
2309 1658 2704 1729 Macedoniam,
2731 1659 3069 1729 Eunomium,
3092 1680 3215 1720 cum
3242 1666 3463 1734 dogma-

1885 1747 2027 1803 tibus
2050 1748 2180 1813 suis,
2212 1757 2267 1802 et
2293 1763 2482 1803 omnes
2509 1749 2602 1818 qui
2648 1750 2820 1806 errori
2848 1766 3035 1806 eorum
3073 1763 3465 1810 consenserunt

201 1837 523 1895 mortalitatis
576 1836 783 1892 faceret
837 1850 957 1891 esse
1004 1835 1331 1906 participes:
1374 1851 1577 1905 pauper
1606 1836 1778 1893 factus
1810 1854 1853 1912 Β
1882 1846 2047 1906 atque
2083 1838 2445 1894 consentiunt.
2502 1838 3029 1896 Anathematizamus
3048 1842 3211 1898 etiam
3240 1841 3463 1898 Paulum

200 1940 291 1998 est,
309 1947 415 1984 cum
439 1941 578 1985 esset
601 1931 763 1996 dives,
795 1937 850 1983 ut
879 1929 993 2000 ejus
1021 1929 1199 1999 inopia
1223 1929 1511 1983 ditaremar
1535 1928 1622 2001 (11
1653 1929 1773 1984 Cor.

199 2023 297 2091 vni)
318 2042 330 2075 :
353 2022 531 2077 omnia
555 2037 681 2092 qua:
719 2029 906 2077 nostra
933 2028 1057 2076 sunt
1090 2028 1355 2076 evacuate
1386 2036 1651 2075 noxarum
1673 2036 1775 2075 no-

199 2123 406 2169 strarum
436 2114 806 2182 chirographo
834 2112 1179 2179 condonavit,
1200 2111 1340 2166 sicut
1368 2109 1474 2166 Vas
1496 2111 1777 2166 electionis

202 2207 430 2262 edocuit:
463 2206 597 2262 Cum
627 2207 681 2261 in
711 2208 883 2278 forma
923 2204 1020 2259 Dei
1046 2214 1201 2273 esset,
1231 2221 1334 2259 non
1365 2205 1606 2274 rapinam
1634 2205 1775 2260 arbi-

200 2307 345 2351 tratus
356 2306 431 2353 est
447 2315 563 2352 esse
585 2314 642 2352 se
667 2297 919 2369 aequalem
939 2294 1069 2361 Deo,
1090 2296 1180 2350 sed
1193 2295 1518 2365 semetipsum
1536 2296 1774 2349 exinani-

198 2388 275 2456 rit,
300 2390 516 2459 {annum
539 2388 677 2442 servi
705 2387 984 2457 accipiens,
1008 2387 1061 2441 in
1088 2387 1481 2440 similitudinem
1510 2385 1775 2439 hominum

199 2482 347 2550 (actus
372 2490 419 2533 et
445 2478 632 2533 habitu
678 2480 915 2533 inventus
939 2486 995 2530 ut
1015 2478 1188 2532 homo.
1220 2476 1530 2531 Humiliavit
1551 2493 1625 2543 se,
1657 2477 1773 2547 {ac-

200 2582 268 2625 tas
294 2570 527 2626 obediens
572 2587 736 2641 usque
762 2572 832 2625 ad
860 2579 1076 2626 mortem
1098 2588 1118 2637 ;
1146 2579 1365 2624 mortem
1410 2578 1582 2623 autem
1606 2569 1775 2624 crucis

197 2664 395 2735 (Philip.
426 2665 505 2734 ιι).
531 2663 596 2718 ld
626 2675 892 2734 peragens
921 2671 1028 2718 tam
1057 2662 1423 2717 inscrutabilis
1448 2660 1689 2733 mysterii
1719 2667 1777 2715 et

196 2754 595 2825 dispensationis
634 2766 860 2822 arcano,
884 2759 939 2807 ut
983 2751 1252 2807 mediator
1272 2750 1368 2806 Dei
1411 2760 1467 2805 et
1494 2749 1770 2805 hominum

198 2846 344 2900 homo
390 2843 642 2899 Christus
668 2840 827 2898 Jesus
872 2841 1192 2911 maledicto,
1220 2855 1330 2911 quo
1380 2838 1583 2911 primus
1605 2838 1771 2895 homo

196 2943 421 2990 terrenus
444 2933 644 2989 mortis
678 2932 913 2988 vinculis
964 2932 1248 2988 tenebatur
1273 2930 1543 2996 astrictus,
1571 2943 1770 2984 secun-

194 3026 283 3080 dus
307 3026 463 3081 homo
508 3023 756 3081 caelestis
786 3022 841 3097 (1
871 3021 993 3079 Cor.
1024 3024 1137 3093 xv),
1169 3022 1295 3078 dum
1332 3030 1562 3085 mortem
1592 3029 1770 3077 morte

195 3116 428 3183 calcaret,
454 3117 788 3172 absolveret.
830 3114 1028 3171 Passus
1056 3128 1220 3170 carne
1246 3122 1331 3170 est
1360 3129 1459 3184 pro
1488 3111 1644 3168 nobis
1672 3110 1768 3166 Dei

1881 1926 2313 1994 Samosatentun,
2351 1928 2668 1996 Photinum,
2735 1929 3008 1986 Bonosum
3064 1941 3226 2003 atque
3270 1932 3462 1988 Nesto-

1881 2020 2041 2085 rium,
2065 2035 2187 2075 cum
2212 2019 2429 2075 nefariis
2439 2020 2700 2077 doctrinis
2719 2023 2924 2091 suis,et
2946 2024 3253 2094 quicunque
3277 2039 3464 2080 eorum

1879 2108 2225 2179 blasphemiis
2252 2110 2494 2179 praebent
2533 2119 2628 2166 aut
2659 2112 3005 2181 praebuerunt
3023 2113 3308 2184 aliquando
3330 2130 3464 2171 con-

1877 2214 2116 2255 sensum.
2172 2198 2304 2254 ltem
2349 2200 2869 2256 anathematiaamus
2895 2202 3260 2271 Valentinum,
3297 2204 3464 2259 Mani-

1878 2289 2126 2354 chazum,
2182 2287 2546 2361 Apollinarem
2594 2298 2758 2358 atque
2820 2289 3147 2362 Eutychetn,
3199 2292 3463 2360 simulque

1877 2380 2192 2436 Dioscorum
2221 2380 2578 2447 defensorem,
2603 2397 2724 2437 cum
2747 2382 3168 2438 exsecrabilibus
3187 2398 3461 2439 commcn-

1877 2473 1949 2528 tis
1983 2482 2040 2528 et
2088 2472 2558 2543 pmdicationibns
2604 2471 2733 2537 suis,
2763 2479 2820 2526 et
2865 2486 3054 2526 omnes
3074 2472 3165 2541 qui
3188 2471 3461 2527 erroribus

1875 2579 2063 2619 eorum
2087 2576 2257 2633 usque
2278 2564 2332 2617 in
2360 2561 2449 2617 die
2474 2562 2665 2618 mortis
2688 2577 2800 2617 suae
2838 2561 3094 2631 implicati
3126 2570 3456 2616 manserunt.

1874 2653 1981 2710 Sed
2004 2655 2049 2709 si
2075 2668 2214 2723 quos
2237 2653 2522 2708 haereticos
2550 2652 2869 2707 nominatim
2891 2651 3189 2717 omisimus,
3204 2652 3256 2705 in
3278 2650 3457 2720 cujus-

1874 2746 2007 2802 libet
2019 2746 2220 2802 erroris
2238 2745 2429 2800 morbo
2449 2744 2709 2815 pollutos,
2724 2753 2781 2799 et
2803 2760 2973 2815 usque
2994 2744 3062 2799 ad
3083 2760 3238 2800 suum
3252 2745 3455 2799 exitum

1873 2846 2276 2911 permanentes,
2305 2852 2428 2893 cum
2455 2836 2687 2907 propriis
2714 2836 2992 2891 erroribus
3014 2835 3456 2899 condcmnamus,

1873 2930 2156 3001 abjicimus
2190 2937 2354 2998 atque
2376 2927 2708 2998 respuimus:
2735 2928 2906 2983 solam
2932 2927 3087 2983 fidem
3113 2928 3455 2992 catholicam,

1871 3039 2035 3095 quam
2075 3023 2127 3077 in
2172 3022 2551 3093 suprascriptis
2595 3032 2828 3091 quatuor
2869 3024 3072 3078 sanctis
3119 3023 3360 3078 conciliis
3390 3026 3458 3079 ab

1875 3114 2135 3186 apostolis
2164 3112 2414 3167 traditam
2462 3123 2838 3183 susceperunt,
2868 3121 2923 3168 et
2970 3114 3081 3169 suis
3107 3116 3460 3183 expositioni-

195 3208 363 3272 Filius,
392 3208 686 3265 crucifixus
715 3221 881 3264 carne
929 3214 1032 3273 est,
1063 3214 1310 3261 mortuus
1364 3218 1529 3261 carne
1576 3212 1681 3267 est,
1711 3209 1769 3258 et
1795 3224 1839 3283 ρ
1873 3208 1974 3264 bus
1996 3207 2320 3262 declaratam
2347 3219 2444 3275 per
2462 3219 2804 3260 successores
2832 3220 2961 3260 suos
2986 3220 3155 3273 usque
3180 3205 3247 3259 ad
3272 3216 3455 3261 nostra

194 3297 269 3352 die
295 3298 448 3353 tertio
494 3297 820 3362 resurrexit,
854 3306 915 3353 ut
967 3296 1148 3352 divina
1190 3294 1505 3366 impassibili
1548 3308 1765 3366 perma-

195 3397 341 3443 nente
390 3397 588 3444 natura
618 3430 637 3458 ,
690 3397 748 3444 ct
787 3388 967 3445 carnis
1017 3395 1217 3442 nostra:
1251 3386 1482 3442 veritate
1528 3391 1764 3452 servata,

196 3481 334 3536 unius
353 3480 708 3551 ejusdemque
746 3478 958 3536 Domini
986 3478 1082 3534 Dei
1110 3478 1281 3534 nostri
1329 3477 1457 3534 Jesu
1485 3476 1684 3533 Christi
1711 3483 1768 3532 et

194 3570 451 3639 passiones
478 3579 535 3625 et
579 3568 840 3624 miracula
871 3567 1153 3624 fateamur.
1205 3566 1277 3622 Ut
1322 3564 1764 3637 glorificationem

194 3659 365 3728 capitis
391 3658 563 3713 nostri
593 3658 761 3713 totius
788 3656 1044 3713 Ecclesia:
1069 3672 1269 3726 corpus
1308 3655 1599 3727 aspiciens,
1628 3670 1765 3726 qua-

196 3746 264 3801 les
289 3747 544 3817 primitias
573 3747 631 3802 in
670 3747 850 3818 capite
876 3755 1083 3813 nostro,
1133 3746 1187 3801 id
1216 3755 1298 3802 est
1335 3746 1388 3800 in
1415 3745 1627 3802 Christo
1656 3746 1768 3803 Deo

195 3851 253 3892 ac
273 3837 515 3904 Domino,
548 3839 854 3893 intueretur
879 3854 947 3893 ex
992 3838 1241 3903 mortuis,
1282 3838 1414 3893 tales
1454 3838 1509 3893 in
1555 3838 1639 3894 his
1675 3839 1768 3909 qui

196 3929 299 3998 ejus
324 3932 563 3986 membra
593 3938 723 3986 sunt
768 3930 820 3985 in
850 3929 1040 3986 futura;
1067 3930 1252 3999 gloria:
1290 3932 1631 4001 praestoletur
1673 3932 1771 3986 ad-

193 4034 415 4078 ventum.
473 4023 599 4094 lpse
649 4024 813 4094 igitur
868 4022 1203 4092 Redemptor
1249 4032 1435 4078 noster
1500 4022 1656 4079 sedet
1699 4021 1769 4078 ad

194 4113 455 4169 dexteram
488 4114 688 4179 Patris,
719 4128 861 4168 unus
882 4113 1130 4182 idemque
1148 4112 1264 4167 sine
1292 4110 1607 4167 confusione
1635 4110 1769 4165 utri-

194 4213 604 4274 usque-naturae,
636 4205 753 4261 sine
780 4202 1043 4259 divisione
1084 4216 1350 4273 personaz,
1382 4208 1439 4257 et
1466 4216 1533 4256 ex
1561 4200 1772 4255 duabus

195 4295 413 4366 atquein
435 4294 650 4350 duabus
675 4293 911 4349 creditus
931 4306 1361 4363 pcrmanensque
1381 4289 1609 4356 naturis,
1639 4290 1766 4345 inde

192 4394 437 4441 venturus
472 4385 719 4455 judicare
765 4385 920 4440 vivos
974 4393 1029 4439 et
1083 4392 1348 4439 mortuos.
1402 4382 1564 4437 Pater
1587 4391 1769 4437 autem

193 4490 303 4529 cum
330 4477 521 4531 eodem
569 4475 845 4544 uuigenito
874 4473 1029 4539 Filio,
1058 4482 1113 4529 et
1140 4473 1341 4544 Spiritu
1389 4481 1598 4538 sancto,
1632 4488 1770 4528 unus

1876 3309 2117 3369 tempora
2145 3296 2556 3351 transmiserunt
2576 3295 2973 3363 inviolabiliter,
3001 3304 3260 3365 operante
3285 3297 3457 3362 gratia

1874 3388 2109 3454 Domini,
2134 3385 2487 3443 custodimus.
2518 3383 2587 3439 Et
2635 3385 2889 3454 quoniam
2919 3385 3099 3441 nullus
3122 3383 3459 3441 Christiano-

1873 3498 1993 3538 rum
2023 3495 2194 3552 usque
2222 3479 2291 3534 ad
2342 3486 2666 3549 praesentem
2693 3476 2834 3532 diem
2863 3486 3133 3547 gestarum
3162 3492 3340 3531 rerum
3371 3478 3456 3531 in-

1872 3584 2077 3630 certam
2100 3572 2265 3628 debet
2292 3572 2496 3628 habere
2524 3570 2793 3635 notitiam,
2822 3570 2983 3626 etiam
3013 3585 3133 3641 qua:
3153 3579 3276 3640 post
3300 3579 3459 3626 tanta:

1872 3663 2149 3719 relationis
2173 3662 2604 3733 supplementum
2627 3660 2768 3716 facta
2792 3668 2916 3716 sunt
2936 3661 3092 3716 simili
3112 3661 3305 3716 rationi
3336 3676 3458 3715 nar-

1872 3768 2076 3810 ramus.
2132 3751 2268 3805 Dum
2320 3751 2576 3806 hesterna
2622 3750 2710 3805 die
2742 3759 2789 3814 ι,
2831 3750 2883 3805 id
2914 3759 2999 3806 est
3041 3749 3456 3815 dominicorutn,

1873 3846 1963 3914 qui
1994 3843 2091 3897 fuit
2119 3842 2292 3912 pridie
2320 3855 2492 3896 nonas
2531 3840 2873 3905 Februarias,
2903 3840 3219 3909 magnificus
3247 3842 3329 3896 vir
3351 3840 3451 3897 Pe-

1874 3944 1988 3990 trus
2015 3930 2408 3988 referendarius
2436 3930 2504 3985 ad
2532 3946 2631 3986 nos
2658 3944 2780 3985 eum
2809 3930 3077 3985 mandatis
3101 3930 3458 3987 clementissi-

1874 4028 1949 4082 mi
1982 4025 2243 4098 principis
2305 4031 2624 4091 remeasset,
2667 4023 2851 4077 dicens
2882 4040 2896 4075 :
2941 4020 3169 4089 Quando
3198 4021 3359 4077 vultis
3396 4028 3457 4077 ut

1875 4121 2095 4177 veniant
2110 4118 2339 4189 iudices,
2365 4125 2420 4172 et
2445 4116 2600 4171 vobis
2629 4115 2905 4186 prtebeant
2930 4124 3286 4180 sacramenta,
3318 4129 3455 4182 qua-

1875 4219 2032 4265 tenus
2053 4209 2122 4264 de
2146 4208 2266 4273 hac,
2302 4208 2353 4261 in
2374 4221 2480 4276 qua
2501 4205 2769 4269 residetis,
2802 4206 3025 4261 ecclesia
3054 4206 3234 4273 egredi
3255 4204 3456 4259 debea-

1877 4302 1963 4366 tis,
1985 4308 2043 4355 et
2065 4298 2243 4355 securi
2267 4296 2333 4351 ad
2355 4296 2556 4365 regiam
2579 4296 2851 4351 civitatem
2879 4295 3162 4350 remeare?
3192 4295 3262 4348 ita
3289 4294 3336 4349 ei
3361 4310 3458 4363 pu-

1873 4390 2012 4445 blica
2041 4404 2176 4443 voce
2200 4371 2607 4456 respondimus:
2630 4383 2697 4439 Et
2721 4400 2817 4455 per
2843 4385 3108 4455 gloriosos
3126 4382 3337 4453 judices
3365 4398 3459 4454 pa-

1877 4481 2011 4543 latii,
2043 4479 2181 4533 sicut
2209 4477 2413 4547 praefati
2452 4492 2656 4541 sumus,
2686 4491 2810 4530 cum
2838 4476 3033 4544 quibus
3059 4484 3114 4529 et
3141 4484 3228 4529 tua
3256 4476 3460 4543 magni-

193 4576 269 4621 est
295 4567 346 4622 in
374 4567 599 4637 deitate,
640 4575 695 4623 et
721 4566 943 4637 aequalis
970 4566 1377 4636 indiscretzeque
1407 4575 1629 4621 naturtn.
1660 4562 1771 4619 Hu-
1807 4597 1851 4654 ο
1881 4570 2009 4625 tudo
2040 4568 2106 4624 ad
2137 4568 2392 4623 Sanctam
2422 4565 2776 4637 Euphemiam
2803 4576 3042 4629 venerat,
3071 4580 3191 4635 quae
3217 4566 3462 4635 superius

189 4657 270 4725 jus
295 4656 413 4714 fidei
437 4658 830 4728 plenitudinem
858 4658 1117 4713 Dominus
1142 4665 1325 4713 noster
1353 4664 1476 4728 post
1499 4671 1771 4712 resurrec-

193 4748 383 4803 tionem
412 4748 687 4803 mandavit
706 4749 990 4819 apostolis,
1011 4748 1226 4803 dicens:
1262 4746 1370 4812 Ite,
1394 4748 1571 4801 docete
1594 4762 1771 4802 omnes

194 4850 387 4911 gentes,
413 4841 739 4915 baptizantes
775 4858 862 4897 eos
903 4842 957 4895 in
981 4842 1187 4895 nomine
1216 4839 1420 4905 Patris,
1453 4846 1503 4892 et
1540 4837 1691 4902 Filii,
1721 4848 1771 4894 et

195 4933 412 5003 Spiritus
467 4936 637 4991 sancti
678 4934 896 5005 (Matth.
942 4933 1116 5003 xvnt).
1164 4932 1231 4987 In
1278 4934 1514 4997 nomine,
1563 4931 1766 5001 inquit,

194 5026 335 5095 dixit,
355 5044 466 5085 non
494 5030 550 5084 in
580 5030 915 5095 nominibus;
945 5037 1007 5084 ut
1034 5030 1087 5084 in
1110 5029 1306 5099 quibus
1335 5043 1441 5083 una
1461 5028 1768 5094 virtus,una

194 5129 440 5190 potestas,
468 5137 581 5176 una
603 5121 799 5187 deitas,
828 5136 935 5176 una
973 5121 1266 5187 aeternitas,
1295 5135 1400 5176 una
1440 5120 1633 5189 gloria,
1663 5134 1769 5174 una

197 5212 594 5282 omnipotentia,
618 5229 723 5269 una
768 5213 1066 5275 beatitudo,
1097 5228 1202 5267 una
1232 5212 1477 5283 operatio
1502 5220 1606 5277 est,
1633 5225 1772 5268 una-

198 5317 289 5370 que
309 5313 522 5371 natura,
557 5307 714 5361 unius
740 5318 956 5375 quoque
981 5303 1213 5359 nominis
1239 5303 1437 5358 existat
1468 5302 1767 5371 integritas.

198 5391 324 5449 Nihil
368 5397 421 5451 in
450 5395 655 5453 deitate
683 5395 887 5465 quippe
933 5395 1227 5450 discretum
1275 5401 1377 5457 est,
1408 5408 1530 5447 cum
1560 5399 1768 5446 tantum

196 5496 532 5551 personarum
563 5484 867 5555 proprietas
895 5481 1175 5538 manifesta
1204 5481 1546 5537 distinctione
1588 5480 1769 5548 signe-

197 5582 293 5628 tur.
316 5573 511 5630 Totum
534 5590 667 5645 ergo
695 5575 840 5642 quod
863 5574 1096 5630 Trinitas
1122 5583 1206 5629 est
1232 5580 1514 5644 permanet
1541 5571 1772 5626 consub-

198 5668 447 5722 stantialis
471 5677 528 5723 et
547 5668 837 5722 indiscreta
854 5666 1120 5722 divinitas.
1146 5665 1296 5722 lianc
1320 5663 1477 5720 fidem
1509 5680 1537 5718 a
1566 5679 1649 5719 me
1671 5663 1768 5718 sub

275 5852 291 5876 '
317 5851 350 5906 5
372 5850 531 5911 Febr.
560 5863 709 5904 anno

1878 4670 2005 4717 sunt
2026 4658 2170 4714 dicta
2192 4657 2811 4727 mandavimus,etnunc
2831 4672 2929 4727 per
2958 4667 3009 4713 te
3036 4656 3213 4711 denuo
3225 4655 3461 4711 clemen-

1881 4753 2086 4807 tissimo
2142 4749 2371 4821 principi
2413 4749 2527 4805 haec
2570 4749 2799 4805 dicimus
2840 4749 3194 4817 suggerenda.
3240 4746 3350 4802 Nos
3394 4747 3461 4802 ad

1876 4844 2131 4916 pietatem
2164 4851 2311 4896 tuam
2368 4840 2682 4897 festinantes
2722 4849 2848 4896 ante
2889 4850 3095 4911 septem
3146 4837 3368 4894 annosh
3395 4839 3464 4893 de

1877 4938 2095 4993 civitate
2121 4945 2308 4991 nostra
2333 4934 2415 4991 sic
2441 4934 2639 5013 egressi
2663 4949 2867 5000 sumus,
2894 4944 2953 4988 ut
2975 4933 3116 4987 nulla
3140 4931 3465 4986 haberemus

1878 5029 2085 5098 privata
2114 5028 2348 5096 negotia.
2378 5026 2530 5081 Nunc
2556 5042 2774 5096 quoque
2825 5027 3162 5096 suggerimus
3198 5034 3253 5080 et
3305 5038 3466 5093 roga-

1880 5135 1999 5173 mus
2026 5134 2126 5190 pro
2156 5134 2307 5191 pace,
2332 5133 2492 5188 quam
2516 5134 2613 5189 per
2635 5120 2891 5190 pietatem
2918 5130 3061 5174 tuam
3091 5118 3295 5189 pridem
3325 5118 3467 5174 Deus

1877 5210 2099 5267 donavit
2126 5209 2401 5277 Ecclesia),
2435 5219 2493 5265 ut
2514 5226 2634 5266 eam
2661 5211 2931 5266 nullorum
2958 5211 3230 5265 hominum
3262 5210 3466 5265 turbari

1879 5303 2111 5373 amplius
2137 5300 2500 5357 insinuatione
2551 5304 2834 5372 permittas
2861 5318 2963 5356 nec
2995 5311 3266 5355 auelorem
3300 5302 3468 5357 totius

1879 5395 2117 5449 scandali
2143 5391 2487 5448 Theodorum
2527 5393 2667 5447 ultra
2697 5406 2897 5447 vexare
2945 5391 3100 5444 fidem
3143 5391 3466 5447 catholicam

1879 5486 2128 5556 patiaris:
2160 5484 2413 5554 quoniam
2445 5493 2569 5537 ante
2589 5497 2683 5536 sex
2705 5497 2917 5536 menses
2945 5495 2974 5534 a
2997 5479 3151 5535 nobis
3172 5480 3314 5534 inter
3330 5480 3472 5537 alios

1880 5576 2262 5631 communione
2283 5589 2434 5629 sacra
2458 5573 2698 5642 privatus
2721 5581 2823 5638 est,
2853 5582 2911 5628 et
2938 5572 3005 5626 ab
3026 5570 3338 5640 episcopatu
3362 5586 3463 5639 pro

1880 5683 1974 5725 sua
2005 5669 2270 5738 pravitate
2297 5666 2572 5736 depositus
2598 5683 2609 5718 :
2644 5681 2740 5735 per
2768 5681 2888 5720 eam
2918 5663 3162 5719 videlicet
3192 5661 3463 5731 paginam,

1959 5846 1982 5885 ³³
2016 5844 2110 5901 Dic
2138 5841 2206 5898 23
2235 5842 2491 5899 Novemb.
2524 5857 2666 5897 anno
2699 5840 2823 5896 549.
