3986 6416
523 366 593 424 59
1947 352 2125 408 VlGIL

2230 348 2417 405 ΡΑΡΔΕ
3723 349 3786 402 60

523 492 684 551 quam
713 476 883 532 adhuc
903 490 1001 546 pro
1025 471 1448 530 mansuetudinis
1469 479 1662 526 vestrae
1686 465 1904 530 intuitu,
1927 473 1986 520 et
2009 477 2109 533 spe
2141 470 2184 525 Α
2215 461 2476 530 punitatis
2501 460 2702 551 jugiter
2717 459 2841 551 sine
2868 456 3212 551 correptione
3235 465 3512 551 peccetur.
3536 455 3786 524 Quoniam

522 567 890 628 conversionis
917 565 1053 634 ejus,
1095 565 1236 620 sicut
1261 563 1466 619 dictum
1495 568 1602 626 est,
1627 557 1840 630 publice
1866 553 2109 626 proferre

521 660 843 717 distulimus.
874 655 1008 710 Illud
1031 653 1194 710 etiam
1224 651 1342 724 puri
1371 650 1536 707 modo
1561 664 1662 720 per
1685 643 2109 715 magnitudinem

521 760 667 806 tuam
696 747 814 818 ejus
835 746 1055 801 auribus
1081 745 1412 806 intimamus,
1426 741 1552 811 quia
1579 741 1648 796 de
1668 751 1829 795 causa
1855 733 2111 791 Ecclesia:

521 856 618 912 per
648 847 700 894 te
730 837 934 893 nullum
981 849 1272 906 possumus
1315 831 1448 888 dare
1495 842 1836 900 responsum,
1881 825 1954 881 ob
2007 824 2112 878 hoc

515 929 664 999 quod
685 927 952 998 qutedam,
1000 940 1122 997 qua:
1150 923 1243 979 tibi
1273 921 1502 977 dicimus
1541 916 1838 974 nuntianda
1865 913 1982 984 ejus
2002 912 2112 968 cle-

523 1021 761 1088 mentiae,
790 1015 1060 1088 proﬁteris
1083 1022 1138 1070 te
1175 1029 1285 1069 non
1314 1026 1474 1085 posse
1495 1021 1803 1080 suggerere.
1830 1003 1899 1060 Et
1921 1003 2042 1059 ideo
2066 1001 2112 1056 si

522 1109 743 1166 directis
757 1107 970 1163 duobus
992 1105 1282 1175 iudicibus,
1295 1115 1524 1173 quorum
1541 1099 1759 1156 nomina
1781 1095 1878 1152 tibi
1904 1096 1958 1151 in
1985 1109 2114 1166 prte-

521 1203 662 1259 senti
710 1201 1055 1272 prodidimns,
1084 1203 1422 1254 sacramenta
1470 1200 1728 1264 prtestare
1755 1189 2028 1259 dignetur,
2056 1195 2116 1243 ut

521 1302 647 1364 post
679 1293 792 1347 h:ec
805 1291 922 1348 sine
948 1298 1094 1345 metu
1115 1286 1340 1358 periculi
1364 1282 1586 1338 fratrem
1615 1288 1859 1335 nostrum
1885 1277 2102 1332 Dacimn

523 1383 839 1452 episcopum
889 1377 1304 1435 Mediolanensis
1351 1373 1628 1434 Ecclesiae,
1668 1371 1754 1425 vel
1793 1369 1929 1423 alios
1977 1383 2114 1438 quos

523 1489 645 1529 cum
676 1489 744 1528 eo
790 1471 1269 1536 transmiseritnus,
1328 1467 1456 1522 loco
1488 1473 1674 1522 nostro
1705 1461 1985 1532 suscipiat,
2015 1474 2112 1528 pa-

526 1564 627 1618 rati
649 1579 834 1618 sumus
853 1563 1105 1631 dirigere,
1141 1569 1198 1614 ut
1225 1574 1325 1629 per
1345 1573 1443 1614 eos
1470 1557 1538 1612 de
1559 1553 1924 1611 ecclesiastica
1951 1565 2114 1604 causa

525 1669 858 1723 quaecunque
901 1652 1292 1714 mandavimus,
1322 1647 1590 1702 veraciter
1641 1645 2004 1698 itmotescant.
2031 1639 2115 1692 Si-

523 1743 741 1813 quidem
787 1742 1042 1796 Ecclcsia:
1071 1755 1232 1794 causa
1281 1738 1428 1793 nulla
1453 1743 1792 1790 sacramenta
1821 1731 1978 1786 nobis
1999 1730 2114 1784 dari

525 1835 871 1905 deposcimus
903 1851 915 1887 :
973 1831 1072 1887 sed
1103 1847 1230 1887 mox
1260 1847 1361 1900 pro
1407 1829 1702 1897 gratiarum
1755 1825 1966 1878 actione
2001 1821 2120 1890 ejus
2157 1840 2194 1892 ις

526 1926 861 1980 occurrimus
889 1924 1097 1994 pietati,
1128 1922 1252 1991 quia
1285 1919 1418 1974 nihil
1457 1918 1601 1973 aliud
1631 1925 1732 1977 est,
1758 1913 1902 1984 quod
1925 1922 2120 1981 praeter

524 2019 838 2073 scandalum
878 2033 978 2071 nos
1007 2016 1121 2070 Deo
1143 2013 1430 2083 adjuvante
1478 2017 1800 2080 perterrent,
1834 2005 1975 2060 unde
1999 2019 2120 2057 am-

530 2107 674 2176 plius
703 2107 755 2161 in
771 2107 984 2161 Sanctae
1008 2104 1318 2174 Eupliemim
1345 2102 1562 2156 basilica
1585 2100 1889 2153 sedeamus.
1905 2094 2120 2164 Suppli—

525 2214 713 2252 camus
741 2199 882 2252 enim
915 2197 1025 2252 Deo
1047 2206 1256 2261 nostro,
1287 2202 1344 2249 et
1383 2193 1635 2262 precibus
1664 2187 1944 2245 indefessis
1965 2194 2123 2256 opta-

527 2305 666 2356 mus,
692 2299 749 2345 ut
774 2306 872 2360 per
896 2304 1018 2344 eum
1047 2288 1258 2342 sublata
1289 2285 1627 2340 dissensione
1671 2297 1800 2352 pax,
1825 2294 1988 2351 quam
2019 2279 2121 2348 pite

525 2380 800 2434 memorite
823 2379 1072 2433 avunculi
1100 2377 1182 2433 sui
1229 2376 1355 2430 fecit
1383 2375 1498 2444 ipse
1533 2372 1867 2443 temporibus
1889 2379 1937 2436 ⁸,
1967 2383 2123 2440 repa-

528 2481 680 2526 retur
709 2469 984 2526 Et-clesite.
1019 2470 1152 2524 Nam
1178 2471 1223 2523 si
1266 2469 1372 2522 ulla
1407 2465 1720 2536 provenerit
1743 2464 1882 2518 ultra
1911 2462 2120 2527 dilatio,

533 2581 635 2620 nos
673 2581 892 2619 ncce‘se
944 2571 1029 2617 est
1069 2575 1288 2617 causam
1329 2557 1503 2614 modis
1554 2557 1809 2611 omnibus
1853 2553 2119 2616 delinire;

529 2657 654 2724 quia
674 2669 848 2724 neque
871 2653 1164 2726 proximos,
1185 2666 1359 2720 neque
1381 2649 1516 2703 alios
1537 2654 1812 2718 parentes,
1835 2651 1930 2700 aut
1941 2658 2122 2712 quam-

529 2747 668 2801 libet
689 2743 1064 2804 substantiam,
1087 2742 1279 2796 aninne
1305 2747 1501 2794 nostras
1523 2736 1605 2792 vel
1621 2733 1846 2806 piissimi
1873 2733 2127 2804 principis

529 2836 775 2907 opinioni
805 2834 1186 2906 prazponimns.
1240 2831 1372 2884 Data
1415 2828 1574 2882 nonis
1613 2824 1923 2888 Februarii,
1955 2823 2127 2892 impe-

531 2936 687 2982 rante
720 2925 940 2980 domino
970 2923 1274 2979 Iustiniano
1301 2927 1564 2990 perpetuo
1593 2917 1852 2984 Angusto,
1867 2931 2008 2970 anno
2033 2911 2122 2972 9.5.

531 3026 656 3090 post
707 3015 1044 3072 consulatum
1103 3012 1284 3067 Basilii
1332 3011 1430 3064 viri
1480 3009 1762 3066 clarissittti
1808 3024 1949 3062 anno
1981 3006 2007 3045 ιι
2064 3006 2126 3060 l0

533 3110 707 3179 (dnuo
733 3107 854 3162 (3hr.
891 3105 1035 3173 551).

632 3232 654 3261 ε
687 3217 1159 3275 FRAGMENTUM
1201 3212 1665 3271 DAMNATIONIS
1703 3207 2044 3266 TllEODORl

531 3349 765 3390 EPISCOPI
791 3347 1063 3388 CESABEAE
1095 3345 1434 3386 CAPPADOCIE
1470 3344 1501 3382 Α
1537 3341 1709 3380 BEATO
1753 3339 1948 3380 ιἰιιιιιο
1993 3339 2123 3378 ΡΛΡΑ

1225 3434 1436 3473 ΓΑΟΤΕ.

533 3513 834 3585 Theodorus
863 3514 1132 3585 epismpus
1169 3509 1458 3585 sacerdotio
1487 3509 1937 3585 etcommuaione
1954 3509 2127 3585 priua-

609 3593 713 3638 tur.
747 3579 1352 3652 Consinntiuopolitenus
1392 3589 1440 3652 et
1479 3581 1663 3652 reliqui
1709 3580 1937 3650 episcopi
1983 3579 2124 3632 illius

606 3655 838 3708 criminis
865 3653 1056 3707 conscii
1077 3651 1607 3706 excomnwuicantur.

607 3742 830 3813 Vigilius
859 3743 1142 3812 episcopus
1169 3749 1368 3796 sancta:
1394 3739 1650 3795 Ecclesia:
1679 3740 1958 3796 catholica:
1981 3739 2128 3794 urbis

539 3835 726 3888 Romae
749 3833 920 3888 dixit:
955 3832 1062 3887 Res
1091 3841 1174 3887 est
1199 3832 1414 3902 quidem
1445 3831 1637 3886 divina:
1662 3832 1991 3887 conveniens
2013 3831 2127 3899 jus-

539 3923 698 3991 sioni,
729 3923 1042 3994 patientiam
1091 3923 1337 3992 praebere
1385 3921 1754 3993 peccantibus,
1806 3937 1968 3992 quam
2019 3935 2126 3973 non

538 4024 720 4072 tamen
749 4014 988 4084 adusque
1015 4012 1041 4051 ἀ
1073 4015 1232 4070 decet
1259 4013 1498 4078 extendi,
1527 4022 1586 4068 ut
1613 4029 1710 4084 spe
1736 4014 2004 4070 continuae
2029 4011 2131 4070 im-

613 4186 640 4214 ι
670 4176 783 4233 Sub
808 4175 1020 4232 Justino
1045 4175 1259 4246 imper.,
1291 4191 1434 4246 anno
1463 4173 1590 4231 5l9.

609 4246 640 4286 δ
671 4247 818 4302 Loco
845 4263 985 4300 anno
1021 4245 1087 4300 ιι)
1123 4245 1417 4312 legendum
1456 4261 1598 4302 anno
1646 4247 1732 4312 ll,
1765 4257 1823 4300 ut
1860 4262 2031 4300 annus
2061 4245 2132 4299 25

541 4317 827 4372 Justiniani
850 4331 970 4370 cum
986 4331 1168 4370 mense
1181 4314 1474 4371 Februario
1495 4317 1777 4385 copulatus
1789 4314 2129 4370 manifestum

541 4387 766 4458 facitLac
789 4385 1013 4458 proinde
1023 4388 1162 4458 Allata
1189 4386 1604 4458 btecencyclica
1623 4401 1766 4441 anno
1787 4385 2126 4458 Christi7552.

619 4469 643 4496 ο
676 4456 991 4512 Theodorus
1010 4456 1358 4512 Caesariensis
1381 4456 1671 4526 episcopus
1697 4456 2021 4512 intolerabili
2037 4472 2134 4509 au-

543 4527 699 4582 dacia
727 4537 783 4582 et
811 4527 1158 4596 impudentia,
1191 4525 1533 4595 imperatoris
1572 4525 1749 4596 gratia
1795 4535 1853 4582 et
1891 4527 2132 4596 potentia

2211 553 2394 620 igitur,
2441 557 2500 608 tu
2545 549 2831 608 Theodore
2872 548 3133 606 Caesarea
3173 546 3528 618 Cappadocia:
3573 550 3790 605 civitatis

2209 645 2490 714 episeopo,
2525 641 2616 712 qui
2638 641 2899 698 hactenus
2925 640 2995 694 ab
3022 639 3378 698 ordinationis
3403 648 3507 695 tua:
3536 648 3787 712 tempore,

2213 735 2370 792 unius
2423 734 2551 790 anni
2604 733 2782 804 apatio
2833 732 2888 788 in
2945 730 3187 787 Ecclesia
3239 731 3395 800 cujus
3441 733 3789 802 gubernacula

2209 840 2554 896 susceperas,
2597 840 2706 884 non
2730 837 2922 894 passus
2949 838 3009 878 es
3034 822 3292 888 residere,
3339 822 3436 878 sed
3483 825 3791 880 auctoritate

2211 916 2445 972 nominis
2489 915 2811 986 episcopalis
2857 913 3056 972 abusus
3106 913 3425 969 universalis
3474 922 3497 951 ο
3548 911 3792 970 EctlcsLae

2211 1005 2462 1062 scandala
2491 1019 2755 1076 generare
2794 1020 2903 1060 non
2932 1019 3140 1069 cessas;
3172 1012 3229 1057 et
3266 1019 3296 1056 a
3329 1002 3487 1058 nobis
3525 1003 3683 1058 modo
3721 1006 3792 1059 fa-

2214 1095 2496 1152 miliariter
2549 1095 2864 1164 objugatus
2886 1133 2901 1159 ,
2954 1093 3115 1148 modo
3171 1093 3426 1163 precibus
3471 1095 3794 1160 obsecratus,

2213 1201 2598 1256 nonnunquam
2639 1201 2770 1242 vero
2813 1184 3051 1240 natet-na
3103 1185 3476 1254 increpatione
3503 1195 3796 1258 correptus,

2215 1293 2357 1349 stupe
2383 1281 2546 1336 etiam
2567 1280 2868 1336 divinarum
2891 1278 3292 1346 Scripturarum
3319 1278 3645 1334 auctoritate
3665 1295 3799 1336 coui-

2219 1373 2476 1440 monitus,
2514 1372 2601 1428 vel
2639 1371 3021 1428 ecclesiastica:
3073 1369 3477 1424 consuetudinis
3527 1371 3800 1428 convictus

2217 1464 2502 1532 exemplis,
2545 1478 2760 1531 semper
2806 1460 3239 1517 emendationem
3284 1475 3537 1516 sermone
3583 1463 3800 1529 promit-

2219 1564 2358 1613 tens,
2404 1568 2565 1620 quam
2595 1552 2750 1608 factis
2778 1549 3114 1620 nequissimis
3138 1549 3446 1618 respuebas,
3477 1563 3744 1617 nunquam
3774 1566 3800 1601 ει

2219 1663 2384 1716 prava
2421 1645 2716 1698 intentione
2739 1641 2982 1698 cessasti.
3028 1640 3136 1694 Nos
3176 1656 3304 1694 vero
3355 1639 3803 1709 longanimitatem

2221 1750 2462 1791 nostram
2499 1737 2677 1790 divina
2713 1735 2960 1802 largitate
2996 1747 3334 1797 concessam,
3377 1740 3483 1786 tam
3539 1732 3684 1788 circa
3736 1743 3804 1793 te,

2221 1842 2380 1896 quam
2425 1827 2570 1881 circa
2614 1824 2864 1879 seductos
2891 1823 2987 1876 abs
3023 1832 3096 1886 te,
3127 1836 3265 1892 pene
3293 1821 3398 1875 hoc
3443 1822 3808 1892 quinquennio

2223 1920 2410 1987 elapso
2440 1915 2878 1970 monstravimus.
2921 1912 3158 1968 Primum
3187 1911 3406 1982 quidem
3457 1911 3508 1964 in
3538 1927 3628 1976 eo,
3671 1914 3808 1979 quod

2223 2026 2321 2080 pm
2341 2009 2594 2063 seandalo
2614 2006 2936 2062 refrenando
2948 2004 3443 2060 condescendeutes
3460 2003 3811 2072 quorumdam

2222 2100 2434 2166 anitnis,
2458 2115 2597 2168 quos
2628 2098 2804 2166 aliqua
2823 2094 3173 2164 dissipatione
3204 2092 3656 2167 [dispensatione]
3693 2109 3811 2148 cre-

2221 2191 2400 2248 dimus
2429 2187 2830 2260 temperandos,
2864 2189 2988 2256 quia
3021 2196 3076 2242 tu
3111 2189 3223 2256 jam
3251 2201 3349 2242 eos
3379 2185 3621 2256 pluribus
3666 2185 3814 2238 annis

2223 2283 2645 2352 inquietissimos
2681 2281 2987 2336 stimulato:-
3035 2279 3378 2345 accenderas,
3431 2279 3680 2348 quaedam
3723 2292 3816 2348 pro

2226 2383 2470 2442 tempore
2495 2372 2887 2428 medicinaliter
2913 2371 3341 2426 existimavimus
3365 2369 3700 2434 ordinanda;
3729 2371 3816 2422 tali

2224 2465 2430 2521 scilicet
2456 2464 2787 2525 conditione,
2821 2471 2898 2527 ut,
2944 2462 3094 2516 omni
3133 2461 3186 2518 in
3231 2469 3506 2531 posterum
3538 2461 3821 2530 perturba-

2227 2557 2374 2612 tione
2401 2555 2599 2624 sopita,
2632 2554 2758 2608 nihil
2785 2553 2926 2608 ultra
2957 2568 3057 2608 nec
3092 2553 3255 2608 verbo
3285 2566 3387 2606 uec
3433 2551 3630 2606 litteris
3673 2551 3822 2622 quis-

2225 2660 2388 2714 quam
2437 2641 2616 2699 facere
2669 2659 2736 2698 ex
2782 2644 2972 2697 eadem
3024 2659 3187 2699 causa
3235 2651 3604 2708 praesumeret.
3661 2641 3732 2696 At
3767 2652 3823 2695 tu

2227 2753 2406 2808 pravae
2461 2736 2867 2792 consuetudinis
2917 2744 3119 2790 tractus
3161 2733 3418 2798 audacia,
3469 2748 3649 2802 neque
3703 2739 3824 2786 tunc

2225 2846 2444 2885 cessare
2473 2845 2504 2884 a
2529 2829 2938 2884 conscribendis
2967 2827 3049 2882 vel
3091 2827 3444 2898 praedicandis
3496 2828 3826 2882 novitatibus

2227 2920 2464 2983 voluisti,
2496 2921 2567 2974 ita
2604 2927 2661 2974 ut
2690 2920 2884 2988 saepius
2927 2919 3121 2974 libellis
3149 2919 3528 2988 episcoporum
3583 2919 3822 2982 redditis,

2227 3021 2284 3066 et
2311 3027 2636 3084 consensum
2663 3021 2815 3068 tuum
2845 3026 2966 3068 cum
2989 3012 3070 3065 eis
3093 3011 3308 3080 ptopria
3332 3009 3680 3066 confessione
3707 3027 3832 3065 con-

2227 3105 2508 3166 dcmnans,
2539 3117 2731 3160 eorum
2773 3103 2859 3158 vel
2894 3103 3000 3158 tuis
3029 3103 3340 3160 excessibus
3370 3104 3565 3172 sapius
3597 3118 3630 3156 a
3679 3103 3830 3157 nobis

2147 3211 2195 3269 ε
2229 3195 2452 3251 concedi
2479 3195 2691 3252 veniam
2737 3195 3085 3264 postulasses.
3131 3193 3257 3246 Post
3281 3195 3595 3248 lueeautent
3628 3211 3753 3250 cum
3781 3204 3832 3248 te

2227 3304 2258 3340 a
2289 3287 2710 3357 prmsutuptione
2739 3286 2898 3340 solita
2941 3301 3040 3338 nec
3079 3284 3252 3354 pudor
3281 3286 3532 3340 humana:
3561 3301 3830 3338 verer-un-

2227 3378 2347 3441 ἀίω,
2381 3394 2479 3432 nec
2507 3379 2795 3434 sacerdotii
2819 3378 3048 3447 pondus,
3095 3394 3194 3432 nec
3227 3379 3388 3432 timor
3426 3378 3597 3432 (Ιίνιιιί
3639 3377 3832 3447 jlltllt'll

2227 3470 2526 3534 cohiberet,
2547 3470 2680 3527 dum
2703 3471 2953 3538 amplius,
2977 3484 3138 3537 quam
3167 3471 3370 3537 justum
3399 3469 3596 3533 fuerat,
3621 3469 3833 3539 paticno

2231 3561 2360 3613 tiam
2391 3562 2497 3616 tuis
2523 3559 2854 3616 facinoribus
2883 3562 3271 3630 pta-.beretnus;
3301 3561 3368 3614 ad
3415 3561 3518 3616 hoc
3546 3571 3636 3616 est
3676 3575 3835 3616 causa

2231 3650 2510 3721 perducta,
2538 3660 2807 3722 quatenus
2851 3651 3076 3706 semotis
3121 3652 3370 3706 onmibns
3400 3667 3521 3720 quae
3561 3653 3634 3708 de
3673 3653 3835 3708 trima

2230 3742 2584 3812 capitulorum
2624 3741 2640 3780 ί
2677 3758 2709 3797 a
2735 3743 3064 3812 quibuslibet
3105 3743 3256 3800 dicto
3300 3745 3572 3814 scriptove
3625 3747 3842 3800 fuerant

2232 3832 2506 3900 ordinata,
2534 3833 2663 3902 quid
2693 3833 2761 3890 de
2787 3835 2904 3902 ipsa
2927 3849 2987 3889 re
3017 3835 3158 3890 facto
3184 3850 3324 3904 opus
3348 3846 3512 3898 esset,
3544 3852 3676 3894 cum
3700 3833 3841 3890 Afri-

2229 3939 2507 3988 canarum,
2562 3923 3014 3994 lllyricianarum,
3067 3939 3164 3980 seu
3208 3925 3433 3980 aliarum
3488 3923 3842 3998 [Galliarmn]

2235 4026 2260 4065 ι
2291 4017 2526 4087 partium
2576 4026 2901 4086 congregata
2945 4017 3160 4089 synodo
3209 4027 3598 4084 tractarenius,
3647 4034 3843 4076 eorum

2237 4180 2415 4248 ibique
2445 4178 2498 4232 in
2524 4177 2748 4248 ecclesia
2778 4177 2991 4232 Sanctae
3037 4177 3346 4248 Euphemize
3385 4195 3506 4234 enin
3536 4181 3657 4234 suis
3689 4180 3845 4238 babi-

2240 4247 2355 4303 tare
2383 4248 2668 4316 disposuit.
2711 4247 2788 4301 Ex
2821 4248 2923 4303 hoc
2978 4249 3096 4302 loco
3122 4247 3460 4316 ’s'equentetn
3507 4251 3844 4306 cireularem

2237 4319 2516 4390 epistolam
2541 4318 2608 4372 ad
2637 4319 2942 4372 universam
2984 4316 3276 4374 Ecclesium
3329 4319 3570 4390 scripsit,
3613 4336 3691 4375 ex
3740 4335 3848 4390 qua

2235 4404 2358 4456 qua:
2419 4388 2677 4456 deinceps
2739 4399 2923 4441 secuta
2973 4396 3098 4441 sunt
3147 4396 3295 4442 certa
3351 4388 3652 4444 habentur.
3715 4388 3850 4444 Vide

2238 4468 2438 4528 quanta
2479 4459 2720 4528 potentia
2751 4467 2808 4528 et
2833 4459 2916 4512 vis
2962 4457 3234 4513 cathedra:
3283 4458 3447 4528 Petri.
3498 4459 3851 4516 Justinianus

2239 4527 2564 4600 auctoritate
2597 4527 2772 4596 Vigilii
2818 4543 2899 4595 pa;
2920 4543 2966 4582 te
2993 4536 3232 4600 coactus,
3277 4527 3344 4582 de
3374 4529 3854 4600 tribusﬂcapitulis

545 4597 727 4686 "eius:
753 4595 1408 4686 .z°““'_“..A.'F“3'.‘£"_‘.'3E'II‘
1449 4595 2136 4686 seesevemzﬂttelter
2166 4619 2216 4686 ι)
2240 4599 2578 4686 nomisma
2601 4595 3422 4686 etavreeaediae.“caveri:
3449 4595 3704 4686 omne
3727 4608 3858 4686 δειξθ

548 4682 677 4721 nare
707 4667 806 4720 tria
846 4665 1080 4733 capitula
1128 4667 1416 4736 renuisset,
1449 4664 1719 4736 deposuit,
1763 4673 1820 4721 et
1864 4665 2134 4736 Apollina-

546 4753 680 4796 rem,
707 4745 842 4791 teste
865 4737 1113 4792 Liberata
1144 4737 1198 4790 in
1229 4735 1507 4790 Breviario
1538 4751 1659 4805 cap.
1693 4737 1784 4798 95,
1801 4735 2134 4804 subrogavit,

545 4806 794 4874 Vigilium
842 4807 1145 4862 Romanum
1191 4805 1499 4876 pontiﬁcem
1527 4806 2011 4871 contradicentem,
2067 4822 2136 4862 ne

546 4877 722 4931 edicto
772 4877 1112 4946 imperatoris
1158 4876 1522 4946 consentiret,
1567 4877 1912 4946 contempsit,
1961 4891 2137 4944 eoque

551 4945 906 5002 interdicente
933 4947 1126 5000 missas
1153 4945 1452 5015 celebrare,
1477 4946 1689 5015 aliaque
1711 4945 1861 5015 plura
1887 4947 2139 5000 intolera-

548 5017 673 5088 bilia
711 5025 929 5088 patrare
965 5031 1126 5071 ausus
1175 5015 1292 5088 fuit.
1322 5013 1412 5088 0b,
1453 5017 1568 5070 haec
1603 5013 1812 5071 scelera
1864 5016 2134 5088 Theodori

549 5085 793 5154 Vigiliits,
844 5085 1102 5156 infracto,
1128 5085 1293 5140 animi
1335 5087 1534 5141 robore
1571 5095 1629 5142 et
1666 5103 1792 5142 vere
1838 5086 2137 5156 apostolico

549 5158 762 5226 spiritu,
791 5155 1138 5226 quantumvis
1160 5157 1211 5212 in
1239 5163 1386 5226 terra
1413 5156 1587 5226 aliena
1631 5166 1793 5222 esset,
1826 5155 2139 5211 convocatis

2241 4667 2547 4739 generalem
2602 4667 2863 4739 synodum
2916 4667 2986 4722 de
3039 4667 3145 4739 illis
3188 4669 3480 4723 detractari
3525 4671 3855 4724 mandavit.

2243 4738 2562 4793 Theodorus
2614 4737 3169 4808 Inalorumiomnium
3219 4745 3410 4792 auctor
3456 4741 3749 4808 paenitens
3803 4749 3859 4792 ct

2243 4808 2461 4863 humilis
2490 4808 2726 4878 libellum
2756 4807 3054 4878 supplicem
3105 4809 3347 4877 pontilici
3397 4807 3620 4872 obtulit,
3655 4826 3772 4878 quo
3802 4818 3858 4862 et

2242 4887 2444 4934 rectam
2477 4877 2634 4930 fidem
2663 4875 2969 4946 profitetur,
2993 4887 3048 4932 et
3075 4875 3306 4948 quatuor
3331 4875 3696 4933 sacrosancta
3724 4896 3860 4934 con-

2244 4949 2364 5002 cilia
2389 4949 2720 5002 tecumenica
2750 4948 3088 5015 comprobat,
3121 4958 3282 5016 atque
3309 4951 3761 5002 controversiam
3791 4950 3862 5003 de

2247 5019 2416 5071 tribus
2440 5017 2692 5087 capitulis
2716 5033 2746 5072 a
2774 5033 2833 5070 se
2863 5019 3150 5070 excitatam
3184 5019 3248 5072 ad
3270 5017 3605 5072 decisionem
3631 5019 3858 5081 concilii

2245 5088 2477 5153 distulit,
2502 5095 2692 5156 petens
2712 5087 2923 5158 veniam
2945 5087 3014 5158 de
3037 5087 3246 5158 injuriis
3263 5096 3316 5140 et
3339 5087 3707 5158 contumeliis
3731 5107 3863 5158 pon-

2247 5158 2372 5212 tiiici
2405 5157 2678 5211 innocenti
2708 5157 2952 5225 objectis.
2997 5156 3138 5211 Ideni
3172 5159 3420 5224 prmstitit
3448 5157 3689 5212 Mennas
3717 5156 3864 5214 Con-

550 5225 689 5294 q’uos
716 5225 896 5297 potuit
915 5225 1124 5297 Latlnis
1151 5225 1441 5297 episcopis,
1473 5225 1939 5297 Constantinopoli
1967 5226 2019 5279 in
2048 5241 2141 5280 ec-

549 5295 926 5352 clesia’Saneti
953 5295 1118 5360 Petri,
1151 5295 1217 5351 ad
1247 5311 1407 5364 quam
1437 5296 1808 5352 ministrorum
1834 5295 2141 5365 imperato—

552 5367 626 5421 ris
652 5367 964 5422 violentiam
995 5374 1241 5422 metuens
1264 5365 1600 5433 confugerat,
1633 5376 1691 5421 ut
1731 5375 1880 5436 patet
1922 5381 1989 5420 ex
2032 5367 2142 5434 epi-

551 5436 691 5508 stola
707 5437 978 5508 encyclios
1000 5436 1066 5490 ad
1093 5438 1393 5508 universam
1421 5437 1712 5508 Ecclesium
1743 5437 1965 5508 scripta,
1995 5451 2138 5490 acer-

552 5505 743 5592 rimam
766 5505 904 5588 hanc
931 5506 1503 5592 excomnt‘unica‘tionis
1539 5515 1595 5562 et
1621 5505 1975 5592 depositionis
2015 5520 2138 5592 seu:

553 5576 778 5629 tentiam
828 5576 880 5629 in
939 5590 1062 5628 eum
1117 5577 1255 5628 tulit.
1306 5575 1426 5640 Quo
1477 5575 1621 5630 facto
1670 5575 2137 5644 Constantinopoli

556 5645 772 5709 quidam
805 5646 856 5698 in
888 5645 1077 5698 faciem
1101 5645 1219 5712 ejus
1260 5647 1339 5710 (nt
1367 5645 1530 5699 refert
1573 5645 1885 5702 Anastasius
1934 5645 1987 5698 in
2022 5645 2136 5697 Vita

557 5712 758 5778 V'igilti)
789 5715 939 5768 dedit
975 5715 1207 5783 alapam,
1245 5715 1466 5771 dicens:
1505 5713 1800 5776 Horniridn,
1835 5715 1997 5767 ncsris
2022 5716 2138 5783 qui-

557 5783 648 5834 bns
674 5784 931 5844 loqueris?
956 5794 1061 5838 etc.
1096 5784 1175 5838 Ab
1205 5785 1304 5836 bac
1329 5783 1580 5838 violentia
1622 5785 1866 5850 sacrilegi
1911 5785 2139 5850 impera-

559 5854 691 5907 tozis
720 5871 774 5906 se
810 5864 976 5908 tutum
1001 5871 1120 5911 csse
1153 5853 1358 5922 volens,
1387 5862 1535 5908 trans
1566 5853 1960 5908 Cbalcedonem
1984 5852 2137 5922 fugit,

2243 5227 2752 5296 stantinopolitanns
2785 5227 3090 5296 episcopus.
3135 5227 3285 5292 Quos
3327 5243 3447 5282 cum
3495 5227 3747 5296 Vigilius
3797 5229 3864 5282 ad

2243 5297 2614 5366 ptenitentiam
2657 5305 2712 5352 et
2761 5296 2812 5349 in
2857 5299 3294 5366 communionem
3337 5296 3602 5352 Ecclesiae
3674 5316 3866 5356 susce—

2245 5365 2440 5431 pisset,
2472 5367 2678 5422 reddita
2707 5376 2789 5420 est
2819 5383 2924 5434 pax
2948 5366 3222 5420 Ecclesize.
3261 5365 3385 5422 llazc
3429 5383 3494 5422 ex
3544 5372 3868 5423 constituto

2247 5436 2427 5510 )’_i_gilii
2459 5437 2810 5510 papte,_qnot_l_
2855 5437 2939 5491 bic
2983 5437 3370 5505 subjungimus.
3408 5436 3690 5491 Baronins
3723 5455 3869 5493 anno

2250 5499 2342 5558 551
2378 5515 2432 5559 et
2460 5499 2581 5558 559..
2614 5499 2741 5559 Se'v.
2777 5505 2974 5562 limus.

2321 5576 2345 5611 ά
2376 5574 2512 5629 (Ind.
2547 5575 2702 5639 Lur.,
2733 5577 2802 5628 ad
2825 5577 3098 5644 hucusquc.

2323 5657 2343 5682 ι·
2380 5645 2540 5698 Itlctn.
2577 5647 2720 5706 cod.,
2746 5645 3044 5698 universali.

2327 5712 2340 5750 ¹
2379 5714 2524 5785 Idem
2578 5714 2725 5775 end.,
2769 5719 2831 5767 de
2874 5718 3026 5768 trium
3088 5716 3426 5783 capitulorum
3472 5720 3872 5785 qua'stiombus

2253 5784 2502 5854 quomodo
2526 5799 2574 5843 η,
2609 5793 2709 5836 rte.

2327 5863 2350 5900 ε
2384 5852 2529 5907 ldcm
2560 5854 2705 5919 cod.,
2736 5851 2972 5908 Iliurunt.
