3986 6422
149 401 207 457 ει
1428 417 1783 478 EPISTULA!
1827 411 1921 476 ΕΤ
1953 421 2290 481 DECRETA.
2720 467 2728 473 .
2809 474 2815 480 .
3432 438 3504 494 6!

167 515 393 616 marinae
419 526 810 616 pmsentiam
837 533 1190 602 requirentes
1207 547 1436 604 quorum
1463 531 1637 590 fuerat
1655 549 1815 592 ωηε-
1841 545 1883 598 Α
1915 536 2374 592 contradicentcm
2438 541 2828 611 contempsisse
2862 586 2877 612 ,
2945 545 3254 616 pontiﬁcem
3337 549 3502 606 etiam

187 613 403 673 manu
440 613 809 676 fraternitas.
855 621 998 678 Illud
1027 637 1245 695 quoque
1291 638 1622 696 magnopere
1656 626 1816 682 nobis
1915 625 2295 682 Alexandrinae
2325 627 2578 686 Ecclesia;-
2614 613 2963 689 sacerdotem
3000 634 3218 691 fratrem
3250 647 3497 698 nostrum

195 707 1598 785 cumclementissimoprincipe,pmontibusctiam
1620 717 1812 774 Menua
1915 711 2146 779 Zoilum,
2201 717 2356 786 cuius
2398 735 2594 774 nomen
2624 736 2794 790 usque
2841 721 2910 777 ad
2957 732 3313 782 memoratum
3359 728 3504 783 diem

198 801 827 874 Constantinopolitanae
846 805 1110 876 civitatis,
1137 815 1194 863 et
1214 806 1378 864 Dacio
1399 807 1816 866 Mediolanensis
1913 805 2372 860 communicatum
2428 809 2582 864 vobis
2628 811 2801 866 fuerat
2846 811 3114 885 tliptychis
3166 817 3498 886 eximentcs,

203 895 358 951 urbis
399 895 666 959 antistite,
710 895 955 967 aliisque
1003 905 1115 952 tam
1160 895 1362 953 Graecis
1398 911 1559 968 quam
1611 899 1815 956 Latinis
1913 894 2278 964 Apollinarem
2303 898 2588 966 quemdam
2628 915 2999 971 perversorem
3050 915 3212 976 atque
3251 905 3504 966 Ecclesiae

201 985 498 1057 episcopis,
529 999 655 1040 cum
681 985 893 1056 quibus
919 987 1193 1056 omnibus,
1219 986 1382 1043 etiam
1427 998 1486 1044 tu
1528 987 1814 1045 Theodore

198 1087 366 1152 pater
385 1077 620 1144 adfuisti,
643 1093 751 1135 nec
770 1093 886 1134 non
909 1087 968 1136 et
992 1079 1347 1151 praesentibus
1362 1079 1633 1150 iidicibus
1649 1089 1814 1152 atque

199 1169 528 1242 proceribus
555 1171 924 1240 universeque
977 1177 1170 1226 senatu
1209 1171 1483 1236 convenit,
1533 1185 1606 1226 ne
1643 1184 1812 1242 usque

197 1263 272 1320 ad
321 1271 685 1319 memoratam
721 1262 941 1319 concilii
982 1262 1358 1318 dil'llnitionem
1395 1261 1690 1333 quidquam
1743 1261 1812 1319 de

195 1353 448 1426 praefatis
471 1355 644 1411 tribus
663 1355 915 1425 capitulis
941 1355 1010 1410 ab
1031 1355 1212 1425 aliquo
1239 1353 1354 1411 fieri
1385 1354 1806 1410 intentaretur'.

198 1451 281 1506 Ac
327 1449 530 1506 deinde
573 1452 683 1504 tuis
717 1465 784 1504 cx
821 1447 1214 1504 consuetudine
1267 1447 1630 1504 incitamentis
1673 1447 1814 1503 liber

1913 981 2080 1054 ipsius
2107 985 2408 1040 adulterum
2436 987 2593 1041 vobis
2619 989 2887 1053 sociastis,
2921 1000 2982 1046 ut
3023 1002 3202 1048 vestra
3249 997 3504 1064 iniquitas

1911 1091 2020 1131 non
2057 1077 2232 1132 solum
2284 1079 2337 1132 in
2375 1079 2702 1136 removendo
2747 1081 3143 1152 snnplicissimo
3196 1088 3500 1156 sacerdote,

1911 1167 2010 1222 sed
2040 1169 2201 1224 etiam
2235 1169 2286 1224 in
2317 1170 2628 1240 recipiendo
2666 1173 2950 1242 patefieret
2976 1190 3315 1245 pcrvcrsore.
3351 1177 3502 1234 Beti-

1911 1275 2096 1316 cetnus
2130 1261 2346 1318 interim
2375 1263 2496 1328 alia,
2528 1280 2649 1334 qute
2680 1267 2870 1322 eodem
2901 1269 2988 1324 die
3011 1285 3040 1326 a
3070 1271 3225 1326 vobis
3275 1272 3329 1326 in
3371 1288 3501 1341 apo-

1911 1350 2113 1405 stolica:
2161 1353 2302 1406 sedis
2348 1362 2404 1408 et
2451 1355 2502 1407 in
2531 1371 2798 1412 canonum
2847 1369 3158 1429 perpetrata
3203 1363 3503 1431 probantur

1911 1445 2184 1514 iniuriam,
2219 1460 2293 1502 ene
2321 1446 2524 1502 detenti
2572 1453 2980 1508 enumeratione
3030 1454 3133 1523 θυι,
3156 1470 3334 1524 arum,
3361 1470 3499 1524 qua.

197 1543 725 1600 condemnationem
756 1541 1116 1614 capitulorum
1153 1540 1391 1612 ipsorum
1420 1540 1732 1608 continens,
1756 1540 1810 1596 in

195 1634 438 1706 palatio,
466 1640 521 1689 te
547 1631 836 1688 assistente
856 1639 913 1688 et
939 1631 1262 1699 instruente,
1283 1641 1468 1687 coram
1487 1624 1810 1700 quibusdam

195 1722 412 1779 Grmcis
436 1723 708 1794 cpisc0pis
731 1733 812 1780 cst
837 1723 1088 1791 reiectus,
1111 1737 1142 1778 a
1163 1721 1358 1792 quibus
1385 1713 1810 1778 assentationem

193 1815 454 1872 favorem
481 1816 591 1872 tuis
617 1816 843 1874 vocibus
871 1817 1142 1886 exigebas.
1173 1815 1256 1870 Ex
1281 1831 1390 1886 quo
1416 1816 1558 1870 facto
1587 1823 1696 1870 tam
1726 1822 1807 1882 tu,

1911 1549 2030 1588 rum
2079 1533 2374 1590 inventord
2416 1537 2738 1604 ostenderis,
2769 1541 2912 1608 quod
2945 1542 3037 1596 tibi
3087 1544 3342 1613 competit
3383 1545 3502 1602 diu-

1912 1623 2017 1678 tius
2041 1623 2368 1680 dill'cramus.
2403 1625 2468 1680 Et
2498 1627 2620 1682 licet
2665 1638 2793 1684 ante
2834 1633 3048 1700 triginta
3079 1633 3195 1690 dies
3241 1651 3340 1704 pro
3383 1652 3497 1692 me-

1911 1715 2135 1772 moratis
2161 1716 2476 1772 excessibus
2520 1721 2712 1775 vestris
2739 1720 2807 1776 ab
2852 1723 3161 1789 apostolica:
3206 1741 3303 1778 vos
3348 1742 3494 1780 com-

1911 1803 2184 1860 munionis
2225 1806 2648 1862 removissemus
2693 1811 2997 1871 consortio,
3029 1812 3314 1868 credentes
3349 1815 3496 1883 quod

193 1919 370 1977 quam
396 1907 494 1962 tibi
524 1907 928 1963 consentientes
955 1907 1215 1978 episcopi,
1248 1893 1429 1962 mitius
1450 1907 1575 1961 licet
1592 1920 1624 1960 a
1650 1907 1803 1961 nobis

1907 1893 2229 1949 sacerdotali
2258 1896 2538 1966 proposito
2569 1895 2779 1954 facilius
2809 1913 2930 1970 qua!
2958 1901 3096 1955 male
3117 1911 3264 1970 gesta
3290 1905 3505 1961 fuerant

192 2015 371 2072 quam
400 2001 647 2070 oportuit
685 2000 967 2070 increpati,
999 1999 1067 2056 ad
1106 1999 1517 2070 promerendam
1547 1997 1669 2054 ﬂeta
1711 2014 1801 2055 sa~

195 2093 516 2148 tisfactione
554 2093 767 2148 veniam
810 2092 1156 2148 convolastis.
1189 2091 1322 2159 Quis
1359 2100 1538 2146 autem
1561 2105 1802 2147 comme-

194 2198 424 2238 morare
443 2182 677 2238 sufﬁciat
704 2197 825 2253 quae
871 2189 926 2240 te
971 2183 1228 2240 incitante
1270 2191 1433 2252 atque
1475 2191 1805 2252 exscquente

195 2273 350 2328 mala
377 2271 675 2329 commissa
715 2273 876 2328 sunt?
903 2272 1036 2328 Nam
1067 2279 1130 2326 ut
1169 2271 1238 2328 de
1265 2272 1472 2345 magnis
1498 2271 1806 2329 excessibus

195 2363 314 2418 tuis
355 2377 525 2432 parva
567 2377 871 2429 narremus,
904 2363 1071 2418 totius
1117 2361 1357 2418 scandali
1399 2362 1802 2419 incitamentum

194 2451 355 2506 fuisti
400 2459 574 2522 atque
616 2451 844 2520 seditio;
875 2452 966 2522 qui
995 2451 1140 2508 domi
1172 2460 1278 2507 tua:
1319 2453 1534 2518 sedens,
1567 2453 1808 2522 antiqua-

195 2541 321 2598 rios
365 2541 546 2613 pretio
575 2553 704 2597 caro
731 2542 1057 2608 conducens,
1089 2555 1152 2597 ea
1181 2555 1302 2612 quas
1345 2540 1523 2612 iurata
1573 2558 1706 2597 voce
1751 2551 1805 2598 te

195 2647 318 2686 non
372 2645 496 2688 esse
552 2629 820 2686 facturum
871 2644 1044 2700 usque
1087 2631 1154 2685 ad
1201 2632 1554 2686 constitutum
1593 2639 1805 2702 tempus

191 2723 548 2794 frequentius
595 2723 928 2788 llrmaveras,
976 2723 1385 2794 conscripsisti;
1427 2732 1485 2779 et
1527 2724 1625 2780 sub
1665 2739 1802 2796 βπε-

193 2823 362 2870 textu
387 2815 689 2884 religionis,
732 2829 798 2870 ea
827 2829 950 2884 qua:
992 2813 1089 2870 Dei
1138 2815 1433 2871 Ecclesiam
1479 2814 1801 2881 dividerent,

195 2905 349 2960 sicut
376 2905 544 2962 etiam
572 2905 736 2960 rebus
758 2904 926 2975 ipsius
951 2904 1276 2973 agnoscitur,
1295 2903 1643 2974 perpetrasti.
1667 2903 1802 2959 Nam

195 3015 380 3072 usque
408 3001 477 3055 ad
508 3000 613 3056 hoc
639 2999 880 3055 animum
909 2997 1350 3055 Christianissimi
1379 2997 1639 3068 principis
1657 2996 1804 3054 falsis

195 3089 650 3161 suggestionlhns
679 3089 998 3162 perduxisti,
1029 3098 1092 3145 ut
1118 3090 1405 3146 clementia
1433 3089 1570 3159 ejus,
1599 3104 1719 3159 qua:
1746 3090 1800 3146 in

197 3185 319 3239 suis
345 3183 598 3238 hostibus
625 3183 711 3252 pia
756 3195 974 3251 semper
1009 3180 1275 3250 apparuit,
1326 3189 1518 3235 contra
1553 3195 1650 3234 nos
1677 3193 1802 3248 gra-

1905 1983 2274 2040 satisfactione
2293 2000 2531 2056 congrua
2561 1990 2863 2044 curaretis:
2898 1991 3126 2060 ideoque
3153 2009 3218 2049 ex
3265 2009 3492 2063 pemona

1905 2081 1961 2127 et
1989 2076 2312 2132 auctoritate
2333 2076 2478 2134 beati
2504 2076 2648 2134 Petri
2672 2080 2927 2148 apostoli,
2953 2081 3123 2150 cujus,
3153 2083 3268 2138 licet
3294 2086 3491 2152 exigui,

1903 2179 2006 2219 nos
2035 2163 2212 2222 locum
2239 2167 2493 2235 gerimus,
2519 2185 2640 2224 cum
2671 2169 2834 2226 Dacio
2856 2170 3265 2240 Mcdiolanensi,
3285 2174 3494 2232 Joanne

1904 2251 2225 2320 Marsicano,
2244 2253 2502 2312 Zacchtco
2521 2255 2859 2329 Scyllaccno,
2882 2259 3167 2318 Valentino
3187 2264 3344 2319 Silva:
3355 2265 3495 2320 Can-

1905 2343 2059 2410 didtc,
2083 2343 2359 2401 Florentio
2380 2345 2812 2413 Matellicatcnsi,
2837 2349 3052 2408 Juliano
3074 2351 3318 2422 Signino,
3343 2365 3366 2392 ο
3392 2355 3492 2409 lio-

1905 2436 2052 2492 mulo
2074 2435 2476 2504 Numanatensi,
2511 2437 2788 2495 Dominico
2809 2439 2876 2496 de
2895 2439 3200 2513 Calliopoli,
3229 2444 3490 2503 Primasio

1906 2529 2276 2591 Adrumetino,
2310 2527 2624 2585 Verecundo
2650 2529 2885 2587 Lunensi
2915 2530 2956 2599 τ,
2987 2531 3264 2605 Stephano
3293 2535 3488 2590 Arimi-

1907 2619 2080 2682 nensi,
2108 2617 2394 2674 Paschasio
2416 2619 2678 2686 Aletrino,
2704 2629 2868 2690 atque
2889 2619 3123 2678 Iordane
3148 2623 3491 2696 Crotonensi,

1906 2709 2156 2768 fratribus
2177 2719 2231 2766 et
2256 2711 2592 2782 coepiscopis
2618 2712 2838 2780 nostris,
2862 2712 2970 2769 hac
2989 2713 3356 2781 Theodorum,
3379 2717 3494 2772 (ke-

1905 2816 2072 2858 ειη-(ξω
2094 2801 2446 2872 Cappadocim
2463 2804 2696 2858 civitatis
2717 2791 2988 2876 quondam
3015 2806 3349 2878 episcopum,
3365 2825 3491 2865 sen-

1907 2894 2090 2948 tentias
2143 2894 2599 2965 promulgatione,
2661 2903 2769 2951 tam
2818 2896 3143 2952 sacerdotali
3189 2899 3394 2956 honore
3437 2911 3494 2956 ct

1904 2984 2284 3038 communione
2313 2985 2602 3051 catholica,
2630 3000 2792 3055 quam
2822 2987 2972 3044 omni
2995 2986 3174 3044 ofﬁcio
3199 2989 3491 3062 cpiscOpali

1904 3089 1999 3130 seu
2053 3083 2324 3144 potestate
2374 3074 2661 3145 spoliatum
2689 3092 2809 3132 esse
2838 3076 3210 3144 decernimus;
3249 3081 3409 3138 nullis
3439 3089 3492 3137 te

1902 3180 2097 3220 vacare
2117 3166 2343 3219 ulterius
2371 3165 2548 3228 rebus,
2579 3165 2682 3221 nisi
2716 3167 3045 3236 poenitentia:
3085 3167 3334 3241 lacryntis
3364 3187 3490 3228 ccu-

197 3275 345 3328 viter
391 3280 725 3328 moveretur.
781 3269 890 3326 Sed
936 3269 1054 3326 haec
1103 3269 1284 3324 omnia
1338 3269 1480 3325 bona
1533 3269 1798 3325 desideria

1905 3266 2084 3345 sentes
2109 3299 2122 3322 ,
2151 3257 2345 3326 quibus
2374 3264 2628 3328 percepta
2649 3257 2968 3313 remissione
2991 3259 3290 3330 culparum,
3313 3262 3489 3318 locum

197 3372 420 3432 nostra,
449 3377 573 3434 qua:
599 3378 698 3433 pro
725 3375 863 3433 pace
893 3361 1146 3417 Ecclesia
1173 3360 1358 3431 procul
1397 3359 1559 3416 dubio
1611 3361 1802 3416 milita~

199 3453 358 3518 bant,
393 3452 470 3506 ita
520 3451 731 3506 animus
759 3459 887 3507 tuus
921 3449 1121 3520 quietis
1166 3449 1456 3520 impatiens
1502 3449 1798 3520 dissipavit,

201 3552 264 3598 ut
293 3543 386 3598 illa
416 3555 540 3613 quae
557 3541 796 3595 fraterna
822 3537 1114 3596 collatione
1133 3547 1189 3594 et
1209 3539 1492 3608 tranquilla
1519 3539 1803 3609 episeopo-

200 3649 324 3690 rum
354 3634 574 3689 fuerant
600 3631 930 3687 reservanda
951 3630 1176 3701 judicio,
1204 3631 1384 3686 subito
1412 3639 1602 3686 contra
1630 3630 1802 3685 eccle-

201 3726 485 3782 siasticum
521 3737 760 3792 morem,
814 3732 871 3779 et
915 3732 1106 3779 contra
1155 3731 1412 3794 paternas
1463 3723 1800 3786 traditiones,

201 3827 508 3887 contraque
545 3829 765 3873 omnem
811 3817 1187 3872 auctoritatem
1217 3816 1542 3885 evangelicae
1583 3827 1803 3889 aposta-

204 3910 436 3980 liaequc
458 3907 743 3974 doctrinm,
771 3909 962 3965 edictis
990 3907 1302 3980 propositis,
1332 3909 1626 3966 secundum
1655 3918 1800 3964 tuum

203 4000 597 4056 damnarentur
617 3999 922 4066 arbitrium,
949 3998 1075 4054 dum
1103 3997 1335 4053 fidelium
1363 3998 1542 4054 nullus
1573 3999 1800 4068 ignoret,

203 4107 304 4164 per
321 4106 465 4162 quos
488 4090 748 4145 Dominus
764 4103 828 4144 ac
851 4089 990 4145 Deus
1011 4097 1198 4145 noster
1217 4089 1476 4144 doctrinis
1495 4089 1803 4145 cmlestibus

205 4184 426 4256 plebem
455 4199 612 4239 suam
646 4179 868 4252 jusserit
893 4181 1114 4248 erudiri,
1153 4181 1238 4237 vel
1261 4179 1454 4250 quibus
1475 4180 1670 4250 ligandi
1693 4181 1806 4236 sol-

206 4271 483 4340 t'endique
524 4285 689 4341 super
717 4278 916 4324 terram
957 4267 1167 4323 dederit
1202 4275 1550 4338 potestatem.
1597 4266 1804 4324 Deinde

204 4363 259 4418 in
289 4362 460 4418 domo
485 4359 796 4416 Placidiana
823 4373 944 4416 cum
977 4358 1285 4414 Graecarum
1312 4359 1404 4416 vel
1439 4358 1749 4416 Latinarum
1773 4359 1801 4400 δ

204 4453 446 4525 partium
474 4451 766 4522 episcopis,
797 4449 888 4519 qui
916 4451 968 4504 in
991 4447 1124 4506 urbe
1153 4451 1297 4518 regia
1323 4450 1568 4516 aderant,
1594 4459 1649 4506 et
1675 4465 1803 4521 pre-

203 4540 444 4614 sbyteri's
478 4552 543 4594 ac
572 4539 890 4594 diacouibus
916 4537 1522 4608 Constantinopolitanae
1549 4539 1799 4594 Ecclesim

1901 3346 2442 3416 communionemque
2471 3354 2616 3401 tuam
2656 3354 2750 3402 aut
2779 3361 2809 3402 a
2839 3363 2947 3416 me,
2977 3357 3071 3403 aut
3119 3361 3240 3419 post
3284 3353 3488 3412 obitum

1901 3455 2081 3494 meum
2130 3455 2159 3493 a
2207 3454 2522 3495 successore
2548 3455 2671 3495 meo
2701 3439 2771 3512 (si
2813 3440 3098 3513 merueris)
3149 3443 3488 3512 indulgentia:

1901 3532 2147 3602 recipias.
2173 3531 2358 3600 Teque
2385 3531 2632 3586 Mennam
2659 3531 3270 3604 Constantinopolitano:
3301 3536 3489 3592 citita-

1904 3623 1973 3677 tis
2001 3624 2336 3693 episcOpum,
2363 3624 2456 3692 qui
2486 3639 2595 3679 non
2624 3624 2871 3680 dissimili
2901 3626 3058 3696 culpa
3086 3627 3488 3698 eonslringcris,

1902 3731 2023 3771 eum
2055 3717 2303 3770 omnibus
2341 3717 2770 3788 metropolitanis
2810 3725 2865 3773 ct
2906 3718 3328 3790 micropolitanis
3371 3721 3490 3790 epi-

1905 3806 2116 3875 scopis,
2169 3805 2233 3860 ad
2286 3815 2432 3859 tuam
2485 3806 2760 3862 dimeesim
2813 3809 3239 3877 pertinentibus,
3289 3810 3385 3866 sed
3435 3819 3492 3866 et

1906 3905 2064 3950 tuosﬁ
2095 3893 2414 3963 Orientales,
2442 3895 2528 3951 vel
2556 3897 2886 3951 diversarum
2933 3899 3328 3969 provinciarum
3371 3915 3491 3955 nta-

1898 3984 2076 4056 jorum
2107 3987 2482 4056 minorumque
2516 3987 2793 4042 civitatum
2824 3989 3132 4058 episcopos,
3165 3992 3256 4061 qui
3287 3992 3369 4047 bis
3396 4007 3492 4048 cx-

1903 4077 2160 4140 ccssibus,
2187 4092 2286 4146 pro
2321 4077 2515 4146 quibus
2538 4076 2881 4132 Theodorum
2921 4077 3182 4134 thsareze
3211 4080 3492 4151 Cappado-

1903 4169 1999 4224 citc
2021 4169 2290 4238 quondam
2321 4169 2630 4238 episcopum
2660 4169 3155 4236 condcmnavimus,
3191 4173 3492 4242 pncbuistis

1905 4276 2201 4326 assensum,
2227 4261 2544 4317 humaniore
2573 4261 2860 4328 sententia,
2902 4279 3002 4334 pro
3050 4263 3144 4320 Dei
3185 4265 3488 4322 considera-

1906 4351 2075 4417 tione,
2107 4351 2292 4407 taudiu
2319 4367 2350 4406 a
2373 4367 2525 4408 sacra
2557 4354 2939 4408 communione
2967 4356 3365 4427 suspendimus,
3393 4358 3494 4413 do-

1903 4461 2005 4500 nec
2031 4448 2396 4515 unusquisque
2423 4455 2656 4501 vestrum
2689 4461 2927 4502 errorem
2959 4463 3066 4503 Sua!
3095 4449 3494 4520 prmvarieatio-

1904 4537 1990 4591 nis
2031 4551 2352 4606 agnoscens,
2397 4537 2611 4608 culpam
2655 4537 2795 4607 apud
2827 4554 2927 4594 nos
2973 4540 3246 4610 pmpriam
3272 4556 3492 4611 compe-

207 4629 516 4687 conveuisti
541 4647 555 4683 :
592 4627 774 4699 ibique
800 4627 900 4684 sub
937 4641 1144 4698 magnae
1167 4629 1572 4685 vociferationis
1615 4638 1803 4686 contc-
1835 4639 1882 4700 ι)
1907 4625 2040 4681 tenti
2069 4626 2438 4681 satisfactione
2467 4625 2702 4681 diluerit.
2737 4625 2867 4682 Πιεο
2887 4639 2963 4683 est
2993 4631 3300 4700 subscriptio
3322 4634 3493 4686 rauci

206 4717 466 4786 statione,
499 4727 609 4773 tam
639 4733 740 4774 nos
767 4732 928 4789 quam
958 4718 1124 4774 frater
1169 4725 1356 4775 noster
1390 4718 1805 4780 Mediolanensis

208 4809 500 4880 episcopus
525 4809 918 4879 prohibuimus,
949 4823 1018 4866 ne
1066 4811 1258 4880 aliquis
1282 4821 1520 4866 vestrum
1551 4815 1804 4883 pmvari-

208 4897 411 4954 cationi
443 4900 747 4955 communis
775 4900 1072 4967 constituti,
1105 4911 1412 4971 contempta
1444 4901 1798 4970 fraternitate,

209 4988 478 5058 praeberet
505 5001 805 5042 assensum.
835 4987 916 5043 Tu
954 4997 1158 5054 autem,
1203 4988 1346 5044 sedis
1380 4990 1690 5058 apostolicae
1718 4991 1802 5044 in-

211 5079 521 5136 terdicentis
551 5095 647 5151 per
682 5095 784 5136 nos
807 5080 1137 5135 auctoritate
1179 5079 1457 5150 despecta,
1504 5080 1572 5135 ad
1611 5080 1800 5136 Eccle-

211 5173 339 5225 siam
369 5170 425 5224 in
454 5182 559 5242 qua
599 5169 772 5225 edicta
817 5168 932 5238 ipsa
962 5167 1286 5238 pendebant,
1331 5169 1566 5236 reliquos
1622 5177 1796 5223 tecum

213 5261 504 5324 attrahens,
535 5258 844 5330 pert-existi,
877 5255 1058 5328 ibique
1080 5256 1200 5312 aliis
1225 5255 1453 5326 adjectis
1480 5257 1797 5326 praevarica-

216 5351 462 5414 tionibus,
515 5350 804 5404 missarum
844 5346 1107 5403 solemnia
1153 5346 1439 5403 celebrasti
1466 5356 1488 5386 ο
1518 5364 1531 5398 :
1564 5355 1618 5402 et
1646 5347 1795 5417 quasi

215 5443 333 5498 nihil
355 5444 450 5499 tibi
480 5453 626 5500 esset
655 5442 846 5514 primae
872 5439 1015 5496 sedis
1037 5440 1330 5494 antistitem
1379 5447 1697 5507 przcscntem
1742 5447 1798 5493 ct

282 5709 298 5735 ³
320 5700 448 5754 Cod.
489 5703 651 5757 Ltrc,,
682 5701 988 5748 tentaretur.

269 5771 291 5809 δ
315 5771 482 5834 idem,
509 5767 769 5834 aliamm.

265 5855 282 5881 ε
309 5841 481 5906 idem,
513 5833 851 5890 celebritatis.

254 5915 277 5955 at
297 5899 477 5982 idem,
508 5913 712 5962 auctor
735 5908 884 5974 atque
910 5899 1161 5956 incentor.

1905 4717 2214 4789 ραρωεῧθο
2237 4717 2480 4788 iuvante,
2513 4727 2568 4773 et
2597 4720 2763 4790 ipsius
2798 4722 2986 4789 gratia,
3021 4719 3242 4792 Vigilius
3292 4725 3492 4794 episco-

1907 4822 2006 4877 pus
2054 4817 2253 4863 sancttc
2305 4806 2558 4863 Ecclesite
2597 4811 2877 4866 catholica!
2920 4812 3066 4868 urbis
3121 4811 3324 4877 Romae,
3370 4813 3492 4868 huic

1903 4895 2228 4950 damnationi
2261 4906 2420 4964 atque
2439 4899 2979 4956 excommunicationi
3011 4900 3276 4956 Theodori
3309 4901 3490 4956 Cursa-

1903 5003 2009 5042 rem
2055 4986 2429 5057 Cappadocim,
2473 4996 2528 5041 ct
2573 4987 2697 5043 huic
2737 4991 3188 5046 cnmmunicantis
3229 4989 3252 5027 δ
3283 4990 3492 5046 Menum

1903 5078 2512 5148 Constantinopolitanm
2536 5079 2682 5134 urbis
2703 5082 2964 5152 episcopi,
2989 5083 3070 5135 vel
3099 5083 3324 5140 aliorum
3353 5099 3485 5154 prat-

1905 5168 2187 5233 fectorutn,
2220 5169 2530 5239 subscripsi.
2566 5169 2696 5224 Data
2730 5187 2816 5225 xix
2849 5171 3104 5226 calendas
3133 5173 3486 5242 Septembris,

1903 5259 2203 5330 imperante
2269 5260 2488 5314 domino
2541 5257 2845 5316 Justiniano
2916 5271 3177 5330 perpetuo
3244 5261 3487 5329 Augusto

1903 5366 2045 5405 anno
2111 5349 2216 5411 9.5,
2266 5359 2388 5419 post
2437 5352 2770 5406 consulatum
2821 5350 2995 5404 Basilii
3059 5352 3156 5404 viri
3206 5351 3487 5406 clarissimi

1903 5457 2045 5497 anno
2077 5441 2130 5494 ll
2161 5441 2272 5514 [1οξ
2303 5443 2474 5512 (Auno
2499 5442 2690 5496 Chriin
2717 5441 2864 5512 55!).

1974 5708 1986 5728 '
2028 5695 2190 5758 llletn,
2223 5695 2492 5763 Ciuglano.
2525 5692 2659 5748 Num
2689 5692 3020 5764 Cingulano?

1981 5764 1995 5800 τ
2030 5765 2192 5829 Idem,
2223 5765 2489 5818 Jttm'cttsi.

1975 5843 1998 5880 ε
2022 5831 2186 5897 hient,
2221 5852 2324 5888 t'os.

1976 5905 1998 5937 "
2023 5903 2164 5959 idem
2197 5904 2341 5974 c0d.,
2365 5906 2900 5958 excutimur):it'otiozti.
