3986 6376
521 385 594 440 6'5
1918 381 2117 436 VIGILI

2229 377 2378 433 APE
3729 362 3810 418 οι

1564 497 1888 552 EPISTULA
1929 489 2249 548 EUTYCIIII
2293 491 2382 545 AD
2420 487 2743 544 VIGILIUM.

525 617 606 680 Τῷ
634 613 696 664 τὰ
717 616 880 664 πάντα
908 609 1194 683 ἁγιωτάτῳ,
1213 613 1682 683 καὶμακοιριωτατῳ
1709 611 1866 683 κυρίῳ
1893 604 2109 677 ἀδελφῷ,

2229 598 2690 683 Proﬁteturjidem
2731 597 3060 683 catholicam,
3099 597 3310 683 etppelit
3367 604 3422 676 ιιι
3453 592 3688 683 Διγιιιιιίειίο
3735 591 3814 644 de

801 683 882 732 καί
907 679 1282 754 συλλειτουργῷ
1307 679 1522 752 Βιγιλίῳ,
1554 679 1804 747 Εὐτύχιοξ

593 769 797 832 Ἰδόντες
821 769 1020 826 ὁπόσων
1043 772 1243 845 ἀγαθῶν
1275 774 1410 826 αίτίκ
1445 772 1582 826 έστίν
1615 773 1646 828 ἡ
1671 776 1759 825 τοῦ
1787 773 1918 824 θεοῦ
1944 769 2108 840 εἰρήνη

526 869 819 938 φρουροῦσα
857 865 954 924 τὸς
995 861 1238 939 καρδίας,
1279 865 1365 918 καί
1390 866 1455 918 τὰ
1487 868 1716 934 νοήματα
1750 867 1848 916 τῶν
1883 865 2106 920 πιστῶν,

526 953 610 1004 καί
637 949 937 1024 συνάγουσα
963 955 1146 1015 αὐτούς
1173 957 1245 1015 είς
1271 954 1330 1008 τό
1365 952 1415 1007 ἓν
1453 955 1536 1006 καί
1569 955 1627 1008 τό
1655 951 1775 1006 αὐτὸ
1801 957 2022 1025 φρονε“ν,
2060 949 2110 1000 ἐν

525 1052 588 1116 τῇ
614 1046 850 1119 περὶτῆς
890 1046 1040 1120 ὀρθῆς
1074 1048 1297 1107 πίστεως
1327 1043 1596 1118 ὁμολογίᾳ.
1639 1047 1725 1098 καί
1755 1051 1818 1117 τῇ
1844 1048 1943 1097 τῶν
1968 1042 2111 1094 θείων

527 1133 736 1190 έντολῶν
761 1139 1090 1210 κατορθώσει,
1119 1139 1204 1190 καί
1228 1137 1310 1191 τῖν
1334 1137 1457 1191 Θεὸν
1476 1137 1654 1206 εὐμενῆ
1683 1135 1979 1188 καθιστῶσα
2003 1140 2110 1192 τοῖς

528 1225 604 1282 εἰς
628 1225 694 1278 τὰ
719 1225 844 1300 ὀρθά
871 1223 1162 1296 ὁμονοοῦσι·
1193 1225 1276 1280 διὰ
1301 1232 1455 1282 τοῦτο
1480 1225 1852 1289 σπουδάζοντες
1877 1229 1966 1282 τήν
1991 1223 2111 1277 ἕνωο

527 1331 611 1366 σιν
637 1313 879 1382 φυλίξαι,
907 1316 1036 1388 πρὸς
1069 1320 1159 1373 τήν
1185 1315 1439 1373 καθολικὴν
1462 1312 1708 1385 καθέδραν
1733 1322 1824 1373 τῆς
1862 1313 2111 1386 ὑμετέρας

528 1401 917 1476 μακαριότητος,
945 1403 1158 1477 φανερόν
1203 1409 1448 1474 ποιοῦμεν
1488 1399 1567 1458 ὅτι
1594 1405 1672 1458 ἀεί
1697 1404 1842 1473 ἡμεῖς
1867 1401 2110 1473 έφυλάξα-

527 1509 636 1562 μεν,
665 1493 746 1545 καί
769 1491 1082 1564 φυλάττομεν
1107 1497 1200 1552 τὴν
1226 1497 1416 1556 πίστιν,
1445 1498 1536 1552 τήν
1563 1493 1788 1565 έξαρχῆς
1813 1489 2113 1564 παραδοθεῖ-

529 1601 629 1636 σαν
653 1583 756 1638 ύπὸ
798 1591 891 1638 τοῦ
931 1585 1150 1656 μεγάλου
1183 1590 1340 1648 Θεοῦ,
1382 1589 1467 1641 καί
1500 1593 1732 1661 σωτῆρος
1767 1587 1904 1654 ἡμῶν
1938 1586 2111 1642 Ἰησοῦ

528 1677 752 1744 Χριστοῦ
797 1679 906 1733 τοῖς
946 1673 1060 1744 ἁγίο
1082 1693 1108 1734 ς
1158 1675 1488 1742 ἀποστόλοις,
1535 1678 1616 1729 καί
1663 1673 1790 1748 παρ’
1828 1675 2021 1730 έκείνων
2063 1675 2118 1736 έν,

529 1766 688 1818 παντί
710 1771 782 1834 τῷ
808 1765 985 1838 κόσμῳ
1011 1768 1388 1840 κηρυχθεῖσαν,
1416 1771 1502 1820 καί
1528 1767 1627 1819 ύπό
1652 1775 1750 1822 τῶν
1770 1765 1931 1840 ἁγίων
1955 1769 2113 1821 πατέ-

532 1875 634 1928 ρων
659 1856 1055 1929 σαφηνισθεῐσαν
1071 1901 1085 1923 ,
1116 1860 1197 1910 καί
1222 1857 1448 1927 μάλιστα
1473 1857 1574 1910 ὑπὸ
1599 1865 1698 1913 τῶν
1725 1859 1774 1910 έν
1799 1865 1917 1918 ταῖς
1945 1857 2112 1930 ἁγῖαις

2450 665 2614 722 tribus
2635 667 2874 738 capitulis
2901 668 2957 720 in
2985 666 3204 722 concilio
3234 665 3552 719 terminatur.

2279 759 2632 814 Sanctissimo
2661 767 2716 812 et
2738 758 3048 812 beatissimo
3071 756 3292 812 domino
3319 764 3378 811 et
3419 752 3806 810 consacerdoti

2211 848 2405 914 Vigilio
2436 847 2754 918 Eutychins.

2280 938 2528 994 Scientes
2547 947 2876 1009 quantorum
2913 938 3175 993 bonorum
3211 950 3371 992 causa
3399 944 3484 990 est
3524 950 3628 1005 pax
3677 931 3806 996 Dei,

2209 1028 2516 1083 custodiens
2543 1026 2706 1084 corda
2735 1035 2792 1082 et
2819 1041 3009 1082 sensus
3048 1025 3304 1088 ﬁdelium,
3335 1032 3393 1080 et
3418 1023 3679 1091 colligens
3699 1011 3808 1076 eos

2211 1129 2270 1174 ut
2296 1137 2460 1174 utinm
2490 1119 2742 1190 idemque
2769 1120 2983 1191 sapiant
3008 1118 3060 1172 in
3083 1126 3228 1174 recta
3260 1115 3382 1172 fidei
3427 1113 3803 1175 confessione,

2211 1219 2266 1264 et
2287 1210 2352 1265 ad
2381 1209 2710 1280 perﬁcienda
2725 1209 2904 1264 divina
2929 1207 3205 1271 mandata,
3229 1215 3284 1262 et
3303 1206 3594 1277 propitium
3625 1205 3808 1260 Deum

2210 1299 2412 1354 faciens
2437 1301 2488 1353 in
2524 1299 2607 1353 his
2632 1313 2754 1368 qua;
2781 1306 2926 1352 recta
2973 1304 3100 1352 sunt
3127 1294 3581 1352 concordantibus
3616 1313 3630 1346 :
3671 1293 3808 1348 ideo

2211 1391 2524 1446 festinantes
2543 1390 2800 1446 unitatem
2817 1403 3137 1444 conservare
3155 1387 3223 1442 ad
3243 1387 3594 1457 apostolicam
3610 1383 3808 1440 sedem

2212 1492 2406 1538 vestra:
2452 1483 2798 1538 beatitudinis
2833 1481 3171 1538 manifest
3213 1480 3460 1546 facimus,
3509 1478 3650 1548 quod
3699 1493 3812 1530 nos

2211 1589 2429 1643 semper
2451 1583 2506 1628 et
2533 1573 2864 1628 servavimus
2903 1579 2961 1626 et
2995 1587 3279 1628 servamus
3317 1571 3476 1625 tidem
3524 1569 3592 1623 ab
3640 1569 3812 1624 initio

2213 1665 2462 1720 traditam
2488 1681 2520 1720 a
2541 1679 2736 1733 magno
2762 1665 2871 1720 Deo
2900 1670 2955 1720 et
2975 1663 3258 1719 Salvatore
3277 1671 3464 1718 nostro
3491 1660 3616 1718 Jesu
3636 1660 3800 1716 Chri-

2215 1767 2300 1814 sto
2321 1757 2522 1812 sanctis
2549 1757 2827 1827 apostolis,
2859 1765 2914 1811 et
2941 1757 3009 1811 ab
3035 1755 3140 1810 illis
3166 1755 3220 1809 in
3241 1754 3387 1810 omni
3427 1752 3626 1808 mundo
3655 1767 3807 1823 prce-

2215 1850 2465 1912 dicatam,
2491 1857 2546 1902 et
2569 1845 2770 1902 sanctis
2799 1845 3048 1900 Patribus
3077 1845 3442 1916 explanatam,
3482 1851 3538 1897 et
3563 1842 3811 1896 maxime

533 1947 746 2020 τέτρασι
783 1944 1016 2007 συνόδοις
1055 1947 1415 2008 συνελθόντων,
1469 1943 1538 2008 οἷς
1579 1945 1882 2009 διαπαντός,
1921 1951 2008 2001 καί
2058 1949 2109 2001 έν

2229 1943 2282 1998 ιι)
2329 1942 2414 1997 his
2449 1942 2540 2011 qui
2591 1941 2641 1994 in
2689 1938 2893 1994 sanctis
2941 1945 3173 2008 quatuor
3219 1935 3443 2006 synodis
3485 1931 3810 2001 congregati

535 2042 694 2090 πᾶσιν
723 2037 1118 2107 δικολουθοῦμεν,
1144 2042 1228 2092 καί
1253 2037 1536 2110 δεχόμεθα,
1565 2041 1800 2094 τουτέστι
1822 2041 1942 2100 τοὺς
1970 2060 2112 2112 τρια-

534 2129 742 2188 κοσίους
791 2127 909 2183 δέκα
943 2133 1025 2184 καί
1063 2131 1194 2186 ὀγτώ
1227 2131 1404 2204 ἁγίους
1438 2133 1667 2205 πατὲρας
1704 2133 1822 2191 τούς
1858 2133 1906 2186 έν
1939 2138 2116 2204 Νικαίᾳ

533 2219 891 2286 συνελθόντας,
940 2225 1022 2276 καί
1064 2223 1122 2278 τό
1156 2221 1298 2294 ἅγιον
1331 2223 1615 2292 σύμϐολον,
1653 2223 1764 2281 ἤτοι
1790 2225 1999 2294 μ’θημα
2026 2239 2116 2286 τῆς

534 2310 763 2372 πίστεως
788 2311 1105 2382 έκθεμένους,
1153 2316 1236 2368 καί
1270 2319 1360 2373 τήν
1385 2311 1574 2388 Ἀρείου
1601 2314 1784 2384 μανίαν
1811 2314 2116 2385 ἀναθεματίέ

534 2421 750 2465 σατας,
803 2405 885 2456 καί
915 2405 1039 2464 τοὺς
1075 2403 1266 2463 ταύτην
1302 2410 1674 2480 φρονήσαντας,
1710 2404 1741 2464 ἦ
1791 2412 2114 2478 φρονοῦντας.

536 2494 802 2565 Δεχόμεθα
831 2493 884 2550 δέ
912 2499 996 2549 καί
1043 2498 1162 2556 τοὺς
1206 2496 1386 2551 ἑκατόν
1427 2496 1599 2570 ἁγίους
1641 2497 1868 2572 πατέρας
1907 2499 2026 2556 τούς
2069 2499 2120 2550 έν

537 2586 1051 2642 κωνσταντινουπόλει
1095 2587 1455 2651 συνελθόντας,
1501 2588 1701 2646 οἵτινες
1729 2588 1785 2641 τὸ
1822 2587 1948 2640 αὐτὸ
1977 2585 2120 2658 ἅγιον

539 2678 750 2751 μάθημα
774 2679 1074 2751 έσαφήνισαν
1091 2718 1109 2745 ,
1137 2681 1216 2732 καί
1251 2679 1315 2732 τά
1339 2681 1457 2752 περί
1483 2686 1573 2740 τῆς
1599 2678 1830 2738 θεότητος
1854 2684 1943 2732 τοῦ
1972 2677 2118 2748 ἁγίου

538 2771 828 2837 πνεύματος
855 2771 1173 2844 έτράνωσαν.
1223 2775 1309 2826 καί
1334 2777 1424 2832 τήν
1469 2773 1660 2846 αἵρεσιν
1702 2769 2002 2826 Μακεδονίου
2028 2777 2122 2826 τοῦ

540 2863 988 2935 πνευματομάχου
1007 2903 1022 2926 ,
1053 2863 1136 2918 καί
1160 2864 1246 2918 τόν
1270 2864 1432 2922 ἀσεϐῆ
1455 2864 1790 2936 ’Δπολινάριον
1814 2863 2120 2940 κατέκριναν,

540 2957 670 3026 μετὰ
709 2962 810 3010 τῶν
835 2956 900 3012 τὰ
924 2956 1055 3013 αὐτὰ
1081 2955 1278 3018 έκείνοις
1302 2957 1680 3032 φρονησάντων,
1719 2955 1750 3014 ἦ
1792 2955 2120 3030 φρονούντων.

542 3045 804 3118 Δεχόμεθα
828 3045 881 3102 δέ
905 3051 988 3102 καί
1015 3050 1133 3108 τοὺς
1160 3046 1452 3109 διακοσίους
1478 3047 1654 3122 ἁγίους
1678 3048 1909 3122 πατέρας
1931 3049 2047 3108 τοὺς
2073 3049 2122 3102 έν

543 3146 605 3212 τῇ
626 3137 735 3194 κατ’
759 3135 968 3211 Ἐφεσον
990 3141 1168 3214 πρώτη
1190 3137 1387 3208 συνόδῳ
1408 3138 1782 3214 ἀθροισθέντας,
1810 3139 1856 3192 οἵ
1881 3159 2012 3198 τινες
2041 3136 2126 3192 διὰ

544 3231 742 3284 πάντων
790 3229 1129 3290 ἠκολούῖησαν
1152 3237 1224 3303 τῷ
1249 3231 1390 3302 αὖτῷ
1433 3229 1561 3304 ἁγίῳ
1588 3230 1858 3301 συμϐόλῳ,
1887 3231 2003 3290 ἤτοι
2028 3254 2126 3301 μα-

2217 2045 2362 2097 sunt,
2393 2047 2531 2101 quos
2554 2047 2648 2102 per
2674 2029 2852 2086 omnia
2897 2037 2952 2082 et
2982 2029 3033 2082 in
3064 2027 3316 2082 omnibus
3339 2025 3717 2094 amplectimur
3749 2030 3809 2077 et

2214 2125 2556 2193 suscipimus,
2586 2123 2635 2177 id
2658 2130 2760 2182 est,
2793 2128 3064 2176 trecentos
3097 2117 3283 2172 decem
3325 2124 3381 2171 et
3407 2124 3532 2171 octo
3580 2121 3811 2169 sanctos

2217 2213 2404 2268 Patres
2427 2213 2516 2281 Qui
2555 2213 2743 2267 Nicaeae
2770 2209 3079 2278 congregati
3111 2215 3256 2272 sunt,
3289 2215 3346 2260 et
3372 2213 3618 2260 sanctum
3663 2219 3813 2276 sym.

2215 2303 2397 2359 bolum
2427 2303 2542 2358 sive
2574 2302 2844 2357 mathema
2876 2298 2997 2355 fidei
3027 2306 3416 2369 exposuerunt,
3448 2304 3506 2351 et
3543 2295 3818 2350 Arianam

2218 2397 2550 2467 impietatem
2579 2393 3182 2456 anathematizavcmnt,
3213 2398 3268 2444 et
3298 2403 3395 2444 eos
3419 2389 3508 2458 qui
3555 2386 3756 2442 similia
3783 2396 3814 2423 ι

2218 2491 2299 2545 eis
2322 2495 2619 2558 sapuerunt
2640 2486 2723 2540 vel
2749 2486 2980 2556 sapiunt.
3006 2483 3342 2552 Suscipimus
3366 2489 3546 2535 autem
3583 2488 3640 2535 et
3670 2495 3811 2535 cen-

2219 2589 2332 2634 tum
2391 2577 2777 2649 quinquaginta
2824 2583 3044 2630 sanctos
3091 2571 3283 2628 Patres
3331 2571 3815 2646 Constantinopoli

2219 2681 2595 2740 congregatos,
2623 2670 2714 2738 qui
2742 2668 2881 2724 idem
2909 2675 3150 2722 sanctum
3177 2666 3444 2720 mathema
3475 2666 3815 2734 explanave-

2221 2769 2365 2824 runt,
2390 2767 2446 2814 et
2472 2759 2540 2814 de
2567 2759 2768 2814 dcitate
2797 2757 2966 2812 sancti
2994 2756 3231 2826 Spiritus
3275 2755 3726 2819 dilucidaverunt,
3759 2764 3816 2808 et

2221 2849 2470 2905 hmresim
2535 2847 2998 2910 Macedonianam,
3040 2853 3286 2900 sanctum
3331 2844 3590 2915 Spiritum
3641 2845 3819 2914 impn,

2222 2949 2499 3008 gnantem,
2527 2946 2583 2992 et
2613 2939 2836 3003 impium
2869 2935 3258 3006 Apollinarium
3291 2934 3828 3000 condemnaverunt,

2223 3046 2346 3087 cum
2375 3030 2569 3098 bisqui
2597 3028 2792 3085 similia
2818 3027 2924 3082 illis
2949 3032 3242 3096 sapuerunt
3264 3025 3345 3079 vel
3361 3025 3594 3094 sapiunt.
3619 3022 3816 3079 Susci-

2223 3121 2402 3192 pimus
2428 3128 2604 3175 autem
2633 3127 2688 3174 et
2712 3125 2929 3174 sanctos
2955 3114 3216 3170 ducentos
3240 3113 3429 3169 Patres
3457 3113 3509 3168 in
3539 3111 3821 3183 Ephesina

2225 3215 2399 3285 prima
2425 3211 2630 3286 synodo
2651 3217 3022 3278 congregatos,
3044 3207 3136 3277 qui
3164 3223 3261 3277 per
3283 3207 3462 3262 omnia
3492 3206 3666 3262 secuti
3688 3214 3828 3260 sunt

541 3321 756 3389 θήματι,
788 3343 818 3374 κ
851 3321 1077 3397 τὲκρινιινν
1105 3318 1156 3374 δέ
1186 3321 1454 3394 Νεοτόριον
1478 3321 1562 3374 τόν
1589 3319 1754 3378 ἀσεϐῆ
1822 3323 1904 3373 καί
1931 3322 1994 3375 τὰ
2018 3343 2116 3394 μυο

2229 3308 2364 3364 idem
2398 3315 2641 3364 sanctum
2669 3304 2971 3376 symbolum
3011 3302 3126 3358 sive
3154 3300 3449 3364 mathema,
3477 3307 3531 3354 et
3553 3299 3825 3356 condem-

544 3412 685 3484 σαρᾶ
711 3411 864 3466 αὐτοῦ
890 3408 1140 3484 δόγματα,
1171 3413 1256 3464 καί
1279 3412 1397 3470 τούς
1422 3411 1485 3464 τὰ
1515 3407 1664 3480 ὅμοια
1692 3410 1828 3476 αὐτῷ
1854 3408 2124 3469 ὁτιδήποτε

547 3505 922 3577 φρονήσαντας,
951 3499 982 3561 ἦ
1007 3506 1312 3574 φρονοῦντας
1371 3500 1496 3575 Πρὸς
1537 3501 1734 3560 τούτοις
1761 3497 2018 3571 δεχόμεθα
2044 3505 2129 3556 καί

548 3595 669 3652 τοὺς
695 3592 986 3656 ἑξακοσίους
1013 3593 1282 3665 τριάκοντα
1308 3590 1486 3664 ἁγίους
1511 3590 1735 3667 πατέρας
1779 3593 1897 3651 τοὺς
1925 3593 1972 3644 ἔν
1997 3594 2126 3646 Χαλ-

550 3685 722 3746 κηδόνι
747 3687 1095 3749 συνελθόντας,
1128 3687 1175 3740 οἶ
1197 3707 1327 3746 τινες
1355 3689 1440 3740 καί
1469 3687 1615 3740 αὐτοί
1636 3683 1722 3740 διὰ
1749 3687 1950 3741 πάντων
1977 3691 2130 3757 συνῄ-

550 3797 702 3832 νεσαν
747 3787 860 3838 ταῖς
905 3779 1301 3854 προρδτήθείσαις
1347 3777 1512 3850 ἁγίαις
1557 3779 1696 3854 τρισί
1738 3775 2006 3842 συνόδοις,
2049 3779 2133 3832 καί

553 3867 891 3928 ἠκολούθησαν
917 3877 988 3942 τῷ
1014 3869 1345 3946 προρρηθέντι
1370 3867 1611 3938 συμϐόλῳ
1629 3909 1642 3922 .
1687 3868 1799 3926 ἦτοι
1841 3870 2130 3938 μαθήματι.

555 3966 626 4030 τῷ
653 3961 796 4036 παρὰ
825 3967 922 4016 τῶν
967 3959 1123 4034 ἁγίων
1160 3959 1394 4033 πατέρων
1447 3958 1718 4019 ἔκτεθέντι,
1765 3961 1848 4012 καί
1890 3959 1990 4012 ἀπὸ
2033 3966 2136 4013 τῶν

555 4050 734 4105 ἑκατόν
781 4053 1090 4108 πεντήκοντα
1137 4048 1292 4120 ἁγίων
1341 4047 1578 4122 πατέρων
1625 4049 1993 4119 σαφηνισθέντι.
2046 4050 2136 4101 Καί

557 4143 918 4214 ἀνεθεμάτισαν
957 4142 1073 4200 τοὺς
1120 4140 1292 4214 ἕτερον
1319 4140 1458 4213 παρὰ
1483 4141 1542 4192 τό
1589 4139 1843 4211 εἰρημένος)
1881 4140 2138 4208 σύμϐολον

554 4236 837 4304 τολμῶντας
865 4231 1149 4300 διδάσκειν,
1177 4230 1208 4290 ἦ
1238 4231 1508 4284 ἐκτίθεσθαι
1549 4231 1632 4282 xxi
1667 4227 2005 4302 πνραδιδόναι
2025 4237 2138 4290 ταῖς

557 4326 723 4396 ἁγίαις
749 4331 838 4380 τοῦ
867 4329 995 4379 Θεοῦ
1022 4324 1322 4381 ἐκκλησίαις.
1352 4321 1655 4395 Κατέκριναν
1680 4316 1756 4380 δέ,
1787 4321 1872 4372 καί
1897 4319 2136 4387 ἀνεθεμά-

557 4438 708 4472 τισαν
734 4418 816 4470 καί
845 4415 1084 4484 Εὐτυχῆ,
1133 4415 1216 4466 καί
1245 4407 1538 4488 Νεστόριον,
1577 4411 1657 4464 καί
1682 4410 1747 4464 τὰ
1789 4409 1952 4465 ἀσεϐῆ
1979 4409 2140 4462 αὐτῶν

559 4505 822 4579 δόγματα,
848 4509 935 4561 καί
957 4508 1078 4565 τούς
1104 4507 1168 4562 τὰ
1201 4502 1346 4574 ὅμοια
1373 4505 1546 4564 αὐτοῖς
1573 4505 1939 4576 φρονήσαντνς,
1969 4499 1998 4559 ἦ
2025 4521 2141 4573 φρο-

559 4603 790 4658 νοῦντας.
838 4597 1038 4650 Τούτων
1083 4593 1244 4654 οὕτως
1271 4593 1527 4665 ἐχόντων.
1573 4589 1718 4650 δῆλον
1742 4597 2014 4659 ποιοῦμεν.
2061 4587 2142 4644 ὅτι

2229 3407 2492 3454 paverunt
2510 3396 2813 3452 Nestorium
2841 3393 3081 3462 impium,
3111 3399 3169 3446 et
3191 3391 3354 3462 impia
3384 3391 3504 3458 ejus
3531 3389 3814 3458 dogmata,

2229 3500 2285 3548 et
2312 3506 2408 3546 eos
2430 3487 2522 3559 qui
2551 3486 2743 3541 similia
2768 3484 2817 3539 ei
2840 3481 3128 3553 aliquando
3153 3487 3452 3551 sapuerunt
3470 3479 3554 3534 vel
3576 3479 3820 3549 sapiunt.

2231 3582 2309 3636 Ad
2339 3581 2452 3636 haec
2481 3584 2660 3632 autem
2687 3574 3008 3644 suscipimus
3029 3579 3084 3627 et
3129 3579 3420 3627 sexcentos
3453 3569 3672 3638 triginta
3694 3584 3829 3628 sau-

2230 3683 2350 3728 ctos
2387 3669 2574 3724 Patres
2611 3663 2954 3721 Chalcedone
2981 3669 3360 3730 congregatos,
3389 3659 3480 3728 qui
3521 3658 3686 3712 etiam
3719 3659 3826 3727 ipsi

2199 3797 2206 3800 -
2230 3779 2330 3835 per
2357 3760 2536 3816 omnia
2577 3759 2966 3814 consenserunt
2994 3740 3277 3822 praedictis
3320 3749 3490 3804 tribus
3519 3746 3746 3818 synodis
3772 3746 3823 3808 δ,

2232 3862 2289 3910 et
2315 3851 2488 3908 secuti
2513 3857 2642 3904 sunt
2667 3845 2980 3918 pmdietum
3007 3840 3310 3913 symbolum
3339 3839 3453 3894 sive
3480 3837 3760 3892 matbema
3795 3853 3826 3891 a

2235 3943 2491 4001 trecentis
2517 3940 2702 3996 decem
2723 3946 2780 3994 et
2807 3945 2933 3992 octo
2962 3932 3164 3989 sanctis
3204 3929 3454 3986 Patribus
3492 3929 3831 3999 expositum,

2234 4048 2292 4094 et
2316 4053 2347 4092 a
2376 4043 2593 4092 centum
2623 4029 3010 4101 quinquaginta
3049 4024 3251 4081 sanctis
3277 4022 3528 4077 Patribus
3566 4018 3832 4090 explana-

2239 4139 2374 4192 tum,
2412 4134 2468 4181 et
2509 4119 3095 4178 anathematizaveruut
3133 4129 3232 4168 eos
3276 4111 3367 4182 qui
3426 4107 3571 4163 aliud
3627 4117 3835 4178 praeter

2235 4217 2548 4290 pnedictum
2577 4210 2879 4284 symbolum
2926 4209 3258 4278 pnesumunt
3282 4202 3502 4266 docere,
3534 4207 3627 4254 aut
3655 4214 3835 4268 expo-

2237 4288 2386 4373 nere,
2416 4315 2509 4360 aut
2543 4303 2756 4359 tradere
2781 4299 2982 4354 sanctis
3005 4295 3250 4352 ecclesiis
3279 4293 3373 4348 Dei
3401 4301 3448 4345 ε.
3477 4288 3832 4370 Condemna—

2238 4405 2433 4454 verunt
2472 4405 2651 4450 autem
2699 4399 2754 4445 et
2783 4386 3373 4444 anathematizaverunt
3414 4389 3470 4434 et
3507 4379 3832 4450 Eutychen),

2239 4501 2296 4545 et
2341 4487 2664 4548 Nestorium,
2702 4491 2758 4538 et
2809 4479 2972 4549 impia
3002 4492 3190 4534 eorum
3218 4474 3490 4541 dogmata,
3515 4477 3574 4524 et
3610 4484 3717 4525 eos
3738 4470 3836 4536 qui

2241 4581 2435 4636 similia
2463 4577 2543 4632 eis
2567 4579 2866 4646 sapueruut
2894 4569 2978 4624 vel
3006 4567 3242 4637 sapiunt.
3287 4562 3383 4618 His
3429 4562 3502 4616 ita
3531 4574 3590 4616 se
3631 4558 3840 4613 haben-

687 4649 719 4652 ,,
745 4649 761 4658 ,
847 4649 865 4650 κ
950 4649 957 4650 ,
1222 4649 1236 4654 ν
1297 4649 1339 4665 η
1515 4649 1526 4654 _
1624 4649 1628 4650 ν
1892 4649 1901 4659 ι

559 4695 727 4744 πάντα
753 4689 818 4744 τὰ
852 4688 954 4742 διπό
981 4692 1082 4742 τῶν
1107 4685 1480 4762 προειρημνων
1514 4681 1669 4756 ἁγίων
1695 4681 1956 4754 τεσσάρων
1989 4676 2125 4734 συνόμ

2244 4674 2406 4733 tibus.
2433 4676 2641 4724 certum
2690 4664 2916 4718 facimus
2937 4699 2953 4724 ,
2985 4656 3130 4726 quod
3157 4653 3337 4711 omnia
3365 4667 3484 4722 qua:
3513 4667 3543 4705 a
3563 4649 3840 4720 praedictis

561 4780 662 4837 δων
686 4783 912 4856 κριθέντα
935 4802 1021 4845 τι,
1051 4785 1130 4835 καί
1169 4780 1451 4856 ὁρισθέντα,
1481 4781 1560 4832 καί
1584 4777 1916 4852 ἰφυλὰξαμεν,
1947 4779 2028 4829 καί
2055 4796 2138 4848 φυ-

561 4876 825 4946 λάττομεν.
851 4873 1048 4932 Ἐπειδὴ
1089 4869 1176 4945 κᾷν
1201 4874 1328 4928 κατὰ
1353 4868 1624 4944 διαφόρους
1669 4867 1892 4940 χρόνους
1924 4866 1976 4919 αἶ
2003 4867 2139 4940 εἰρη-

563 4971 628 5039 μέ
637 4989 709 5022 ,αι
735 4966 874 5038 ἁγίαι
911 4967 1160 5038 τέσσαρες
1204 4961 1407 5018 σύνιδοι
1431 4961 1684 5033 ἆγένοντο,
1731 4955 1869 5028 ὅμως
1896 4959 2016 5027 μίαν
2055 4957 2139 5010 καί

561 5065 650 5119 τήν
674 5061 826 5117 αὐτὴν
851 5056 1122 5129 ὁμολογίαν
1150 5061 1242 5116 τῆς
1269 5054 1496 5111 πίστεως
1531 5049 1802 5121 ἐφύλαξαν,
1851 5049 1933 5099 καί
1958 5047 2132 5119 έκήρυ-

563 5156 668 5218 ξαν.
697 5148 964 5222 Δεχόμεθα
988 5146 1144 5203 δὲκαὶ
1170 5141 1620 5220 περιπτυσσόμεθα
1641 5142 1725 5193 καί
1749 5140 1842 5196 τὰς
1868 5135 2140 5196 ἐπιστολὰς

569 5253 662 5300 τῶν
689 5241 948 5318 προέδρων
986 5248 1080 5300 τῆς
1106 5240 1156 5292 έν
1181 5238 1342 5310 Ῥώμῃ
1369 5231 1708 5289 ἁποστολικῆς
1741 5224 1985 5299 καθέδρας
2005 5265 2018 5286 ,
2045 5233 2146 5280 τῶν

567 5358 615 5390 τε
646 5334 827 5400 ἅὶλων,
857 5337 936 5389 καί
964 5333 1174 5393 Λέοντος
1202 5335 1291 5384 τοῦ
1321 5329 1369 5381 ἐν
1396 5325 1557 5398 ἁγίοις
1576 5362 1591 5385 ,
1622 5324 1714 5381 τὰς
1740 5322 1856 5396 περί
1881 5326 1970 5377 τῆς
2001 5319 2146 5390 ὀρθᾶς

568 5434 788 5487 πίστεως
813 5426 1164 5501 γεγραμμένας
1183 5465 1198 5487 ,
1245 5423 1365 5496 περὶ
1391 5427 1488 5474 τῶν
1515 5417 1668 5486 ἁγίων
1693 5413 1962 5485 τεσσάρων
1990 5410 2144 5464 συνό-

567 5520 595 5576 δ
638 5542 696 5585 ν,
741 5518 770 5577 ἦ
799 5523 917 5589 μιᾶς
946 5520 997 5581 ἐξ
1044 5518 1228 5570 αὐτῶν.
1275 5512 1451 5567 Ὁπότε
1498 5509 1660 5562 τοίνυν
1705 5505 1770 5558 τὰ
1814 5499 2147 5575 προειρημένα

640 5731 660 5756 ⁸⁸
695 5720 986 5779 liellovac.,
1015 5717 1100 5784 qui
1127 5711 1371 5784 iusimiliu
1393 5711 1459 5763 ei.

639 5791 662 5830 ι’
696 5789 890 5851 l'aris.,
913 5779 1167 5854 irrwdiclif
1197 5781 1355 5854 (ribus
1385 5779 1612 5854 agundis.

646 5873 666 5900 ε
705 5851 928 5915 Veteres
955 5857 1092 5922 libri,
1127 5852 1222 5909 Dei
1257 5851 1517 5906 b’cctesiis.

2244 4762 2449 4818 sanctis
2475 4766 2708 4828 quatuor
2730 4753 2753 4792 δ
2779 4751 2998 4825 synodis
3020 4748 3256 4820 judicata
3278 4752 3336 4800 et
3361 4743 3577 4799 deﬁnita
3608 4750 3767 4808 sunt,
3780 4749 3842 4796 et

2244 4853 2599 4918 servavimus,
2628 4856 2684 4902 et
2711 4859 2992 4903 servamus
3015 4859 3031 4908 ;
3055 4840 3181 4910 quia
3210 4838 3312 4894 etsi
3336 4852 3432 4907 per
3455 4836 3666 4890 diversa
3698 4841 3839 4888 tem-

2246 4960 2376 5017 pora
2418 4941 2688 5014 prmdictte
2727 4943 2926 4992 sancta:
2953 4938 3187 5002 quatuor
3231 4927 3425 5000 synodi
3478 4925 3634 4979 facta
3682 4931 3839 4987 sunt,

2247 5015 2425 5092 tamen
2455 5047 2616 5088 unam
2663 5026 3016 5094 eamdemque
3048 5019 3442 5078 confessionem
3484 5015 3608 5071 ﬁdei
3653 5029 3840 5070 servas

2248 5139 2444 5188 verunt
2482 5136 2540 5183 et
2582 5123 3026 5198 pmdicaverunt.
3058 5115 3391 5186 Suscipimus
3438 5119 3620 5167 autem
3645 5117 3702 5163 et
3731 5123 3846 5162 am-

2247 5220 2529 5292 plectimur
2550 5225 2605 5270 et
2626 5211 2884 5284 epistolas
2905 5207 3191 5279 prmsulum
3249 5203 3506 5258 Romana:
3534 5198 3678 5256 sedis
3706 5213 3844 5268 apo—

2247 5309 2450 5365 stolicc
2475 5315 2500 5345 ο
2526 5315 2634 5359 tam
2665 5303 2914 5362 aliorum,
2942 5311 3104 5366 quam
3151 5293 3348 5349 Leonis
3375 5300 3578 5347 sancta:
3624 5303 3845 5342 metuo»

2250 5403 2342 5457 riae
2369 5401 2435 5455 de
2463 5405 2610 5454 recta
2642 5394 2744 5449 fide
2767 5391 3013 5460 scriptas,
3037 5395 3093 5443 et
3121 5385 3188 5441 de
3216 5392 3450 5455 quatuor
3478 5379 3681 5435 sanctis
3703 5393 3844 5434 con-

2254 5496 2412 5561 ciliis,
2435 5492 2522 5548 vel
2551 5505 2658 5546 uno
2685 5501 2892 5544 eorum.
2925 5484 3060 5538 Cum
3094 5480 3258 5550 igitur
3284 5476 3538 5549 praedicta
3566 5473 3749 5529 omnia
3789 5481 3846 5526 et

2327 5695 2349 5731 ἀ
2382 5695 2491 5764 Vox
2518 5700 2732 5764 quatuor
2754 5702 2858 5740 non
2882 5683 3112 5764 habetur
3137 5680 3188 5734 in
3217 5679 3351 5734 libro
3375 5672 3771 5730 Bellovaceusi.

2330 5775 2348 5802 ο
2377 5753 2566 5828 Ρειγίδί,
2598 5762 2730 5813 scslis
2762 5766 2808 5810 et
2840 5753 3153 5824 npostolira’.
