3986 6370
547 367 614 424 67
1967 357 2162 415 Ἥϐη]

2265 353 2434 409 una:
3777 339 3850 395 68

558 491 720 545 αὑτῶν
744 485 969 542 συνόδων
995 485 1044 538 ἕν
1073 481 1234 537 ἅπασι
1260 481 1654 554 φυλαττομζνου.
1676 474 1861 551 ’Ἠνπερ
1880 473 2146 545 ὁμολογίαν

2265 484 2370 538 qua:
2398 468 2467 521 ab
2493 465 2694 521 eisdem
2715 475 2950 536 quatuor
2981 460 3180 517 sanctis
3207 456 3428 532 synodis
3448 455 3668 511 deﬁnita
3693 463 3850 520 sunt,

557 587 656 636 τῶν
693 584 946 650 πατρικῶν
982 572 1317 651 παραδόσεων
1354 572 1790 644 μνημονεύονσαν,
1830 572 1916 622 καί
1955 569 2144 624 αὑταῖς

556 670 942 730 ἀκολουθοῦσαν,
971 671 1122 720 τοῦτο
1164 666 1251 733 μὲν
1278 664 1327 716 ἓν
1360 670 1422 736 τῇ
1450 662 1592 730 ὑμῶν
1629 659 1954 731 ἁδελςδότητι,
1990 661 2144 710 τοῦτο

557 757 610 816 δὲ
641 759 686 810 ἐν
722 755 887 812 ἅπασι
921 763 1025 816 τοῖς
1059 757 1126 810 τὰ
1156 751 1302 827 ὅμοια
1338 750 1686 825 ὁμολογήσασί
1727 769 1805 814 τε,
1845 751 1930 802 καί
1967 747 2144 818 όμιολο⁸

556 855 731 920 γοῦσι,
758 849 952 906 παντὸς
979 845 1184 901 ἐπαίνου
1213 843 1607 918 πεπληρωμένην
1634 839 1885 915 κρίνομεν.
1915 839 2000 892 καί
2026 839 2150 907 ἠμε-

557 939 736 1012 τέρους
779 937 830 1002 ἐξ
866 937 1018 991 αὐτοῦ
1045 942 1138 992 τοῦ
1164 937 1466 1010 πράγματος
1492 935 1683 996 ἀληθῶς
1721 931 1960 1004 ἀδελφούς
1990 931 2151 1001 ἐπιγι-

557 1032 835 1098 νωσκόμεν.
864 1025 1006 1082 Ὅθεν
1033 1033 1122 1087 τήν
1159 1035 1247 1082 τοῦ
1275 1031 1402 1082 Θεοῦ
1431 1025 1802 1102 φιλανθρωπίαν
1837 1024 2148 1094 ἱκετεύομεν,

563 1121 696 1176 ὥστε
723 1121 919 1180 πάντας
945 1121 1080 1190 ἡμᾶς
1108 1121 1156 1174 ἐν
1195 1120 1360 1193 ταύτῃ
1385 1125 1448 1192 τῇ
1490 1115 1752 1190 ὁμολογίᾳ,
1783 1118 1869 1168 καί
1905 1123 2020 1174 ταῖς
2044 1135 2151 1168 πα-

563 1219 758 1290 τρικαῖς
799 1209 1150 1286 παραδόσεσιν
1191 1209 1512 1281 ἐμμένοντας,
1559 1207 1732 1273 ἀξίους
1765 1207 2024 1280 εὑρεθῆναι
2060 1211 2150 1261 τοῦ

565 1303 947 1376 ἐπαγγέλματος
986 1305 1146 1372 ἡμῶν,
1190 1307 1276 1357 καί
1305 1303 1350 1356 ἓν
1376 1310 1437 1377 τῇ
1466 1300 1631 1374 ny.qu
1657 1308 1748 1360 τῆς
1775 1299 1912 1359 θείας
1936 1299 2154 1375 κρίσεως

567 1396 646 1451 ἐπ’
698 1395 904 1468 οὐδεμιᾷ
953 1395 1254 1471 παραθέσει
1309 1403 1409 1450 τῶν
1461 1399 1724 1466 πατρικῶν
1786 1391 2156 1447 διατυπώσεων

566 1486 792 1539 ύπευθύν
822 1507 883 1546 υς
935 1486 1216 1560 εὑρεθῆναι.
1265 1485 1469 1539 Τούτων
1515 1483 1676 1544 οὕτως
1719 1483 2012 1558 εἶρηῴνων,
2064 1489 2157 1541 τῆς

565 1576 818 1650 ὑμετέρας
855 1579 1104 1636 αἰτήσεως
1137 1579 1224 1631 τὸν
1257 1574 1408 1628 πόθον
1443 1573 1740 1646 ἐγνωκότες.
1780 1573 2155 1640 ἱπενεύσαμεν,

563 1667 648 1720 ἶνα
683 1671 806 1744 περί
845 1675 946 1723 τῶν
973 1673 1122 1740 τριῶν
1155 1664 1457 1739 κεφαλαίων,
1515 1665 1566 1729 ἐξ
1591 1661 1658 1718 ὧν
1694 1669 1904 1728 ζήτησις
1945 1662 2157 1736 ἀνεενύη,

569 1759 834 1830 γινοιήνης
880 1767 1136 1816 καννινικῆς
1175 1754 1392 1810 συνόδου
1411 1797 1423 1817 ,
1453 1759 1540 1809 καὶ
1564 1761 1651 1810 τοῦ
1681 1753 1874 1808 δικαίου
1910 1753 2161 1824 φυλαττο-

2245 559 2562 613 inconcussa
2600 567 2900 619 serventur,
2945 551 3255 607 earumdem
3302 545 3636 620 synodorum
3682 559 3850 600 reve-

2247 651 2421 706 rentia
2452 651 2504 704 in
2535 649 2785 704 omnibus
2811 645 3098 703 custodita.
3129 641 3302 711 Quam
3326 639 3723 712 professionem
3756 652 3854 708 pa-

2247 753 2520 800 ternarum
2551 741 2897 796 traditionum
2941 751 3238 793 memorem
3281 743 3338 790 et
3385 747 3696 802 sequacem,
3731 737 3851 784 tam

2244 836 2303 890 in
2333 833 2669 889 fraternitate
2692 839 2870 886 vestra
2899 843 3060 898 quam
3100 828 3152 882 in
3182 825 3432 882 erunibus
3467 821 3664 879 similia
3709 835 3855 876 con-

2245 926 2405 982 fessis
2447 935 2608 994 atque
2637 921 3046 989 conﬁtentibus,
3081 917 3227 975 omni
3276 915 3434 972 laude
3477 913 3855 986 plenissimam

2245 1015 2639 1088 indicavimus.
2667 1021 2724 1070 et
2753 1020 2968 1068 nostros
2987 1026 3054 1066 ex
3083 1025 3148 1066 ea
3173 1024 3232 1064 re
3260 1005 3427 1064 vere"
3459 1005 3653 1061 fratres
3675 1017 3858 1072 agno-

2247 1109 2472 1165 scimus.
2504 1105 2661 1163 Unde
2688 1105 2882 1161 divina:
2910 1103 3214 1160 clementiae
3232 1099 3618 1172 supplicamus,
3646 1104 3710 1151 ut
3729 1109 3859 1149 om-

2251 1215 2350 1254 nes
2373 1215 2472 1254 nos
2499 1197 2553 1253 in
2585 1197 2687 1252 hac
2710 1193 3050 1252 confessione
3079 1201 3136 1248 et
3165 1190 3404 1262 palemis
3421 1200 3442 1228 ε
3468 1183 3860 1242 traditionibus

2255 1295 2654 1360 permanentes,
2687 1296 2874 1341 nostro
2898 1283 3042 1354 digni
3070 1282 3408 1353 reperiamur
3446 1279 3643 1342 ofﬁcio,
3692 1286 3757 1332 et
3803 1275 3859 1328 in

2255 1379 2344 1434 die
2391 1377 2558 1433 divini
2604 1376 2793 1447 judicii
2849 1374 2979 1429 nulli
3020 1369 3453 1444 pnevaricationi
3500 1376 3861 1439 paternarum

2257 1469 2702 1527 constitutionum
2729 1465 3068 1520 inveniamur
3095 1462 3335 1518 obnoxii.
3371 1459 3576 1526 Quibus
3611 1457 3683 1512 ita
3717 1469 3863 1526 pra:-

2259 1561 2417 1616 dictis
2443 1558 2894 1630 postulationibus
2922 1565 3160 1611 vestrum
3194 1553 3216 1624 Ῐ
3219 1550 3598 1624 postulationis
3634 1542 3864 1616 vestrm]

2261 1651 2584 1708 desiderium
2615 1655 3008 1719 cognoscentes
3036 1645 3351 1706 annuimus,
3383 1650 3442 1698 ut
3471 1641 3537 1696 de
3562 1639 3742 1695 tribus
3770 1651 3866 1691 ca-

2259 1745 2466 1816 pitulis,
2515 1757 2583 1799 ex
2612 1741 2807 1812 quibus
2837 1737 3064 1809 quaestio
3113 1743 3237 1791 nata
3287 1741 3390 1798 est,
3430 1731 3573 1809 facto
3619 1727 3868 1798 regulari

572 1849 748 1918 μένου,
773 1850 824 1902 ἐν
844 1848 986 1920 μέσῳ
1003 1849 1126 1915 (τῶν
1163 1846 1502 1922 προκειμένων
1529 1853 1629 1900 τῶν
1657 1843 1810 1917 ἆγῖων
1836 1841 2154 1915 εὐαγγελίων,

2265 1840 2569 1902 co:.ventu,
2623 1838 2838 1886 servata
2890 1827 3180 1898 mquitate,
3232 1823 3425 1878 mediis
3489 1819 3869 1877 sacrosanctis

572 1935 683 2008 ἅμα
733 1945 840 1996 τίς
880 1937 1137 1991 ἐνωθεῖσιν
1173 1938 1294 2008 ἡμῖν
1328 1933 1581 2008 ἀδελφοῖς,
1625 1931 1894 2006 σύγκρισιν
1934 1934 2160 1988 ποιησώ-

571 2029 701 2098 μεθα
763 2031 848 2081 καί
885 2027 970 2081 τέλ
1001 2047 1026 2088 ς
1071 2023 1099 2082 δ
1131 2027 1190 2102 θῇ
1226 2033 1298 2098 τῷ
1336 2033 1446 2097 Θεῷ
1472 2027 1715 2100 ἀρέσκον,
1754 2027 1838 2079 καί
1881 2023 2160 2090 συμϐαὗνον

571 2126 681 2178 τοῖς
706 2119 848 2192 παρά
872 2126 972 2172 τῶν
1001 2117 1158 2190 ἁγίων
1185 2119 1456 2192 τεσσάρων
1489 2113 1715 2172 συνόδων
1751 2115 2057 2192 ὁρισθεῖσιν·
2087 2120 2161 2169 s7-

569 2209 718 2270 ἃλις
743 2208 956 2276 δηλαδη,
983 2208 1209 2286 stadim?
1238 2213 1320 2265 καί
1349 2212 1375 2267 ἡ
1402 2217 1494 2269 τῆς
1531 2216 1699 2268 κοινῆς
1734 2207 2000 2279 ὁμολογίας
2033 2226 2165 2282 μαρ-

571 2305 727 2377 τυρία
754 2301 1024 2362 δείκνυσιν,
1057 2303 1128 2362 ὡς
1162 2307 1262 2356 τῶν
1285 2301 1714 2371 μνημονευθεισῶν
1740 2300 2012 2375 τεσσάρων
2041 2319 2163 2352 συν-

573 2394 702 2451 όδων
729 2397 778 2449 ἒν
804 2395 972 2451 ἅπασι
997 2399 1056 2450 si
1082 2395 1238 2456 σέϐας
1263 2395 1594 2468 φυλὲττεται.
1621 2398 1932 2468 Ὑπογραφή
1960 2404 2014 2446 '0
2041 2393 2166 2455 Θεός

575 2507 636 2544 σε
663 2491 781 2562 ύογιῆ
809 2488 1127 2562 διαφυλάξοι,
1155 2486 1331 2558 ἀδελφέ
1369 2491 1668 2560 τιμιὼτατς.
1697 2483 1866 2542 Ἐδόθη
1901 2485 2002 2557 πρό
2038 2485 2167 2540 ἔπτά

576 2578 720 2634 εἰδῶν
745 2578 1090 2654 Ἰανουαρίων,
1131 2578 1392 2651 βασιλείας
1420 2583 1508 2632 τοῦ
1535 2574 1788 2631 δεσπότου
1815 2574 2164 2630 Ἰουστινιαιοῦ

577 2696 608 2730 τ
634 2680 665 2726 ὖ
693 2675 895 2728 αἰωνίου
934 2673 1228 2744 Αὐγούστου
1272 2669 1424 2730 ἔτους
1452 2666 1892 2741 είκοστοεεδόμου,
1923 2665 2054 2736 μετὰ
2080 2669 2169 2724 τήν

578 2765 819 2817 ὑπατείαν
847 2762 1106 2817 Βασιλείου
1133 2766 1224 2816 τοῦ
1250 2761 1642 2835 λαμπροτάτου,
1675 2757 1830 2817 ἔτους
1857 2754 2163 2812 δωδεκάτου.

648 2858 734 2922 Τῷ
951 2849 1099 2922 τύπῳ
1137 2849 1334 2928 ἔγραψε
1376 2853 1462 2905 καί
1505 2850 1636 2924 πρὸς
1690 2846 2034 2919 ’Δπολινάριον
2081 2847 2167 2903 τὸν

579 2943 857 2998 ὁσιώτατιν
895 2944 1304 3020 ἀρχιεπὶσκοπον
1339 2949 1430 3002 τῆς
1472 2938 1834 3014 ’Δλεξανδρὲων
1881 2935 2169 3012 μεγαλοπό-

579 3033 732 3096 λεως,
781 3034 865 3088 καί
905 3034 1035 3107 πρὸς
1075 3039 1304 3104 Λιμνῖιον
1339 3033 1423 3086 τόν
1450 3028 1730 3086 ὁσιώτατον
1763 3031 2170 3107 ἀρχιεπὶσκοπον

579 3130 670 3184 τῆς
698 3123 1065 3188 Θεουπολιτῶν,
1091 3124 1178 3176 καί
1203 3126 1292 3180 τήν
1319 3121 1408 3177 ὑπ’
1434 3122 1618 3182 αὐτούς
1643 3118 1874 3176 σύνοδον.

881 3315 1370 3376 CONSTITUTUM
1402 3315 1633 3374 Ἥρωι
1669 3313 1873 3372 ΡΑΡΛΕ

1071 3426 1140 3464 DE
1169 3425 1356 3464 TRIBL‘S
1382 3423 1678 3464 εΑιιιτυιιε.

649 3498 1054 3556 Gloriosissimo
1113 3509 1169 3554 et
1213 3499 1637 3556 clementissimo
1692 3497 1804 3555 ﬁlio
1865 3495 2168 3554 Iustiniano

581 3592 821 3662 Augusto
853 3590 1072 3661 Vigilius
1103 3591 1410 3662 episc0pus.

655 3681 802 3736 Inter
830 3681 1146 3736 innumeras
1165 3681 1555 3738 sollicitudines
1579 3683 1772 3754 quibus
1800 3692 2058 3740 oneratur
2077 3682 2170 3738 im-

578 3771 784 3842 periale
809 3771 1098 3840 fastigium,
1135 3772 1400 3828 laudabile
1420 3773 1718 3828 clementia:
1743 3783 1934 3831 γρου-ω
1963 3788 2168 3843 cogno-

581 3860 758 3914 vimus
785 3874 904 3915 esse
933 3860 1286 3930 propositum,
1317 3875 1416 3931 per
1451 3862 1594 3932 quod
1629 3864 1892 3920 submotis
1922 3863 2170 3919 omnibus

581 3949 865 4005 discordiae
901 3951 1216 4018 seminibus,
1266 3966 1388 4022 quae
1433 3953 1486 4008 in
1517 3967 1647 4022 agro
1690 3954 1905 4010 Domini
1951 3953 2170 4010 humani

575 4035 795 4110 generis
824 4041 1070 4098 inimicus
1097 4051 1424 4113 asperserat,
1455 4045 1734 4100 universos
1754 4045 1966 4100 Domini
1986 4061 2171 4102 sacer-

582 4133 738 4188 dotes
759 4134 1047 4203 prmmissis
1066 4133 1134 4188 ad
1159 4134 1524 4189 testimonium
1545 4137 1887 4192 conscientia:
1909 4151 2020 4192 sum
2039 4151 2170 4208 pro-

571 4225 925 4290 fessionibus,
955 4239 1054 4295 per
1079 4237 1214 4294 quas
1241 4237 1550 4280 sanctorum
1582 4226 1800 4284 Patrum
1838 4237 1895 4284 et
1939 4245 2170 4285 venera-

576 4315 770 4372 bilium
799 4323 1029 4384 quatuor
1053 4315 1380 4386 synodorum
1409 4332 1475 4372 ac
1518 4319 1802 4387 pnesnlum
1849 4318 1994 4375 sedis
2039 4313 2172 4391 apo-

583 4405 786 4463 stolieze
817 4405 1080 4460 intuerere
1107 4401 1508 4461 deﬁnitionibus
1541 4415 1706 4476 atque
1742 4409 1965 4477 judiciis
2014 4425 2170 4465 mon-

583 4504 902 4560 Strarentur,
935 4497 1000 4551 ad
1024 4498 1282 4552 unitatem
1311 4507 1474 4570 atque
1514 4499 1860 4556 concordiam
1885 4500 2171 4557 restituere

583 4585 915 4654 properastis
938 4603 950 4638 :
980 4599 1204 4655 quarum
1227 4586 1614 4657 professionum
1636 4586 1883 4656 fortnam,
1909 4601 1966 4646 ut
1989 4593 2170 4648 eccle-

2261 1925 2580 1994 evangcliis,
2612 1922 2962 1978 collationem
2991 1933 3122 1974 'cum
3157 1915 3323 1970 unitis
3365 1912 3619 1968 fratribus
3656 1908 3871 1965 habea-

2263 2033 2381 2072 mus
2423 2017 2550 2088 |for.
2592 2009 2884 2082 habeatis],
2909 2019 2965 2066 et
3011 2007 3132 2064 ﬁnis
3172 2008 3330 2062 detur
3369 2004 3600 2076 placitus
3627 2001 3774 2068 Deo,
3815 2008 3870 2055 et

2263 2123 2330 2162 co
2355 2107 2592 2160 -.veniens
2615 2103 2699 2158 his
2727 2117 2849 2172 quae
2883 2117 2913 2155 a
2955 2101 3160 2156 sanctis
3189 2107 3425 2168 quatuor
3469 2104 3597 2152 sunt
3639 2091 3870 2150 defuiita

2265 2199 2544 2255 conciliis:
2579 2197 2810 2253 scientes
2841 2195 3048 2264 utique,
3077 2193 3222 2248 sicut
3241 2199 3297 2247 et
3324 2191 3626 2247 communis
3655 2186 3886 2267 profcs—_

2265 2291 2435 2346 sionis
2477 2287 2786 2343 testimonio
2813 2285 3146 2351 declaratur,
3178 2290 3602 2338 memoratarum
3632 2280 3873 2351 synodo-

2265 2397 2387 2438 rum
2417 2381 2468 2435 in
2493 2377 2742 2435 omnibus
2769 2376 3128 2433 reverentiam
3151 2372 3431 2430 custodiri.
3459 2370 3602 2428 Deus
3632 2379 3686 2426 te
3709 2371 3872 2426 inco-

2271 2474 2468 2528 lumem
2495 2471 2787 2538 custodiat,
2817 2468 2982 2524 frater
3009 2467 3344 2524 charissime.
3376 2465 3570 2522 Datum
3601 2480 3691 2520 \‘ltl
3747 2461 3871 2538 [vn]

2269 2567 2388 2620 Ltus
2429 2562 2732 2627 Ianuarias,
2768 2561 2982 2632 intperii
3029 2559 3230 2616 domini
3271 2557 3557 2614 Justiniaui
3609 2558 3872 2627 perpetui

2270 2655 2493 2726 Augusti
2522 2669 2666 2709 anno
2689 2652 2924 2723 27,post
2943 2651 3280 2708 consulatum
3315 2649 3500 2705 Basilii
3526 2649 3628 2705 viri
3670 2649 3872 2704 claris-

2269 2751 2389 2806 simi
2419 2763 2562 2805 anno
2590 2747 2677 2802 12.

2342 2839 2543 2895 Eadem
2571 2841 2740 2910 {arma
2767 2836 2975 2909 scripsit
3002 2843 3051 2890 et
3079 2835 3150 2890 ad
3182 2833 3562 2906 Apollinarium
3591 2831 3872 2887 sanctissi-

2270 2948 2430 2995 mam,
2455 2927 2901 2998 archiepiscopum
2926 2939 3135 2996 magna:
3157 2923 3378 2977 civitatis
3417 2920 3780 2984 Alexandria,
3823 2929 3872 2974 et

2270 3023 2339 3076 ad
2373 3020 2684 3075 Domniuum
2709 3017 3114 3079 sanctissimum,
3143 3015 3586 3084 archiepiscopum
3629 3009 3874 3080 Theopo-

2271 3115 2400 3181 lcos,
2427 3121 2477 3166 et
2507 3111 2576 3164 ad
2601 3109 2854 3182 synodum
2875 3107 3000 3178 ipsis
3030 3107 3333 3180 subjectum.

2201 3316 2248 3378 C
2279 3312 2702 3368 ecclesiasticam
2733 3323 2972 3377 servare,
3000 3314 3321 3377 praesentem
3350 3306 3574 3362 facimus
3600 3307 3870 3366 libellum.

2271 3400 2537 3472 imprimis
2559 3408 2795 3472 quatuor
2821 3407 3040 3456 sanctas
3065 3397 3322 3470 synodos,
3348 3397 3622 3452 Nicaznam
3652 3406 3872 3456 trecen-

2271 3502 2449 3548 torum
2480 3491 2668 3547 decem
2693 3497 2748 3546 et
2779 3499 2924 3555 octo,
2952 3488 3604 3560 Constantinopolitanam
3644 3499 3871 3546 centum

2269 3583 2676 3655 quinquaginta,
2717 3579 3044 3652 Ephesinam
3094 3580 3326 3651 primam
3373 3579 3761 3648 ducentorum,
3815 3583 3872 3638 in

2269 3690 2374 3744 qua
2421 3675 2474 3729 in
2513 3672 2705 3746 legatis
2731 3673 2844 3728 suis
2872 3679 3036 3743 atque
3059 3671 3295 3737 vicariis,
3328 3671 3380 3726 id
3420 3679 3504 3726 est
3548 3671 3873 3730 beatissimo

2269 3765 2470 3839 Cyrillo
2500 3765 2880 3821 Alexandrina:
2909 3764 3058 3820 urbis
3083 3763 3360 3835 episcopo,
3385 3763 3618 3821 Arcadio
3647 3773 3705 3818 et
3739 3762 3876 3822 Pro-

2262 3857 2412 3928 jecto
2441 3857 2728 3930 episcopis,
2761 3864 2816 3912 et
2854 3855 3102 3928 Philippo
3139 3857 3477 3928 presbytero,
3519 3857 3874 3914 beatissimus

2268 3947 2594 4004 leestinus
2621 3962 2764 4019 papa
2790 3947 3023 4003 senioris
3047 3947 3233 4002 Romae
3255 3948 3498 4006 noscitur
3523 3949 3874 4019 przesedisse,

2270 4047 2327 4094 et
2363 4037 2858 4094 Chalcedonensem
2885 4046 3270 4094 sexcentorum
3304 4039 3520 4108 triginta
3547 4049 3872 4114 sanctorum

2271 4128 2490 4184 Patrum
2528 4129 2870 4200 suscipimus.
2917 4127 2988 4184 Et
3023 4144 3122 4200 per
3167 4129 3348 4184 omnia
3395 4137 3452 4184 et
3496 4130 3548 4185 in
3589 4131 3871 4199 omnibus,

2269 4233 2606 4290 quaecunque
2636 4219 2690 4274 in
2718 4217 2968 4274 omnibus
2987 4217 3154 4288 gestis
3179 4217 3637 4275 Chalcedonensis
3675 4223 3874 4277 conci-

2269 4307 2328 4362 lii
2379 4308 2719 4380 aliarumque
2771 4309 3151 4380 praedictarum
3205 4311 3556 4383 synodorum,
3610 4311 3755 4368 sicut
3811 4315 3870 4370 iu

2271 4401 2463 4457 iisdem
2483 4409 2718 4473 quatuor
2744 4401 2964 4474 synodis
2982 4401 3244 4473 scriptum
3267 4403 3558 4471 invenitur,
3583 4408 3871 4463 communi

2272 4509 2539 4552 consensu
2563 4511 2684 4552 cum
2713 4496 2902 4566 legatis
2929 4503 3093 4566 atque
3113 4496 3329 4554 vicariis
3357 4497 3500 4554 sedis
3525 4499 3871 4569 apostolica,

2273 4588 2327 4645 in
2356 4588 2553 4661 quibus
2571 4589 2726 4660 juxta
2762 4597 3003 4660 tempora
3031 4604 3128 4645 sua
3154 4589 3580 4660 praedecessores
3605 4591 3875 4648 sanctita-

585 4679 818 4737 siastica:
845 4681 992 4750 pacis
1019 4681 1449 4751 amplectendam
1471 4684 1702 4754 posteris
1727 4685 1968 4740 tradatur
1986 4700 2171 4741 exem-
2201 4703 2248 4762 υ
2277 4681 2345 4736 tis
2379 4688 2578 4738 vestra:
2600 4680 2897 4736 beatissimi
2924 4695 3078 4752 papa:
3101 4680 3332 4738 senioris
3377 4680 3564 4738 Roma:
3609 4681 3742 4754 ipsis
3786 4698 3876 4755 sy-

573 4767 766 4854 :plum,
819 4770 1088 4840 prtesenti,
1129 4773 1584 4840 quemadmodum
1629 4789 1688 4830 se
1735 4775 1919 4842 habet,
1965 4776 2166 4832 inserta

591 4860 786 4931 pagina
813 4859 1168 4918 declaramus.

583 5018 894 5092 Exemplum
921 5021 1107 5098 prima:
1141 5025 1482 5098 professionis
1523 5043 1676 5098 quam
1715 5029 1785 5081 ad
1813 5027 2024 5086 Sanctae
2058 5027 2170 5086 Eu-

999 5095 1220 5164 phemiw
1239 5095 1485 5166 templum
1509 5095 1760 5168 fecerunt.

655 5202 854 5260 Omnes
882 5205 1098 5274 quidem
1125 5205 1328 5272 ﬁdeles,
1361 5207 1593 5264 maxime
1620 5226 1750 5266 vero
1781 5211 1876 5268 Dei
1917 5213 2171 5270 sacerdo-

579 5301 691 5358 tes,
735 5309 925 5364 pacem
964 5302 1019 5350 et
1047 5295 1530 5353 sanctiﬁcationem
1579 5302 1732 5370 sequi
1759 5318 1882 5358 eum
1923 5304 2170 5360 omnibus

586 5393 821 5454 oportet,
871 5387 988 5442 sine
1035 5389 1226 5457 quibus
1278 5405 1460 5458 nemo,
1506 5393 1799 5450 secundum
1851 5396 2170 5466 Apostolum

589 5471 643 5544 (I
673 5473 854 5529 Thess.
886 5477 980 5546 tv),
1011 5478 1212 5534 videbit
1239 5478 1545 5538 Dominum.
1577 5483 1686 5540 Nos
1716 5486 1876 5554 igitur
1915 5489 2173 5558 apostoli-

519 5563 528 5571 '
582 5573 706 5618 ‘cam
735 5576 1024 5632 sequentes
1050 5567 1370 5638 doctrinam,
1403 5581 1460 5628 et
1485 5573 1800 5634 festinantes
1825 5581 2168 5638 concordiam

663 5749 688 5815 ξ
721 5738 1102 5815 fetereslihri,
1124 5745 1441 5815 judicamus.

664 5805 690 5845 ιι
721 5807 884 5865 [idem
912 5811 1050 5880 libri,
1075 5805 1214 5870 vera.

2267 4771 2429 4828 nodis
2455 4769 2846 4842 praesederunt,
2879 4779 2990 4828 tam
3017 4771 3086 4828 de
3114 4770 3218 4828 ﬁde
3245 4785 3408 4841 quam
3437 4771 3506 4829 de
3532 4772 3652 4828 aliis
3687 4775 3876 4830 omni.

2269 4859 2372 4916 bus
2393 4861 2591 4927 causis,
2617 4859 2853 4932 iudiciis,
2887 4862 3382 4929 constitutionibus,
3427 4871 3522 4918 aut
3549 4862 3871 4934 dispositio-

2271 4952 2428 5008 nibus
2448 4949 2668 5007 deﬁnita
2699 4961 2794 5008 aut
2817 4953 3079 5023 iudicata,
3101 4955 3186 5010 vel
3213 4955 3526 5022 constituta,
3542 4957 3656 5012 sive
3675 4955 3872 5027 dispo-

2272 5043 2376 5098 sita
2404 5051 2550 5112 sunt,
2579 5044 2918 5112 inconcusse,
2944 5045 3344 5110 inviolabiliter,
3375 5046 3872 5117 irreprehensihili-

2276 5144 2390 5204 ter,
2449 5143 2613 5204 atque
2667 5136 3164 5200 irretractabiliter,
3228 5137 3345 5195 sine
3415 5138 3726 5210 adjectione
3781 5141 3869 5196 vel

2275 5225 2653 5281 imminutione
2679 5227 2856 5295 aliqua
2885 5243 2985 5284 nos
3013 5231 3380 5300 promittimus
3413 5241 3730 5298 secuturos,
3763 5249 3869 5288 nec

2270 5314 2566 5385 quidquam
2588 5319 2914 5374 contrarium
2937 5319 3084 5390 quod
3096 5321 3162 5376 ad
3184 5338 3368 5377 earum
3386 5325 3869 5395 reprehensionem

2273 5415 2329 5462 et
2353 5408 2794 5464 retractatiouem
2833 5411 2920 5464 vel
2963 5412 3416 5483 permutationem
3455 5415 3570 5470 sive
3611 5415 3868 5486 iniuriam

2272 5495 2373 5552 sub
2397 5496 2640 5566 qualibet
2662 5501 2948 5556 occasione
2974 5502 3062 5556 vel
3083 5505 3326 5559 novitate
3353 5507 3623 5575 pertineat
3660 5507 3867 5564 admiav

2273 5600 2446 5654 suros,
2473 5597 2566 5643 aut
2595 5589 2701 5645 tale
2731 5591 2931 5660 aliquid
2968 5595 3416 5663 praesumentibus
3459 5613 3865 5660 consensuros:

2341 5769 2364 5799 ε
2389 5757 2554 5817 [idem
2575 5761 2714 5829 libti,
2734 5774 2782 5818 et
2805 5764 2857 5818 in
2892 5767 3145 5834 paternis.

3677 5915 3796 5934 ..οη-ο*
