3986 6356
173 337 238 392 Gtt
1395 337 1748 394 EPISTULA:
1784 339 1876 394 ΕΤ
1918 338 2254 394 DECRETA.
3399 352 3468 406 '70

173 449 264 504 sed
293 461 625 519 quacunque
649 449 937 502 communi
967 462 1234 503 consensu
1258 461 1381 502 eum
1409 447 1601 516 legatis
1620 457 1781 518 atque
1813 457 1858 508 Α
1886 447 2224 516 Suscipimus
2243 458 2423 504 autem
2445 458 2502 505 et
2523 461 2740 508 sanctos
2761 452 3022 509 ducentos
3035 452 3222 510 Patres
3240 455 3292 512 in
3304 456 3474 528 Ephe-

173 545 388 597 vicariis
439 541 582 596 sedis
631 543 960 610 apostolica:
1011 542 1330 596 orthodoxae
1387 541 1584 596 ibidem
1633 541 1778 595 dicta

175 642 319 696 sunt,
348 647 416 686 ea
442 629 757 685 orthodoxa
793 645 1115 686 veneramur
1141 639 1306 699 atque
1333 631 1679 700 suscipimus.

243 721 590 790 Quaecunque
621 722 1227 777 anathematizaverunt
1252 722 1339 775 vel
1364 721 1780 785 damnaverunt,
1834 729 1840 735 ‘

177 815 700 870 anathematizamus
728 821 788 868 et
825 830 926 870 nos
967 823 1130 882 atque
1174 813 1524 876 damnamus;
1573 821 1626 866 et
1659 813 1780 865 uni-

176 920 365 965 versa,
429 906 570 960 sicut
621 905 692 957 ab
759 905 952 960 iisdem
1015 905 1236 976 synodis
1299 905 1572 959 communi
1650 920 1784 959 cou-

177 1013 338 1051 sensu
388 1012 514 1051 cum
559 997 780 1052 sicariis
827 996 975 1054 sedis
1021 996 1335 1066 apostolica:
1378 995 1638 1064 iudicata,
1689 1003 1784 1048 aut

177 1088 424 1151 deﬁnita,
446 1089 534 1144 vel
561 1091 884 1153 constituta;
907 1090 1021 1146 sive
1046 1089 1306 1160 disposita
1339 1088 1476 1142 lecta
1507 1087 1788 1142 inveniun-

181 1189 290 1244 tur,
332 1179 808 1234 irretractabiliter
831 1187 996 1248 atque
1035 1178 1534 1248 impermutabiliter
1563 1192 1788 1233 conser-

180 1287 390 1324 vamns.
416 1269 526 1325 Sed
547 1279 604 1325 et
629 1271 804 1326 beatae
826 1270 1221 1326 recordationis
1245 1283 1397 1338 papa:
1446 1267 1644 1323 Leonis
1678 1269 1788 1338 epi-

181 1361 370 1426 stolas,
421 1371 479 1416 et
523 1361 672 1415 sedis
701 1361 1018 1430 apostolica:
1062 1361 1379 1424 constituta,
1426 1374 1547 1428 qua:
1581 1367 1690 1412 tam
1718 1359 1787 1414 de

182 1451 286 1506 ﬁde
306 1467 474 1522 quam
501 1451 572 1507 de
599 1451 858 1507 ﬁrmitate
891 1451 1320 1522 supradictarum
1353 1459 1586 1518 quatuor
1615 1465 1785 1521 syno—

179 1543 400 1604 ἀοι-πω,
431 1550 840 1614 processerunt,
870 1555 972 1598 nos
999 1541 1052 1596 in
1083 1541 1334 1596 erunibus
1361 1549 1640 1600 secuturos
1664 1549 1785 1594 set-<-

179 1643 522 1704 vaturosque
557 1634 944 1704 promittimus.
993 1632 1526 1688 Auathematizautes
1568 1616 1788 1687 omnem

179 1725 462 1780 hominem
493 1723 560 1778 ad
591 1722 811 1778 ordines
831 1731 890 1778 et
914 1723 1204 1792 dignitates
1231 1721 1624 1778 ecclesiasticas
1651 1737 1782 1792 per-

1885 538 2000 592 sina
2043 539 2212 608 prima
2256 541 2464 611 synodo
2491 543 2769 608 collectos,
2821 547 2911 614 qui
2951 563 3051 616 per
3076 551 3254 603 omnia
3301 554 3473 604 secuti

1882 636 2009 683 eunt
2036 629 2171 682 idem
2200 641 2443 686 sanetum
2474 634 2771 704 symbolum
2795 637 2906 691 sive
2927 639 3224 705 'matbcma,
3255 646 3311 695 et
3337 657 3474 696 con—

1883 717 2274 773 demuaverunt
2323 721 2624 776 Nestorium
2677 723 2898 794 impium
2945 737 3001 780 et
3053 729 3316 784 scelerata
3358 730 3476 799 ejus

1884 807 2156 873 dogmata,
2189 819 2242 862 et
2281 825 2375 864 eos
2414 813 2503 880 qui
2533 811 2726 867 similia
2756 815 2806 870 ei
2835 816 3126 884 aliquando
3171 831 3472 888 sapuerunt

1887 899 1968 952 vel
1997 901 2228 967 sapiunt.

1957 988 2034 1042 Ad
2067 991 2182 1045 lucc
2209 997 2388 1046 autem
2420 994 2582 1046 etiam
2605 995 2930 1066 suscipimus
2950 1008 3236 1055 sexcentos
3257 1001 3478 1067 triginta

1883 1091 2102 1136 sanctos
2147 1081 2338 1138 Patres
2362 1084 2706 1142 Chalcedone
2737 1099 3130 1159 congregatos;
3178 1094 3270 1162 qui
3313 1095 3482 1148 etiam

1887 1170 1989 1240 ipsi
2019 1188 2116 1241 per
2141 1174 2323 1227 munia
2354 1187 2747 1233 consenserunt
2789 1182 3058 1249 prmitietis
3079 1184 3285 1238 sinetis
3308 1184 3478 1240 tribus

1885 1259 2126 1330 synodis,
2171 1269 2228 1315 et
2278 1264 2449 1316 secuti
2489 1273 2614 1320 sunt
2659 1268 2972 1336 praedictum
3022 1272 3326 1342 symbolum
3364 1274 3482 1328 sive

1886 1349 2158 1403 malhema
2186 1365 2218 1404 a
2239 1353 2498 1408 trecentis
2535 1355 2723 1410 decem
2749 1366 2807 1412 et
2835 1368 2962 1414 octo
2988 1353 3190 1416 sanctis
3230 1361 3481 1418 Patribus

1885 1441 2210 1506 expositum,
2241 1449 2299 1498 et
2325 1458 2357 1498 a
2385 1452 2602 1498 centum
2644 1446 3032 1516 quinquaginta
3059 1451 3262 1506 sanctis
3299 1451 3476 1508 Patri-

1886 1533 1986 1588 bus
2014 1534 2380 1604 explanatum,
2413 1545 2468 1592 et
2487 1539 3081 1597 anathematizaverunt
3108 1559 3204 1598 eos
3221 1547 3315 1613 qui
3336 1543 3484 1601 aliud

1885 1636 2085 1696 pztcter
2111 1626 2425 1696 praedictum
2453 1629 2756 1701 symbolum
2785 1642 3118 1700 praesumunt
3139 1634 3359 1703 docere,
3391 1646 3486 1690 aut

1888 1729 2182 1785 exponere,
2213 1725 2270 1773 et
2298 1718 2512 1774 tradere
2538 1721 2741 1777 unctis
2772 1721 2865 1777 Dei
2909 1721 3194 1780 ecclesiis:
3224 1725 3482 1782 condem-

181 1817 476 1882 tinentem,
505 1813 816 1884 quicunque
835 1821 1026 1868 contra
1054 1828 1118 1868 ea
1141 1827 1260 1881 qua!
1297 1811 1544 1881 superius
1584 1813 1782 1882 promi-
1818 1814 1862 1872 Β
1891 1815 2156 1860 naverunt
2191 1816 2374 1863 autem
2403 1818 2458 1863 et
2485 1811 3075 1870 anathematizaverunt
3121 1824 3176 1873 et
3214 1816 3486 1890 Eutyche-

179 1908 354 1964 simus
383 1908 486 1962 sub
511 1907 754 1976 qualibet
781 1907 1072 1962 occasione
1098 1907 1187 1962 vel
1221 1905 1578 1961 altercatione
1599 1903 1786 1959 venire

185 1995 506 2051 tentaverit.
531 1994 796 2052 Libellum
819 2005 1002 2051 autem
1031 1996 1084 2050 in
1111 2011 1278 2050 causa
1317 1995 1480 2049 trium
1521 1993 1788 2062 capitulo-

183 2102 330 2153 rum,
359 2086 430 2141 de
459 2086 656 2156 quibus
683 2087 915 2154 quaestio
944 2095 1068 2141 nata
1089 2094 1192 2150 est,
1213 2094 1404 2142 contra
1433 2085 1784 2139 constitutum

181 2177 412 2246 piissimi
451 2177 714 2248 principis
742 2186 796 2231 et
817 2177 1164 2232 beatitudinis
1191 2186 1402 2240 vestrm,
1437 2191 1540 2244 ego
1567 2175 1785 2245 quidem

185 2271 396 2325 nullum
441 2268 574 2337 feci,
621 2270 721 2326 sed
771 2271 899 2324 volo
948 2279 1110 2339 atque
1153 2270 1460 2337 consentio,
1502 2275 1561 2322 ut
1595 2281 1787 2322 oinues

183 2360 354 2414 libelli
378 2359 474 2430 qui
503 2359 783 2414 factisunt
801 2361 902 2415 sub
923 2361 1024 2415 hac
1051 2359 1222 2414 forma
1253 2359 1571 2414 beatitudini
1593 2366 1787 2412 vestrm

183 2452 506 2506 reddantur.
537 2452 614 2507 De
632 2453 845 2520 injuriis
867 2459 1068 2512 autem,
1099 2464 1437 2522 quaecunque
1465 2448 1786 2503 beatitudini

185 2543 273 2596 vel
299 2541 416 2598 sedi
445 2552 640 2596 vestrm
667 2543 826 2596 facta:
853 2549 1000 2608 sunt,
1031 2555 1126 2595 eas
1153 2539 1371 2609 quidem
1393 2554 1501 2593 non
1530 2537 1661 2603 feci;
1693 2538 1788 2592 sed

185 2633 314 2702 quia
343 2648 442 2703 pro
472 2647 606 2701 pace
637 2630 893 2687 Ecclesia:
923 2631 1096 2686 modis
1124 2640 1210 2685 est
1232 2631 1485 2684 omnibus
1525 2628 1788 2684 festinan-

185 2724 340 2785 dum,
369 2723 519 2776 velut
562 2723 608 2778 si
651 2737 747 2776 eas
779 2721 1047 2785 fecissem,
1096 2723 1308 2776 veniam
1364 2720 1600 2790 postulo.
1649 2719 1785 2788 Quia

185 2829 322 2866 vero
371 2821 617 2884 tempore
660 2814 950 2868 discordia!
987 2813 1482 2869 exeommnnicatos
1527 2813 1609 2867 vel
1680 2829 1788 2866 non

190 2913 446 2973 receptos
507 2919 539 2958 a
605 2903 944 2958 beatitudine
1009 2911 1186 2959 vestra
1244 2903 1296 2956 in
1339 2902 1790 2958 communionem

187 2998 429 3066 suscepi,
458 2997 666 3066 pariter
693 2995 908 3049 veniam
934 2995 1172 3064 postulo.

265 3087 322 3139 lu
371 3088 474 3142 hac
511 3085 685 3140 iorma
725 3085 972 3140 fecerunt
1019 3083 1244 3139 Mennas
1283 3083 1790 3153 Constantinopoli-

1887 1901 1996 1948 tem
2025 1903 2082 1950 et
2107 1895 2436 1961 Nestorium,
2469 1909 2524 1953 et
2569 1901 2732 1970 impia
2779 1917 2966 1958 eorum
2994 1906 3266 1976 dogmata,
3301 1916 3357 1964 et
3385 1923 3482 1964 eos

1885 1985 1977 2052 qui
2004 1984 2197 2040 similia
2227 1987 2308 2042 eis
2335 2001 2634 2058 stupuerunt
2663 1991 2750 2047 vel
2777 1993 3012 2063 sapiunt.
3045 1993 3139 2052 llis
3177 1997 3252 2051 ita
3279 2013 3342 2054 se
3382 1999 3486 2052 ha-

1888 2075 2160 2144 bentibus,
2189 2086 2398 2132 certum
2427 2077 2652 2135 [stamus
2695 2083 2842 2150 quod
2869 2085 3048 2139 omnia
3089 2099 3210 2156 qua:
3258 2103 3290 2142 a
3336 2102 3476 2158 pra:-

1887 2167 2046 2220 dictis
2100 2169 2304 2222 sanctis
2346 2177 2582 2239 quatuor
2631 2172 2855 2243 synodis
2900 2173 3140 2244 judicata
3167 2186 3226 2233 et
3263 2178 3488 2235 deﬁnita

1887 2266 2014 2312 sunt
2035 2273 2348 2325 servamus;
2377 2261 2502 2330 quia
2531 2263 2634 2318 etsi
2689 2275 2786 2333 per
2809 2264 3018 2321 diversa
3049 2275 3292 2340 tempora
3342 2285 3483 2340 prte-

1889 2350 2045 2404 dicta:
2075 2359 2275 2406 sancite
2295 2361 2531 2420 quatuor
2547 2357 2734 2425 synodi
2768 2357 2922 2412 factm
2947 2368 3094 2426 sunt,
3120 2368 3296 2416 tarum
3318 2377 3481 2416 unam

1888 2444 2242 2512 eamdemque
2269 2442 2664 2502 confessionem
2705 2446 2829 2503 ﬁdei
2875 2461 3230 2506 servaverunt
3254 2461 3309 2508 et
3341 2469 3481 2524 prte-

1889 2531 2230 2588 dicaverunt.

1961 2621 2294 2693 Suscipimus
2321 2633 2504 2680 autem
2533 2636 2591 2680 et
2619 2628 2999 2697 amplectimur
3038 2631 3298 2700 epistolas
3343 2647 3482 2704 prte-

1890 2715 2064 2768 su'um
2099 2713 2356 2770 Romana:
2377 2717 2522 2772 sedis
2549 2719 2877 2787 apostolicae,
2903 2730 3010 2776 tam
3041 2725 3290 2792 alituum,
3315 2741 3480 2796 quam

1892 2801 2092 2858 Leonis
2123 2813 2324 2861 sanctae
2354 2808 2630 2862 memoriae
2675 2809 2742 2864 de
2785 2817 2931 2866 recta
2971 2813 3084 2868 iide
3134 2817 3386 2886 scriptas,
3431 2830 3487 2874 et

1891 2892 1960 2947 de
1987 2901 2219 2961 quatuor
2243 2897 2446 2952 sanctis
2465 2899 2736 2964 ccncﬂiis,
2767 2900 2852 2954 vel
2889 2902 2958 2957 de
2987 2917 3096 2960 uno
3121 2919 3330 2964 eorum.
3351 2908 3488 2966 Cum

1894 2983 2060 3051 igitur
2087 2984 2346 3053 prmdicta
2373 2989 2553 3043 onmia
2574 2997 2630 3045 et
2657 2993 2989 3049 servavimus
3018 3001 3078 3051 et
3101 3011 3400 3066 servamus,
3433 3009 3488 3058 et

1895 3074 1948 3130 in
1989 3075 2176 3132 iisdem
2221 3078 2378 3134 nobis
2415 3080 2642 3136 invicem
2673 3087 3076 3156 omsentimus,
3126 3093 3486 3148 necessarium

191 3184 354 3231 uiuus
403 3177 724 3246 episcopus,
769 3173 1089 3228 Theodorus
1128 3174 1390 3228 Cmsarem
1431 3173 1787 3243 Cappadocia!
1817 3183 1863 3246 ο
1894 3174 1978 3221 est
1996 3165 2229 3222 conferri
2260 3168 2554 3242 [conﬁteri]
2583 3171 2656 3226 de
2681 3173 2854 3230 tribus
2881 3179 3152 3247 capitolia
3185 3181 3331 3237 unde
3370 3183 3486 3253 qui-

189 3270 514 3339 episeopus,
554 3267 800 3322 Andreas
836 3265 1142 3337 Ephesinus
1179 3266 1495 3335 episcopus,
1541 3263 1792 3319 Theodoo

190 3376 285 3414 rus
334 3359 639 3414 Antiochia:
680 3357 893 3414 Phidiae
931 3357 1233 3428 episcopus,
1280 3355 1472 3412 Petrus
1515 3353 1794 3412 Tarsensis

191 3452 512 3521 episcopus;
539 3449 637 3504 sed
665 3449 820 3502 multi
848 3449 937 3502 alii
959 3448 1196 3518 episcopi
1225 3447 1365 3502 idem
1389 3446 1646 3503 fecerunt.

194 3562 485 3633 Exentplar
509 3562 852 3631 professionis
866 3575 1036 3633 quam,
1049 3561 1243 3633 residui
1265 3560 1489 3630 cpisrapi
1521 3555 1792 3630 Theopha-

599 3633 812 3686 πίοι-κω
837 3629 921 3685 die
947 3629 1096 3684 nobis
1127 3629 1376 3702 fecerunt.

260 3724 514 3780 Scientes
539 3731 868 3792 quaiitorum
901 3722 1166 3775 bonorum
1205 3735 1368 3776 causa
1416 3728 1501 3776 est
1537 3735 1642 3790 pax
1670 3719 1788 3783 Dei,

193 3811 512 3867 custodiens
537 3811 703 3866 corda
732 3817 790 3865 et
813 3824 1006 3865 sensus
1032 3807 1288 3872 ﬁdelium,
1313 3817 1367 3863 et
1389 3809 1648 3876 colligens
1670 3823 1792 3876 eos,

194 3910 254 3955 ut
279 3917 448 3956 unum
481 3901 732 3968 idemque
761 3899 977 3969 sapiant
1021 3899 1072 3952 in
1104 3905 1250 3953 recta
1282 3898 1401 3952 ﬁdei
1431 3897 1790 3962 cordessione,

193 4001 250 4047 et
279 3994 348 4048 ad
379 3989 709 4062 peiﬁcienda
731 3990 910 4045 divina
935 3989 1209 4054 mandata,
1231 3997 1289 4044 et
1311 3988 1601 4058 propitium
1626 3987 1794 4042 Deum

196 4086 402 4144 iaciens
429 4085 486 4139 in
529 4085 613 4139 his
637 4097 760 4152 quae
803 4089 952 4138 recta
985 4089 1114 4136 sunt
1157 4079 1637 4145 concordantibus,
1673 4079 1794 4134 ideo

195 4179 519 4233 festinantes
547 4176 814 4232 unitatem
843 4185 1190 4238 conservare,
1217 4173 1284 4229 ad
1310 4172 1666 4243 apostolicam
1703 4185 1793 4226 se-

194 4269 316 4323 dem
346 4275 544 4323 vestrae
583 4265 934 4320 beatitudinis
975 4263 1316 4318 manifestum
1355 4261 1604 4328 facimus,
1649 4261 1795 4330 quod

195 4375 297 4416 nos
323 4373 544 4428 semper
569 4356 1016 4413 conservavimtts
1045 4362 1102 4409 et
1128 4367 1514 4410 comervamus
1543 4351 1700 4408 ﬁdem
1724 4353 1794 4406 ab

197 4452 352 4506 initio
377 4450 631 4505 traditam
653 4465 682 4503 a
715 4461 910 4516 magno
931 4447 1042 4500 Deo
1071 4454 1128 4501 et
1149 4445 1434 4501 Salvatore
1451 4453 1642 4500 nostro
1663 4441 1794 4498 «leta
1831 4442 1845 4452 '

1893 3258 2120 3312 busdam
2166 3260 2392 3326 quaestio
2429 3271 2554 3316 nata
2589 3270 2692 3318 est.
2743 3263 2810 3319 Et
2855 3266 2976 3322 ideo
3003 3270 3258 3338 petirnus,
3303 3275 3487 3342 praesi-

1893 3345 2055 3404 dente
2079 3349 2236 3405 nobis
2263 3359 2441 3406 vestra
2482 3353 2837 3425 beatitudine,
2885 3359 2984 3414 sub
3014 3363 3409 3432 tranquillitate
3433 3373 3490 3420 et

1893 3440 2214 3495 sacerdotali
2258 3445 2690 3510 mansuetudine,
2731 3451 2933 3504 sanctis
2969 3453 3266 3522 propositis
3309 3453 3487 3510 Evan-

1891 3528 2069 3596 geliis,
2101 3531 2376 3586 communi
2421 3541 2652 3588 tractatu
2694 3536 2882 3592 eadem
2933 3541 3166 3610 capitula
3211 3542 3264 3597 in
3309 3545 3490 3599 medio

1896 3619 2245 3686 proponenda
2289 3622 2458 3689 quani
2504 3631 2562 3678 et
2604 3625 2859 3693 conferri,
2903 3639 2962 3683 et
3003 3630 3161 3686 linem
3203 3635 3489 3702 qumstioni

1896 3709 2097 3777 imponi
2147 3709 2257 3764 Deo
2287 3711 2544 3778 placitum
2590 3723 2648 3768 et
2688 3718 3101 3774 convenientem
3156 3721 3238 3778 his
3283 3739 3404 3794 qua:
3449 3741 3482 3779 a

1895 3799 2097 3868 sanctis
2125 3807 2360 3870 quatuor
2384 3804 2629 3860 conciliis
2655 3806 2873 3863 deﬁnita
2905 3819 3030 3864 sunt
3060 3827 3075 3875 ;
3121 3815 3376 3881 quoniam
3419 3816 3489 3870 ad

1895 3900 2241 3958 augmentum
2271 3893 2443 3962 pacis,
2475 3903 2530 3949 et
2552 3897 2898 3952 concordiam
2930 3899 3288 3959 Eccleslarum
3319 3909 3489 3976 perti-

1895 3989 2009 4046 net,
2041 3989 2122 4049 nt,
2150 3983 2300 4037 oinni
2339 3983 2409 4039 de
2437 3985 2618 4040 medio
2655 3987 2996 4045 dissensione
3027 3991 3262 4060 sublata,
3291 4009 3414 4064 quae
3450 4013 3482 4053 a

1901 4073 2172 4144 pnrdictis
2215 4076 2420 4132 sanctis
2445 4085 2681 4146 quatuor
2712 4082 2956 4138 conciliis
2983 4082 3203 4140 deﬁnita
3247 4097 3374 4142 sunt
3415 4091 3490 4145 in-

1896 4179 2162 4227 concussa
2186 4175 2496 4231 serventur,
2526 4178 2835 4226 sanctarum
2865 4173 3198 4244 synodum
3241 4189 3490 4236 reveren-

1899 4254 1972 4309 tia
2001 4255 2057 4310 in
2086 4256 2338 4312 omnibus
2363 4259 2656 4315 custodita.
2683 4259 2778 4318 llis
2798 4271 2982 4318 autem
2999 4271 3056 4320 et
3077 4265 3492 4339 subscripsimus

1897 4347 1952 4403 in
1981 4348 2124 4405 hunc
2149 4349 2370 4406 modum
2398 4350 2680 4409 fratres‘et
2703 4356 3009 4429 coepiscopi
3035 4363 3228 4418 nostri.

1967 4433 2259 4512 Eutycbius
2285 4442 2573 4514 episcopus
2593 4443 3248 4522 Constantinopolitanus,
3281 4455 3488 4526 Apolli-

195 4543 436 4600 Christo,
467 4541 671 4596 sanctis
697 4539 978 4609 apostolis,
1009 4543 1065 4592 et
1093 4538 1162 4592 ab
1189 4537 1296 4590 illis
1325 4535 1378 4590 in
1403 4535 1553 4590 omni
1592 4535 1794 4590 tumido
1829 4569 1874 4626 Β
1899 4533 2049 4626 naris
2083 4532 2369 4604 episcopus
2397 4534 2816 4603 Alexandrinus,
2857 4539 3156 4598 Dominus
3201 4545 3484 4618 [Domnus]

194 4634 570 4704 prmdicatam,
613 4640 671 4686 et
723 4646 756 4684 a
793 4631 995 4686 sanctis
1038 4627 1290 4682 Patrilms
1327 4626 1694 4696 explanatam,
1743 4634 1799 4680 et
1830 4623 1858 4626 “”
1897 4623 2206 4678 Antiochia:
2235 4623 2404 4696 Syria:
2428 4626 2736 4698 episcopus,
2785 4627 2930 4686 Elius
2955 4633 3238 4705 cpiscopus
3263 4631 3492 4694 'fhessa-

197 4725 436 4780 maxime
464 4722 532 4777 ab
561 4723 645 4776 his
671 4721 766 4790 qui
805 4721 860 4775 in
900 4719 1102 4775 sanctis
1127 4726 1363 4790 quatuor
1409 4716 1631 4790 synodis
1667 4731 1802 4772 con-

193 4815 406 4885 gregati
447 4821 598 4874 sunt,
627 4827 766 4881 quos
792 4827 892 4881 per
918 4811 1100 4866 omnia
1145 4819 1202 4864 et
1232 4811 1284 4864 in
1323 4809 1576 4864 omnibus
1617 4807 1798 4879 sequi-

195 4924 322 4964 mur
347 4918 407 4962 et
433 4906 778 4975 suscipimus,
811 4905 864 4958 iul
906 4911 987 4958 est
1035 4909 1308 4958 trecentos
1335 4902 1524 4955 decem
1575 4908 1630 4954 et
1670 4907 1796 4954 octo

193 5007 420 5055 sanctos
449 4995 659 5064 Patres,
693 4995 782 5065 qui
811 4993 998 5050 Nisa-te
1021 4992 1334 5062 congregati
1379 4999 1527 5058 sunt,
1576 4999 1633 5046 et
1671 5005 1798 5043 sau-

191 5101 346 5147 ctum
376 5087 684 5161 symbolum
711 5085 828 5140 sive
854 5084 1126 5139 mathema
1167 5083 1288 5138 iidci
1323 5089 1714 5152 exposuerunt,
1742 5090 1800 5136 et

201 5184 460 5238 Arianam
490 5179 820 5248 impietatem
851 5175 1470 5240 anathema'tizavcrunt,
1501 5183 1558 5227 et
1583 5187 1680 5230 eos
1706 5174 1798 5242 qui

199 5273 392 5327 eadem
419 5278 720 5340 sapu'erunt
751 5267 833 5322 vel
882 5267 1118 5336 sapiunt.
1173 5264 1507 5334 Suscipimus
1533 5271 1716 5319 autem
1743 5273 1800 5320 et

204 5370 428 5418 centum
456 5357 849 5430 quinquaginta
875 5365 1092 5412 sanctos
1117 5365 1301 5426 patres
1329 5353 1798 5424 Constantinopoli

199 5459 580 5522 congregatos,
609 5449 703 5518 qui
735 5450 874 5504 idem
903 5456 1145 5502 sanctum
1175 5447 1443 5500 matbema
1471 5445 1798 5515 explanave-

199 5552 348 5606 runt,
377 5551 434 5597 et
460 5541 530 5596 de
557 5540 767 5596 deitate
799 5537 1034 5607 Spiritus
1061 5537 1234 5591 sancti
1259 5535 1714 5602 dilucidaveruut,
1744 5543 1801 5590 et

199 5635 446 5694 lueresim
504 5629 958 5688 Macedonianam
1007 5627 1266 5698 Spiritum
1331 5634 1580 5683 sanctum
1627 5625 1802 5694 impu-

203 5736 474 5798 gnantem,
506 5733 566 5780 et
596 5721 824 5792 impium
865 5719 1252 5790 Apollinarium
1283 5718 1799 5782 condemnaverunt,

204 5836 317 5879 cum
343 5821 430 5878 his
457 5817 555 5890 qui
585 5813 785 5872 eadem
813 5824 936 5869 cum
963 5811 1067 5869 illis
1105 5820 1400 5883 sapueruat
1433 5809 1522 5867 vel
1568 5809 1800 5879 sapiunt.

1901 4711 2222 4779 loniceusis;
2249 4711 2348 4768 sed
2377 4721 2436 4768 et
2462 4715 2647 4770 ueteri
2687 4717 2780 4786 qui
2825 4719 3055 4788 primam
3101 4725 3490 4792 pro’cssionem

1897 4817 2012 4857 non
2040 4801 2300 4868 fecerunt,
2329 4811 2384 4858 et
2407 4803 2460 4858 in
2487 4804 2591 4860 hac
2617 4808 2850 4863 secanda
2885 4809 3222 4880 professione
3247 4829 3339 4870 aut
3364 4818 3492 4873 sub~

1895 4897 2254 4967 scripserunt,
2281 4903 2376 4951 aut
2402 4912 2647 4953 seorsum
2673 4901 2916 4957 eamdem
2931 4903 3202 4962 fecerunt.

1975 4987 2067 5043 llis
2108 4989 2271 5058 igitur
2293 4989 2590 5058 dispositis,
2619 4993 2931 5061 optavimus
2969 4997 3206 5068 quidem,
3257 5013 3488 5058 venera-

1897 5080 2023 5135 bilis
2049 5081 2346 5150 imperator
2373 5081 2536 5150 (sicut
2583 5081 3019 5154 frequentissime
3062 5093 3290 5161 supplici
3329 5109 3490 5163 prece

1899 5171 2264 5242 poposcimus)
2306 5172 2540 5228 eundum
2590 5173 2660 5230 ad
2720 5177 3015 5244 quemlibet
3058 5179 3224 5235 ltalize
3287 5183 3490 5250 locum,

1885 5272 1993 5318 aut
2020 5271 2170 5316 certe
2196 5260 2265 5316 ad
2291 5260 2552 5331 Siciliam,
2576 5273 2636 5320 et
2660 5267 2978 5322 convocatis
3006 5269 3071 5322 ad
3104 5284 3200 5323 nos
3227 5270 3493 5328 Africanze

1899 5361 1956 5410 et
1981 5355 2203 5408 aliarum
2229 5354 2628 5422 provinciarum
2657 5355 2862 5412 Latina:
2884 5358 3076 5426 lingua:
3095 5361 3488 5431 sacerdotibus,

1899 5444 1985 5499 vel
2035 5441 2289 5498 Ecclesia:
2328 5451 2529 5498 nostra:
2571 5446 2798 5500 sacratis
2846 5446 3144 5516 ordinibus,
3191 5451 3488 5510 secundum

1899 5530 2342 5588 consuetudinem
2399 5539 2779 5600 tractaremus,
2842 5541 2899 5590 et
2954 5534 3023 5590 de
3101 5540 3490 5608 questionibus

1904 5625 2064 5678 trium
2095 5623 2451 5692 capitulorum
2487 5623 2679 5694 pietati
2707 5634 2898 5681 vestra:
2945 5625 3293 5685 redderemus
3329 5632 3487 5703 plena

1905 5715 2292 5770 deliberatione
2339 5727 2696 5784 responsum;
2725 5716 2869 5787 quod
2896 5717 3021 5785 quia
3061 5717 3174 5772 ﬁeri
3223 5725 3492 5782 serenitas

1909 5815 2087 5865 vestra
2110 5821 2221 5862 non
2249 5807 2456 5874 annuit,
2486 5807 2590 5864 hoc
2616 5809 2811 5864 iterum
2839 5809 3081 5865 noscitur
3109 5814 3486 5885 constitutum,
