3986 6370
485 335 546 390 Ἠ
1879 331 2081 387 νιαιιι

2183 331 2345 387 ’ᾹΡιΕ

487 457 548 500 ut
574 445 771 501 oblatis
797 461 827 501 a
854 444 1008 499 nobis
1026 442 1423 498 mansuetudini
1456 452 1645 498 vestrm
1669 443 1972 497 nominibus
2000 444 2068 499 de
2100 450 2144 508 Α
2175 448 2344 516 psisse
2374 448 2685 521 [resediser
2716 460 3112 519 monstrantur,
3144 453 3491 524 synodalibus
3519 452 3780 523 epistolis

485 534 863 605 suprascriptis
885 533 1193 603 provinciis,
1227 533 1316 601 qui
1338 532 1613 588 nobiscum
1634 533 1698 587 ad
1732 534 2067 589 tractandum

487 625 868 678 adhiberentur
892 623 1179 688 antistites,
1212 623 1498 677 clementia
1535 632 1713 677 vestra
1743 623 1947 677 faceret
1975 624 2069 677 ad-

484 717 694 780 venire;
718 715 804 769 cui
824 714 1161 784 dispositioni
1189 714 1318 769 item
1342 713 1668 783 przebuimus
1688 714 2072 768 ecclesiastica:

489 805 638 875 pacis
664 818 850 857 amore
875 817 1217 857 consensum.
1248 800 1443 856 Postea
1473 816 1603 856 vero
1622 803 1728 856 hoc
1750 802 1920 869 magis
1948 815 2071 855 cum

486 910 753 950 consensu
812 893 1034 948 fratrum
1091 900 1437 957 nostrorum,
1487 900 1794 947 nostrarum
1837 892 2071 961 partium

485 983 889 1055 episcoporum,
914 998 1087 1053 nuper
1115 991 1242 1038 ante
1264 989 1510 1036 sanctum
1535 980 1757 1037 Pascha:
1785 981 1927 1036 diem
1959 982 2075 1052 pie-

488 1084 572 1131 tas
596 1084 776 1131 vestra
806 1076 1109 1141 constituit,
1133 1083 1191 1130 ut
1211 1081 1494 1143 exaequato
1523 1089 1751 1129 numero
1783 1074 1868 1129 his
1893 1074 2076 1145 ponti-

489 1165 701 1229 ﬁcibus,
729 1165 822 1233 qui
862 1165 917 1219 in
969 1163 1565 1235 Constantinopolitana
1601 1164 1736 1220 urbe
1782 1174 2078 1236 praesentes

485 1263 635 1319 sunt,
664 1253 732 1308 de
762 1254 931 1308 tribus
958 1255 1227 1324 capitulis,
1261 1270 1329 1309 ex
1349 1254 1542 1323 quibus
1570 1256 1796 1325 qumstio
1829 1258 2076 1326 vertitur,

486 1344 781 1398 secundum
827 1342 1071 1411 superius
1099 1342 1438 1412 designatam
1494 1342 1718 1399 fratrum
1769 1354 2076 1403 nostrorum

489 1435 871 1504 episcoporum
929 1436 1321 1506 professionem
1368 1436 1692 1496 deberemus
1764 1439 1901 1495 inire
1968 1449 2080 1495 tra-

486 1531 715 1580 clatum.

560 1613 670 1669 Sed
691 1614 839 1684 quia,
871 1615 1000 1669 dum
1027 1631 1091 1672 ea
1119 1630 1241 1686 quae
1282 1633 1382 1688 pro
1409 1619 1779 1675 conservanda
1817 1619 2082 1679 Ecclesia-

488 1718 611 1759 rum
639 1720 773 1774 pace
799 1720 920 1760 cum
949 1706 1205 1764 fratribus
1240 1709 1440 1765 nostris
1467 1709 1603 1776 ﬁeri,
1645 1720 1822 1767 vestra
1851 1713 2083 1783 disposi—

2174 536 2461 605 inspectis,
2518 540 2866 596 nihilominus
2930 543 3389 612 przcdccessorum
3452 554 3773 600 nostrorum

2171 627 2315 681 sedis
2344 630 2653 696 apostolica:
2682 632 2971 699 praesulum
2999 636 3336 701 constitutis,
3375 635 3604 705 aliisque
3640 653 3771 707 pro.

2172 717 2419 772 batorum
2449 717 2667 774 Patrum
2711 724 3029 780 necessariis
3066 724 3508 783 instructionibus
3546 737 3774 798 pertra-

2174 808 2335 863 etatis
2365 825 2380 861 :
2411 809 2457 863 si
2484 826 2589 880 qua
2619 811 2687 866 de
2731 812 2812 868 bis
2857 828 2978 883 qum
3022 814 3077 869 in
3123 817 3476 886 qumstionem
3528 819 3771 873 deducta

2173 905 2320 964 sunt,
2350 900 2491 968 apud
2532 910 2712 970 patres
2744 910 2959 959 nostros
2990 907 3298 962 examinata
3337 906 3571 977 fuerint,
3613 908 3775 964 ﬁnita

2176 997 2339 1058 atque
2389 991 2647 1062 disposita
2673 1034 2690 1062 ,
2746 1009 3021 1052 memores
3067 998 3315 1068 superius
3364 998 3781 1068 designatarum

2175 1082 2591 1152 professionum,
2640 1086 2968 1158 investigare
3017 1091 3326 1146 curavimus
3366 1107 3381 1144 :
3424 1091 3783 1161 inspicientes

2178 1173 2429 1243 dogmata
2456 1177 2702 1246 quaedam
2734 1179 2787 1234 in
2815 1182 2986 1250 prima
3014 1182 3284 1237 chartacei
3306 1183 3594 1240 voluminis
3613 1193 3785 1255 parte

2178 1283 2277 1337 per
2304 1266 2527 1324 fratrem
2558 1279 2798 1326 nostrum
2826 1272 3123 1343 Benignum
3153 1274 3465 1345 episcoyum
3496 1274 3783 1332 Heraclea:

2180 1355 2558 1427 Paphlagoniae
2582 1376 2614 1415 a
2641 1369 2818 1417 vestra
2846 1372 3001 1432 parte
3028 1365 3326 1420 transmissi
3349 1365 3605 1434 iacentia,
3632 1381 3786 1435 quo-

2180 1462 2301 1502 rum
2350 1456 2509 1504 tenor
2543 1453 2839 1507 secundum
2886 1453 3220 1511 intellectum
3248 1457 3438 1513 subter
3463 1459 3781 1528 expositum

2181 1538 2249 1593 ad
2273 1539 2664 1596 excludendum
2689 1544 2854 1598 totius
2874 1544 3237 1614 ambiguitatis
3256 1561 3497 1603 errorem
3519 1548 3786 1618 praesenti

2183 1626 2484 1683 deﬁnitioni
2516 1639 2716 1686 nostris
2747 1640 2962 1688 tenetur
2990 1635 3244 1701 insertus,
3276 1636 3435 1705 plena
3463 1638 3787 1692 exsecrabi-

2183 1715 2325 1772 libus
2349 1718 2721 1789 blasphemiis,
2745 1730 2800 1777 et
2826 1723 3145 1781 orthodoxae
3171 1724 3293 1781 ﬁdei
3317 1726 3459 1799 (qua:
3476 1728 3785 1784 secundum

490 1793 641 1850 tione
659 1804 1046 1863 convenerant,
1072 1795 1449 1854 festinaremus
1481 1800 1723 1870 implere,
1757 1810 1816 1857 ut
1843 1803 2081 1860 adhibita
2115 1822 2160 1881 Β
2185 1809 2551 1877 evangelicum
2604 1814 3065 1885 apostolicamque
3127 1793 3431 1872 doctrinam
3484 1833 3515 1873 a
3570 1820 3789 1875 sanctis

485 1883 691 1938 salubri
720 1884 1112 1942 deliberatione
1139 1889 1524 1958 communiter,
1556 1900 1611 1945 et
1650 1900 1872 1962 propter
1908 1894 2079 1949 infor-

488 1972 739 2027 mandam
770 1974 1128 2034 universalem
1161 1975 1481 2044 Ecclesiam,
1526 1982 1735 2038 cunctis
1778 1998 1899 2051 qua:
1942 1984 2082 2040 inter

491 2079 592 2118 nos
619 2072 882 2133 geruntur
925 2066 977 2119 in
1015 2067 1231 2137 scriptis
1277 2068 1523 2127 deductis
1550 2080 1713 2141 atque
1755 2073 2081 2145 iacentibus,

491 2163 734 2209 nostrum
765 2171 831 2210 ex
862 2156 944 2210 his
975 2157 1263 2213 cellcctum
1286 2158 1354 2214 de
1388 2162 1557 2217 tribus
1583 2164 1833 2233 capitulis
1860 2167 1913 2221 in
1941 2184 2085 2237 quae-

488 2245 722 2300 stionem
787 2246 1032 2302 deductis
1083 2248 1343 2317 judicium
1402 2254 1714 2320 proveniret
1756 2272 1772 2309 :
1826 2258 2083 2327 continuo

488 2340 665 2412 pietas
696 2350 874 2396 vestra
905 2353 929 2379 η
958 2352 1085 2414 post
1108 2344 1236 2399 illud
1266 2345 1544 2415 volumen,
1572 2348 1717 2417 quod
1760 2349 1917 2406 nobis
1955 2361 2084 2409 ante

489 2432 692 2488 multos
729 2431 951 2490 Pascha:
976 2435 1094 2492 dies
1122 2451 1221 2505 per
1248 2437 1425 2492 virum
1460 2439 1803 2509 magniﬁcum
1834 2440 2086 2498 Theodo-

489 2538 610 2577 rum
630 2522 977 2588 decurionem
1006 2525 1189 2594 palatii
1209 2525 1516 2593 destinavit,
1543 2529 1596 2583 in
1617 2544 1726 2599 quo
1748 2545 1848 2587 vos
1869 2531 2084 2589 interim

489 2614 620 2685 quid
638 2614 706 2670 de
717 2616 887 2670 tribus
907 2616 1181 2673 sentiretis
1195 2618 1444 2688 capitulis
1464 2630 1819 2691 exponentes,
1839 2634 2082 2680 nostrum

490 2703 714 2775 poscitis
744 2703 864 2760 dari
892 2720 963 2762 ex
989 2706 1178 2763 eadem
1203 2723 1367 2764 causa
1396 2725 1738 2781 responsum.

576 2793 814 2864 Ideoque
841 2810 963 2851 ciun
993 2795 1186 2854 fratres
1226 2799 1421 2870 nostri,
1460 2816 1637 2872 neque
1674 2814 1959 2876 exaequato
1987 2823 2086 2863 no-

492 2884 700 2941 biscum
756 2903 983 2944 numero
1034 2889 1290 2958 residere,
1337 2908 1514 2963 neque
1560 2896 1613 2950 in
1660 2899 1919 2970 scriptum
1965 2915 2085 2971 quae

491 2988 774 3045 ageremus
792 2976 879 3032 vel
901 2984 1252 3035 tractaremus
1274 2982 1443 3053 redigi
1466 2992 1799 3056 paterentur,
1828 2997 2085 3063 tanquam

496 3068 669 3139 (quod
710 3068 872 3141 absit)
912 3086 1021 3127 non
1050 3073 1430 3129 convenientia
1473 3079 1786 3136 rectitudini
1828 3082 2083 3153 loquere-

2181 1910 2414 1971 quatuor
2441 1905 2681 1974 synodis,
2710 1907 2944 1973 Nicama,
2967 1907 3582 1980 Constantinopolitana,
3606 1909 3792 1981 Epho-

2182 1990 2318 2057 sina,
2350 2000 2513 2060 atque
2554 1992 2981 2053 Chalcedonensi
3026 1998 3381 2067 probabiliter
3421 2008 3586 2070 atque
3636 2002 3789 2056 irre-

2183 2079 2634 2150 prebensibiliter,
2667 2086 2841 2141 sancti
2890 2086 3122 2156 Spiritus
3167 2098 3498 2158 cooperante
3535 2106 3789 2160 pmsen-

2184 2171 2281 2236 tia,
2312 2168 2507 2238 legitur
2533 2172 2776 2246 deﬁnita)
2799 2176 2958 2233 valde
2986 2177 3201 2234 inimica
3230 2194 3350 2235 esse
3378 2181 3786 2250 perspeximus,

2183 2264 2241 2311 et
2266 2258 2454 2328 procul
2482 2274 2514 2314 a
2534 2259 2855 2319 Christianis
2879 2266 3127 2324 sensibus
3148 2268 3479 2338 repellenda.
3513 2267 3789 2340 Propter-

2184 2359 2247 2401 ea
2278 2360 2427 2417 ergo,
2462 2356 2523 2403 ut
2547 2358 2675 2418 pote
2703 2354 3074 2421 exsecrabilis,
3099 2362 3263 2427 atque
3298 2372 3331 2411 a
3366 2359 3571 2414 sanctis
3595 2358 3788 2414 Patri-

2182 2435 2286 2491 bus
2330 2437 2461 2492 olim
2499 2439 2617 2495 sine
2667 2439 3002 2505 dubitatione
3043 2444 3316 2513 damnata,
3347 2456 3530 2503 nostra
3558 2463 3790 2518 quoque

2183 2528 2453 2583 sententia
2499 2531 3019 2590 anathematizamus
3066 2546 3231 2607 atque
3258 2537 3603 2604 damnamus,
3631 2556 3785 2612 quo-

2184 2631 2303 2671 rum
2331 2617 2563 2688 primum
2588 2622 2880 2693 capitulum
2909 2624 2982 2680 ita
3010 2641 3071 2683 se
3099 2627 3263 2683 habet
3293 2645 3308 2680 :

2640 2796 2911 2840 THEODOBI
2947 2800 3249 2843 εΑΡιτυιυιι
3288 2804 3326 2844 Ι.

2255 2886 2283 2927 ι)
2315 2887 2584 2953 Quomodo
2625 2894 2785 2966 igitur
2829 2903 2904 2960 tu,
2954 2914 3100 2969 quem
3138 2915 3294 2971 super
3329 2918 3508 2958 omnes
3542 2907 3782 2960 modum

2182 2977 2329 3032 decet
2347 2981 2635 3037 animarum
2658 2986 2905 3055 regimen,
2928 2987 3076 3041 illum
3098 2990 3354 3060 eumdem,
3374 2995 3463 3065 qui
3480 3010 3547 3049 ea:
3567 2997 3780 3068 virgine

2182 3078 2339 3124 natus
2366 3080 2462 3138 est,
2492 3070 2659 3128 Deum
2680 3091 2810 3141 esse,
2835 3085 2885 3130 et
2909 3093 2974 3131 ea:
3003 3078 3114 3133 Deo
3143 3083 3634 3140 consubstantialem
3663 3087 3785 3142 l’a—

492 3173 636 3227 mur,
662 3174 784 3230 quae
810 3161 1049 3218 scribere
1079 3162 1393 3221 timeremus
1421 3183 1436 3233 ;
1468 3176 1525 3222 et
1564 3169 1782 3243 insuper
1807 3173 2081 3242 gloriosis-

2186 3160 2256 3213 tri
2284 3162 2574 3217 existimari
2599 3164 2750 3232 dicis,
2781 3168 2886 3220 nisi
2915 3170 3048 3239 forte
3074 3181 3253 3226 sancto
3283 3172 3505 3244 Spiritui
3522 3177 3784 3247 imputari

489 3248 641 3305 simis
680 3249 748 3305 ad
793 3265 893 3306 nos
936 3252 1254 3321 proceribus
1294 3253 1576 3312 destinatis
1602 3258 1878 3317 insisteret
1904 3273 2082 3319 vestra

491 3337 800 3407 clementia,
841 3348 1087 3396 nostrum
1133 3342 1205 3398 de
1252 3344 1414 3399 trium
1462 3348 1822 3417 capitulorum
1864 3355 2083 3422 negotio

490 3441 654 3498 quam
683 3428 967 3485 celerrime
992 3433 1240 3501 proferre
1268 3433 1469 3491 debere
1494 3452 1833 3508 responsum,
1864 3457 1968 3499 nec
2006 3445 2084 3501 sic

490 3519 796 3576 destitimus
824 3533 1017 3579 vestrae
1041 3524 1265 3580 obedire
1305 3527 1445 3583 velle
1493 3528 1793 3591 clementiae
1826 3552 1839 3587 :
1872 3536 1976 3592 hoc
2002 3553 2086 3593 so-

493 3612 775 3669 lummodo
828 3616 1186 3685 postulantes,
1241 3624 1301 3672 ut
1338 3634 1438 3689 pro
1489 3618 1799 3679 inﬁrmitate
1840 3629 2085 3697 corporis

492 3704 686 3769 nostri,
716 3718 837 3773 quae
866 3705 998 3760 nulli
1037 3706 1267 3761 habetur
1294 3708 1586 3778 incognita,
1637 3713 1824 3782 viginti
1872 3716 2082 3772 dierum

492 3794 651 3850 nobis
695 3795 898 3851 daretis
938 3797 1202 3865 inducias,
1247 3807 1515 3869 quatenus
1562 3803 1748 3860 habito
1779 3806 2080 3878 nobiscum,

492 3882 607 3938 Deo
636 3885 950 3952 auxiliante,
983 3895 1233 3953 tractatu,
1275 3888 1604 3949 deﬁnitionis
1632 3904 1849 3963 nostras,
1882 3900 2082 3955 consti-

495 3981 611 4029 tuto
658 3974 746 4030 die
791 3977 1012 4047 scripto,
1054 3980 1379 4035 sententiam
1408 3981 1710 4040 diceremus
1743 4004 1756 4040 :
1787 3988 1853 4043 ad
1892 3988 2085 4048 fratres

491 4075 549 4122 et
574 4069 929 4139 coepiscopos
955 4082 1202 4139 nostros,
1235 4087 1265 4127 a
1294 4073 1489 4142 quibus
1518 4076 1769 4133 similiter
1793 4079 1864 4135 de
1891 4083 2082 4138 eadem

489 4173 651 4214 causa
676 4174 997 4229 responsum
1020 4177 1118 4217 vos
1142 4160 1383 4231 ﬂagitare
1403 4165 1631 4233 dixistis,
1650 4168 1813 4224 lilium
1834 4182 2083 4230 nostrum

484 4247 779 4304 diaconum
810 4247 1082 4318 Pelagium
1110 4268 1234 4307 cum
1273 4253 1580 4323 hujusmodi
1610 4259 1865 4316 mandato
1893 4264 2087 4321 direxi-

490 4353 630 4405 mus,
677 4340 941 4398 dicentes.
989 4340 1062 4398 Ut
1108 4345 1236 4413 quia
1283 4349 1608 4406 constitutus
1657 4353 1967 4412 collationis
2011 4358 2086 4414 fa-

491 4429 698 4486 cienda:
743 4431 938 4488 modus
990 4431 1167 4490 fuerat
1210 4439 1623 4507 praetermissus,
1656 4443 1847 4500 saltem
1892 4448 2082 4518 viginti

491 4521 610 4577 dies
635 4537 735 4593 pro
755 4523 1027 4580 antedicta
1047 4528 1219 4614 nostri
1242 4530 1487 4600 corporis
1509 4530 1896 4602 imbecillitate,
1918 4553 2082 4609 quam
2114 4556 2157 4614 ο

492 4618 710 4698 norunt,
741 4618 987 4667 nostrum
1026 4613 1287 4671 deberent
1322 4616 1599 4674 deﬁnitum
1639 4621 1707 4677 de
1745 4624 1914 4680 tribus
1941 4628 2083 4698 capi-

494 4697 621 4753 tulis
667 4698 934 4756 sustinere
972 4717 1313 4774 responsum,
1355 4708 1633 4776 antiquum
1676 4720 1732 4767 et
1777 4697 2081 4783 regularem

492 4787 857 4847 custodientes
884 4791 1127 4848 ordinem
1143 4833 1158 4857 ,
1187 4810 1257 4850 ne
1282 4807 1409 4853 ante
1435 4808 1663 4868 nostra},
1696 4802 1802 4859 hoc
1829 4812 1914 4859 est
1939 4807 2083 4864 sedis

492 4877 826 4950 apostolicae,
852 4882 938 4936 cui
960 4897 1057 4953 per
1085 4883 1182 4942 Dci
1209 4889 1437 4956 gratiam
1461 4891 1827 4961 pmsidemns,
1850 4898 2084 4966 promul-

492 4970 762 5041 gationem
810 4975 1112 5044 sententiae,
1154 4978 1448 5048 quidquam
1500 4981 1744 5050 proferre
1789 4991 2077 5052 tentarent,

494 5060 637 5117 unde
663 5063 903 5118 scandali
934 5080 1138 5133 rursus,
1167 5082 1287 5138 qua:
1319 5069 1495 5138 sopita
1522 5070 1716 5138 fuerat,
1747 5074 1876 5130 oriri
1899 5087 2084 5147 posset

493 5153 729 5209 occasio.

567 5240 865 5313 Propositis
894 5245 1078 5316 itaque
1103 5249 1258 5304 nobis
1297 5259 1353 5304 et
1389 5250 1676 5323 diligenter
1700 5255 1978 5328 inspectis,
2010 5260 2091 5316 in-

495 5340 756 5400 quantum
797 5334 1213 5407 uniuscujusque
1259 5340 1478 5409 capituli
1517 5343 1571 5397 in
1613 5346 1965 5413 quaestionem
1997 5348 2087 5404 de-

496 5418 645 5476 ducti
675 5423 815 5508 ratio
844 5427 1169 5494 postulabat,
1202 5430 1551 5501 synodalibus
1596 5434 1870 5494 codicibus
1920 5445 2086 5508 atque

496 5512 661 5577 gestis
701 5504 946 5582 prolatis,
987 5530 1109 5584 quae
1159 5519 1278 5575 aliis
1322 5523 1633 5579 eorumdem
1666 5523 1885 5582 Patrum
1910 5504 2010 5583 vel
2028 5530 2080 5583 in

498 5601 697 5657 sanctis
737 5612 970 5670 quatuor
1006 5607 1246 5676 synodis,
1294 5620 1389 5667 aut
1435 5613 1487 5667 in
1518 5630 1623 5670 una
1653 5630 1838 5673 earum
1891 5621 2081 5679 rescri-

574 5792 599 5820 ι
628 5783 812 5854 Forte,
841 5790 1053 5858 protulit
1074 5790 1222 5847 illud.
1256 5790 1582 5852 “ARDUINUS.

2183 3249 2327 3305 illius
2345 3255 2661 3309 creationem
2683 3274 2787 3311 non
2808 3256 2997 3329 jubes?
3025 3259 3134 3314 Sed
3161 3263 3275 3333 quis
3294 3273 3371 3317 est
3398 3263 3538 3319 Deus
3561 3283 3627 3320 ea:
3664 3266 3782 3324 Deo

2183 3348 2236 3395 et
2255 3343 2711 3403 consubstantialis
2725 3347 2913 3403 Patri?
2936 3349 2996 3405 Is
3024 3352 3159 3407 idem
3188 3354 3275 3425 qui
3302 3371 3369 3409 ex
3392 3357 3590 3428 virgine
3616 3369 3782 3414 natus

2182 3443 2296 3489 erat
2325 3434 2378 3503 (0
2416 3437 2787 3507 miranduml),
2844 3447 2895 3493 et
2940 3443 3027 3513 qui
3076 3460 3168 3513 per
3221 3444 3479 3514 Spiritum
3531 3458 3781 3504 sanctum

2183 3526 2466 3581 secundum
2492 3527 2696 3581 divinas
2726 3528 3026 3600 Scripturas
3054 3532 3340 3601 plasmatus
3378 3544 3476 3604 est,
3517 3547 3568 3591 et
3606 3540 3787 3609 conﬁ-

2183 3619 2405 3673 stionem
2446 3621 2503 3673 in
2550 3620 2793 3676 muliebri
2838 3627 3038 3695 accepit
3079 3626 3295 3679 ventre?
3323 3625 3508 3681 Inerat
3546 3630 3784 3700 forsitan

2183 3709 2307 3778 quia
2354 3726 2477 3764 mox
2523 3728 2680 3782 quam
2715 3713 3003 3784 plasmatus
3049 3726 3145 3782 est,
3196 3727 3245 3771 et
3284 3726 3342 3772 ut
3383 3721 3628 3790 templum
3675 3722 3787 3779 Dei

2184 3806 2338 3865 esset,
2378 3803 2576 3871 accepit
2617 3819 2637 3857 :
2678 3820 2783 3858 non
2823 3812 2996 3860 tamen
3036 3810 3437 3864 existimandum
3484 3813 3630 3868 nobis
3675 3827 3784 3883 est,

2184 3886 2350 3943 Deum
2380 3889 2444 3944 de
2470 3892 2668 3963 virgine
2694 3904 2873 3948 natum
2918 3912 3049 3965 esse,
3087 3899 3191 3953 nisi
3231 3901 3366 3970 forte
3404 3901 3543 3956 idem
3587 3906 3784 3959 existi-

2185 3979 2431 4033 mundum
2459 3981 2608 4036 nobis
2635 3992 2781 4038 estet
2809 3985 2945 4056 quod
2973 3996 3150 4041 natum
3190 3999 3286 4055 est,
3328 3999 3379 4044 et
3415 3997 3553 4062 quod
3594 4004 3674 4048 est
3718 3997 3783 4053 in

2185 4077 2310 4123 nato
2352 4072 2640 4140 templo,'et
2672 4074 2760 4143 qui
2789 4074 2842 4128 in
2871 4076 3060 4146 templo
3085 4086 3163 4131 est
3191 4077 3334 4134 Deus
3372 4080 3594 4137 Verbum
3620 4101 3638 4138 :
3668 4102 3783 4140 non

2185 4166 2361 4214 tamen
2390 4176 2483 4214 nec
2509 4162 2789 4217 secundum
2827 4174 2969 4221 tuam
3006 4184 3177 4223 vocem
3216 4173 3660 4240 pronuntiandum
3699 4187 3786 4231 est

2185 4250 2418 4315 omnino,
2449 4267 2514 4305 ea:
2541 4252 2739 4323 virgine
2764 4263 2944 4310 natum
2973 4256 3141 4313 Deum
3176 4277 3287 4315 esse
3321 4272 3372 4316 et
3398 4280 3464 4318 ea:
3506 4263 3614 4319 Deo
3648 4283 3784 4322 con-

2185 4340 2577 4397 substantialem
2627 4344 2799 4400 Patri.
2856 4346 3002 4403 Nam
3050 4353 3099 4405 si
3147 4369 3252 4408 non
3302 4355 3454 4410 homo
3499 4368 3575 4411 est
3618 4358 3784 4431 (sicut

2184 4434 2340 4505 dicis)
2370 4445 2689 4506 assumptus,
2728 4439 2817 4509 qui
2854 4451 3011 4495 natus
3050 4453 3218 4497 estea:
3247 4447 3461 4517 virgine,
3495 4448 3635 4503 Deus
3656 4469 3782 4508 vero

2185 4529 2521 4593 incarnatus;
2550 4529 2803 4601 quomodo
2832 4533 2921 4604 qui
2960 4542 3115 4589 natus
3158 4544 3255 4603 est,
3301 4536 3443 4592 Deus
3480 4557 3545 4593 ex
3580 4540 3696 4596 Deo
3728 4555 3781 4597 et

2183 4618 2640 4675 consubstantialis
2668 4621 2869 4677 dicetur
2899 4623 3068 4689 Patri,
3099 4642 3257 4681 carne
3280 4645 3384 4683 non
3412 4640 3618 4700 potente
3638 4634 3782 4689 hanc

2183 4729 2356 4768 vocem
2384 4716 2685 4787 suscipere?
2709 4715 2853 4772 Nam
2881 4729 2960 4773 est
2987 4721 3194 4791 quidem
3225 4723 3481 4778 dementia
3512 4725 3679 4779 Deum
3709 4745 3779 4782 ex

2182 4805 2384 4876 virgine
2411 4814 2591 4859 natum
2619 4823 2733 4862 esse
2759 4809 2960 4876 dicere;
3004 4814 3101 4866 hoc
3142 4815 3280 4868 enim
3326 4817 3459 4871 nihil
3507 4818 3655 4871 aliud
3699 4829 3782 4873 est

2183 4912 2341 4966 quam
2363 4913 2429 4951 ea:
2456 4900 2652 4952 semine
2680 4915 2796 4953 eum
2816 4902 2987 4956 dicere
3014 4902 3184 4958 David
3209 4906 3273 4959 de
3294 4908 3582 4963 substantia
3611 4912 3779 4982 virgi-

2184 4988 2268 5041 nis
2286 4990 2517 5059 genitum
2534 4998 2586 5044 et
2605 4993 2660 5045 in
2686 4993 2802 5063 ipsa
2830 4994 3161 5064 plasmatum,
3189 5001 3310 5070 quia
3338 5001 3476 5072 quod
3495 5018 3559 5055 ex
3577 5006 3781 5058 semine

2185 5076 2361 5132 David
2386 5089 2436 5133 et
2463 5081 2527 5135 de
2551 5081 2845 5137 substantia
2872 5087 3084 5156 virginis
3112 5097 3189 5141 est
3211 5127 3226 5151 ,
3253 5091 3310 5143 in
3339 5099 3573 5147 materno
3601 5105 3781 5148 ventre

2185 5170 2440 5235 consistit,
2473 5182 2520 5225 et
2542 5174 2709 5226 sancti
2738 5173 2968 5243 Spiritus
2996 5177 3309 5246 plasmatum
3346 5181 3551 5247 virtute,
3591 5192 3777 5236 natum

2189 5262 2348 5331 fuisse
2377 5261 2594 5317 dicimus
2626 5264 2689 5317 de
2727 5265 2949 5335 virgine.
3006 5266 3077 5321 Ut
3121 5279 3292 5322 autem
3337 5272 3525 5343 aliquis
3572 5288 3640 5326 ea:
3680 5275 3779 5327 hoc

2187 5351 2437 5404 concedat
2462 5352 2630 5406 dicere
2650 5354 2796 5424 ipsis,
2824 5356 2961 5425 quod
2984 5355 3120 5411 Deus
3141 5374 3206 5411 ex
3238 5358 3343 5415 Deo
3365 5371 3415 5414 et
3435 5361 3778 5416 consubstan-

2187 5440 2331 5495 tialis
2361 5440 2512 5496 Patri
2534 5454 2688 5498 natus
2708 5454 2787 5498 est
2812 5460 2879 5499 ea:
2906 5447 3120 5518 virgine,
3153 5465 3212 5503 eo
3232 5450 3369 5521 quod
3395 5462 3474 5506 est
3501 5454 3555 5505 in
3586 5457 3777 5525 templo

2185 5542 2329 5600 nato,
2357 5535 2447 5588 sed
2476 5552 2578 5590 non
2602 5554 2691 5606 per
2718 5554 2774 5591 se
2804 5547 2954 5592 natus
2973 5550 3049 5593 est
3074 5539 3210 5595 Deus
3240 5543 3497 5610 Verbum;
3527 5548 3777 5600 incarna-

2186 5634 2268 5680 tus
2290 5643 2428 5692 vero,
2459 5629 2591 5683 sicut
2617 5630 2741 5683 dicit
2770 5631 2867 5683 iste
2896 5633 3120 5702 sapiens.
3156 5634 3215 5690 Si
3258 5636 3418 5708 igitur
3454 5654 3568 5692 cum
3617 5656 3777 5693 carus

2266 5806 2292 5846 ιι
2324 5806 2394 5863 Ut
2421 5807 2474 5865 in
2503 5813 2699 5869 concil.
2735 5814 2800 5883 Υ,
2828 5817 3010 5873 collat.
3039 5816 3097 5872 4.

3696 320 3901 387 73"”
3972 306 3986 333 ”
