3986 6366
162 355 171 364 ’
246 364 304 414 73
1421 361 1770 418 EPISTULA:

1888 366 1895 378 '
1936 367 2262 425 DECRETA.

241 489 337 528 eum
363 483 527 526 natum
545 487 656 526 esse
682 473 903 537 dicunt;
945 475 1079 546 quod
1106 483 1274 530 autem
1304 486 1480 531 natum
1510 489 1605 542 est,
1650 478 1790 534 Deus
1823 485 1868 542 Α

238 580 294 618 es
323 562 436 628 Deo,
465 571 514 616 ct
537 563 1006 618 consubstantialis
1035 561 1186 619 Patri
1212 575 1288 620 est
1315 583 1333 620 :
1363 583 1567 623 necesse
1595 580 1671 624 est
1699 571 1794 626 hoc

238 664 280 708 et
302 668 492 706 carnem
519 651 708 715 dicere,
753 654 895 724 quod
935 655 980 708 si
1021 671 1124 708 non
1163 655 1355 710 idcirco
1393 673 1511 711 caro
1537 667 1631 722 est,
1665 677 1790 731 quo-

239 747 360 798 niam
382 760 468 797 nec
487 741 626 797 Deus
648 761 716 798 ea:
743 743 882 811 Deo,
903 761 997 798 nec
1017 744 1474 802 consubstantialis
1501 748 1674 816 Patri,
1705 757 1797 804 sed

239 853 294 892 es
332 835 516 893 semine
561 833 758 900 Darid,
808 846 858 890 et
900 835 1356 892 consubstantialis
1383 839 1430 892 ei
1453 839 1600 910 cujus
1623 855 1794 894 semen

238 937 319 988 est.
358 936 404 978 et
435 943 535 980 non
563 927 620 980 id
647 927 787 997 quod
829 937 1011 982 natum
1034 937 1110 983 est
1136 945 1200 986 ex
1226 929 1422 1000 virgine
1451 929 1590 986 Deus
1617 942 1716 1000 est,
1743 941 1794 986 et

235 1033 290 1070 ea:
333 1013 462 1080 Deo,
507 1026 558 1070 et
597 1015 1059 1072 consubstantialis
1107 1016 1292 1083 Patri;
1342 1019 1446 1074 nisi
1491 1021 1628 1091 forte
1667 1039 1792 1092 pars

237 1105 365 1169 Nati,
385 1115 532 1175 prout
562 1107 673 1176 ipse
701 1107 754 1160 in
777 1107 1110 1178 inferioribus
1129 1119 1330 1180 partem
1349 1109 1541 1166 Cbristi
1561 1113 1794 1167 nominat

235 1197 485 1260 deitatem;
515 1197 612 1252 sed
641 1215 746 1252 non
775 1199 1168 1264 dirinajtatura
1193 1216 1260 1256 es;
1288 1203 1485 1272 uirgine
1517 1213 1648 1258 nata
1681 1215 1791 1270 est;

235 1295 365 1338 notus
391 1296 560 1340 autem
591 1299 666 1340 est
693 1303 760 1341 ea:
800 1289 1024 1359 virgine,
1053 1291 1138 1360 qui
1167 1307 1232 1346 ex
1258 1290 1548 1348 substantia
1581 1295 1794 1364 uirginis

234 1388 432 1442 constat,
459 1394 568 1432 non
595 1377 735 1433 Deus
766 1380 975 1436 uerbum
1012 1399 1076 1436 ex
1102 1383 1278 1438 Maria
1303 1394 1456 1440 natus
1494 1394 1572 1441 est
1593 1403 1612 1438 :
1641 1397 1794 1444 latus

234 1479 300 1522 est
323 1477 480 1521 autem
497 1483 582 1522 ea:
617 1468 814 1535 Maria,
861 1473 948 1542 qui
983 1489 1049 1527 ex
1087 1475 1286 1528 semina
1329 1485 1406 1532 est
1453 1475 1640 1544 David,
1689 1496 1792 1534 non

237 1555 355 1612 Deus
382 1557 587 1612 rei-bum
611 1575 677 1614 ea:
706 1561 921 1616 muliere
941 1571 1094 1617 natus
1122 1574 1218 1629 est,
1261 1565 1353 1620 sed
1392 1576 1544 1622 natus
1579 1584 1640 1622 ea:
1675 1584 1792 1622 ntu-

233 1650 359 1718 liere,
388 1650 470 1720 qui
495 1651 688 1706 virtute
723 1655 896 1708 sancti
937 1653 1162 1724 Spiritus
1189 1657 1476 1725 plasmatus
1503 1669 1579 1713 est
1613 1661 1670 1714 in
1696 1677 1791 1726 ea;

234 1757 324 1794 non
357 1755 419 1792 es:
445 1751 618 1794 matre
661 1751 820 1796 natus
865 1753 944 1798 est
979 1745 1433 1804 consubstantialis
1469 1747 1620 1804 Patri
1659 1752 1794 1820 (sine

3395 385 3462 440 7b

2440 488 2611 561 I’igilii
2641 495 2922 560 responsio.

1965 573 2022 630 In
2068 579 2440 650 suprascriptis
2481 582 2716 637 secundo
2763 592 2817 638 et
2865 585 3024 641 tertio
3070 588 3318 658 capitulis
3363 593 3467 650 hac

1893 663 2103 720 videtur
2132 669 2328 735 astrui,
2371 671 2496 740 quia
2535 671 2675 728 Dcus
2701 674 2921 730 verbum
2961 677 3164 734 homini
3201 681 3466 749 plasmata

1895 753 2066 809 inerat
2109 764 2362 826 tanquam
2401 759 2538 814 alter
2581 762 2634 815 in
2676 762 2868 818 altera.
2916 764 3149 824 Dicenda
3189 771 3352 838 enim,
3407 782 3466 829 ut

1892 847 2250 916 particulatim
2278 850 2697 922 dispensationi,
2727 867 2846 924 qum
2873 858 3012 914 circa
3041 875 3162 914 eum
3190 872 3339 931 erat,
3370 880 3462 920 or-

1893 938 2070 994 dinem
2105 940 2377 998 videretur
2415 945 2716 1014 imponere,
2761 955 2818 1003 et
2849 963 2974 1003 eum
3009 959 3232 1021 propter
3267 955 3462 1011 bonam

1894 1027 2245 1098 voluntatem,
2273 1047 2433 1102 quam
2461 1034 2601 1091 circa
2643 1036 2815 1104 ipsum
2844 1037 3107 1104 habebat,
3149 1049 3204 1096 et
3241 1047 3466 1112 parabat

1893 1131 2016 1172 eum
2055 1119 2148 1186 qui
2197 1129 2502 1191 assumptus
2549 1134 2630 1178 est
2675 1125 2741 1180 ad
2781 1138 3094 1196 provectum
3123 1133 3465 1201 perfectionis

1893 1205 2194 1274 adducere,
2251 1208 2446 1266 talibus
2492 1214 2669 1269 verbis
2713 1215 2944 1273 dualitas
3005 1237 3354 1290 personarum
3409 1228 3463 1282 iu

1893 1293 2120 1354 Domino
2141 1313 2248 1368 uno
2270 1307 2328 1356 et
2352 1299 2464 1356 Deo
2487 1312 2670 1361 nostra
2687 1304 2814 1361 Jesu
2834 1307 3048 1365 ChriSto
3067 1316 3466 1373 cxsecrabiliter

1897 1385 2104 1442 videtur
2135 1389 2331 1458 induci,
2361 1399 2418 1446 et
2441 1399 2694 1462 tanquam
2733 1399 3025 1464 quemlibet
3071 1402 3340 1461 hominem
3370 1408 3464 1464 Dei

1898 1474 2055 1534 Verbi
2083 1480 2254 1545 gratia
2277 1495 2372 1550 per
2391 1483 2560 1551 spatia
2583 1492 2880 1556 temporum
2903 1491 3210 1558 profecisse.
3233 1495 3465 1568 Ideoque

1893 1566 2199 1637 quicunque
2243 1586 2311 1624 ca
2355 1572 2630 1630 intellectu
2683 1579 2842 1648 sapit,
2895 1581 3074 1648 docet,
3127 1587 3320 1655 credit,
3371 1566 3466 1646 aut

1895 1654 2170 1724 prtcdicat,
2201 1660 2484 1716 anathema
2510 1663 2600 1718 sit.

2323 1787 2590 1829 τηεουοαι
2627 1791 2926 1834 CAPITULO]!
2964 1797 3036 1836 ιν.

233 1840 378 1886 matre
397 1833 531 1886 enim
562 1842 660 1952 ist,
692 1834 976 1952 secundum
1002 1835 1137 1940 beati
1169 1836 1324 1891 Pauli
1351 1841 1561 1904 vocem).
1585 1840 1678 1894 sed
1705 1842 1796 1945 qut:
1825 1849 1867 1907 Β
1966 1853 2128 1908 Suam
2183 1867 2354 1913 autem
2403 1867 2814 1931 cooperationem
2877 1869 2946 1923 ad
2997 1877 3263 1945 proposita
3312 1895 3468 1952 opera

230 1924 275 1975 in
305 1924 664 1992 posterioribus
709 1925 1020 1994 temporibus
1058 1927 1110 1981 in
1141 1938 1374 1984 materno
1415 1940 1588 1986 ventre
1629 1933 1797 1987 sancti

229 2011 438 2082 Spiritus
455 2015 644 2069 uirtute
663 2015 952 2086 plasmatus
966 2027 1060 2084 est,
1075 2029 1131 2072 ut
1147 2029 1264 2089 pote
1282 2022 1393 2076 sine
1412 2020 1573 2078 Patre
1590 2033 1798 2096 propter

231 2101 312 2156 hoc
336 2104 514 2159 diem.

759 2216 940 2289 Vigilii
968 2223 1253 2287 responsio.

285 2303 337 2361 In
361 2307 735 2376 suprascripto
777 2309 954 2377 prima
993 2311 1226 2380 capitulo
1269 2315 1522 2382 quoniam
1551 2331 1649 2385 per
1686 2318 1794 2374 cir-

226 2399 380 2454 cuitus
403 2397 454 2454 id
481 2396 703 2454 Vldetur
731 2397 928 2464 strui,
957 2400 1081 2470 quia
1121 2401 1284 2457 homo
1317 2419 1483 2474 purus
1509 2419 1576 2460 ex
1606 2415 1792 2463 sancta

225 2489 410 2555 virgine
437 2489 610 2544 Maria
640 2495 800 2546 natus
828 2488 930 2556 sit,
961 2489 1186 2546 dicendo
1219 2510 1232 2544 :
1265 2493 1321 2548 Si
1359 2493 1589 2550 fatemur
1622 2496 1791 2551 Deum

225 2577 446 2640 verbum,
501 2579 603 2647 qui
657 2579 1130 2636 consubstantialis
1179 2589 1264 2640 est
1313 2579 1478 2650 Patri,
1518 2597 1678 2640 came
1723 2599 1790 2641 ex

225 2667 393 2720 eadem
419 2669 632 2737 virgine
681 2679 888 2736 natum,
916 2686 1139 2728 necesse
1178 2684 1263 2730 est
1301 2683 1358 2729 ut
1397 2689 1616 2732 carnem
1662 2691 1792 2731 con-

223 2755 617 2814 substantialem
681 2757 826 2814 Patri
886 2771 1281 2831 consequenter
1343 2779 1464 2820 esse
1527 2767 1786 2823 dicamus.

224 2844 437 2916 Ideoque
477 2849 795 2920 quicunque
833 2851 1140 2921 huiusmodi
1169 2854 1472 2912 intellectus
1501 2858 1660 2927 sapit,
1691 2858 1790 2913 do-

221 2942 320 3002 cet,
342 2936 528 3003 credit,
563 2946 662 2993 aut
695 2939 976 3009 praedicat,
1019 2949 1075 2997 et
1113 2958 1220 2998 non
1269 2944 1514 3018 eumdem
1552 2945 1788 3004 Verbum

220 3028 482 3084 scFilium
517 3029 624 3086 Dei
663 3045 764 3102 per
801 3033 1091 3089 secundam
1135 3035 1466 3092 nativitatem
1496 3033 1563 3094 c'x
1601 3047 1786 3096 sancta

221 3115 370 3174 IIaria
395 3120 734 3176 incarnatum
763 3130 818 3177 et
844 3129 1029 3179 natum
1058 3127 1250 3192 credit,
1279 3129 1568 3185 anathema
1597 3129 1686 3186 sit.

642 3250 910 3290 'I'IIEODORI
948 3251 1246 3292 CAPITULUII
1285 3253 1342 3294 II.

281 3333 302 3358 ⁸
334 3321 458 3378 Mox
487 3333 664 3378 autem
689 3326 746 3379 in
773 3327 886 3396 ipso
913 3327 1167 3398 plasmata
1195 3327 1336 3385 Deus
1372 3330 1589 3389 Verbum
1616 3335 1787 3407 factus

217 3421 314 3474 est;
350 3429 440 3466 nec
475 3415 622 3468 enim
657 3415 713 3469 in
759 3418 941 3470 coelum
969 3419 1264 3475 ascendenti
1288 3423 1450 3478 solum
1479 3427 1670 3497 inerat,
1696 3429 1787 3485 sed

215 3499 353 3553 etiam
379 3501 444 3555 ei
471 3502 697 3556 mortuis
720 3507 1028 3576 resurgenti,
1049 3517 1106 3560 ut
1130 3518 1248 3575 pote
1273 3519 1320 3564 et
1339 3515 1651 3569 resuscitans
1669 3533 1786 3572 eum

213 3590 476 3644 secundum
512 3609 669 3646 suam
699 3597 1126 3664 promissionem;
1159 3615 1252 3652 nec
1293 3605 1578 3674 resurgenti
1618 3607 1784 3660 solum

211 3678 386 3750 inerat,
413 3683 504 3736 sed
529 3684 691 3736 etiam
713 3685 962 3754 cruci/iac
989 3691 1039 3740 et
1059 3685 1342 3758 baptizata,
1371 3701 1420 3745 et
1438 3694 1782 3765 evangelieam

210 3779 314 3838 post
339 3768 600 3840 baptisma
622 3775 1004 3829 conversionem
1031 3781 1296 3848 peragenti
1313 3821 1327 3846 ,
1363 3797 1456 3835 nec
1497 3798 1598 3837 non
1627 3787 1782 3840 etiam

212 3861 269 3914 de
314 3861 570 3931 baptismo
618 3863 838 3936 legalem
887 3868 1194 3939 adimplenti
1242 3874 1688 3941 constitutionem,
1732 3885 1782 3930 et

208 3963 508 4020 prteseutato
555 3955 837 4009 secundum
885 3955 1066 4028 legem,
1111 3969 1161 4014 et
1197 3961 1516 4028 circumciso,
1560 3973 1610 4018 et
1655 3966 1780 4036 fetui

208 4045 384 4111 pannis
413 4045 686 4110 obroluto;
715 4055 829 4099 erat
857 4056 1029 4102 autem
1051 4051 1186 4122 forte
1224 4053 1278 4106 in
1299 4053 1412 4122 ipso
1441 4063 1491 4108 et
1517 4065 1778 4126 nascente,

205 4145 250 4185 et
293 4151 404 4187 cum
444 4136 499 4188 in
547 4145 697 4189 utero
739 4145 869 4190 esset
919 4153 952 4190 a
995 4142 1164 4210 prima
1200 4143 1377 4196 statim
1403 4143 1778 4214 plasmatione;

208 4225 579 4296 dispensationi
606 4229 742 4280 enim
771 4243 888 4299 qua:
911 4231 1048 4284 circa
1073 4248 1187 4286 eum
1217 4243 1326 4287 erat
1355 4235 1588 4289 ordinem
1617 4236 1780 4306 impo-

204 4315 376 4382 nebat,
415 4327 468 4372 et
509 4317 865 4388 particulatim
892 4321 1060 4390 ipsum
1097 4323 1168 4376 ad
1201 4326 1563 4396 perfectionem
1591 4326 1780 4398 perdu-

204 4419 332 4459 MS.

631 4539 901 4582 THEODORI
937 4541 1236 4582 CAPITULL’II
1271 4543 1348 4582 III.

266 4608 333 4663 Et
359 4629 454 4682 per
481 4621 684 4686 tempus
710 4617 780 4668 ad
806 4615 1060 4686 baptisma
1085 4619 1296 4688 ducens,
1321 4629 1436 4688 post
1460 4619 1588 4674 illud
1608 4629 1803 4674 autent-

200 4702 264 4752 ad
298 4710 550 4769 mortem,
595 4705 782 4759 deinde
815 4706 1094 4761 secundum
1130 4723 1279 4761 suam
1307 4708 1778 4775 pronuntiationem

200 4793 530 4858 resuscitans,
562 4793 754 4848 ducens
781 4798 834 4848 in
865 4796 1068 4864 ca'lum,
1099 4797 1356 4852 collocans
1383 4814 1498 4852 eum
1519 4797 1587 4852 ad
1609 4797 1780 4854 dexte-

198 4896 302 4934 ram
352 4882 456 4937 Dei
501 4901 599 4954 per
641 4902 786 4940 suam
834 4887 1265 4957 conjunctionem,
1311 4903 1376 4942 ex
1414 4905 1514 4956 qua
1551 4889 1694 4943 sedet
1729 4899 1781 4945 et

198 4971 442 5026 adoratur
488 4972 560 5026 ab
607 4975 864 5044 omnibus,
912 4986 963 5030 et
1007 4993 1183 5031 omnes
1219 4977 1493 5047 judicabit.
1547 4975 1777 5033 Istorum

197 5069 356 5114 autem
384 5063 623 5116 omnium
647 5064 806 5132 ﬁnem
835 5065 975 5132 apud
998 5081 1053 5119 se
1081 5065 1296 5119 habebat
1345 5065 1480 5122 Deus
1527 5065 1766 5133 Verbum,

195 5163 304 5202 cum
351 5151 409 5204 in
455 5167 524 5206 eo
571 5163 703 5216 erat,
752 5162 802 5208 et
837 5154 1014 5209 omnia
1049 5171 1140 5225 per
1184 5156 1415 5210 ordinem
1447 5157 1768 5228 complebat;

195 5257 332 5310 quem
361 5243 605 5298 ordinem
631 5247 743 5315 ipse
770 5245 1120 5302 arbitrabatur
1145 5248 1271 5302 bene
1293 5248 1481 5303 habere
1515 5265 1606 5320 per
1643 5249 1769 5318 ﬁni-

194 5331 374 5388 tionem
411 5336 626 5406 quidem
662 5344 712 5390 et
741 5337 1082 5402 voluntatem,
1113 5353 1264 5410 quam
1291 5349 1444 5393 antea
1469 5340 1648 5392 statuit
1675 5353 1770 5408 pro

192 5414 264 5474 bis
292 5441 406 5494 qua:
432 5435 682 5480 uentura
714 5434 878 5489 erant,
909 5435 958 5481 et
986 5427 1120 5482 bona
1147 5429 1424 5490 voluntate,
1455 5445 1606 5499 quam
1631 5431 1768 5482 circa

193 5526 300 5564 eum
325 5514 574 5580 habebat,
605 5514 670 5568 ab
695 5517 848 5570 initio
875 5518 1111 5571 similiter
1137 5520 1305 5572 inerat
1323 5519 1389 5584 ei,
1419 5536 1510 5589 per
1537 5519 1765 5573 ordinem

193 5612 348 5656 autem
379 5604 636 5665 placitum
659 5605 730 5658 ad
758 5609 1117 5675 perfectionem
1137 5609 1352 5663 ducebat
1377 5611 1560 5678 ipsum.

1893 1945 2174 2016 prwstabat
2201 1949 2247 2002 ei
2273 1951 2360 2020 qui
2388 1964 2711 2024 assumptus;
2739 1959 2824 2012 ubi
2852 1960 2948 2014 lioc
2973 1963 3099 2033 facit
3125 1967 3178 2021 in
3207 1967 3318 2025 loco
3343 1945 3468 2028 sen-

1892 2050 1978 2088 sus
2001 2036 2163 2105 fuisse
2191 2038 2468 2094 distantem
2492 2042 2571 2096 illi
2599 2046 2684 2115 qui
2729 2060 3020 2120 assumptus
3053 2065 3159 2121 est;
3204 2075 3296 2112 nec
3332 2065 3468 2116 enim

1892 2125 1966 2178 eis
1993 2125 2372 2202 quibuscunque
2393 2131 2601 2188 donavit
2622 2141 3062 2209 cooperationem;
3091 2161 3269 2202 sensus
3298 2147 3465 2208 locum

1891 2218 2002 2290 ejus
2025 2219 2314 2287 obtinebat;
2337 2225 2384 2278 si
2403 2236 2571 2280 autent
2595 2237 2646 2281 et
2670 2230 2822 2284 modo
2849 2236 3164 2306 prazcipuam
3191 2243 3468 2310 quamdam

1890 2311 2297 2376 cooperationem
2323 2311 2531 2366 donavit
2551 2315 2630 2368 illi
2659 2318 2745 2386 qui
2784 2329 3073 2391 assumptus
3112 2334 3208 2391 est,
3241 2340 3344 2382 non
3373 2330 3468 2385 liae

1892 2395 2298 2467 faciebatlocum
2325 2407 2504 2456 sensus
2533 2404 2773 2458 deitatem
2795 2406 3037 2465 obtinere.
3083 2413 3191 2468 Sed
3225 2418 3270 2470 si
3303 2418 3466 2475 deitas

1889 2504 1984 2554 pro
2025 2505 2176 2542 sensu
2221 2491 2380 2558 [iebat
2426 2493 2504 2546 illi
2553 2497 2638 2564 qui
2687 2508 2978 2569 assumptus
3025 2512 3134 2572 est,
3187 2509 3466 2566 secundum

1889 2587 2058 2630 vestra
2079 2577 2252 2647 rei-ba,
2284 2582 2536 2650 quomodo
2567 2587 2799 2641 timorem
2839 2589 2892 2644 in
2938 2594 3180 2661 passione
3219 2601 3467 2672 suscipie-

1893 2666 2018 2722 bat?
2047 2667 2184 2734 Quid
2203 2673 2653 2730 vehementioribus
2682 2682 3001 2737 orationibus
3029 2684 3101 2739 ad
3119 2666 3466 2749 imminentem

1892 2762 2240 2816 necessitatem
2282 2766 2564 2837 indigebat,
2611 2785 2740 2840 quas
2783 2786 2897 2826 cum
2939 2790 3130 2846 magna
3176 2780 3377 2850 quidem
3413 2795 3466 2839 et

1889 2847 2178 2904 clamorosa
2199 2867 2334 2919 voce,
2361 2869 2474 2909 cum
2495 2857 2734 2925 plurimis
2751 2861 2905 2915 etiam
2925 2863 3166 2937 lacrgmis
3187 2847 3464 2929 secundum

1889 2939 2094 2994 beatum
2134 2941 2352 2998 Paulum
2385 2946 2542 3017 (Ileb.
2573 2949 2632 3018 ν)
2661 2953 3102 3026 referebat‘Deo,
3151 2969 3464 3036 evangelista

1889 3036 2064 3122 aperte
2083 3032 2292 3122 dicente
2319 3033 2470 3104 (Luc.
2501 3039 2659 3109 xm),
2689 3043 2827 3111 quod
2847 3044 3013 3114 globis
3033 3032 3299 3122 sanguinis
3323 3057 3462 3118 sinti-

1887 3117 1954 3172 lis
1996 3119 2154 3175 sudor
2189 3123 2564 3180 descendebat?
2605 3127 2744 3192 Quid
2778 3142 2947 3188 autem
2970 3117 3149 3210 angeli
3167 3117 3383 3199 adventu
3409 3155 3462 3201 et

1813 3195 1859 3260 C
1889 3209 2178 3264 visitatioue
2215 3212 2410 3282 egebat,
2454 3217 2680 3272 animam
2710 3221 2986 3290 reficientis
3026 3195 3080 3282 5.
3112 3234 3460 3302 experimento

1885 3299 2160 3368 malorum,
2201 3304 2540 3374 confortantis
2583 3309 2695 3379 ejus
2733 3312 3074 3379 alacritatem,
3125 3299 3459 3380 euerritantis

1885 3405 1998 3444 eum
2027 3393 2098 3446 ad
2133 3395 2483 3450 imminentem
2523 3401 2783 3470 passionis
2822 3409 3195 3475 necessitatem,
3239 3414 3460 3472 tolerare

1887 3483 2089 3552 fortiter
2116 3483 2255 3538 mala
2276 3487 2563 3557 suadentis,
2587 3493 2816 3562 urgentis
2843 3494 2914 3548 ad
2935 3499 3237 3566 patientiam
3263 3513 3312 3558 et
3335 3509 3462 3561 tole-

1883 3574 2136 3628 rationem
2182 3576 2458 3646 malorum,
2494 3581 2808 3638 ostendentis
2851 3594 3181 3653 prwsentium
3208 3595 3458 3652 nialorum

1885 3657 2106 3728 fructum
2151 3677 2218 3714 ea:
2261 3663 2522 3730 passione,
2571 3669 2905 3723 mutationem
2933 3672 2987 3726 in
3008 3677 3228 3744 gloriam
3274 3678 3459 3736 bonam

1883 3745 2021 3800 circa
2057 3763 2170 3802 eum
2209 3759 2325 3820 post
2369 3753 2658 3820 passionem
2695 3757 2962 3826 futuram?
2995 3764 3085 3832 qui
3109 3768 3246 3821 enim
3283 3786 3461 3826 secun~

1883 3835 2004 3889 dum
2047 3837 2372 3908 evangelist
2419 3856 2589 3925 uocem
2637 3841 2882 3918 (Ibidem)
2933 3853 3260 3922 confortabat
3309 3875 3456 3926 eum,

1883 3927 2094 3997 angelus
2130 3928 2344 3995 scilicet,
2387 3929 2552 3984 verbis
2589 3932 2706 3986 istis
2743 3935 2930 4004 fortem
2973 3955 3088 3992 eum
3123 3944 3367 4013 faciebat,
3409 3961 3460 4004 et

1879 4017 2178 4087 infirmitati
2196 4028 2398 4074 naturae
2424 4021 2738 4091 superiorem
2764 4025 2882 4094 fieri
2909 4027 3230 4098 hortabatur,
3261 4044 3308 4088 et
3335 4054 3458 4093 eor-

1881 4107 2174 4164 roboranda
2200 4111 2537 4180 cogitationes
2558 4113 2670 4184 ejus
2690 4115 2876 4186 fortem
2897 4133 3012 4172 eum
3038 4121 3278 4191 faciebat.

2413 4219 2594 4293 Vigilii
2621 4225 2906 4294 responsio.

1949 4305 2006 4360 In
2029 4307 2390 4378 suprascripto
2411 4318 2604 4378 quarto
2633 4311 2890 4382 capitulo,
2919 4314 3046 4384 quia
3066 4315 3172 4374 dici
3202 4311 3457 4392 intelligi-

1882 4403 1987 4461 tur,
2017 4397 2161 4466 quod
2190 4398 2328 4453 sicut
2355 4399 2475 4456 aliis
2501 4400 2810 4458 hominibus
2831 4403 3050 4460 donavit
3077 4423 3230 4464 suam
3258 4427 3459 4482 coope-

1885 4488 2148 4542 rationem
2188 4489 2346 4554 Deus,
2396 4489 2469 4544 ita
2509 4499 2566 4546 et
2606 4492 2656 4546 ei
2701 4494 2794 4562 qui
2834 4505 3137 4568 assumptus
3179 4511 3287 4568 est,
3334 4504 3459 4563 lictt

1811 4575 1856 4634 D
1882 4581 2222 4650 praecipuam,
2247 4589 2426 4636 tamen
2457 4582 2704 4638 similiter
2724 4591 2782 4639 ut
2805 4586 2924 4642 aliis
2943 4587 3244 4647 hominibus
3265 4594 3458 4650 dicitur

1881 4686 2000 4726 esse
2039 4671 2313 4737 donatam,
2361 4679 2418 4726 et
2452 4673 2526 4727 ita
2563 4689 2762 4744 purum
2799 4684 2960 4746 atque
2991 4679 3253 4736 infirmum
3285 4685 3458 4739 homi-

1878 4776 2002 4818 nem
2029 4763 2173 4818 circa
2201 4765 2505 4834 passionem
2545 4766 2721 4834 angeli
2759 4770 2972 4836 eguisse
3004 4771 3288 4841 praesidio,
3319 4784 3372 4828 ut
3403 4777 3453 4830 ei

1879 4865 1981 4920 pro
2022 4851 2436 4908 eorroboraudis
2483 4853 2900 4922 cogitationibus
2934 4857 3050 4926 ejus
3079 4860 3252 4916 futura
3281 4863 3452 4932 gloria

1878 4942 2283 5013 promitteretur
2320 4942 2388 4999 de
2426 4945 2713 5001 tolerantia
2752 4948 3048 5017 passionis;
3091 4967 3212 5022 qum
3251 4955 3292 5008 si
3335 4955 3454 5023 quis

1879 5031 1953 5086 ita
1981 5033 2145 5103 sapit,
2174 5032 2352 5100 docet,
2382 5033 2572 5100 credit,
2597 5046 2688 5090 aut
2707 5037 2982 5106 przedicat,
3012 5042 3294 5098 anathema
3323 5044 3410 5098 sit.

2319 5161 2588 5204 'I'IIEODOBI
2622 5165 2921 5206 CAPITULUI
2960 5168 3013 5206 ν.
3231 5218 3237 5224 _

1950 5239 2098 5296 Vade
2125 5246 2246 5310 post
2273 5253 2387 5301 me,
2418 5237 2646 5304 Satana,
2675 5241 2987 5295 scandalum
3013 5241 3141 5296 mihi
3171 5257 3263 5303 es.
3303 5244 3450 5314 quod

1877 5349 1983 5388 non
2018 5333 2163 5402 sapis
2203 5343 2267 5386 ea
2308 5343 2428 5399 qua:
2467 5329 2562 5385 Dei
2600 5338 2743 5396 sunt,
2786 5331 2880 5385 sed
2914 5346 2977 5386 ea
3015 5345 3134 5400 quae
3172 5333 3449 5388 hominum

1876 5423 2090 5495 (Matth.
2125 5439 2245 5486 xvr;
2278 5421 2448 5476 Marc.
2477 5422 2614 5489 rm),
2643 5437 2748 5475 non
2776 5427 2852 5477 est
2872 5423 3107 5493 confusio
3135 5424 3261 5478 mihi
3287 5441 3445 5487 mors,

1873 5535 1978 5574 non
2016 5517 2156 5588 fugio
2195 5516 2361 5585 ipsam
2393 5520 2450 5565 ut
2485 5512 2798 5566 indecentem
2828 5511 2897 5564 ad
2924 5512 3202 5568 humanam
3228 5515 3446 5586 gloriam

1874 5609 2169 5679 respiciens.
2203 5603 2477 5662 Sustinebo
2505 5610 2678 5655 autem
2704 5603 2901 5658 meliori
2930 5606 3103 5658 animo
3123 5606 3446 5676 experimen-

253 5719 278 5748 ε
311 5706 372 5763 In
401 5708 630 5765 Concil.
659 5707 730 5774 ν,
765 5710 946 5766 collat.
983 5714 1036 5773 4.
1062 5714 1254 5770 eadem
1281 5716 1560 5774 Theodori
1587 5733 1843 5794 excerpta
1873 5725 2045 5796 legas,
2075 5742 2196 5798 qua:
2226 5727 2317 5786 hic
2346 5734 2476 5784 sunt
2512 5743 2686 5801 usque
2717 5728 2785 5784 ad
2811 5726 3116 5798 capitulum
3146 5749 3265 5789 sui.

502 5808 789 5869 Pyrum.
828 5807 1051 5869 LXIX.

3108 5827 3142 5887 3
