3986 6366
518 320 604 377 ’73

1912 308 2097 366 γιοιι,

2198 306 2381 365 men:
3414 286 3429 295 '
3721 298 3799 353 76

531 460 638 497 mm
664 434 841 492 mortis
865 450 960 507 pro
999 434 1234 505 plurimis
1278 432 1423 487 bonis
1472 431 1678 502 futuris,
1727 428 1784 483 in
1820 425 2003 499 quibus
2047 432 2096 478 et
2125 425 2173 485 Α
2198 427 2388 495 posita,
2418 432 2467 479 et
2493 425 2784 481 doctrinam
2806 424 2928 480 inde
2965 425 3134 496 ipsum
3162 426 3420 497 accepisse
3444 433 3494 482 et
3523 428 3788 491 uirtutem.

520 529 608 602 ips
658 530 823 598 fuero,
853 534 904 578 et
927 540 1018 593 per
1043 538 1238 586 omnes,
1271 538 1335 576 ne
1359 521 1482 576 mihi
1508 522 1735 575 animum
1764 518 1928 573 lazdas
1951 525 2103 586 atque

534 613 719 677 turbes,
761 622 1004 685 tanquam
1042 611 1342 683 confusione
1386 612 1599 682 dignum
1640 612 1817 681 fugere
1856 606 2103 661 admones

526 691 709 754 mortis
736 704 1159 770 experimentum.

1073 837 1248 911 Vigilii
1277 844 1562 911 responsio.

599 947 656 1004 lu
696 949 1003 1022 supradicto
1034 953 1221 1022 quinto
1255 953 1491 1023 capitulo
1528 952 1754 1020 dicitur,
1791 946 1940 1020 quod
1976 944 2101 1001 ideo

531 1040 682 1096 lesus
716 1040 961 1097 Christus
997 1043 1159 1098 verba
1192 1044 1332 1099 l‘etri
1371 1043 1602 1114 apostoli
1637 1041 1811 1096 fuerat
1843 1049 2100 1109 asperna-

533 1140 637 1195 tus,
665 1130 878 1199 quando
906 1131 958 1185 ei
985 1131 1120 1186 dixit
1145 1149 1159 1186 :
1200 1131 1345 1186 Vade
1369 1139 1483 1203 post
1506 1148 1603 1196 me,
1634 1129 1859 1193 Salano,
1885 1125 2104 1181 scande.

530 1223 637 1275 lunt
662 1222 787 1275 mihi
810 1238 883 1287 es,
907 1223 1026 1294 quia
1046 1238 1148 1276 non
1182 1224 1325 1292 sapis
1356 1239 1418 1276 ea
1456 1238 1569 1295 quc
1598 1220 1695 1277 Dci
1739 1227 1858 1274 sunt
1883 1216 2097 1290 (Matth.

528 1326 644 1376 svr;
675 1308 846 1365 Μαι-ε.
877 1313 998 1381 vui)
1023 1329 1037 1365 :
1067 1327 1135 1368 ne
1170 1313 1507 1370 dissuasione
1543 1312 1664 1383 eius
1699 1311 1908 1366 animus
1935 1308 2101 1379 ipsius

528 1402 869 1469 perturbatus
922 1401 1193 1472 refugeret
1237 1406 1575 1475 passionem,
1612 1412 1668 1460 et
1692 1404 1816 1474 quia
1850 1403 2103 1474 passione

525 1507 621 1547 sua
653 1491 962 1563 proliceret,
993 1502 1051 1551 et
1089 1510 1187 1566 pro
1228 1496 1470 1567 pluribus
1510 1495 1666 1552 bonis
1688 1494 1881 1551 exinde
1904 1493 2101 1564 adipis-

533 1582 726 1638 cendis.
759 1581 862 1651 Qui
899 1584 1060 1653 igitur
1088 1585 1203 1642 haec
1244 1586 1317 1640 ita
1353 1586 1522 1656 sapit,
1563 1584 1743 1650 docet,
1777 1583 1974 1648 credit,
2007 1589 2101 1636 aut

532 1672 801 1741 praedicat,
831 1683 887 1729 et
920 1689 1026 1729 non
1067 1676 1236 1745 magis
1276 1677 1428 1732 nobis
1456 1685 1684 1731 mortem
1725 1675 1908 1745 ipsius,
1938 1688 2097 1745 quam

529 1762 746 1835 propria
777 1778 939 1820 carne
963 1766 1229 1837 suscepit,
1258 1775 1471 1823 aeternae
1512 1767 1689 1822 credit
1735 1766 1855 1821 vita:
1882 1765 2099 1836 praemia
2134 1783 2172 1840 Β

526 1854 818 1912 contulisse
836 1897 853 1925 ,
881 1857 1162 1912 anathema
1183 1859 1272 1915 sit.

948 2012 1215 2053 THEODOM
1254 2013 1370 2053 CAN
1381 2015 1476 2055 τω.
1485 2016 1553 2055 UH
1593 2015 1662 2055 Vl.

600 2091 750 2156 Quod
776 2093 911 2148 enim
935 2094 1127 2148 dictant
1154 2105 1263 2151 est:
1288 2096 1588 2153 Ducebatur
1608 2114 1637 2152 a
1657 2097 1859 2168 Spiritu
1881 2096 2094 2168 (Matth.

506 2185 625 2249 Ἰν),
656 2193 832 2253 aperte
862 2184 957 2238 hoc
986 2186 1266 2256 significat,
1294 2187 1431 2254 quod
1456 2187 1519 2241 ab
1540 2204 1602 2243 eo
1630 2190 1918 2258 regebatur,
1948 2187 2013 2241 ab
2040 2204 2100 2242 eo

513 2272 597 2326 ad
641 2275 878 2328 virtutem
924 2278 1306 2345 propos'torum
1360 2278 1768 2348 confortabatur,
1817 2276 1882 2331 ab
1928 2295 1987 2333 eo
2031 2277 2101 2331 ad

520 2363 636 2416 'hwc
682 2379 795 2435 qua:
841 2363 1106 2435 oportebat
1153 2365 1458 2431 ducebatur,
1508 2367 1575 2421 ab
1620 2386 1680 2424 eo
1716 2368 1852 2440 quod
1896 2368 2103 2423 decebat

526 2451 836 2519 docebatur,
887 2454 952 2508 ab
998 2471 1058 2509 eo
1107 2456 1503 2526 cogitationibus
1550 2457 1999 2522 corroborabatur,
2045 2466 2102 2511 ut

526 2541 781 2595 intantum
812 2550 1068 2596 certamen
1098 2545 1371 2613 sufﬁceret,
1402 2546 1535 2598 sicut
1561 2556 1610 2599 et
1631 2546 1806 2600 beatus
1824 2546 1947 2600 dicit
1968 2546 2105 2599 Pau-

529 2634 608 2685 lus
648 2646 665 2684 :
703 2630 1018 2700 Quicunque
1063 2630 1265 2701 Spiritu
1312 2632 1407 2687 Dei
1456 2642 1705 2702 aguntur,
1750 2634 1806 2688 hi
1847 2642 1973 2688 sunt
2010 2636 2102 2690 lilii

529 2717 622 2771 Dei
656 2717 830 2787 (Rom.
862 2718 1008 2790 vm);
1052 2719 1169 2772 duci
1201 2719 1401 2789 Spiritu
1447 2719 1620 2775 dicens
1665 2720 1783 2776 illos
1818 2722 1903 2793 qui
1947 2719 2012 2775 ab
2041 2738 2102 2775 eo

527 2804 896 2877 gubernantur,
926 2806 990 2860 ab
1023 2821 1084 2861 eo
1121 2806 1390 2870 docentur,
1422 2805 1486 2861 ab
1519 2823 1579 2861 eo
1607 2808 1676 2861 ad
1704 2808 1883 2863 melius
1918 2811 2105 2864 consti-

526 2905 767 2964 tuuntur,
814 2899 878 2951 ab
928 2915 988 2953 eo
1039 2901 1429 2969 competentiam
1482 2898 1771 2955 doctrinam
1818 2902 2099 2972 accipiunt.

521 2988 653 3043 Cum
681 2989 895 3043 dixisset
923 2997 1092 3044 autem
1131 2991 1465 3062 evangelista,
1508 2990 1644 3062 quod
1682 2992 1881 3062 Spiritu
1919 3002 2101 3048 sancto

525 3081 705 3149 plenus
731 3096 990 3150 regressus
1017 3090 1093 3135 est
1120 3079 1185 3133 ab
1217 3080 1472 3147 Iordane,
1516 3091 1690 3152 aperte
1730 3081 2101 3138 demonstravit

523 3170 659 3241 quod
702 3169 855 3241 hujus
906 3186 1063 3224 causa
1109 3173 1276 3225 sancti
1339 3150 1568 3241 Spiritus
1622 3171 1989 3229 habitationem
2038 3177 2094 3230 in
2123 3150 2164 3208 θ

525 3259 829 3329 baptismate
856 3262 1097 3331 suscepit,
1129 3273 1184 3314 ut
1212 3261 1332 3315 inde
1359 3262 1682 3333 propositam
1708 3273 1912 3333 caperet
1944 3266 2098 3323 virtu-

523 3357 653 3413 tem;
675 3348 811 3404 unde
838 3358 890 3403 et
914 3349 984 3403 ad
1002 3360 1259 3404 certamen
1288 3349 1417 3403 illud
1440 3348 1574 3421 quod
1601 3366 1697 3418 pro
1725 3348 1870 3405 nobis
1897 3362 2008 3405 erat
2026 3352 2097 3407 ad

513 3440 781 3496 diabolum
805 3440 1101 3509 eﬂ'ecturus,
1126 3441 1326 3512 Spiritu
1356 3439 1651 3495 ducebatur.

1086 3579 1262 3653 Vigilii
1286 3584 1569 3653 responsio.
1634 3575 1644 3584 ’

580 3693 645 3748 1η
674 3694 1039 3765 suprascripto
1061 3702 1218 3751 sexto
1244 3694 1479 3765 capitulo
1507 3712 1690 3755 rursus
1717 3706 1968 3769 tanquam
1998 3716 2096 3771 pu-

511 3799 609 3839 rus
637 3783 800 3840 homo
828 3801 858 3840 a
887 3783 1109 3856 Spiritu,
1140 3788 1290 3857 cujus
1318 3791 1656 3859 praesentiam
1684 3800 1806 3862 post
1831 3791 2093 3863 baptisma

516 3874 814 3940 suscepisse
841 3875 1054 3941 dicitur,
1086 3877 1153 3932 ad
1182 3879 1360 3934 omnia
1389 3878 1578 3936 ductus
1602 3881 1933 3952 perhibetur,
1963 3899 2092 3940 con-

516 3963 743 4019 fortatus
771 3973 826 4020 et
850 3966 1091 4033 edoctus,
1122 3967 1259 4023 sicut
1286 3970 1465 4024 czcteri
1494 3970 1758 4035 homines,
1783 3970 1850 4026 de
1876 3972 2087 4041 quibus,

514 4064 575 4111 ut
601 4056 687 4111 hic
715 4056 924 4112 videtur
950 4057 1076 4123 dici,
1108 4058 1395 4128 Apostolus
1424 4061 1498 4114 ait
1526 4078 1539 4113 :
1566 4059 1864 4133 Quicunque
1891 4063 2090 4133 Spiritu

515 4145 613 4201 Dei
641 4156 864 4217 aguntur
890 4146 941 4199 hi
968 4157 1089 4201 sunt
1117 4148 1216 4218 ﬁlii
1244 4147 1342 4203 Dei
1374 4148 1548 4219 (Rom.
1575 4152 1709 4221 vm).
1742 4149 1800 4206 Si
1828 4154 1947 4222 quis
1976 4152 2089 4208 lucc

514 4239 588 4294 ita
613 4239 754 4308 sapit
775 4279 793 4307 ,
829 4238 1028 4305 docet,
1065 4238 1236 4294 credit
1263 4247 1356 4293 aut
1377 4239 1628 4309 prmdicat
1651 4280 1665 4305 ,
1707 4249 1762 4297 et
1789 4258 1894 4298 non
1925 4243 2088 4299 Deum

516 4327 752 4385 Verbum
781 4330 1115 4385 incarnatum
1144 4345 1309 4384 unum
1337 4345 1456 4385 esse
1480 4330 1666 4397 credit,
1698 4339 1754 4387 et
1780 4331 2086 4405 conﬁtetur,

515 4427 569 4474 et
597 4418 850 4489 praedicat
876 4417 1176 4487 Christum,
1209 4420 1493 4475 anathema
1524 4421 1613 4475 sit.

940 4574 1207 4615 ruuouont
1241 4575 1541 4616 CAPITULUII
1568 4566 1658 4617 vn’.

584 4657 776 4713 Dicant
815 4659 972 4731 igitur
1013 4657 1157 4713 nobis
1197 4661 1424 4715 omnium
1466 4662 1868 4732 sapientissimi,
1903 4666 1950 4718 si
1992 4681 2086 4733 pro

514 4768 665 4806 sensu
698 4749 916 4806 Dontino
943 4748 1166 4816 Christo,
1196 4753 1281 4822 qui
1309 4762 1386 4805 est
1412 4753 1691 4808 secundum
1717 4771 1944 4823 carnem,
1976 4758 2088 4811 dei-

515 4850 594 4894 tas
623 4840 761 4911 facta
790 4849 944 4905 esset,
973 4840 1102 4894 sicut
1133 4841 1326 4906 dicunt,
1358 4842 1481 4911 quid
1507 4845 1673 4898 sancti
1703 4844 1932 4914 Spirirus
1957 4864 2082 4917 0pc-

515 4930 714 4984 ratione
742 4929 809 4982 ad
836 4929 945 4983 hwc
973 4927 1203 4983 Christus
1232 4930 1494 5001 indigebat
1521 4932 1545 4985 1’
1588 4930 1701 4986 Nec
1726 4934 1863 4987 enim
1892 4933 2085 5006 Unige-

512 5020 609 5073 niti
638 5018 801 5073 deitas
823 5016 1021 5088 Spiritu
1048 5019 1310 5090 indigebat
1332 5020 1401 5073 ad
1415 5021 1860 5091 justiﬁcationem,
1884 5023 2087 5095 Spiritu

513 5108 772 5181 indigebat
819 5109 887 5162 ad
931 5109 1237 5163 uincendum
1284 5108 1566 5179 diabolum,
1597 5111 1797 5181 Spiritu
1825 5113 2087 5184 indigebat

513 5204 577 5256 ad
606 5200 869 5272 operando
896 5199 1167 5265 miracula,
1202 5198 1401 5268 Spiritu
1449 5200 1709 5271 indigebat
1734 5210 1790 5256 ut
1819 5203 2087 5258 doceretur

508 5309 568 5344 ea
597 5307 709 5362 qua:
734 5291 944 5345 decebat
981 5305 1223 5360 peragere
1243 5329 1259 5355 ,
1301 5289 1499 5359 Spiritu
1528 5292 1791 5364 indigebat
1817 5304 1871 5348 ut
1898 5296 2085 5350 imma-

509 5382 709 5434 culatus
749 5389 1040 5451 appareret.
1073 5380 1134 5434 Si
1161 5380 1299 5434 enim
1341 5397 1433 5447 pro
1482 5398 1635 5436 sensu
1671 5384 1875 5455 quidem
1916 5385 2080 5442 dcitas

509 5468 819 5538 sufﬁciebat,
859 5469 926 5522 ad
963 5471 1136 5523 omnia
1177 5483 1345 5526 autem
1375 5475 1484 5544 ejus
1518 5475 1673 5529 virtus
1694 5515 1707 5538 ,
1737 5493 1939 5531 necesse
1970 5486 2082 5532 erat

511 5557 630 5609 inde
658 5557 831 5610 omnia
858 5556 991 5626 fieri,
1022 5566 1077 5609 ut
1103 5561 1360 5627 superﬂua
1383 5570 1511 5614 esset
1537 5565 1703 5616 sancti
1732 5563 1958 5633 Spiritus
1989 5566 2083 5620 Ita-

511 5645 691 5697 bitatio
722 5646 852 5700 :sed
880 5663 1014 5700 nunc
1045 5655 1254 5699 unctum
1286 5665 1395 5703 esse
1421 5650 1545 5704 dicit
1570 5654 1733 5722 ipsum
1770 5654 2000 5724 Spiritu,
2034 5667 2082 5711 et

511 5735 769 5794 pubitasse
802 5739 854 5790 in
883 5755 940 5792 ra
973 5740 1253 5807 Spiritum,
1285 5748 1334 5794 et
1363 5741 1432 5794 ad
1478 5744 1649 5797 omnia
1677 5745 1934 5813 adjurisse
1961 5765 2083 5819 pro-

2114 4503 2162 4562 D

2200 524 2251 569 et
2285 515 2405 569 inde
2430 516 2733 587 impetrasse
2754 515 3214 587 justiﬁcationem,
3242 525 3292 570 et
3323 516 3445 570 inde
3475 517 3790 572 immania-

2200 617 2308 662 tum
2334 609 2527 677 factum
2552 622 2681 662 esse.

2750 748 2928 818 Vigilii
2957 748 3244 818 responsio.

2270 845 2327 901 lu
2344 849 2709 919 suprascripto
2723 849 2952 919 septimo
2965 847 3197 919 capitulo
3209 847 3316 902 hoc
3324 844 3427 903 dici
3442 844 3789 916 intelligitur,

2199 936 2324 1007 quia
2344 953 2404 992 ut
2430 940 2609 994 creteri
2638 939 2883 995 homines
2907 938 2974 993 ad
2993 936 3431 1007 iustiﬁcationem
3456 952 3605 992 suam
3626 945 3683 993 et
3709 937 3789 993 ad

2199 1025 2517 1081 vincendum
2544 1027 2837 1093 diabolum,
2861 1034 2916 1082 et
2938 1027 3006 1082 ad
3027 1026 3298 1097 operanda
3326 1026 3602 1092 miracula,
3632 1036 3690 1081 et
3720 1032 3789 1082 ut

2199 1113 2489 1169 doceretur
2511 1129 2574 1170 ea
2598 1130 2719 1185 qua:
2737 1116 2966 1171 decebat
2990 1131 3113 1171 eum
3139 1130 3318 1187 agere,
3346 1124 3406 1170 et
3433 1123 3492 1169 ut
3519 1116 3787 1170 immacu-

2200 1204 2341 1259 latus
2367 1212 2675 1274 appareret,
2706 1205 3039 1261 habitatione
3076 1206 3249 1261 sancti
3289 1204 3516 1275 Spiritus
3541 1204 3784 1273 eguisse,

2198 1301 2254 1348 et
2281 1294 2398 1364 ipso
2425 1292 2627 1364 Spiritu
2649 1309 2776 1350 eum
2806 1295 2872 1350 ad
2902 1295 3084 1351 omnis
3112 1295 3351 1364 adiutum
3380 1292 3542 1351 fuisse
3569 1308 3784 1365 propo-

2198 1384 2323 1439 sita.
2353 1382 2665 1455 Quicunque
2689 1384 2804 1441 haec
2831 1384 2905 1440 ita
2929 1386 3089 1455 sapit,
3118 1385 3297 1453 docet,
3326 1383 3495 1440 credit
3520 1391 3614 1438 aut
3638 1396 3788 1453 paen

2199 1474 2360 1541 dicat,
2390 1484 2447 1531 et
2473 1490 2583 1530 non
2623 1490 2722 1531 sua
2760 1476 2961 1533 deitate
2987 1476 3291 1541 Christum,
3326 1485 3384 1531 ut
3430 1485 3557 1545 pote
3583 1490 3784 1530 verum

2200 1565 2387 1631 Deum,
2417 1566 2597 1630 omnia
2624 1575 2903 1635 operatum
2931 1567 3093 1623 fuisse
3116 1582 3235 1637 quas
3259 1567 3446 1633 voluit,
3476 1574 3533 1622 et
3558 1563 3786 1636 operari

2198 1671 2318 1727 qum
2344 1656 2508 1723 volet,
2530 1656 2626 1712 sed
2655 1665 2910 1727 tanquam
2935 1672 3124 1728 purum
3151 1657 3423 1713 hominem
3450 1656 3621 1713 sancti
3650 1654 3785 1725 Spi-

2200 1747 2334 1803 ritus
2361 1747 2571 1817 eguisse
2598 1748 2823 1813 solatio,
2854 1750 3137 1804 anathema
3164 1748 3253 1804 sit.

2616 1904 2884 1944 THEODOBI
2914 1904 3211 1944 CAPITULUI
3239 1904 3348 1943 νιιι.

2272 1994 2389 2051 Hoc
2416 1997 2551 2066 quod
2575 2007 2696 2052 ante
2716 2001 2907 2052 swcula
2935 2006 3074 2063 erat,
3103 1998 3230 2051 dicit
3261 1999 3317 2051 in
3358 1997 3554 2051 ultimis
3572 1997 3785 2067 factum

2200 2101 2311 2140 esse
2334 2085 2661 2157 temporibus,
2693 2097 2749 2142 ut
2782 2097 2900 2158 pote
2925 2087 3228 2160 quibusdam
3258 2089 3352 2143 hoc
3380 2086 3781 2158 conﬁtentibus;

2203 2194 2317 2232 cum
2338 2193 2488 2233 nemo
2516 2195 2581 2233 ea:
2608 2179 2688 2233 his
2717 2182 2803 2252 qui
2834 2181 3038 2250 pietatis
3064 2195 3245 2234 curam
3271 2180 3475 2243 habent,
3507 2180 3663 2234 istum
3679 2196 3790 2250 pa-

2202 2272 2328 2325 titur
2358 2271 2593 2327 morbum
2626 2271 2812 2326 Irabere
2837 2273 3125 2338 dementire,
3151 2281 3208 2326 ut
3234 2271 3372 2326 dicat
3400 2288 3512 2325 eum
3540 2271 3628 2343 qui
3655 2279 3787 2325 ante

2204 2361 2392 2416 swcula
2443 2372 2554 2429 est,
2582 2364 2638 2418 in
2664 2364 2860 2418 ultimis
2900 2365 3090 2435 factum
3129 2380 3258 2417 esse.
3314 2361 3382 2416 Et
3409 2379 3476 2417 ex
3500 2363 3580 2416 Itis
3616 2363 3787 2433 infert

2202 2450 2334 2519 quod
2357 2467 2559 2505 necesse
2581 2460 2678 2515 est,
2704 2461 2753 2505 et
2775 2453 2868 2507 hoc
2889 2453 3097 2523 quodin
3116 2453 3309 2507 ultimis
3331 2462 3424 2518 est,
3445 2461 3564 2506 ante
3581 2454 3787 2508 scecula

2202 2557 2331 2604 esse,
2359 2549 2407 2594 rt
2428 2551 2638 2597 accusat
2662 2560 2745 2597 eos
2774 2545 2859 2615 qui
2885 2561 2987 2599 non
3017 2546 3191 2600 omnia
3210 2545 3445 2599 similiter
3466 2561 3581 2597 cum
3606 2542 3792 2599 obver-

2203 2631 2346 2685 sione
2361 2633 2570 2697 dicunt;
2597 2636 2745 2706 quasi
2758 2636 2812 2689 hi
2826 2637 2910 2708 qui
2926 2653 3081 2690 unum
3102 2653 3214 2691 esse
3232 2635 3426 2690 Filium
3442 2637 3782 2707 conﬁtentur,

2203 2726 2554 2780 necessitatem
2586 2727 2805 2781 habeant
2832 2744 2946 2783 cum
2967 2727 3261 2784 obversione
3288 2730 3460 2783 omnia
3488 2729 3674 2783 dicere.
3708 2725 3790 2781 Et

2202 2817 2314 2885 quis
2347 2833 2449 2870 non
2478 2816 2737 2887 beatificet
2763 2828 2980 2872 uestram
3024 2819 3382 2873 dementiam?
3436 2816 3565 2883 Quis
3601 2828 3787 2873 autem

2202 2918 2305 2957 rum
2331 2913 2468 2975 optet
2485 2905 2611 2959 tales
2633 2906 2909 2977 impetrare
2921 2908 3176 2975 doctores,
3201 2917 3397 2962 tantam
3424 2910 3787 2980 confusionem

2203 2994 2394 3048 rationi
2431 2996 2636 3065 pietatis
2671 2998 3050 3055 introducentes
3071 3039 3086 3064 ,
3127 3010 3183 3054 ut
3206 3001 3433 3056 dicerent
3462 3042 3479 3068 ,
3518 3002 3614 3056 hoc
3639 3002 3787 3072 quod

2204 3093 2324 3138 ante
2349 3086 2539 3141 sazcula
2564 3094 2669 3152 est,
2698 3089 2891 3159 factum
2919 3097 2996 3142 est
3030 3090 3084 3143 in
3124 3091 3343 3155 ultimis,
3375 3098 3425 3144 et
3452 3090 3548 3145 hoc
3575 3091 3789 3145 aliena-

2198 3182 2312 3227 rent
2341 3191 2435 3228 sua
2462 3184 2672 3244 natura,
2698 3186 2747 3230 et
2772 3178 2840 3230 ad
2866 3177 3092 3233 deterius
3120 3179 3454 3245 deducerent,
3480 3179 3668 3234 deinde
3693 3179 3791 3235 ob-

2196 3274 2465 3331 verterent,
2496 3268 2631 3338 quod
2658 3277 2709 3322 et
2733 3269 2829 3323 hoc
2853 3270 2989 3341 quod
3012 3279 3089 3324 est
3114 3272 3167 3324 in
3194 3271 3409 3335 ultimis,
3435 3281 3557 3326 ante
3583 3271 3787 3327 sucula

2195 3371 2292 3421 est,
2317 3374 2428 3413 cum
2457 3370 2712 3430 oporteret
2742 3362 2876 3432 forte
2910 3361 3099 3430 dicere,
3128 3364 3248 3434 quia
3275 3362 3411 3435 quod
3436 3371 3558 3416 ante
3584 3364 3784 3417 saecula

2194 3458 2324 3510 erat,
2348 3452 2625 3520 assumpsit
2646 3451 2779 3505 hunc
2798 3451 2885 3522 qui
2907 3452 2961 3505 in
2980 3451 3174 3507 ultimis
3194 3461 3306 3507 erat
3334 3453 3614 3508 secundum
3638 3455 3785 3509 beati

2193 3537 2351 3593 Pauli
2379 3555 2550 3594 vocem
2579 3538 2636 3611 (I
2658 3539 2790 3595 Tim.
2815 3541 2913 3612 Iv).
2965 3541 3174 3597 Vestras
3200 3545 3359 3615 igitur
3386 3544 3521 3623 leges
3556 3559 3782 3616 sequen-

2196 3641 2289 3696 tes,
2319 3640 2369 3684 et
2406 3648 2439 3684 a
2479 3640 2567 3685 tua
2601 3634 2857 3703 sapientia
2892 3635 3222 3690 constitutam
3256 3636 3635 3703 obversionem,
3665 3639 3781 3693 imo

2192 3721 2360 3793 ntagis
2386 3718 2756 3777 subversionem
2782 3721 3112 3794 suscipientes
3137 3742 3235 3797 age
3258 3729 3436 3781 omnia
3459 3728 3613 3781 simul
3635 3743 3775 3784 can-

2193 3813 2473 3884 fundamus
2491 3853 2507 3879 ,
2536 3824 2586 3868 et
2616 3815 2759 3869 nulla
2780 3815 2896 3887 jam
2923 3817 2991 3869 sit
3016 3816 3254 3872 discretio
3273 3859 3289 3885 ,
3320 3834 3411 3873 nec
3442 3819 3537 3873 Dei
3564 3822 3774 3892 formas,

2192 3922 2287 3960 nec
2320 3908 2453 3960 servi
2481 3909 2663 3977 forma:
2687 3950 2702 3975 ,
2732 3923 2825 3961 nec
2852 3908 3028 3978 templi
3054 3910 3243 3980 summi
3263 3948 3279 3975 ,
3310 3926 3404 3965 nec
3443 3912 3553 3982 ejus
3597 3913 3686 3983 qui
3715 3914 3775 3966 in

2192 3996 2378 4065 templo
2406 3995 2672 4065 habitavit,
2702 4013 2794 4050 nec
2818 4000 2930 4068 ejus
2957 3999 3045 4070 qui
3072 4000 3268 4054 solutus
3295 4008 3390 4064 est,
3418 4016 3509 4054 nec
3539 4002 3652 4071 ejus
3682 4003 3778 4072 qui

2190 4087 2489 4150 suscitavit,
2539 4104 2631 4140 nec
2678 4088 2788 4158 ejus
2830 4090 2917 4160 qui
2952 4092 3209 4160 perfectus
3236 4101 3311 4145 est
3336 4093 3391 4145 in
3418 4090 3772 4161 passionibus,

2190 4192 2281 4230 nec
2306 4176 2417 4247 ejus
2458 4179 2544 4248 qui
2572 4180 2823 4249 perfecit,
2856 4196 2948 4234 nec
2969 4181 3079 4251 ejus
3107 4183 3193 4252 qui
3231 4185 3527 4238 memoriam
3555 4186 3774 4241 meritus

2186 4274 2281 4330 est,
2310 4281 2400 4318 nec
2436 4266 2548 4336 ejus
2574 4266 2660 4336 qui
2696 4282 2889 4321 memor
2923 4269 3091 4339 factus
3118 4277 3223 4334 est,
3256 4286 3352 4324 nec
3389 4272 3500 4341 ejus
3527 4273 3615 4343 qui
3639 4274 3772 4329 risi-

2187 4361 2325 4408 tatus
2363 4364 2472 4421 est,
2505 4372 2597 4410 nec
2637 4356 2746 4426 ejus
2791 4358 2877 4427 qui
2920 4358 3168 4423 uisitauit,
3209 4376 3302 4413 nec
3342 4360 3452 4429 ejus
3488 4363 3576 4432 qui
3610 4365 3771 4433 paulo

2186 4447 2358 4500 minus
2383 4444 2446 4498 ab
2474 4448 2671 4517 angelis
2707 4448 2991 4502 minoratus
3023 4456 3130 4516 est,
3160 4464 3250 4502 nec
3279 4450 3390 4520 ejus
3417 4452 3502 4522 qui
3530 4452 3772 4507 minora-

2189 4537 2275 4601 rit,
2299 4551 2390 4589 nec
2409 4537 2521 4607 ejus
2544 4537 2630 4607 qui
2655 4536 2821 4608 gloria
2840 4545 2890 4591 et
2907 4537 3100 4592 honore
3119 4550 3392 4593 coronatus
3414 4550 3509 4602 est,
3535 4557 3628 4595 nec
3653 4542 3773 4614 ejus

2186 4628 2273 4699 qui
2301 4629 2582 4689 coronauit,
2614 4644 2705 4681 nec
2733 4628 2845 4697 ejus
2877 4630 2962 4699 qui
2999 4629 3304 4683 constitutus
3330 4640 3406 4683 est
3429 4648 3582 4700 super
3605 4649 3775 4703 opera

2186 4733 2429 4771 manuum
2464 4716 2584 4783 Dei,
2614 4733 2706 4770 nec
2733 4718 2844 4787 ejus
2871 4718 2958 4788 qui
2983 4719 3273 4783 constituit,
3304 4736 3396 4773 nec
3422 4720 3534 4791 ejus
3557 4723 3644 4793 qui
3670 4738 3771 4776 ac-

2186 4809 2319 4877 cepit
2345 4807 2445 4859 ista
2474 4805 2544 4858 ad
2570 4805 2964 4861 sublevationem
2983 4846 2999 4874 ,
3028 4823 3121 4861 nec
3159 4808 3272 4878 ejus
3300 4809 3387 4879 qui
3424 4810 3564 4864 dedit
3589 4811 3770 4868 suble-

2184 4898 2458 4952 rationm.

2741 5009 2917 5082 Vigilii
2947 5013 3228 5082 responsio.

2259 5118 2315 5174 lu
2344 5121 2705 5190 suprascripto
2733 5129 2925 5177 octavo
2962 5122 3198 5191 capitulo
3233 5123 3458 5179 diversis
3485 5127 3663 5185 modis
3684 5146 3769 5187 Vt-

2183 5209 2339 5266 detur
2368 5211 2545 5266 induci
2570 5212 2800 5269 dualitas
2825 5228 3175 5283 personarum
3206 5231 3301 5286 per
3328 5217 3430 5274 hoc
3455 5220 3598 5289 quod
3622 5222 3766 5280 dici-

2183 5311 2272 5358 tur
2297 5322 2309 5357 :
2334 5304 2450 5360 Non
2474 5305 2588 5375 ipse
2614 5307 2704 5376 qui
2731 5316 2858 5363 ante
2884 5310 3074 5364 saecula
3104 5318 3238 5377 erat,
3269 5312 3324 5367 in
3354 5313 3555 5369 ultimis
3577 5314 3766 5372 dicen-

2183 5391 2283 5447 dus
2327 5403 2412 5447 est
2450 5394 2665 5450 venisse
2714 5398 3074 5467 temporibus;
3130 5399 3225 5455 sed
3272 5403 3424 5472 quasi
3477 5404 3649 5461 altera
3691 5407 3768 5463 sit

2182 5486 2506 5543 assumentis
2544 5486 2963 5556 humanitatem,
3007 5491 3174 5546 altera
3210 5493 3467 5563 assumpti
3502 5509 3760 5565 persona.

2182 5574 2238 5629 Si
2263 5576 2382 5644 quis
2410 5576 2571 5645 igitur
2598 5577 2714 5634 hinc
2742 5579 2816 5633 ita
2844 5581 3013 5649 sapit,
3042 5580 3225 5649 docet,
3252 5583 3422 5638 credit
3444 5592 3539 5638 aut
3565 5584 3763 5655 praedi-

2183 5672 2290 5729 cat,
2321 5673 2377 5719 et
2402 5681 2509 5719 non
2538 5666 2784 5721 eumdem
2820 5668 2985 5724 Deum
3014 5669 3265 5738 Verbum,
3294 5672 3387 5741 qui
3411 5680 3537 5729 ante
3564 5676 3759 5730 sarcula

2184 5767 2251 5809 ex
2280 5751 2437 5811 Patre
2476 5763 2630 5813 natus
2670 5772 2703 5813 e
2733 5765 2785 5826 t,
2828 5757 2882 5814 in
2912 5758 3110 5817 ultimis
3143 5762 3474 5834 temporibus
3501 5778 3568 5821 ex
3599 5765 3759 5823 hcata
