3986 6362
221 327 286 380 ’Π
1434 333 1786 394 EPISTOLzE
1827 339 1912 394 ET
1953 340 2282 399 DECRETA.
3415 353 3483 407 78

225 455 434 525 Virgine
460 453 625 510 Narin
658 455 999 514 incarnatum
1029 469 1082 517 et
1123 471 1306 518 natum
1345 479 1464 522 esse
1497 467 1708 532 fatetur,
1742 477 1789 522 ul

1905 453 2377 519 scandalizantem;
2415 467 2462 510 et
2497 458 2548 511 in
2580 475 2772 530 magna
2803 462 3144 532 trepidatione
3170 482 3260 536 per
3285 473 3482 538 tempus

218 560 356 598 unus
393 542 638 614 idemque
677 545 752 599 sit
777 545 1026 604 Christus
1064 551 1120 605 in
1153 562 1378 622 utraque
1420 562 1639 622 natura,
1671 571 1805 611 ana-

222 633 402 688 thema
427 632 520 688 sit.

640 761 918 802 'I'EBODOBI
961 765 1260 806 (ιΑῐιιτυιωι
1299 769 1349 808 IX
1361 794 1372 806 .

285 835 456 892 Istum
495 837 656 908 igitur
696 838 897 904 cirum,
925 841 982 895 in
1022 858 1122 912 quo
1163 845 1344 898 statuit
1379 847 1607 900 omnium
1634 847 1806 917 facere

213 929 466 1002 judicium
503 928 574 982 ad
600 927 760 998 fidem
790 931 1115 1001 futurorum,
1155 951 1272 988 cum
1307 939 1662 993 resuscitasset
1687 955 1804 994 eum

213 1035 280 1072 es
301 1018 524 1072 mortuis
537 1055 554 1080 ,
583 1025 635 1070 et
656 1017 892 1088 judicent
917 1021 1145 1075 omnium
1172 1021 1594 1090 demonstrasset,
1624 1042 1804 1080 secun-

215 1108 338 1160 dum
361 1105 498 1160 beati
525 1105 684 1161 Pauli
709 1123 884 1162 vocem
914 1109 1050 1181 (Act.
1081 1112 1236 1181 xvn),
1266 1114 1436 1167 meriti
1459 1123 1484 1150 ⁸
1507 1115 1705 1169 unitate
1733 1116 1803 1169 ad

215 1199 440 1267 seipsttm
480 1196 726 1268 dignatus
749 1206 831 1252 est
858 1213 879 1253 :
907 1208 956 1253 et
985 1216 1078 1270 per
1101 1201 1516 1272 conjunctionem
1541 1203 1612 1256 ad
1636 1220 1692 1259 se
1719 1206 1803 1275 fa—

215 1295 382 1351 ctam,
408 1285 594 1341 talium
623 1288 929 1358 participem
955 1289 1105 1360 fecit,
1134 1301 1192 1344 ut
1229 1300 1280 1345 et
1308 1291 1632 1349 adorationis
1657 1311 1800 1350 cont-

213 1378 513 1431 nsunionem
560 1374 804 1441 haberet;
861 1377 1096 1434 omnibus
1126 1379 1332 1452 quidem
1374 1381 1563 1437 divina:
1601 1393 1803 1439 natura:

213 1472 440 1526 debitam
474 1469 835 1525 adorationem
871 1469 1231 1538 reddentibus,
1263 1473 1802 1544 comprehendentibus

213 1569 388 1615 suum
409 1559 719 1614 adoratione
735 1567 786 1612 et
807 1559 954 1614 illum
971 1576 1120 1632 quem
1143 1561 1554 1631 inseparabiliter
1575 1564 1673 1618 scit
1693 1581 1803 1619 esse

213 1649 568 1721 conjunctum.
607 1645 692 1702 Es
730 1665 830 1720 quo
856 1649 1188 1722 manifestum
1214 1659 1311 1716 est,
1340 1653 1476 1723 quod
1503 1651 1572 1706 ad
1598 1654 1802 1726 majora

213 1758 329 1796 eam
367 1739 690 1812 perduxerit.

779 1847 954 1920 Vigilﬁ
982 1852 1268 1922 responsio.

283 1956 344 2013 In
396 1957 764 2028 suprascripto
825 1973 969 2014 nono
1019 1959 1258 2040 capitulo
1297 1960 1690 2030 coniunctionis
1744 1971 1800 2020 et

215 2049 642 2120 Inrticipationis
667 2047 945 2117 cujusdam
978 2049 1263 2116 vocabulo,
1295 2053 1448 2122 quasi
1476 2053 1573 2108 Dei
1600 2054 1668 2110 ad
1696 2055 1797 2111 ho-

211 2143 414 2196 minem
450 2139 723 2195 Christum
773 2139 928 2195 facite
947 2180 964 2206 ,
1011 2139 1208 2198 divinis
1250 2141 1496 2200 Christus
1542 2145 1800 2202 asseritur

206 2232 466 2302 operibus
491 2230 777 2295 decorari;
808 2245 906 2300 per
931 2245 1052 2300 qua:
1091 2246 1282 2288 rursus
1327 2233 1557 2290 dualitas
1594 2235 1798 2292 induci-

209 2327 299 2374 tur
325 2332 705 2388 personarum.
762 2316 821 2374 Si
847 2319 968 2389 quis
991 2318 1153 2388 igitur
1179 2320 1252 2374 ita
1279 2322 1439 2392 sapit,
1469 2322 1650 2391 docet,
1680 2340 1798 2381 cre-

213 2411 288 2466 dit
315 2420 412 2465 aut
431 2409 711 2480 praedicat,
737 2416 794 2466 et
818 2425 928 2464 non
950 2425 1114 2466 unum
1143 2411 1500 2484 eamdemque
1524 2412 1797 2472 Christum

207 2501 382 2556 Deum
402 2515 467 2555 ac
491 2499 782 2556 Dominum
810 2506 1053 2554 nostrum
1081 2502 1420 2558 manentibus
1441 2502 1496 2557 in
1525 2503 1638 2560 suis
1665 2520 1794 2576 pro.

205 2589 534 2660 prietatibus
555 2587 873 2644 diﬁcrentiis
894 2595 1229 2660 natm-arum,
1248 2590 1494 2659 agnoscit
1517 2599 1576 2648 et
1600 2592 1792 2660 credit,

201 2681 497 2734 anathema
525 2679 618 2734 sit.

665 2804 937 2846 'I'IEODOBI
965 2805 1261 2847 CAPITULO!
1289 2807 1344 2847 Χ.

278 2900 396 2973 Ego
423 2900 653 2971 quidem,
684 2916 832 2972 quem
854 2899 1054 2964 videtis,
1087 2901 1218 2955 nihil
1243 2901 1447 2971 quidem
1475 2903 1644 2974 facere
1669 2919 1790 2975 pos-

199 3010 318 3048 sunt
345 2992 628 3046 secundum
653 3007 822 3045 meam
853 3000 1112 3056 naturam,
1143 3007 1258 3046 cum
1286 2991 1435 3048 homo
1462 2995 1580 3062 sint,
1609 3011 1795 3067 operor

199 3095 376 3138 autem
395 3124 412 3149 ,
443 3085 568 3153 quia
609 3084 664 3137 in
691 3097 774 3136 me
799 3098 1015 3137 manens
1047 3081 1206 3136 Pater
1233 3083 1408 3138 omnia
1447 3085 1611 3156 facit;
1661 3103 1791 3158 quo-

1906 543 2164 610 passionis
2204 547 2508 601 constitutus
2526 589 2542 615 ,
2581 551 2907 619 apparitione
2935 554 3107 623 angeli
3135 555 3332 624 indiget
3359 573 3482 612 con-

1906 631 2147 700 fortantis
2174 649 2288 688 eum
2331 636 2402 689 ad
2437 639 2736 706 patientiam
2771 649 2820 694 et
2848 643 3177 698 tolerantiam
3209 647 3484 701 imminen-

1906 719 2031 773 tium
2059 721 2332 778 malorum.
2361 723 2484 778 Post
2511 731 2936 784 resurrectionem
2963 742 3135 788 autent
3162 748 3227 788 ex
3246 737 3478 802 mortuis,

1903 817 1954 863 et
1987 811 2042 864 in
2071 811 2224 866 ctelos
2251 829 2517 870 ascensum
2535 857 2549 881 ,
2586 819 2920 889 impossibilis
2952 825 3122 894 factus
3158 834 3210 879 et
3237 826 3480 881 immuta-

1905 898 2020 954 bilis
2050 903 2259 958 omnino
2281 944 2296 968 ,
2329 913 2378 958 et
2403 906 2473 960 ad
2501 907 2764 964 dexteram
2792 909 2890 965 Dei
2918 913 3104 968 sedens
3129 951 3144 976 ,
3167 915 3333 984 judea:
3360 917 3483 971 uni-

1902 993 2035 1046 versi
2069 1004 2145 1047 est
2181 995 2321 1051 orbis
2361 1005 2614 1054 terrarum
2636 1041 2652 1066 ,
2684 1006 2741 1056 ut
2777 1010 2895 1073 pote
2919 1005 2976 1058 in
3003 1020 3063 1060 eo
3090 1006 3266 1061 diuina
3293 1018 3484 1063 natura

1903 1085 2126 1155 faciente
2144 1087 2419 1158 judicium.

2461 1200 2641 1274 Vigilii
2665 1206 2952 1274 responsio.

1977 1307 2034 1364 in
2061 1312 2426 1384 suprascripto
2475 1315 2760 1372 undecimo
2787 1317 3022 1388 capitulo
3072 1320 3260 1375 eadem
3312 1323 3483 1394 repeti

1903 1399 2152 1455 videntur
2195 1415 2317 1470 quae
2361 1405 2606 1474 superius
2653 1405 2706 1460 in
2752 1415 2947 1477 quarto
2987 1408 3100 1476 jam
3143 1409 3287 1466 dicta
3333 1421 3476 1478 sunt,

1901 1489 2048 1558 quod
2078 1503 2205 1546 ante
2229 1493 2533 1562 passionem
2562 1494 2636 1548 ita
2666 1495 2908 1552 inﬁrmus
2943 1497 3100 1552 fuerit
3128 1498 3392 1567 Christus,
3420 1511 3477 1556 ut

1901 1583 1955 1638 in
1983 1598 2176 1654 magna
2205 1583 2564 1654 trepidatione
2590 1578 2856 1654 passionis
2893 1593 3131 1657 tempore
3159 1589 3483 1646 constitutus

1901 1673 2077 1743 angeli
2103 1673 2374 1730 videretur
2395 1675 2604 1744 eguisse
2629 1674 2846 1731 solatio.
2877 1675 3028 1744 Quod
3057 1679 3182 1748 quia
3208 1679 3356 1735 velut
3379 1696 3482 1750 pn-

1830 1803 1877 1863 Β
1903 1781 2023 1822 rum
2047 1767 2356 1863 hominem,
2379 1768 2472 1863 qui
2500 1765 2800 1863 huiusmodi
2827 1768 3040 1863 auxiliis
3068 1778 3244 1863 egeat,
3272 1771 3478 1839 signiti-

1903 1869 2030 1911 care
2057 1855 2284 1922 videtur,
2313 1855 2358 1911 si
2379 1855 2500 1926 quis
2526 1856 2600 1912 ita
2627 1857 2786 1927 sapit,
2817 1855 2996 1924 docet,
3021 1858 3192 1915 credit
3219 1868 3312 1915 aut
3339 1874 3478 1930 pra-.-

1899 1943 2072 2015 dicat,
2101 1947 2384 2002 anathema
2413 1946 2506 2002 sit.

2325 2071 2594 2112 ‘I‘IIBODORI
2621 2073 2922 2115 εΑιιιτῠιωι
2953 2077 3045 2117 XII.

1958 2165 2050 2224 Sic
2061 2167 2220 2238 igitur
2227 2175 2277 2222 et
2287 2168 2369 2221 hic
2379 2169 2808 2240 sapientissimum
2821 2171 3240 2244 [sapientissime]
3251 2175 3476 2230 omnium

1899 2255 2085 2312 habere
2093 2273 2190 2312 nos
2199 2256 2349 2312 doces
2363 2256 2554 2314 Christi
2564 2275 2789 2325 sensum,
2802 2270 3103 2316 utsanctum
3117 2262 3368 2333 Spiritum
3381 2264 3476 2317 ha-

1899 2343 2093 2400 bentem
2117 2346 2264 2401 illum
2280 2347 2365 2419 qui
2383 2349 2557 2402 sensui
2576 2347 2763 2403 Christi
2787 2348 3047 2422 [habentes
3074 2352 3219 2407 illum
3242 2355 3328 2424 qui
3349 2371 3472 2408 sen-

1897 2451 1986 2490 sus
2005 2432 2253 2506 Christo],
2278 2437 2505 2508 aliquam
2534 2439 2770 2491 uirtutem
2794 2439 3124 2509 adimplebat,
3147 2443 3472 2512 prudentiam

1896 2527 2010 2598 ejus
2039 2525 2130 2600 [ei]
2159 2535 2417 2597 prastans
2455 2527 2525 2580 ad
2563 2528 2738 2582 omnia
2765 2544 2878 2600 quo:
2903 2531 3104 2601 agenda
3128 2542 3307 2592 erant.
3340 2534 3472 2588 sicut

1895 2624 1945 2672 et
1982 2617 2038 2671 in
2087 2615 2492 2687 praecedentibus
2534 2617 2993 2674 demonstrauimus
3014 2661 3029 2686 ,
3070 2622 3206 2694 quod
3249 2621 3314 2676 ab
3358 2623 3472 2693 ipso

1895 2707 2099 2778 quidem
2119 2709 2174 2762 in
2201 2725 2424 2764 eremum
2449 2709 2517 2762 ad
2544 2711 2830 2765 certamina
2866 2727 2980 2783 quo:
3002 2721 3184 2766 contra
3213 2711 3472 2768 diabolum

1894 2805 2045 2852 erant
2069 2796 2384 2862 ducebatur;
2421 2799 2714 2854 unctionem
2747 2809 2920 2854 autem
2947 2801 3086 2855 illius
3127 2811 3176 2855 et
3204 2803 3470 2858 scientiam

1893 2891 1944 2940 et
1979 2888 2092 2944 vim
2117 2903 2290 2942 eorum
2328 2904 2442 2960 qua:
2475 2891 2681 2960 agenda
2717 2901 2867 2945 erant
2893 2891 3205 2962 accipiebat;
3243 2903 3292 2947 et
3329 2893 3470 2950 ﬁlius

1893 2979 2152 3048 particeps
2195 2979 2397 3049 factus,
2438 2994 2542 3034 non
2578 2980 2746 3034 solum
2791 2981 3043 3036 ntiracula
3084 2981 3338 3053 faciebat,
3378 2983 3470 3037 sed

1893 3068 2050 3121 etiam
2077 3069 2328 3138 quomodo
2355 3069 2432 3122 uti
2459 3069 2724 3130 oportebat
2752 3071 3015 3125 miraculis
3037 3109 3054 3136 ,
3084 3071 3275 3126 sciebat
3303 3073 3462 3127 subti-

200 3177 347 3230 niam
373 3176 513 3228 enim
534 3183 586 3227 et
605 3189 698 3244 ego
723 3173 778 3226 in
806 3171 980 3238 Patre,
1005 3181 1056 3226 et
1079 3171 1238 3226 Pater
1258 3173 1310 3227 in
1331 3189 1414 3228 me
1443 3155 1496 3244 (1
1501 3190 1624 3230 oan.
1645 3155 1787 3246 xiv);

1895 3155 2042 3222 liter,
2071 3168 2128 3212 ut
2156 3167 2330 3212 notam
2359 3158 2561 3229 quidem
2589 3160 2784 3230 faceret
2811 3161 3042 3230 gentibus
3076 3163 3343 3232 pietatem,
3371 3182 3468 3234 pa-

199 3265 347 3321 Deus
375 3275 548 3320 autem
581 3263 805 3319 Verbum
838 3265 1132 3336 unigenitus
1160 3267 1212 3318 in
1241 3282 1320 3320 me
1347 3275 1456 3331 est;
1496 3275 1688 3322 certum
1711 3280 1790 3324 est

199 3357 341 3428 quod
367 3365 419 3410 et
449 3354 614 3410 Pater
639 3371 755 3408 cum
783 3356 894 3425 ipso
939 3355 994 3408 in
1027 3372 1108 3409 me
1133 3363 1302 3424 manet
1327 3397 1344 3425 ,
1379 3364 1430 3410 et
1456 3373 1612 3426 opera
1637 3359 1784 3430 facit.

201 3445 274 3500 Et
300 3463 407 3501 non
435 3453 515 3500 est
541 3444 841 3499 mirandum
865 3444 930 3499 de
953 3443 1157 3500 Christo
1187 3445 1296 3500 hac
1323 3445 1642 3514 existimari,
1674 3463 1788 3502 cum

198 3535 465 3590 evidenter
500 3537 611 3604 ipse
643 3535 710 3588 de
732 3534 929 3588 steteris
957 3531 1248 3588 hominibus
1274 3533 1416 3588 dicat
1443 3549 1462 3589 :
1489 3532 1590 3601 Qui
1617 3535 1790 3605 diligit

199 3642 286 3682 e
311 3626 539 3682 verbum
570 3640 752 3680 meum
779 3624 1116 3690 observabit,
1149 3631 1204 3680 et
1229 3623 1392 3680 Pater
1423 3641 1576 3682 meus
1603 3627 1789 3696 diliget

197 3733 340 3784 eum,
373 3725 430 3773 et
458 3717 526 3772 ad
555 3732 681 3772 eum
708 3717 1018 3784 veniemus,
1050 3725 1107 3774 et
1133 3717 1464 3773 mansionem
1494 3720 1634 3790 apud
1663 3736 1786 3776 eum

194 3807 452 3862 faciemus
476 3806 750 3878 (Ibidem).
781 3807 844 3864 Si
867 3809 1004 3863 enim
1024 3807 1166 3880 apud
1187 3825 1590 3882 unumquemque
1608 3811 1787 3882 hujus-

195 3900 337 3954 modi
367 3900 634 3954 hominum
659 3909 711 3954 et
737 3899 900 3956 Pater
925 3909 976 3956 et
1005 3899 1052 3953 F
1055 3901 1177 3956 ilius
1201 3901 1523 3957 mansionem
1553 3903 1752 3974 faciunt
1768 3942 1782 3967 ,

192 3991 316 4062 quid
343 3991 753 4044 existimandum
779 4001 858 4046 est
879 4031 894 4056 ,
926 4000 982 4046 ut
1009 3993 1062 4048 in
1089 3991 1316 4048 Dontino
1357 3991 1637 4047 secundum
1664 4009 1784 4048 car-

192 4102 310 4149 nem
346 4085 543 4139 Christi
585 4083 736 4139 ambo
772 4085 927 4140 simul
955 4094 1260 4157 putarentur
1294 4101 1522 4153 manere,
1551 4101 1784 4140 commu-

191 4198 400 4236 manem
442 4197 620 4236 eorum
664 4182 946 4236 secundum
980 4184 1345 4251 substantiam,
1374 4183 1782 4238 communionem

189 4274 345 4325 etiam
376 4273 664 4326 mansionis
685 4274 907 4344 forsitan
926 4273 1285 4344 suscipientem
1299 4271 1326 4326 .’

741 4383 916 4457 Vig.'lii
955 4387 1238 4456 responsio.

260 4494 320 4548 in
368 4495 738 4565 suprascripto
795 4495 1006 4551 decimo
1052 4495 1290 4566 capitulo
1339 4495 1411 4550 ita
1458 4495 1511 4550 in
1560 4497 1778 4553 homine

187 4586 406 4640 Christo
457 4584 599 4640 Deus
646 4583 882 4640 Verbum
934 4586 1109 4642 inesse
1136 4586 1349 4652 dicitur,
1382 4586 1532 4642 sicut
1575 4586 1774 4657 Pater,

187 4685 245 4729 ut
269 4691 370 4746 per
390 4675 498 4730 hoc
525 4683 620 4729 aut
637 4684 693 4730 et
721 4674 881 4730 Pater
909 4676 1214 4732 incarnatus
1243 4692 1362 4732 esse
1386 4677 1644 4743 videatur,
1667 4680 1776 4735 sic-

187 4775 245 4830 ut
271 4775 329 4821 ct
353 4765 556 4832 Filius;
588 4773 680 4820 aut
709 4781 811 4821 nec
836 4765 1000 4820 Filius
1041 4767 1110 4821 sit
1138 4767 1464 4832 incarnatus,
1511 4768 1652 4822 sicut
1677 4784 1777 4824 ncc

187 4854 374 4924 Pater,
406 4864 503 4910 aut
527 4855 700 4923 magis
729 4863 954 4926 uterque
983 4855 1036 4910 in
1068 4858 1225 4912 tertia
1269 4872 1497 4927 persona
1544 4858 1775 4914 hominis

185 4947 453 5001 habitare.
488 4945 588 5012 Qui
614 4946 776 5016 igitur
802 4945 876 5000 ita
903 4948 1076 5016 sapit,
1106 4947 1294 5014 docet,
1326 4950 1500 5004 credit
1527 4958 1616 5004 aut
1648 4966 1778 5020 pne.

186 5037 346 5104 diem,
379 5036 670 5090 ariathema
699 5037 789 5090 sit.

629 5163 901 5204 TlﬂZODOlu
929 5164 1226 5205 (ιΑΡιτυιωι
1259 5166 1332 5205 ΣΙ.

253 5261 341 5318 Ita
376 5271 428 5316 et
475 5263 708 5316 animam
732 5299 748 5324 ,
781 5269 835 5313 ut
862 5269 980 5328 pote
1016 5261 1295 5315 humanam
1341 5271 1392 5316 et
1428 5261 1766 5316 immortalem

183 5357 510 5410 constitutam
529 5397 545 5418 ,
575 5363 627 5408 et
655 5369 840 5408 sensus
882 5354 1183 5424 participem
1211 5367 1353 5424 prius
1393 5355 1682 5421 accipiens,
1716 5361 1768 5407 et

183 5465 270 5518 per
295 5449 732 5504 resurrectionem
756 5447 811 5498 in
840 5445 1304 5500 immutobilitotem
1333 5447 1667 5508 constituens,
1694 5447 1768 5499 sic

182 5553 226 5595 et
253 5541 398 5596 nobis
421 5539 726 5594 earumdem
753 5538 965 5590 istorum
989 5555 1080 5604 per
1106 5538 1526 5590 resurrectionem
1553 5534 1768 5604 prcebuit

181 5635 612 5686 communionem.
679 5625 810 5680 Ιάεο
858 5636 1023 5680 autem
1067 5637 1188 5680 ante
1229 5625 1652 5678 γεειινπέτιὶοηεηι
1702 5640 1768 5676 ea:

1895 3255 2085 3303 teretur
2112 3258 2282 3303 autem
2319 3248 2665 3304 laborantium
2692 3251 3042 3321 infirmitates,
3071 3261 3120 3306 et
3147 3255 3221 3306 sic
3242 3254 3312 3307 ad
3337 3254 3464 3324 effe-

1891 3350 2028 3396 ctum
2055 3357 2204 3396 suam
2231 3341 2545 3397 uoluntatem
2579 3341 2811 3409 duceret,
2837 3351 2888 3398 et
2908 3343 3296 3416 justiﬁcobatnr
3323 3347 3463 3412 inde,

1889 3439 1940 3486 et
1960 3433 2321 3488 immaculatus
2341 3432 2720 3499 ostendebatur,
2741 3434 2846 3488 sive
2865 3435 3190 3504 reparatione
3209 3451 3462 3505 pejorum.

1890 3525 1996 3578 sive
2021 3523 2257 3581 custodia
2281 3523 2568 3587 meliorum,
2591 3523 2694 3579 sive
2713 3524 2869 3578 etiam
2891 3523 3142 3596 paulatim
3162 3525 3232 3578 ad
3249 3525 3465 3581 meliora

1889 3615 2222 3687 profectibus.

2437 3735 2616 3808 Vigilii
2645 3737 2928 3808 responsio.

1957 3846 2015 3902 In
2043 3846 2408 3918 suprascripto
2435 3845 2753 3901 duodecimo
2780 3845 3018 3916 capitulo
3045 3846 3231 3904 eadem
3260 3862 3381 3916 qua:
3409 3848 3462 3903 in

1885 3937 2116 4006 septimo
2143 3935 2380 4006 capitulo
2408 3933 2657 3990 videntur
2694 3935 2930 4005 exponi,
2961 3935 3254 3991 asserenda
3281 3936 3465 3992 Domi-

1885 4044 2012 4084 num
2041 4036 2283 4084 nostrum
2309 4027 2491 4082 lesum
2516 4024 2788 4082 Christum
2816 4041 2913 4096 per
2934 4025 3320 4081 habitationem
3344 4042 3465 4082 san-

1885 4119 1956 4175 cti
1977 4117 2208 4190 Spiritus
2229 4115 2299 4173 ad
2321 4116 2502 4176 omnia
2527 4115 2890 4181 informatum,
2913 4123 2972 4172 et
2999 4131 3095 4188 per
3122 4125 3362 4187 tempora
3393 4118 3461 4172 ad

1885 4208 2273 4280 perfectionem
2319 4207 2591 4264 unctionis
2631 4205 2747 4277 ejus
2791 4207 2990 4262 auxilio
3032 4207 3358 4278 pervenisse.
3403 4207 3460 4263 Si

1883 4301 2004 4370 quis
2033 4300 2194 4368 igitur
2221 4314 2346 4355 eum
2373 4314 2482 4355 non
2509 4313 2607 4354 sua
2645 4297 2846 4354 deitate
2873 4297 3166 4369 perfectum
3194 4314 3314 4355 esse
3349 4314 3461 4355 crc-

1883 4391 2017 4447 dens
2034 4431 2050 4458 ,
2079 4390 2173 4446 sed
2204 4398 2456 4460 tanquam
2484 4404 2680 4460 parum
2708 4389 2978 4446 hominem
3007 4390 3262 4446 unctione
3287 4393 3460 4446 sancti

1886 4480 2119 4552 Spiritus
2164 4480 2488 4551 indigentem
2532 4479 2696 4536 fuisse
2755 4480 2998 4550 adiutum
3049 4482 3232 4553 sapit,
3275 4482 3460 4554 docet,

1880 4572 2054 4629 credit
2081 4580 2173 4627 aut
2199 4571 2475 4642 prmdicat,
2505 4571 2791 4627 anathema
2819 4572 2908 4627 sit.

2303 4709 2572 4750 τηεουοιιι
2595 4709 2891 4750 ολιιιτυιωι
2921 4711 3032 4751 XIII.

1952 4805 2220 4872 Quomodo
2255 4806 2415 4878 igitur
2451 4805 2768 4873 sequentium
2805 4805 2998 4873 habet,
3035 4822 3094 4861 co
3130 4806 3267 4876 quod
3307 4809 3456 4862 homo

1879 4903 2046 4974 factus
2075 4908 2150 4955 est
2179 4898 2339 4966 Deus,
2359 4897 2564 4968 justum
2601 4897 2856 4952 hominem
2893 4897 3058 4953 Deum
3097 4897 3318 4954 Verbum
3347 4917 3458 4955 esse

1875 4993 2086 5045 dicere:
2110 4990 2156 5044 si
2183 4990 2318 5043 enim
2347 4988 2498 5043 homo
2517 4995 2593 5042 est
2619 4986 2754 5042 Deus
2791 4987 3033 5053 Verbum,
3075 4999 3130 5044 ut
3167 4993 3278 5062 ipse
3302 4993 3454 5060 dicis,

1875 5079 2166 5134 amnimode
2208 5078 2272 5131 de
2301 5077 2504 5130 homine
2541 5077 2764 5130 dicemus
2805 5093 2867 5130 ea
2895 5094 3010 5149 qua:
3037 5078 3101 5132 de
3140 5078 3250 5134 Deo
3291 5079 3456 5134 Verbo

1872 5169 2185 5240 evangelista
2209 5167 2355 5221 dicit.
2395 5163 2534 5230 Quid
2561 5174 2732 5220 autem
2759 5165 2923 5220 dicit?
2963 5166 3020 5220 In
3047 5167 3308 5238 principio
3335 5178 3454 5221 erat

1878 5257 2151 5320 Verbum,
2195 5263 2250 5310 et
2289 5253 2524 5310 Verbum
2565 5263 2682 5309 erat
2707 5252 2848 5322 apud
2877 5253 3045 5308 Deum
3069 5293 3086 5320 ,
3127 5255 3227 5308 iste
3254 5257 3454 5310 eratin

1873 5348 2134 5419 principio
2173 5345 2314 5416 apud
2347 5344 2514 5400 Deum
2547 5361 2560 5396 :
2593 5343 2772 5397 omnia
2811 5357 2909 5412 per
2934 5342 3105 5398 irsum
3137 5343 3274 5398 facta
3303 5355 3448 5407 sunt,

1872 5449 1927 5495 et
1945 5441 2061 5494 sine
2085 5439 2200 5508 ipso
2220 5435 2416 5492 factum
2437 5444 2520 5490 est
2539 5433 2672 5488 nihil
2689 5432 2834 5501 quod
2855 5431 3053 5486 factum
3073 5441 3157 5488 est
3179 5433 3356 5504 (Joan.
3380 5435 3442 5504 ι),

1873 5532 2014 5604 Ergo
2044 5533 2088 5585 si
2123 5531 2272 5584 homo
2304 5537 2380 5582 est
2411 5524 2550 5580 Deus
2583 5522 2824 5586 Verbum,
2855 5521 3082 5576 dicemus
3108 5522 3172 5576 de
3193 5525 3306 5592 ipso
3329 5540 3348 5578 :
3379 5524 3447 5579 In

1869 5621 2121 5691 principio
2143 5627 2255 5672 erat
2282 5616 2453 5679 homo,
2478 5623 2528 5668 et
2548 5613 2698 5669 homo
2718 5620 2830 5667 erat
2855 5611 2994 5683 apud
3023 5610 3206 5678 Deum,
3235 5622 3284 5666 ct
3307 5613 3446 5670 Deus

179 5727 382 5779 mortuis
411 5726 658 5791 increpat
688 5716 894 5788 quidem
931 5716 1160 5784 Petrum,
1188 5726 1242 5770 ut
1282 5717 1386 5770 suis
1416 5729 1528 5768 cun:
1563 5713 1765 5767 vocibus
1867 5721 1977 5766 erat
2008 5713 2174 5776 homo,
2201 5717 2313 5764 erat
2341 5708 2490 5762 homo
2517 5707 2569 5760 in
2599 5705 2851 5777 principio
2879 5703 3017 5776 apud
3045 5703 3238 5772 Deum;
3267 5711 3443 5764 omnia

234 5909 257 5937 s
293 5900 351 5954 ιη
381 5899 575 5954 cuilal.
625 5892 669 5957 ι,
703 5891 906 5944 merito.
938 5889 1101 5946 “sub.
