3986 6378
481 343 552 396 7")
1859 331 2080 388 “Gil.”

2186 333 2324 390 lPrE
3679 337 3761 393 80

484 470 577 525 per
620 453 784 525 ipsum
836 453 975 523 facta
1005 457 1153 515 sunt,
1183 458 1230 504 et
1269 451 1379 503 sine
1418 449 1528 519 ipso
1569 448 1760 518 factum
1805 455 1883 500 est
1928 444 2056 499 nihil
2089 453 2132 509 Α
2161 447 2246 500 die
2272 449 2677 513 resurrectionis,
2708 458 2826 518 post
2850 465 3138 505 ascensum.
3170 449 3245 507 Et
3268 451 3400 506 illud
3429 461 3597 509 tamen
3624 455 3758 509 ani-

484 543 623 613 quod
640 545 832 616 factum
857 551 951 595 est.
981 539 1044 595 Si
1065 541 1201 594 enim
1227 540 1375 594 homo
1403 550 1478 592 est
1502 537 1636 591 Deus
1667 534 1908 604 Verbum,
1931 537 2063 590 sicut
2165 539 2582 594 madvertendam
2621 549 2718 601 est,
2760 541 2897 612 quod
2924 542 2970 597 si
2996 541 3062 596 ab
3100 543 3366 613 insit/flatu
3394 548 3757 616 suscepissent

487 633 645 699 dicis,
675 632 971 687 convenient
1012 630 1189 685 omnia
1225 629 1326 700 ipsi
1351 645 1466 701 qua:
1495 629 1558 682 de
1595 627 1700 682 Deo
1743 626 1909 681 Verbo
1937 627 2063 680 dicit

486 722 822 794 euangelista.

1042 834 1220 906 Vigilii
1247 833 1530 904 responsio.

555 927 618 982 In
644 926 1011 998 suprascripto
1038 925 1248 981 decimo
1271 924 1430 978 tertio
1458 922 1695 993 capitulo
1716 920 1900 990 negari
1921 919 2066 974 vide-

478 1028 576 1075 tur
603 1019 773 1074 Deum
798 1016 1032 1074 Verbum
1061 1016 1330 1071 hominem
1361 1014 1579 1081 factum,
1601 1022 1656 1068 et
1682 1025 1864 1067 rursus
1891 1009 2066 1065 homi-

490 1128 615 1170 nem
647 1111 880 1169 Verbum
905 1109 1074 1165 Deum
1103 1123 1242 1174 esse,
1271 1116 1329 1163 ut
1355 1123 1452 1177 per
1472 1106 1575 1162 hoc
1604 1105 1905 1173 inducatur,
1932 1105 2071 1160 sicut

491 1205 737 1277 superius
783 1205 985 1261 dictum
1032 1211 1157 1270 est,
1187 1201 1418 1257 dualitas
1446 1213 1815 1270 personarum.
1863 1195 1921 1252 Si
1949 1195 2071 1266 quis

490 1299 654 1367 igitur
679 1297 753 1352 ita
794 1295 967 1366 sapit,
997 1293 1186 1357 docet,
1218 1289 1392 1347 credit
1419 1296 1512 1347 aut
1539 1288 1796 1360 praedicat
1819 1325 1835 1351 ,
1872 1295 1929 1342 et
1960 1300 2071 1341 non

489 1386 690 1457 potius,
723 1392 976 1441 manente
1009 1382 1063 1439 in
1090 1381 1317 1437 Domino
1347 1379 1460 1435 Deo
1486 1386 1675 1435 nostro
1701 1375 1828 1433 Jesu
1855 1375 2071 1433 Christo

494 1475 969 1534 inconvertibiliter
987 1483 1149 1545 atque
1170 1473 1392 1528 indivise
1415 1469 1712 1527 dilicrcntia
1734 1480 2067 1535 naturarum,

491 1567 571 1625 sic
597 1584 703 1623 una
721 1582 983 1638 persona,
1011 1565 1124 1621 sive
1152 1563 1496 1620 subsistentia
1525 1561 1641 1632 ejus
1669 1576 1788 1617 esse
1815 1557 2071 1627 creditur,

490 1672 555 1719 ut
573 1671 628 1718 et
648 1662 788 1719 Deus
811 1660 1047 1716 Verbum
1070 1659 1189 1715 sine
1218 1657 1326 1715 ulla
1353 1655 1546 1712 divina:
1574 1661 1779 1710 natura;
1807 1667 1918 1708 sine
1945 1667 2072 1707 con-

2168 627 2444 696 Spiritum,
2474 645 2579 683 non
2601 630 2830 685 diceret:
2854 631 3114 702 Accipite,
3143 637 3255 701 sed,
3284 639 3525 706 quoniam
3542 640 3763 708 occepi-

2165 719 2290 781 stis;
2320 717 2416 771 hoc
2435 719 2572 771 enim
2593 718 2729 790 quod
2754 719 2946 775 dictum
2972 729 3084 775 est:
3110 721 3371 792 Accipite,
3397 725 3478 779 Itis
3504 727 3755 781 convenit

2167 807 2252 878 qui
2273 808 2501 862 nondum
2527 819 2855 880 acceperunt.

2701 919 2880 992 Vigilii
2917 925 3211 993 responsio.

2237 1011 2296 1066 In
2345 997 2711 1083 suprascripto
2756 1013 2967 1069 decimo
3012 1015 3204 1086 quinto
3244 1017 3483 1087 capitulo
3524 1019 3759 1086 dicitur,

2168 1104 2295 1171 quia
2341 1101 2623 1157 insumans
2650 1101 2906 1159 Dominus
2932 1114 3120 1159 noster
3141 1104 3299 1161 Jesus
3337 1107 3585 1165 Christus
3621 1119 3761 1181 post

2169 1193 2619 1249 resurrectionem
2649 1208 2804 1249 suam
2834 1193 2888 1248 in
2916 1194 3079 1250 iacies
3111 1195 3494 1268 discipulorum
3521 1213 3759 1255 suorum

2169 1300 2280 1342 non
2307 1285 2515 1341 dederit
2538 1285 2617 1339 eis
2636 1283 2895 1355 Spiritum
2916 1293 3186 1354 sanctum,
3208 1288 3303 1342 sed
3324 1289 3556 1345 dandum
3582 1293 3764 1360 signi-

2171 1373 2410 1431 ﬁcaverit
2439 1392 2453 1428 :
2485 1381 2546 1431 ut
2570 1391 2669 1446 per
2694 1376 2801 1431 hoc
2836 1382 2930 1430 aut
2968 1377 3170 1434 veritas
3196 1378 3312 1448 ipsa
3343 1379 3525 1451 (quod
3564 1383 3762 1453 absit)

2168 1474 2391 1536 putetur
2414 1482 2536 1523 esse
2558 1467 2803 1532 mentita,
2835 1475 2929 1522 aut
2956 1476 3212 1537 tanquam
3254 1486 3445 1540 purum
3472 1473 3765 1529 hominem

2172 1555 2267 1613 illo
2296 1556 2426 1611 llatu
2454 1571 2567 1611 non
2590 1556 2839 1612 habuisse
2867 1557 3012 1624 quod
3035 1557 3224 1624 daret,
3250 1567 3345 1614 aut
3370 1559 3503 1617 dare
3527 1563 3765 1619 minime

2171 1647 2429 1719 potuisse.
2462 1646 2519 1704 Si
2543 1648 2665 1718 quis
2684 1649 2847 1718 igitur
2866 1649 2981 1704 lucc
3004 1649 3081 1704 ita
3105 1651 3264 1719 sapit,
3287 1650 3449 1708 docet
3490 1663 3585 1710 aut
3612 1671 3766 1726 prie-

498 1751 844 1811 vertibilitate
871 1750 1035 1804 homo
1064 1762 1213 1813 esse,
1246 1754 1301 1801 ct
1329 1752 1600 1814 assumpta
1626 1740 1933 1797 humanitas
1956 1753 2078 1810 pro-
2106 1807 2141 1814 ,Α
2173 1737 2336 1802 dicat,
2364 1738 2652 1794 anathema
2681 1739 2769 1793 sit.

496 1851 618 1915 pter
653 1841 1079 1910 singularitatem
1125 1852 1368 1910 persona:
1412 1833 1890 1893 inconvertibiliter
1933 1831 2074 1889 Deus
2105 1807 2146 1867 υ

497 1947 619 1988 esse
646 1931 915 1994 credatur,
947 1928 1230 1982 anathema
1256 1927 1346 1980 sit.

911 2050 1181 2095 THEODORI
1207 2049 1509 2091 ωριτυιυι
1536 2048 1648 2089 XIV.

570 2136 596 2166 ι
625 2125 744 2181 Hoc
767 2126 969 2198 quidem
994 2125 1116 2196 quid
1135 2131 1232 2190 est,
1257 2123 1334 2178 Ad
1358 2122 1569 2179 Patrem
1589 2136 1768 2178 meum
1792 2130 1847 2177 et
1868 2119 2080 2177 Patrem

498 2228 740 2281 vestrum
764 2262 780 2286 ,
810 2228 866 2277 et
902 2220 1067 2275 Deum
1096 2233 1274 2274 meum
1304 2222 1360 2274 et
1393 2217 1561 2272 Deum
1596 2225 1832 2271 vestrum
1885 2212 2076 2286 (Joan.

503 2312 640 2385 xx)?
669 2311 838 2366 Nemo
864 2311 938 2365 sic
968 2310 1176 2364 demens
1206 2319 1317 2373 est,
1355 2316 1411 2361 ut
1445 2307 1538 2361 alii
1578 2306 1783 2361 cuidam
1813 2307 2080 2361 convenire

476 2401 691 2456 «liceret
711 2441 725 2466 ,
764 2401 866 2455 nisi
911 2397 1096 2468 templo
1141 2396 1238 2452 Dei
1276 2397 1429 2452 Verbi
1466 2403 1729 2468 assumpto
1772 2412 1868 2466 pro
1901 2403 2082 2449 nostra

500 2492 667 2546 salute
694 2490 906 2555 homini,
929 2490 1015 2558 qui
1042 2497 1119 2542 est
1148 2495 1399 2554 mortuus,
1420 2495 1470 2543 et
1497 2487 1799 2553 resurrexit,
1823 2494 1873 2540 et
1901 2502 2083 2541 ascen-

503 2596 650 2635 surus
679 2588 809 2634 esset
836 2581 890 2633 in
920 2578 1092 2642 caelos,
1130 2584 1179 2630 et
1203 2587 1401 2647 patrem
1429 2575 1527 2630 sibi
1561 2574 1772 2630 ascribit
1798 2592 1913 2630 cum
1934 2575 2086 2631 disci-

503 2672 637 2743 pulis
657 2672 765 2727 suis
794 2670 981 2738 Deum,
1008 2679 1057 2724 et
1084 2671 1193 2740 ipse
1217 2671 1387 2741 gratia
1407 2669 1735 2740 adaptionem
1762 2671 1972 2724 meritus
1993 2685 2011 2723 :
2033 2678 2083 2723 et

501 2761 671 2816 Deum
699 2778 848 2816 suum
876 2760 1138 2833 appellat,
1168 2763 1289 2834 quia
1320 2775 1435 2815 cum
1471 2761 1668 2815 caneris
1698 2759 1982 2816 hominibus
2006 2761 2082 2815 si-

502 2853 694 2908 militer
721 2861 776 2906 ut
803 2860 935 2906 esset
977 2853 1192 2924 accepit.
1243 2850 1393 2907 Unde
1432 2861 1642 2923 propter
1668 2854 2083 2909 communitatem

500 2924 706 3015 quidem
737 2950 968 3012 naturis,
1005 2940 1215 2997 Patrem
1245 2958 1408 2996 meum
1436 2951 1484 2996 et
1512 2940 1724 2996 Patrem
1748 2952 1969 2997 vestrum
1995 2942 2083 2998 di-

494 3032 601 3098 cit,
632 3040 681 3086 et
710 3028 878 3086 Deum
913 3048 1080 3086 meum
1120 3041 1170 3086 et
1211 3029 1397 3113 Deum‘
1420 3040 1661 3086 vestrum.
1698 3030 1884 3086 Disisit
1915 3041 2085 3088 autem

504 3126 692 3178 iterum
717 3139 865 3179 suam
901 3140 1175 3194 personam
1201 3125 1359 3194 ipsis,
1387 3123 1697 3194 principium
1719 3124 1906 3194 gratia’
1929 3123 2085 3196 signi-

503 3212 700 3283 ﬁcans,
727 3222 935 3284 propter
959 3230 1114 3286 quam
1151 3212 1221 3267 ad
1250 3213 1415 3268 Deum
1452 3211 1674 3268 Verbum
1718 3212 2082 3284 conjunctione

501 3303 557 3357 in
583 3304 696 3359 loco
720 3304 828 3359 ueri
856 3300 985 3359 Filii
1017 3301 1082 3358 ab
1118 3302 1356 3358 omnibus
1385 3302 1670 3358 honoratur
1697 3300 2006 3356 hominibus.

1042 3413 1218 3486 Vigilii
1241 3415 1529 3485 responsio.
1563 3478 1573 3489 .

574 3504 634 3561 In
680 3504 1046 3575 suprascripto
1093 3511 1288 3574 quarto
1315 3503 1526 3560 decimo
1569 3504 1806 3575 capitulo
1854 3519 1952 3576 per
1979 3504 2084 3562 hoc

503 3593 647 3663 quod
675 3593 868 3663 legitur
893 3593 946 3648 in
973 3591 1300 3661 Evangelio:
1331 3591 1567 3648 Ascendo
1586 3593 1658 3647 ad
1688 3591 1895 3649 Patrem
1915 3608 2083 3651 meum

504 3695 553 3738 et
587 3684 796 3739 Patrem
823 3693 1072 3748 uestrum,
1124 3683 1289 3737 Deum
1330 3699 1500 3738 meum
1549 3691 1599 3738 et
1649 3682 1818 3738 Deum
1865 3693 2084 3740 uestrum

507 3773 686 3843 (Joan.
716 3776 842 3844 xx),
872 3774 946 3829 ita
991 3773 1320 3843 intelligitur,
1349 3773 1495 3843 quod
1521 3773 1676 3830 Jesus
1700 3773 1947 3830 Christus
1972 3773 2084 3831 Do-

505 3864 681 3918 minus
707 3873 762 3918 et
793 3863 931 3918 Deus
957 3871 1162 3926 noster,
1193 3864 1332 3920 sicut
1350 3864 1529 3919 caeteri
1551 3864 1818 3928 homines,
1848 3864 2082 3933 gratiam

506 3950 840 4023 adoptionis,
887 3961 948 4007 It
984 3951 1152 4008 Filius
1186 3953 1283 4008 Dei
1310 3953 1582 4010 diceretur
1603 3993 1620 4020 ,
1672 3954 1979 4024 acceperit,
2028 3964 2086 4011 et

502 4041 655 4112 quasi
678 4057 777 4112 per
799 4040 1235 4113 coniunctionem
1262 4044 1333 4098 ad
1362 4043 1531 4100 Deum
1555 4042 1793 4099 Verbum
1821 4043 1876 4099 in
1905 4043 2085 4100 locum

503 4130 617 4186 teri
631 4129 751 4187 Filii
771 4131 842 4187 ab
862 4130 1117 4187 ominibus
1138 4131 1416 4186 adoretur.
1433 4130 1590 4199 Quod
1614 4133 1661 4189 si
1685 4132 1809 4203 quis
1833 4132 1907 4188 ita
1920 4135 2082 4204 sapit,

503 4220 681 4287 docet,
710 4220 885 4277 audit
916 4230 1013 4277 aut
1043 4223 1331 4292 praedicat,
1361 4230 1418 4277 es
1457 4238 1569 4278 non
1611 4223 1782 4291 magis
1805 4237 1971 4279 unum
1995 4223 2084 4281 Je-

505 4325 626 4366 ωσι
671 4310 944 4368 Christum
987 4311 1184 4369 Filium
1227 4311 1408 4369 Deiot
1432 4313 1715 4370 Dalﬁnum
1753 4325 2000 4372 nostrum
2030 4317 2085 4373 in

504 4398 713 4456 duabus
740 4397 1037 4458 inanimis
1056 4408 1114 4457 et
1138 4400 1586 4473 inseparabilibns
1612 4402 1863 4471 intelligit
1887 4412 1944 4459 et
1964 4419 2086 4460 ere-

504 4491 586 4547 dit
609 4504 732 4550 esse
751 4494 978 4561 naturis,
1007 4493 1301 4550 anathema
1324 4493 1416 4549 sit.

943 4621 1210 4664 τιιιεουοιιι
1239 4622 1300 4663 CA
1307 4622 1539 4664 PITULUI
1560 4620 1649 4663 XV.

577 4690 694 4749 lloc
713 4694 849 4766 quod
869 4695 1060 4751 dictum
1084 4705 1197 4752 est:
1219 4696 1480 4768 Accipite,
1511 4714 1608 4769 pro
1624 4698 1910 4769 accipietis,
1932 4699 2079 4754 dicit.

507 4780 570 4836 Si
594 4783 731 4838 enim
758 4799 875 4839 cum
917 4785 1262 4856 insuﬁiasset,
1292 4785 1546 4858 Spiritum
1575 4786 1796 4842 dedisset
1821 4789 2085 4856 discipulis

511 4874 670 4944 (quod
691 4874 842 4930 ualde
867 4877 1071 4948 quidem
1091 4876 1246 4932 stulte
1271 4878 1737 4948 existimaverunt),
1768 4878 2083 4950 super/luunt

502 4977 616 5021 erat
637 4967 806 5023 dicere
832 4979 1010 5037 postea
1035 4971 1136 5036 his,
1158 4979 1210 5026 et
1235 4971 1460 5025 maxime
1489 4979 1717 5041 tempore
1745 4985 1989 5025 ascensus
2027 4968 2084 5026 in

507 5056 658 5112 rmlos
698 5073 800 5113 non
828 5061 1063 5130 separari
1101 5057 1166 5113 ab
1211 5058 1507 5115 Jerusalem
1526 5098 1543 5124 ,
1592 5059 1685 5114 sed
1724 5064 2084 5129 exspectarent

507 5149 852 5224 (exspectare)
873 5153 1268 5224 promissionem
1297 5153 1559 5225 Spiritus;
1586 5155 1703 5208 etin
1724 5153 2082 5225 sequentibus:

505 5240 613 5295 Sed
641 5243 918 5313 accipietis
937 5244 1215 5312 virtutem,
1235 5244 1651 5315 superveniente
1670 5242 1875 5314 Spiritu
1895 5251 2086 5298 sancto

503 5330 558 5386 in
589 5347 687 5388 vos
715 5334 853 5406 (Act.
878 5335 941 5406 ι).
971 5335 1260 5392 Adventum
1281 5344 1454 5390 autem
1478 5337 1649 5407 ipsum
1672 5337 1840 5391 sancti
1859 5335 2089 5406 Spiritus

502 5438 657 5493 super
669 5424 952 5498 discipulos
977 5425 1144 5484 Luca
1161 5430 1357 5500 factum
1377 5444 1488 5484 esse
1515 5427 1640 5483 dicit
1660 5427 2084 5500 quinquagesimo

577 5590 601 5616 ἰ
630 5578 832 5652 Eadem
864 5589 1115 5652 excerpta
1145 5580 1430 5652 Theodori.
1464 5596 1632 5648 usque
1657 5581 1724 5652 ad
1751 5598 1869 5652 cap.
1902 5580 1971 5636 60
1999 5580 2085 5634 in-

507 5647 740 5772 ClllSiVﬁ,
799 5650 948 5719 legas
991 5647 1047 5706 ct
1099 5651 1151 5705 in
1199 5650 1365 5706 Cone.
1400 5651 1439 5703 ν
1471 5647 1652 5707 collat.
1684 5651 1736 5719 4,
1772 5647 1960 5707 eodem
1993 5664 2085 5703 ca-

508 5727 638 5785 pite.
722 5735 843 5773 suo.
915 5751 919 5755 ν

2593 1867 2862 1907 Tal-100081
2889 1868 3191 1908 ολιιιτυιωι
3214 1869 3320 1908 XVI.

2249 1938 2384 1994 Dicit
2413 1939 2483 1994 ad
2528 1938 2821 1994 Thomam:
2857 1939 2997 1995 luler
3032 1942 3257 2010 digitum
3304 1948 3457 1996 tuum
3502 1941 3648 2006 huc,
3700 1949 3769 1999 et

2176 2029 2299 2085 vide
2327 2044 2517 2085 manus
2541 2045 2725 2096 meas;
2755 2037 2813 2085 et
2838 2031 3053 2101 porrige
3074 2046 3291 2087 manum
3321 2039 3488 2098 tuam,
3520 2042 3576 2087 et
3599 2032 3769 2089 mitte

2176 2120 2229 2175 in
2258 2120 2397 2175 latus
2430 2135 2641 2184 meum.
2685 2128 2741 2176 et
2766 2121 2875 2176 noli
2903 2136 3024 2176 esse
3068 2121 3410 2189 incredulus,
3456 2121 3551 2176 sed
3580 2122 3767 2177 ﬁdelis

2180 2213 2359 2286 (Joan.
2394 2229 2461 2268 xx
2488 2212 2506 2282 )
2632 2209 2914 2281 Quoniam,
2943 2214 3091 2282 dicit,
3131 2230 3234 2268 non
3261 2214 3450 2282 credis,
3480 2223 3530 2269 et
3555 2223 3765 2270 tactum

2179 2307 2345 2359 solum
2379 2306 2608 2375 sat/ﬁcere
2651 2303 2745 2359 tibi
2785 2306 2855 2359 ad
2888 2306 3200 2360 credendum
3234 2315 3386 2377 putas
3426 2307 3577 2376 (lucc
3613 2309 3767 2363 enim

2180 2395 2354 2449 dicens
2385 2411 2489 2449 non
2513 2411 2594 2449 me
2618 2395 2874 2463 latuisti),
2915 2405 3069 2467 tange
3094 2413 3249 2450 manu
3265 2437 3282 2461 ,
3308 2405 3357 2450 et
3396 2413 3523 2467 cape
3548 2398 3769 2467 experi-

2180 2495 2436 2549 mentum,
2467 2494 2516 2539 et
2545 2485 2684 2539 disce
2711 2485 2949 2552 credere,
2991 2495 3042 2540 et
3082 2503 3186 2540 non
3231 2487 3479 2556 difﬁdere.
3530 2485 3769 2542 Thomas

2181 2577 2386 2648 quidem
2427 2593 2543 2630 cum
2578 2577 2655 2632 sic
2694 2577 3028 2645 credidisset,
3068 2577 3326 2632 Dominus
3352 2592 3505 2633 uicus
3535 2585 3591 2633 et
3612 2575 3770 2632 Deus

2183 2682 2352 2732 meus,
2383 2667 2509 2720 dicit
2543 2683 2563 2722 :
2603 2665 2728 2722 Non
2770 2668 2937 2738 ipsum
2978 2666 3256 2721 Dominum
3282 2676 3332 2721 et
3366 2664 3533 2720 Deum
3554 2667 3765 2722 dicens.

2184 2756 2307 2817 Non
2333 2759 2470 2812 enim
2498 2759 2888 2813 resurrectionis
2915 2759 3128 2813 scientia
3155 2757 3371 2814 docebat
3394 2759 3549 2812 etiam
3593 2757 3771 2812 Deum

2183 2865 2292 2904 esse
2316 2866 2430 2904 eum
2457 2852 2544 2923 qui
2572 2851 2884 2915 resurrexit,
2915 2850 3006 2904 sed
3033 2850 3179 2921 quasi
3216 2866 3311 2918 pro
3339 2850 3589 2905 miraculo
3617 2850 3770 2922 facto

2185 2934 2350 2994 Deum
2379 2938 2660 2994 collaudat.

2720 3046 2901 3121 Vigilii
2937 3045 3224 3118 responsio.

2257 3138 2315 3194 ln
2349 3139 2713 3210 suprascripto
2737 3138 2948 3196 decimo
2973 3147 3128 3195 sexto
3154 3139 3389 3212 capitulo
3421 3136 3488 3194 de
3515 3137 3609 3193 illo
3635 3137 3773 3196 loco

2184 3226 2459 3297 Evangelii
2505 3228 2596 3283 ubi
2643 3226 2879 3285 Thomas
2918 3229 3196 3300 apostolus
3242 3228 3468 3300 palpans
3508 3228 3707 3298 ﬁguras
3736 3234 3775 3276 δ

2183 3319 2457 3376 clavorum
2477 3318 2610 3377 dixit
2627 3338 2641 3375 :
2656 3318 2908 3377 Dominus
2927 3337 3071 3376 meus
3091 3331 3139 3376 et
3153 3318 3295 3376 Deus
3319 3336 3462 3377 meus
3486 3318 3773 3392 (Ibidem),

2183 3411 2441 3466 asseritur
2465 3410 2612 3482 quod
2638 3409 2873 3467 Thomas
2899 3409 3182 3482 apostolus
3216 3425 3326 3467 non
3366 3409 3540 3481 ipsum
3576 3407 3774 3466 losum

2183 3499 2455 3557 Christum
2494 3501 2782 3559 Dominum
2809 3500 3086 3573 Deumque
3111 3499 3390 3557 confessus
3415 3501 3519 3566 sit,
3554 3510 3610 3556 et
3633 3500 3773 3570 quia

2184 3591 2594 3648 resurrectionis
2621 3590 2900 3648 scientiam
2930 3607 3038 3648 non
3061 3591 3307 3658 doceret,
3342 3590 3431 3647 vel
3462 3590 3589 3661 quia
3619 3589 3775 3648 Deus

2183 3692 2327 3738 esset
2365 3682 2459 3753 qui
2487 3683 2811 3748 resurrexit,
2859 3682 2955 3739 sed
2977 3683 3103 3753 quia
3138 3683 3308 3754 magis
3350 3698 3450 3754 pro
3493 3681 3772 3739 miraculo

2183 3771 2326 3828 facto
2365 3770 2597 3829 Thomas
2635 3772 2910 3845 apostolus
2957 3772 3126 3829 Deum
3172 3771 3487 3829 laudaverit.
3534 3770 3592 3827 Si
3635 3772 3774 3844 quis

2184 3862 2346 3935 igitur
2369 3863 2483 3921 haec
2511 3864 2584 3919 ita
2621 3863 2801 3935 sapit,
2844 3863 3035 3930 docet,
3068 3863 3240 3920 credit
3268 3871 3363 3919 aut
3399 3862 3679 3935 prmdicat,
3710 3874 3777 3920 et

2185 3969 2293 4010 non
2317 3955 2496 4026 potius
2523 3952 2743 4011 Thomas
2768 3955 3108 4013 confessione
3138 3963 3192 4012 et
3222 3970 3412 4012 verum
3442 3955 3611 4011 Deum
3639 3969 3775 4013 esse

2181 4040 2366 4100 Jesum
2405 4042 2676 4101 Christum
2713 4052 2771 4102 et
2808 4046 2862 4101 in
2899 4062 3026 4105 vera
3048 4046 3220 4102 carne‘
3251 4061 3372 4102 eum
3399 4047 3772 4105 resurrexisse

2185 4134 2513 4191 declaratum
2543 4136 2739 4206 credit,
2761 4138 3047 4193 anathema
3071 4138 3159 4193 sit.

2589 4264 2863 4306 τιιεοοοιι
2890 4265 3190 4305 CAPITULO.
3221 4266 3347 4306 ΧἮΙ.

2256 4334 2358 4391 Ille
2377 4346 2549 4391 autem
2574 4338 2707 4392 dixit
2733 4348 2969 4410 oportere
2997 4341 3351 4410 paenitentiam
3373 4357 3529 4412 agere
3556 4357 3648 4396 ecs
3667 4359 3772 4412 pro

2185 4427 2350 4482 crucis
2370 4427 2661 4499 iniquitate,
2673 4437 2722 4482 et
2735 4438 3070 4500 agnoscentes
3087 4427 3411 4485 Salvatorcm
3432 4439 3481 4484 et
3502 4441 3774 4488 auctorem

2109 4548 2160 4611 Β
2186 4516 2432 4573 bonorum
2472 4520 2701 4574 omnium
2727 4519 2907 4574 Iesum
2933 4518 3194 4611 Christum
3216 4561 3233 4586 ,
3277 4522 3520 4593 quoniam
3553 4531 3774 4593 propter

2183 4608 2289 4662 ista
2327 4611 2556 4681 pervenit
2593 4618 2645 4665 et
2683 4618 2977 4682 assumptus
3005 4619 3083 4666 est
3111 4610 3176 4666 de
3208 4612 3385 4667 diuina
3424 4619 3659 4681 natura,
3710 4614 3771 4669 in

2182 4702 2355 4773 ipsum
2381 4702 2540 4774 ﬁdem
2567 4706 2844 4775 suscipere,
2892 4713 2945 4760 et
2984 4705 3098 4777 ejus
3125 4706 3408 4777 discipulos
3446 4707 3594 4778 ﬁeri,
3645 4716 3774 4763 ante

2185 4792 2361 4846 omnia
2379 4802 2552 4848 autem
2572 4793 2643 4848 ad
2663 4793 2921 4862 baptisma
2947 4795 3276 4860 accedentes;
3297 4797 3434 4867 quod
3461 4797 3571 4865 ipse
3599 4796 3774 4850 tradi-

2186 4881 2259 4936 dit
2286 4883 2454 4946 nobis,
2483 4884 2958 4954 praformationcm
2988 4886 3193 4957 quidem
3231 4885 3425 4941 habens
3451 4887 3772 4957 sperationis

2185 4973 2494 5043 futurorum,
2534 4974 2592 5027 in
2631 4975 2840 5030 nomine
2878 4986 3050 5029 autem
3088 4975 3447 5031 celebrandum
3477 4976 3686 5043 Patris,
3720 4988 3774 5032 et

2188 5061 2340 5129 Filii,
2371 5072 2421 5117 et
2451 5063 2677 5133 Spiritus
2706 5066 2876 5120 sancti
2904 5080 2924 5120 :
2957 5065 3052 5120 hoc
3087 5067 3224 5120 enim
3264 5066 3401 5139 quod
3427 5075 3524 5122 cst.
3567 5065 3640 5122 Ut
3668 5067 3738 5121 ha
3760 5098 3772 5111 ο

2189 5153 2420 5223 ptizetur
2439 5156 2804 5224 unusquisque
2826 5154 2878 5210 in
2906 5156 3124 5211 nomine
3145 5155 3274 5212 Jesu
3300 5155 3497 5213 Christi
3521 5158 3659 5227 (Act.
3684 5157 3771 5228 tt),

2188 5260 2294 5299 non
2341 5243 2435 5299 hoc
2463 5244 2589 5298 dicit
2627 5254 2684 5300 ut
2711 5248 3026 5303 vocationem
3043 5262 3157 5318 quae
3183 5247 3238 5301 in
3261 5249 3469 5302 nomine
3495 5245 3698 5311 Patris,
3722 5255 3773 5302 et

2189 5335 2338 5400 Filii,
2367 5346 2418 5391 et
2446 5336 2675 5406 Spiritus
2695 5341 2862 5392 sancti
2888 5346 2983 5405 est,
3011 5339 3372 5411 relinquentes,
3401 5338 3585 5394 Iesum
3612 5339 3772 5394 Chri-

2188 5436 2322 5480 stum
2347 5427 2403 5481 in
2432 5426 2737 5497 baptismate
2757 5439 2964 5499 vocent,
2995 5431 3085 5486 sed
3111 5433 3261 5502 quale
3286 5432 3380 5486 hoc
3409 5441 3515 5498 est,
3544 5432 3682 5504 quod
3710 5432 3770 5485 in

2196 5649 2234 5704 ῃ
2264 5577 2292 5618 ι’
2329 5579 2380 5632 ιιι
2411 5581 2622 5650 vulgata
2662 5580 2914 5646 elitione,
2949 5585 3170 5654 ﬁxurus,
3198 5594 3249 5640 et
3283 5585 3420 5654 apud
3450 5586 3667 5642 Baronis
3691 5606 3768 5646 m.

2247 5667 2360 5704 mo.

2247 5667 2360 5704 λιιι).
