3986 6390
216 388 268 445 ει
1068 435 1072 438 -
1423 393 1777 452 ΕΡΙΞΤΟΙΛΕ
1818 395 1824 450 J

1944 394 2282 450 DECRETA.

3429 400 3510 458 82

229 505 380 581 Moyse
405 510 682 583 baptizati
719 525 843 570 sunt
879 517 930 570 in
959 514 1088 568 nube
1115 523 1163 568 et
1202 513 1256 566 in
1291 511 1455 572 mari,
1500 520 1557 563 ut
1602 511 1810 576 diceret,
1843 516 1888 571 A
1917 527 1978 564 eo
1997 519 2074 564 est
2095 525 2294 580 semper
2312 511 2399 580 qui
2423 521 2714 581 assumptus
2737 521 2847 576 est;
2873 521 2923 566 et
2946 531 3046 568 non
3079 515 3372 570 mirandum
3398 527 3496 580 cst,

234 603 326 675 quia
347 601 437 656 sub
461 604 608 658 nube
638 614 694 658 et
718 609 857 660 mari
888 603 1256 674 gyptiorum
1279 601 1504 671 separati
1524 609 1664 665 sunt,
1695 600 1820 654 libe-

239 694 322 746 rati
345 707 524 746 eorum
549 695 828 757 servitute,
861 704 917 746 ut
950 693 1144 762 ,ilogsis
1165 691 1298 761 leges
1322 689 1642 743 attenderem
1671 704 1688 742 :
1720 687 1822 741 tale

247 783 324 837 hoc
348 790 442 844 est,
463 792 521 834 ut
547 797 670 836 cum
701 784 778 835 ad
803 785 973 852 ipsum
1001 783 1336 834 accessissent
1363 787 1609 848 tanquam
1633 777 1821 832 Salva-

252 885 390 930 torem
415 883 463 928 et
490 877 726 928 omnium
752 873 1004 928 bonorum
1039 881 1297 926 auctorem
1327 879 1376 924 et
1402 871 1662 924 doctorem
1683 869 1823 922 veri-

251 966 389 1031 tatis,
433 965 496 1018 ab
535 967 684 1034 ipso,
737 972 946 1032 utpote
989 971 1200 1016 auctore
1242 959 1490 1015 bonorum
1518 968 1568 1012 et
1614 959 1822 1013 doctore

249 1054 488 1119 ueritatis,
508 1059 838 1118 uocarentur,
861 1049 1238 1104 sicutomnibus
1255 1049 1546 1104 hominibus
1570 1064 1821 1120 quamque

247 1153 430 1195 sectam
477 1142 806 1212 sequentibus
839 1139 1152 1194 consuetudo
1193 1147 1271 1193 est
1309 1139 1374 1192 ab
1416 1139 1528 1209 ipso
1567 1137 1820 1208 dogmatis

245 1233 499 1285 inventore
527 1232 721 1295 vocari,
750 1241 807 1283 ut
835 1229 1115 1296 Platonici,
1151 1227 1410 1298 Epicurei,
1444 1227 1740 1292 Manichwi,
1770 1236 1820 1282 et

247 1319 615 1386 Hareionistas,
638 1330 687 1374 et
711 1323 755 1375 si
777 1321 988 1392 quidam
1017 1321 1144 1374 tales
1169 1319 1448 1373 dicuntur:
1477 1319 1655 1374 eodem
1681 1319 1819 1373 enim

245 1412 390 1464 modo
405 1417 453 1462 et
472 1427 568 1464 nos
587 1411 848 1464 nominari
860 1408 1182 1464 Christianos
1192 1408 1554 1480 judicaverunt
1574 1409 1818 1478 apostoli,

245 1513 484 1574 tauquam
511 1519 605 1571 per
631 1503 727 1556 hoc
754 1512 950 1555 certum
979 1501 1244 1572 facientes,
1275 1499 1414 1571 quod
1440 1499 1590 1552 istius
1631 1499 1823 1553 doctri-

243 1611 362 1647 nam
384 1603 586 1663 oportet
613 1593 882 1647 attendere
907 1609 924 1648 :
950 1591 1026 1647 sic
1053 1602 1101 1646 et
1129 1591 1264 1663 quod
1294 1590 1357 1644 ab
1386 1593 1497 1661 ipso
1526 1590 1704 1644 datum
1743 1598 1821 1644 est

241 1683 550 1748 susciperent
581 1681 837 1751 baptisma
856 1723 871 1746 ,
902 1681 955 1735 in
985 1681 1098 1751 ipso
1124 1679 1328 1750 quidem
1369 1680 1538 1750 primo
1566 1680 1818 1734 constitu-

245 1780 377 1834 tum,
405 1771 493 1842 qui
521 1779 569 1824 et
594 1771 792 1842 piimus
832 1771 1119 1843 baptizatus
1148 1778 1258 1835 est,
1305 1771 1369 1824 ab
1398 1770 1511 1840 ipso
1555 1780 1726 1824 autem
1773 1778 1822 1824 et

776 1869 834 1916 ut
871 1860 1151 1915 secundum
1177 1861 1651 1932 prazformationem
1680 1861 1808 1930 {utu-
1850 1887 1897 1947 Β
1923 1860 2259 1966 demomlmr"
2290 1901 2381 1954 sed
2407 1860 2514 1955 "to"
2541 1860 2721 1972 60mg“

241 1967 414 2007 rerum
436 1950 736 2006 celebretur.

788 2061 968 2132 Vigilii
993 2062 1282 2132 responsio.

311 2178 369 2234 In
393 2177 702 2248 supradicto
723 2177 933 2233 decimo
952 2178 1183 2248 septimo
1205 2177 1442 2248 capitqu
1466 2192 1533 2232 ex
1557 2177 1734 2231 verbis
1755 2175 1815 2230 Β.

241 2270 407 2336 Petri,
435 2271 632 2342 quibus
661 2269 714 2325 in
742 2268 893 2324 Actis
920 2268 1285 2338 apostolorum
1314 2268 1442 2323 dicit
1471 2285 1484 2320 :
1516 2266 1823 2338 Baptizatur

239 2363 586 2433 unusquisque
605 2371 828 2415 vestrum
847 2361 903 2414 in
924 2361 1132 2414 nomine
1148 2358 1270 2414 Iesu
1283 2357 1499 2428 Christi,
1513 2359 1616 2412 hoc
1637 2357 1824 2412 astrui-

243 2461 352 2520 tur,
379 2453 508 2522 quia
531 2452 584 2506 in
611 2465 676 2507 ea
706 2451 1066 2514 invocatione,
1097 2466 1218 2521 qute
1239 2450 1294 2504 in
1323 2449 1540 2506 nomine
1568 2448 1743 2503 Patris
1768 2457 1824 2504 et

240 2543 362 2598 Filii
389 2551 444 2598 et
466 2541 699 2612 Spiritus
719 2541 894 2596 sancti
916 2540 995 2608 ﬁt,
1019 2556 1124 2595 non
1147 2540 1488 2596 contineatur
1507 2546 1560 2594 et
1579 2537 1823 2594 Christus

239 2633 462 2703 etquod
488 2633 623 2688 dixit
647 2630 840 2687 Petrus
863 2631 1161 2702 apostolus,
1203 2630 1400 2685 debere
1427 2644 1521 2684 eos
1550 2629 1601 2682 in
1625 2626 1822 2682 Christi

240 2725 461 2780 nomine
485 2722 768 2794 baptizari,
793 2729 854 2777 ut
881 2721 1172 2778 secundum
1203 2721 1346 2776 hunc
1374 2719 1703 2774 intellectum
1729 2733 1824 2786 ap-

239 2821 431 2888 pareat
460 2813 766 2868 introducta
788 2811 1141 2880 quaternitas.
1168 2808 1432 2878 Adjicitur
1453 2808 1616 2863 etiam
1647 2806 1702 2860 in
1731 2820 1824 2860 eo-

241 2903 365 2960 dem
391 2903 652 2972 capitulo,
680 2902 805 2973 quia
831 2901 909 2957 sic
931 2917 962 2958 a
991 2900 1204 2956 Christo
1232 2897 1524 2954 Christiani
1544 2911 1820 2960 vocemur,

241 2993 698 3064 quemadmodum
728 2994 1059 3048 diversarum
1087 3000 1353 3048 sectarum
1382 2998 1437 3045 et
1463 3003 1705 3044 errorum
1733 3003 1822 3043 se-

241 3101 443 3154 quaces
470 3085 537 3140 ab
566 3085 940 3140 inventoribus
968 3092 1020 3137 et
1046 3081 1316 3150 magistris
1353 3081 1463 3134 suis
1497 3088 1619 3132 sunt
1649 3077 1824 3130 sortiti

237 3176 528 3242 vocabula,
561 3183 621 3228 ut
649 3190 678 3228 a
710 3173 936 3227 Platone
971 3171 1252 3229 Platonici.
1303 3185 1333 3224 a
1371 3168 1640 3222 Marciane
1679 3164 1822 3218 Marv

1921 615 2035 654 cum
2055 600 2210 654 etiam
2238 601 2293 654 in
2317 599 2621 671 quibuslibet
2649 602 2940 657 hominibus
2969 605 3204 659 uirtutem
3236 610 3494 677 sequenti-

1922 687 2013 743 bus
2035 705 2149 742 cum
2181 688 2322 744 Filio
2357 701 2407 744 et
2447 690 2606 745 Patre
2633 709 2744 746 esse
2771 693 2962 746 dicitur
2983 711 3000 747 :
3023 695 3317 751 Veniemus
3349 699 3495 751 enim

1921 784 1978 832 et
2005 793 2134 848 ego,
2165 788 2220 832 et
2251 780 2429 847 Pater,
2461 791 2516 836 et
2556 783 2889 837 mansionem
2917 783 3056 853 apud
3084 799 3206 838 eum
3238 783 3499 840 faciemus

1925 866 2101 938 (Joan.
2135 871 2268 938 xw).
2295 867 2446 934 Quod
2473 881 2644 925 autem
2669 881 2717 926 et
2742 872 2970 943 Spiritus
3011 874 3301 944 hujusmodi
3327 876 3498 932 homi-

1922 973 2044 1011 num
2069 959 2432 1030 inseparabilis
2459 972 2557 1026 est,
2580 972 2776 1016 certum
2800 972 2875 1018 est
2898 963 3152 1019 onmibus.

2463 1068 2640 1140 Vigilii
2677 1071 2970 1140 responsio.

1993 1153 2050 1209 In
2078 1157 2442 1226 suprascripto
2471 1157 2679 1214 decimo
2709 1169 2904 1216 octavo
2933 1162 3168 1232 capitulo
3198 1163 3270 1218 ita
3313 1165 3495 1220 invisi-

1920 1246 2042 1302 bilis
2080 1245 2177 1300 Dei
2220 1247 2395 1315 imago
2425 1249 2682 1305 asseritur
2705 1266 2827 1306 esse
2863 1249 3137 1321 Christus,
3169 1264 3422 1323 tanquam
3452 1257 3503 1311 si.

1921 1335 2220 1390 absentium
2250 1337 2550 1406 principum
2590 1339 2850 1408 imagines
2889 1356 2990 1412 pro
3017 1358 3206 1400 eorum
3249 1346 3500 1400 colantur

1923 1424 2237 1482 honoribus.
2265 1425 2395 1492 Quae
2422 1427 2466 1482 si
2495 1429 2616 1498 quis
2657 1430 2728 1485 ita
2754 1432 2924 1501 sapit,
2954 1431 3146 1501 docet,
3195 1433 3368 1492 credit
3403 1444 3512 1491 aut-

1921 1515 2193 1586 praedicat,
2224 1517 2507 1572 anathema
2537 1519 2628 1572 sit.

2337 1643 2606 1685 'I'BBODOII
2637 1645 2936 1688 ολιιιτυιυιι
2965 1649 3076 1689 XIX.

1995 1717 2111 1772 Hoc
2139 1719 2277 1772 enim
2295 1718 2450 1790 quod,
2475 1719 2573 1774 Hic
2601 1730 2684 1774 est
2708 1720 2871 1777 Filius
2885 1738 3038 1779 meus
3056 1725 3284 1781 dilectus
3304 1728 3356 1781 in
3385 1741 3496 1796 quo

1929 1808 2053 1862 mihi
2081 1809 2380 1880 complacui
2431 1809 2584 1882 (Luc.
2614 1810 2726 1884 ιιι),
2755 1813 2810 1866 in
2837 1811 3142 1884 baptismate
3166 1817 3494 1886 adoptionem

2727 1905 2926 1958 ratione
2954 1904 3253 1976 [secundum
3279 1925 3493 1978 compa-

1918 1988 2196 2059 rationemj
2220 1989 2458 2046 Iudaica:
2483 1992 2776 2062 adoptionis
2801 2011 2819 2048 :
2843 1997 2965 2061 quia
2991 2005 3042 2051 et
3063 1998 3135 2052 ad
3159 1998 3278 2054 illos
3303 1999 3496 2055 dictant

1912 2079 2028 2124 erat
2047 2085 2063 2125 :
2081 2069 2195 2140 Ego
2222 2073 2334 2128 dixi
2355 2091 2372 2128 :
2393 2075 2477 2129 Dii
2505 2078 2661 2142 estis,
2679 2086 2731 2131 et
2747 2078 2840 2131 lilii
2867 2081 3065 2134 excelsi
3094 2097 3284 2138 enices
3333 2083 3514 2154 (Psal,

1909 2160 2190 2232 “umet
2220 2163 2423 2221 :Filios
2445 2169 2606 2236 genui
2635 2172 2943 2226 etexaltavi
2973 2172 3108 2242 (lsa.
3134 2175 3174 2244 ι)
3200 2192 3215 2231 ε
3237 2177 3354 2244 ejus
3375 2177 3508 2231 ado-

1912 2254 2110 2322 ptionis
2145 2257 2494 2324 prazcipuum,
2543 2277 2603 2314 eo
2649 2263 2790 2331 quod
2825 2263 2977 2325 dixit,
3007 2281 3025 2318 :
3069 2263 3334 2332 Dilectus,
3366 2277 3421 2323 et
3455 2271 3512 2324 iu

1916 2359 1982 2400 eo
2036 2347 2168 2400 mihi
2213 2350 2518 2418 complacui
2561 2353 2860 2408 ostendens.
2914 2353 3142 2423 PrOpter
3188 2359 3286 2412 hoc
3325 2370 3374 2414 et
3409 2377 3510 2416 uos:

1925 2438 2104 2495 Patris
2131 2441 2286 2511 ﬁebat
2313 2442 2644 2514 adoptionem
2671 2446 2990 2515 conﬁrmans
3009 2485 3023 2508 ,
3071 2456 3118 2499 et
3166 2447 3294 2502 Filii
3333 2452 3500 2504 nomi-

1923 2533 2134 2586 natione
2171 2549 2266 2602 per
2293 2533 2622 2604 adoptionem
2666 2537 2946 2590 secundum
2985 2539 3210 2608 gratiam
3253 2555 3367 2592 eum
3411 2541 3501 2610 qui

1922 2638 2038 2676 rere
2060 2619 2227 2676 Filius
2247 2632 2322 2676 est
2359 2622 2746 2678 demonstrabat
2771 2643 2788 2679 :
2819 2626 2965 2696 cujus
2995 2629 3285 2696 conjunctio
3311 2630 3381 2684 ad
3419 2646 3500 2683 ue-

1923 2729 2036 2766 ram
2057 2722 2106 2767 et
2129 2714 2336 2784 ﬁrmam
2365 2718 2692 2787 adoptionem
2718 2719 2873 2772 istum
2897 2719 3275 2774 constituebat:
3305 2731 3352 2774 et
3377 2721 3504 2790 Spi-

1924 2803 2054 2857 ritus
2073 2815 2282 2859 sanctus
2320 2808 2375 2860 in
2405 2807 2572 2876 specie
2599 2809 2844 2863 columba:
2873 2809 3186 2864 descendens
3211 2815 3497 2882 permansit

1923 2909 2076 2964 super
2104 2911 2238 2962 eum,
2278 2907 2527 2968 quatenus
2553 2900 2605 2953 in
2641 2901 3000 2970 conjunctione
3030 2901 3097 2954 ad
3126 2917 3239 2954 eum
3267 2905 3353 2971 qui
3385 2920 3497 2957 vere

1927 2981 2096 3040 Filius
2125 2998 2220 3054 est,
2262 2990 2376 3059 ejus
2411 2993 2762 3061 cooperationi
2788 2994 3012 3047 intentus
3041 3003 3264 3059 maneat,
3293 2995 3499 3064 ﬁrmam

1927 3075 2222 3145 adoptionis
2262 3077 2455 3133 habens
2493 3081 2816 3150 dignitatem.
2870 3081 2975 3137 Per
3016 3086 3190 3137 omnia
3227 3097 3396 3138 autem
3446 3087 3500 3139 in

1927 3183 2025 3238 quo
2063 3168 2228 3236 primo
2265 3167 2557 3239 adoptionis
2600 3171 3018 3242 performabutur
3055 3173 3346 3245 baptisma,
3387 3177 3502 3234 dice

239 3267 507 3329 cionistm,
541 3273 599 3320 et
636 3279 667 3318 a
687 3263 981 3318 Manichmo
1011 3259 1266 3335 [Manete]
1293 3257 1588 3312 Manichaei.
1617 3255 1674 3310 Si
1703 3254 1822 3323 quis
1849 3249 1893 3312 C
1925 3265 2095 3309 autem
2122 3255 2337 3314 Domini
2376 3257 2565 3316 Christi
2605 3279 2669 3318 ea;
2698 3262 2877 3330 Patre,
2911 3273 2960 3320 et
3002 3263 3166 3334 Filio,
3205 3277 3254 3319 et
3300 3266 3502 3337 Spiritu

239 3355 360 3410 haec
389 3355 464 3409 ita
494 3353 654 3422 sapit,
682 3351 862 3415 docet,
893 3351 1066 3406 credit
1115 3357 1203 3402 aut
1233 3347 1510 3418 prmdicat,
1538 3344 1824 3399 anathema

237 3447 332 3502 sit.
364 3446 476 3502 Nos
501 3446 646 3502 etaim
675 3441 1095 3500 ideoChristiani
1119 3455 1374 3496 vocamur
1395 3447 1451 3495 et
1479 3453 1682 3500 sumus,
1699 3436 1823 3504 quia

241 3539 420 3609 ipsum
433 3537 723 3592 Dominum
735 3545 978 3591 nostrum
992 3533 1175 3588 Jesum
1187 3532 1458 3586 Christum
1482 3531 1533 3584 in
1562 3529 1824 3598 baptisma

241 3629 612 3699 percipientes
653 3627 963 3693 induimus,
1005 3625 1122 3694 ipso
1162 3625 1318 3679 nobis
1346 3623 1610 3678 existente
1651 3620 1826 3690 capite

241 3733 438 3773 omnes
463 3718 520 3772 in
545 3716 740 3773 eodem
771 3731 936 3770 unum
955 3730 1150 3784 corpus
1175 3713 1452 3769 allicimur.

649 3843 918 3883 τιιεουοιιι
941 3841 1240 3882 (ΞΛΡΙΊὊΙΛΞΙ
1267 3840 1413 3879 XVIII.

315 3940 390 3995 Et
409 3941 690 3995 secundum
719 3940 852 3993 duas
876 3941 1101 3992 rationes
1131 3937 1297 3993 locum
1325 3939 1568 4009 imaginis
1591 3939 1784 3992 obtinet
1807 3955 1826 3992 :

236 4033 329 4104 qui
355 4034 496 4086 enim
527 4039 710 4085 amant
736 4031 1008 4102 quosdam,
1039 4039 1151 4101 post
1192 4039 1403 4083 mortem
1435 4047 1607 4084 eorum
1637 4033 1828 4100 smpius

235 4123 501 4193 imagines
542 4129 822 4174 statuentes
847 4161 862 4186 ,
911 4121 1005 4174 hoc
1048 4121 1299 4190 stt/ﬁciens
1357 4121 1538 4174 mortis
1584 4122 1823 4174 solatium

235 4211 437 4265 habere
465 4209 788 4264 arbitrantur
817 4226 836 4264 :
865 4219 913 4264 et
941 4227 1054 4264 eum
1082 4213 1166 4282 qui
1195 4228 1297 4264 non
1325 4211 1540 4275 videtur,
1570 4227 1661 4264 nec
1689 4227 1828 4282 prce-

232 4319 360 4354 sens
385 4309 483 4364 est,
511 4311 753 4372 tanquam
775 4301 824 4353 in
849 4301 1074 4371 imagine
1093 4301 1414 4370 aspicientes,
1433 4309 1617 4370 putant
1636 4303 1823 4366 uidere,

232 4393 314 4444 ita
339 4393 612 4460 ﬂammam
642 4391 884 4445 desiderii
901 4401 950 4444 et
975 4393 1198 4460 uigorem
1221 4393 1486 4462 placantes
1515 4407 1533 4444 .'
1561 4390 1652 4444 sed
1672 4393 1827 4444 etiam

229 4484 320 4536 illi
341 4485 430 4554 qui
453 4500 544 4552 per
566 4485 797 4537 civitates
823 4483 1010 4538 habent
1028 4487 1396 4554 imperatorum
1411 4485 1684 4554 imagines,
1713 4493 1828 4538 tan-

229 4591 398 4644 quam
428 4585 710 4644 prtesentes
735 4583 784 4627 et
817 4575 1045 4627 videntes
1077 4575 1330 4627 honorare
1357 4572 1592 4626 viden'ur
1628 4589 1716 4625 eos
1743 4574 1827 4644 qui

231 4681 346 4716 non
389 4673 513 4718 sunt
542 4672 856 4734 praesentes,
905 4665 1042 4716 cultu
1081 4671 1132 4716 et
1171 4664 1477 4717 adoratione
1517 4664 1832 4732 imaginum.-

233 4753 360 4808 Ista
410 4765 583 4806 autem
624 4762 840 4824 utraque
881 4770 971 4824 per
1012 4755 1159 4807 illum
1204 4754 1554 4824 adimplentur
1594 4769 1611 4805 :
1653 4769 1828 4806 omnes

230 4844 384 4895 enim
415 4844 638 4911 quicum
668 4843 759 4895 illo
788 4850 924 4906 sunt,
957 4851 1006 4894 et
1034 4843 1268 4895 virtutem
1298 4852 1597 4910 sequuntur,
1626 4852 1673 4893 ct
1697 4841 1832 4894 debi-

235 4945 418 4988 torum
450 4933 552 4987 Dei
573 4936 740 5004 parati
763 4934 1068 4997 redditores,
1101 4933 1324 5003 diligunt
1343 4949 1457 4986 eum
1483 4943 1535 4986 et
1560 4933 1709 4986 ualde
1733 4933 1828 4986 lto—

235 5034 465 5092 norant,
489 5033 535 5078 et
554 5025 857 5078 charitatem
879 5025 1081 5096 quidem
1102 5025 1170 5087 ei,
1191 5025 1364 5078 divina
1385 5033 1574 5078 natura
1597 5024 1712 5078 licet
1729 5040 1831 5078 non

237 5118 540 5184 aspicietur
559 5157 573 5178 ,
619 5115 903 5185 adimplcnt
932 5117 982 5168 in
1016 5116 1102 5168 illo
1133 5117 1218 5184 qui
1247 5115 1310 5168 ab
1340 5115 1574 5170 erunibus
1612 5117 1829 5182 videt‘tr,

237 5208 317 5258 sic
353 5205 593 5260 omnibus
621 5206 1069 5268 existimantibus,
1112 5214 1166 5257 ut
1209 5207 1373 5275 ipsum
1421 5203 1702 5258 videntibus
1743 5222 1832 5275 per

231 5299 422 5363 illum,
473 5298 631 5350 etilli
673 5313 872 5366 semper
915 5295 1284 5364 prtcsentibns,
1333 5305 1380 5348 et
1427 5295 1671 5348 honorent
1717 5311 1830 5349 vero

233 5405 450 5442 omnem
479 5389 554 5442 sic
583 5388 1147 5456 attribuuntttanquam
1175 5386 1387 5457 imagini
1409 5387 1685 5456 imperiali,
1717 5403 1832 5440 cum

183 5515 202 5538 κ
233 5480 394 5546 quasi
422 5481 532 5550 ipso
557 5481 628 5532 sit
655 5477 830 5532 divina
869 5486 1082 5544 natura,
1125 5486 1174 5530 et
1215 5479 1268 5531 in
1297 5478 1408 5547 ipsa
1450 5487 1721 5548 spectetur.
1768 5477 1831 5532 Si

233 5573 380 5625 enim
407 5580 460 5625 et
496 5569 672 5624 Filius
702 5577 780 5622 est
810 5569 896 5640 qui
925 5567 1215 5621 inhabitare
1245 5567 1433 5621 dicitur
1451 5605 1466 5629 ,
1513 5568 1602 5619 sed
1631 5583 1744 5620 cum
1769 5585 1828 5622 eo

233 5669 315 5714 est
333 5661 492 5716 etiam
507 5659 698 5721 Pater,
731 5666 780 5710 et
801 5657 1218 5724 inseparabiliter
1237 5655 1530 5710 omnimodo
1552 5657 1620 5708 ad
1637 5655 1830 5710 Filium

227 5769 343 5806 esse
365 5753 430 5807 ab
459 5752 608 5807 omni
639 5747 870 5802 creditur
901 5753 1136 5799 creatura
1153 5784 1168 5810 ,
1194 5755 1242 5799 et
1273 5746 1502 5816 Spiritus
1529 5755 1699 5798 autent
1725 5762 1827 5799 non

224 5845 391 5916 abest,
425 5855 484 5901 ut
507 5853 637 5918 pote
657 5842 823 5895 etiam
854 5839 908 5892 in
939 5838 1048 5891 loco
1069 5839 1325 5892 unctionis
1348 5840 1512 5908 factus
1535 5837 1609 5904 ei,
1642 5846 1825 5892 etcum

1929 3354 2129 3415 sancto,
2161 3348 2254 3404 hoc
2281 3351 2420 3420 quod
2445 3353 2603 3423 ﬁebat
2632 3357 3002 3425 complebatur.

2472 3464 2645 3536 Vigilii
2683 3469 2972 3536 responsio.

1997 3552 2056 3607 ln
2085 3555 2449 3624 suprascripto
2473 3556 2680 3612 decimo
2701 3573 2846 3613 nono
2870 3559 3126 3630 capitulo,
3151 3561 3240 3615 ubi
3263 3559 3510 3629 Evange--

1929 3640 2057 3695 lium
2085 3642 2378 3698 secundum
2409 3643 2608 3700 Lucam
2638 3645 2706 3702 de
2753 3648 3020 3718 baptismo
3051 3647 3248 3705 Christi
3294 3651 3506 3706 videtur

1928 3731 2146 3800 exponi,
2177 3732 2293 3786 dum
2320 3742 2445 3788 sunt
2465 3735 2911 3815 reprehensiones
2942 3757 2955 3792 :
2990 3755 3094 3794 una
3125 3741 3248 3811 quia
3275 3741 3507 3798 dualitas

1929 3819 2196 3879 inducitur
2223 3821 2476 3888 ﬁliorum,
2506 3842 2625 3881 cum
2667 3843 2762 3898 per
2787 3829 3134 3900 adoptionem
3162 3832 3372 3890 videtur
3399 3836 3505 3892 dici

1928 3909 2173 3967 Christus
2200 3911 2364 3968 Filius
2391 3913 2530 3981 Dei;
2578 3917 2703 3981 alia,
2735 3919 2859 3987 quia
2901 3919 2952 3973 in
2983 3922 3197 3978 nomine
3229 3918 3507 3982 Trinitatis

1929 4001 2042 4072 ipse
2065 4017 2280 4072 quoque
2303 4003 2560 4058 asseritur
2587 4005 2888 4074 baptizatus
2913 4025 2926 4072 ;
2959 4025 3053 4079 per
3076 4011 3216 4079 quod
3239 4015 3504 4081 quaternio

1929 4102 2012 4148 tas
2035 4095 2150 4149 sine
2181 4096 2510 4152 dubitatione
2552 4107 2900 4154 monstratur.
2943 4099 2999 4156 Si
3045 4104 3166 4171 quis
3195 4103 3354 4170 igitur
3391 4105 3506 4162 lucc

1932 4185 2004 4238 ita
2055 4188 2212 4254 sapit,
2257 4186 2441 4254 docet,
2471 4191 2640 4242 credit
2669 4198 2761 4242 aut
2788 4190 3062 4260 pnedicat,
3098 4196 3383 4250 anathema
3411 4196 3500 4262 sit.

2357 4310 2624 4352 THEODOBI
2658 4314 2958 4355 εΑιιιτυιυιι
2990 4318 3018 4354 Χ
3028 4319 3079 4357 Χ.

2003 4385 2132 4444 Ideo
2159 4404 2282 4460 ergo
2309 4389 2660 4458 differentiam
2688 4391 2894 4462 quidem
2933 4392 3030 4446 Dei
3065 4392 3222 4448 Verbi
3239 4405 3289 4448 et
3317 4396 3511 4468 recepti

1935 4477 2155 4532 hominis
2199 4486 2403 4533 tantum
2431 4481 2579 4535 nobis
2616 4483 2840 4536 ostendit
2878 4485 3108 4552 psalmus
3135 4501 3154 4538 :
3185 4485 3350 4541 diuisa
3389 4501 3518 4544 vero

1935 4567 2040 4619 lucc
2061 4567 2114 4620 in
2142 4564 2291 4620 Novo
2323 4566 2648 4623 Testamento
2679 4571 3022 4641 reperiuntur,
3056 4572 3276 4628 Domino
3306 4577 3509 4646 quidem

1931 4659 1983 4712 in
2015 4675 2070 4713 se
2098 4660 2381 4728 accipiente
2407 4662 2691 4730 primordia
2719 4662 2943 4733 psalmi,
2967 4665 3020 4718 in
3051 4666 3231 4732 quibus
3257 4669 3508 4739 [actorem

1931 4765 2043 4801 cum
2059 4749 2183 4800 dicit
2204 4765 2314 4801 esse
2342 4758 2609 4814 creaturte,
2634 4757 2682 4803 et
2712 4749 2958 4804 elevatam
2980 4751 3164 4805 habere
3184 4771 3336 4824 super
3357 4755 3510 4811 ca’los

1932 4839 2405 4910 magniﬁcentiam,
2449 4849 2497 4894 et
2525 4841 2794 4910 mirificari
2825 4843 2876 4896 in
2907 4843 3047 4898 omni
3079 4856 3232 4898 terra.
3263 4847 3509 4917 Apostolo

1934 4938 2102 4982 autem
2131 4931 2425 4999 supradicta
2455 4946 2568 4998 quae
2587 4930 2650 4982 de
2671 4931 2876 4984 homine
2901 4932 3162 4998 dicuntur,
3197 4938 3280 5006 qui
3312 4947 3511 4992 tantum

1937 5017 2296 5089 beneﬁciorum
2326 5021 2527 5079 meruit,
2558 5028 2810 5091 quomodo
2839 5038 2941 5076 non
2982 5025 3336 5095 manifestum,
3377 5030 3511 5099 quod

1936 5115 2156 5194 alterum
2182 5112 2381 5182 quidem
2412 5129 2506 5164 nos
2545 5113 2614 5165 di:
2632 5113 2720 5167 ina
2759 5113 3033 5185 Scriptura
3063 5117 3208 5170 docet
3252 5119 3512 5174 evidenter

1935 5221 2043 5258 esse
2064 5203 2226 5257 Deum
2259 5203 2498 5268 Verbum,
2524 5205 2741 5258 alterunt
2766 5223 2880 5259 vero
2908 5207 3183 5272 hominem,
3217 5217 3265 5260 et
3293 5211 3512 5264 multam

1934 5312 2108 5350 eorum
2141 5311 2250 5348 esse
2279 5295 2500 5349 ostendit
2539 5296 2685 5349 nobis
2709 5296 3051 5364 diﬂ'erentiam
3081 5302 3108 5354 γ
3127 5314 3248 5352 nam
3276 5300 3374 5354 iste
3397 5304 3512 5371 qui-

1935 5385 2050 5439 dem
2075 5393 2344 5450 memorat,
2373 5385 2460 5438 ille
2488 5394 2660 5438 autem
2688 5387 2987 5438 memoriam
3017 5398 3239 5442 meretur
3277 5405 3296 5444 :
3335 5399 3385 5444 et
3415 5392 3513 5445 iste

1936 5475 2141 5547 quidem
2168 5473 2339 5526 uisitat
2361 5515 2375 5539 ,
2407 5473 2538 5526 alter
2559 5485 2728 5527 autem
2755 5491 2869 5527 cum
2897 5475 3239 5530 risitationem
3265 5492 3506 5543 meretur,

1938 5565 2113 5618 beatus
2142 5565 2328 5617 dicitur
2357 5580 2374 5617 :
2417 5575 2464 5617 et
2494 5565 2590 5617 iste
2627 5565 2830 5634 quidem
2871 5565 3170 5635 bene/icium
3206 5569 3378 5625 dando
3410 5575 3507 5625 mi-

1937 5655 2047 5707 nuit
2073 5654 2225 5724 paulo
2253 5654 2420 5706 minus
2445 5651 2508 5704 ab
2553 5655 2780 5724 angelis,
2811 5655 2898 5706 ille
2925 5664 3092 5708 (tutam
3131 5667 3179 5709 et
3225 5674 3316 5726 per
3355 5660 3509 5713 talem

1935 5743 2266 5797 minutionem
2293 5742 2594 5812 beneﬁcium
2625 5745 2819 5814 accepit
2849 5760 2867 5796 :
2897 5753 2944 5798 et
2973 5749 3068 5798 iste
3099 5748 3303 5816 quidem
3333 5750 3502 5820 gloria

1935 5847 1983 5890 et
2007 5837 2200 5891 honore
2227 5843 2468 5899 coronat,
2505 5835 2636 5889 alter
2658 5843 2828 5888 tmtem
2853 5846 3153 5902 coronatur,
3201 5849 3250 5892 et
3295 5857 3388 5909 pro
3429 5843 3510 5894 his
