3986 6386
533 377 604 432 83
1932 371 2083 428 VIGII

2195 371 2397 426 PAWE
3713 375 3786 427 8-!

531 495 706 550 beatus
747 495 933 548 dicitur
958 510 976 548 :
1003 503 1053 548 et
1079 494 1175 548 iste
1201 491 1404 564 quidem
1439 492 1704 547 constituit
1744 492 1908 562 ipsum
1948 505 2102 558 super
2133 491 2173 546 Α
2203 495 2259 541 et
2285 501 2450 557 super
2485 488 2861 544 vestimentum
2892 504 3066 544 meum
3099 490 3356 544 miscrunt
3384 497 3582 547 sortem
3606 491 3783 564 (Psnl.

529 587 702 642 ontuia
725 603 883 658 opera
911 602 1154 640 manuum
1175 586 1307 656 ejus,
1332 592 1381 638 et
1406 585 1580 640 omnia
1607 583 1822 654 subjecit
1841 580 1933 636 sub
1961 580 2104 651 pedi-

529 674 620 730 bus
639 677 750 746 ejus
772 691 792 728 :
813 675 946 730 alter
964 683 1132 729 autem
1153 675 1362 729 meritus
1383 681 1459 729 est
1485 673 1745 730 dominari
1766 672 1863 737 eis,
1885 685 2100 743 quorum

527 775 679 820 antea
709 783 810 820 non
841 764 1056 820 habebat
1080 774 1404 836 potestatem.

1072 879 1251 950 Vigilii
1289 883 1574 950 responsio.

595 989 653 1044 In
675 989 1044 1060 suprascripto
1062 989 1320 1058 vigesimo
1340 990 1592 1058 capitulo,
1612 989 1700 1044 ubi
1723 998 1942 1044 octavus
1963 989 2102 1059 psal-

527 1095 648 1136 mus
671 1079 884 1134 videtur
911 1079 1128 1148 exponi,
1158 1089 1214 1134 et
1242 1079 1418 1134 nudus
1443 1079 1609 1133 homo
1639 1079 1801 1148 (sicut
1827 1079 1958 1134 etin
1981 1079 2100 1133 aliis

524 1169 634 1237 jam
653 1170 853 1224 dictum
876 1169 980 1240 est)
1009 1167 1254 1224 Christus
1280 1170 1559 1237 asseritur,
1581 1177 1636 1224 et
1656 1169 1858 1224 divisus
1877 1185 1908 1225 a
1923 1169 2099 1225 Verbo

526 1267 878 1324 monstratur,
907 1267 963 1314 et
988 1259 1217 1314 dualitas
1246 1259 1514 1314 inducitur
1549 1275 1920 1330 personarum.
1967 1260 2098 1327 Qum

526 1350 572 1404 si
600 1351 720 1418 quis
752 1351 823 1404 ita
855 1351 1022 1420 sapit,
1054 1350 1249 1415 docet,
1279 1350 1451 1406 credit
1491 1359 1584 1405 aut
1607 1351 1880 1421 praedicat,
1904 1359 1960 1407 et
1988 1368 2094 1407 non

526 1441 598 1494 ita
630 1441 681 1494 in
720 1439 939 1496 Christo
977 1440 1206 1495 Domino
1248 1441 1382 1496 duas
1409 1448 1628 1495 naturas
1669 1440 2005 1496 invisibiliter
2043 1451 2098 1495 et

523 1529 801 1584 inconfuse
828 1531 1008 1586 unitas
1036 1530 1336 1600 intelligat,
1386 1538 1447 1586 ut
1490 1541 1742 1586 mancnte
1787 1529 2096 1586 earumdem

523 1624 821 1678 differentia
848 1632 1162 1680 naturarum
1183 1663 1199 1689 ,
1252 1623 1366 1694 ipse
1395 1639 1534 1678 unus
1567 1632 1729 1693 atque
1771 1623 1910 1678 idem
1938 1638 2098 1680 verus

519 1717 592 1773 sit
617 1717 712 1773 Dei
742 1727 795 1772 et
819 1732 980 1772 verus
1004 1717 1238 1773 hominis
1264 1717 1451 1781 Filius,
1482 1716 1767 1772 anathema
1793 1717 1880 1771 sit.

947 1844 1216 1884 τηεοοοιιι
1242 1843 1540 1884 CAPITULO!
1557 1845 1668 1884 XXI.

594 1917 701 1972 Sed
729 1934 831 1972 non
860 1917 1084 1973 volentes
1110 1920 1214 1972 ista
1242 1919 1593 1984 considerare,
1616 1934 1760 1973 uoces
1780 1934 1956 1972 omnes
1986 1926 2093 1971 tra-

521 2011 642 2062 here
669 2009 738 2062 ad
765 2007 1043 2062 Dominum
1075 2017 1272 2063 tentant
1294 2007 1572 2070 Christum,
1605 2017 1662 2062 ut
1688 2025 1749 2062 ea
1775 2025 1888 2079 qua:
1914 2007 1978 2061 de
1996 2025 2091 2077 po-

521 2097 643 2166 pqu
684 2099 825 2169 facta
867 2109 987 2152 sunt
1014 2099 1174 2152 simili
1213 2100 1367 2154 modo
1410 2099 1792 2169 intelligerent,
1842 2109 1892 2154 et
1931 2099 2093 2152 risum

519 2197 825 2259 prwstnrent
870 2190 1090 2250 Iudaeis,
1133 2189 1341 2262 quando
1379 2205 1444 2244 ea:
1485 2192 1794 2259 scriptorum
1831 2191 2093 2259 sequentia

516 2278 650 2333 nihil
701 2279 774 2332 ad
828 2277 1104 2334 Dominum
1153 2277 1412 2333 Christum
1459 2280 1769 2348 pertinentes
1817 2279 2094 2333 ostendant

518 2382 534 2420 I
545 2384 680 2423 eccs.

919 2497 988 2534 'I'II
996 2495 1185 2535 EODOBI
1224 2494 1521 2534 ελιητυιυιι
1559 2495 1688 2534 XXII.

590 2567 716 2624 Tale
766 2579 862 2635 est,
892 2579 947 2624 et
984 2570 1129 2641 quod
1161 2585 1266 2624 non
1296 2569 1552 2625 derelicta
1581 2577 1665 2624 est
1693 2569 1866 2623 anima
1895 2568 2011 2636 ejus
2039 2570 2091 2624 in

516 2659 746 2727 inferno,
779 2677 878 2717 nec
905 2677 1032 2716 caro
1053 2661 1169 2730 ejus
1187 2660 1324 2716 vidit
1343 2663 1742 2732 corruptionem
1768 2661 1939 2732 (Psal.
1960 2661 2048 2731 xv)
2075 2681 2088 2717 :

514 2767 636 2805 nam
661 2751 913 2822 propheta
937 2751 1141 2822 quidem
1170 2767 1327 2822 supra
1355 2751 1563 2806 modum
1587 2753 1756 2823 ipsam
1782 2752 1930 2822 ponit
1955 2753 2092 2806 circa

512 2841 756 2912 pupulum
802 2842 1196 2911 providentiam,
1249 2842 1422 2899 uolens
1449 2842 1642 2908 dicere,
1672 2844 1914 2916 quoniam
1959 2843 2094 2900 inter

513 2934 782 2989 tentabiles
823 2951 908 2990 eos
937 2935 1000 2989 ab
1031 2936 1262 2992 omnibus
1292 2938 1607 2992 conservarit
1627 2939 1798 2992 malis.
1834 2936 2092 3003 Quoniam

2203 577 2339 645 XXI),
2362 577 2433 630 ad
2448 595 2562 632 eum
2582 585 2852 633 traxerunt
2872 582 3144 650 manifeste
3168 597 3185 634 :
3205 583 3448 651 quoniam
3475 583 3784 654 quod-supra

2201 665 2410 719 modum
2437 667 2628 722 dictum
2655 669 2826 739 fuerat
2869 671 3012 736 prius
3046 686 3079 723 a
3113 669 3298 738 David,
3329 679 3536 741 propter
3559 673 3712 726 illata
3733 673 3783 726 ei

2201 757 2363 823 mala,
2392 758 2487 814 hoc
2513 775 2580 814 ex
2615 761 2850 831 operibus
2876 763 3039 816 euenit
3067 764 3122 817 in
3143 761 3366 817 Domino
3387 762 3608 827 Christo,
3630 765 3781 833 cujus

2199 857 2247 902 et
2277 850 2576 904 uestimenta
2602 850 2900 918 diuiserunt,
2931 861 2982 907 et
3008 862 3134 908 sorti
3165 855 3394 908 tunicam
3431 853 3778 926 subjecerunt.

2751 983 2927 1057 Vigilii
2948 987 3230 1056 responsio.

2271 1097 2326 1151 In
2355 1102 2718 1171 suprascripto
2748 1101 3002 1170 vigesimo
3019 1102 3177 1158 tertio
3199 1103 3434 1172 capitulo
3453 1105 3776 1174 exponendo

2198 1187 2439 1254 quaedam
2467 1189 2706 1259 vigesimi
2735 1191 2894 1262 primi
2915 1191 3103 1261 psalmi
3128 1193 3311 1257 verba,
3332 1193 3523 1262 quibus
3549 1196 3770 1253 dicitur:

2198 1274 2496 1332 Diviserunt
2524 1279 2621 1334 sibi
2647 1282 2943 1335 vestimenta
2983 1297 3118 1344 mea,
3151 1290 3198 1334 et
3224 1297 3376 1352 super
3402 1292 3582 1337 uestem
3607 1301 3775 1339 meam

2198 1369 2447 1422 miserunt
2467 1378 2675 1436 sortem,
2708 1379 2969 1440 negantur
2993 1370 3118 1426 Jesu
3147 1372 3364 1428 Christo
3393 1373 3619 1430 Domino
3643 1392 3777 1432 cou-

2198 1457 2415 1524 venire;
2461 1459 2557 1514 sed
2583 1459 2728 1530 quod
2769 1461 2934 1516 David
2973 1470 3194 1533 propter
3221 1464 3460 1534 quaedam
3489 1466 3627 1520 mala
3657 1483 3776 1536 qnze

2198 1560 2487 1616 perpessus
2513 1556 2614 1614 est,
2646 1549 2713 1605 de
2739 1565 2798 1606 se
2826 1550 3039 1617 dixerit,
3069 1555 3450 1622 evangelistam
3479 1571 3543 1610 et
3573 1568 3774 1612 eventu

2197 1637 2266 1694 ad
2288 1637 2558 1696 Christum
2586 1643 2834 1710 traxisse,
2879 1652 2935 1700 et
2963 1643 3228 1716 adjicitur,
3274 1647 3397 1717 quia
3428 1663 3532 1701 non
3562 1658 3674 1717 pott
3692 1657 3776 1704 rat

2195 1727 2377 1785 dicere
2405 1728 2663 1786 Dominus
2689 1731 2860 1797 Iesus,
2891 1735 2976 1806 qui
3009 1744 3271 1806 peccatum
3299 1753 3402 1792 non
3428 1741 3547 1810 fecit
3568 1759 3575 1766 ·
3595 1738 3775 1814 Longe

2125 1838 2166 1897 Β
2197 1835 2230 1872 a
2255 1819 2420 1874 salute
2461 1837 2576 1875 mea
2614 1821 2766 1877 verba
2807 1823 3108 1880 delictorum
3145 1842 3370 1881 meorum
3401 1827 3646 1899 (Ibidem)
3673 1847 3686 1881 τ
3717 1837 3775 1886 et

2195 1907 2318 1964 ideo
2361 1910 2452 1978 qui
2482 1911 2596 1966 hmc
2625 1912 2780 1982 sapit,
2824 1912 3004 1982 docet,
3059 1917 3231 1970 credit
3275 1925 3368 1971 aut
3413 1919 3686 1989 praedicat,
3716 1931 3773 1978 et

2196 2013 2304 2054 non
2350 2015 2413 2055 ea
2457 2001 2511 2055 in
2552 2002 2748 2070 quibus
2793 2003 3106 2058 delictorum
3156 2007 3416 2074 meminit,
3465 2009 3531 2063 ad
3572 2026 3774 2080 corpus

2194 2089 2379 2158 ipsius,
2427 2092 2571 2160 quod
2615 2101 2699 2148 est
2738 2093 3001 2164 Ecclesia,
3031 2111 3149 2165 qua:
3179 2097 3229 2152 in
3277 2099 3381 2154 hoc
3409 2103 3610 2156 mundo
3655 2104 3773 2160 sine

2192 2180 2389 2237 delicto
2417 2198 2538 2238 esse
2583 2201 2690 2240 non
2713 2194 2910 2256 potest,
2942 2187 3194 2256 intelligis
3231 2191 3525 2259 pertinere;
3559 2193 3648 2250 illa
3672 2211 3769 2251 au-

2196 2281 2302 2328 tem
2331 2274 2399 2330 de
2435 2275 2700 2332 divisione
2736 2278 3203 2346 vestimentorum,
3247 2297 3353 2338 non
3375 2285 3682 2353 specialiter
3705 2287 3773 2342 de

2195 2361 2312 2432 ipso
2337 2365 2536 2433 capite,
2577 2365 2631 2420 id
2659 2374 2742 2420 est
2769 2365 2998 2424 Domino
3027 2367 3140 2426 Deo
3183 2381 3368 2428 nostro
3405 2373 3529 2430 lesu
3557 2375 3773 2432 Christo

2194 2452 2468 2524 pnedicta,
2499 2461 2554 2509 et
2596 2455 2646 2508 in
2695 2455 2811 2528 ipso
2857 2459 3028 2515 credit
3070 2475 3193 2537 esse
3227 2462 3512 2532 conpleta,
3544 2464 3770 2520 anathev

2195 2561 2280 2600 ma
2308 2547 2396 2602 sit.

2593 2678 2856 2720 'I'IIEODORI
2893 2680 3194 2720 ολριτυιωι
3234 2681 3376 2722 XXIV.

2264 2749 2533 2804 Foderunt
2559 2767 2746 2806 manus
2775 2768 2924 2810 meas
2951 2762 3006 2809 et
3028 2755 3190 2825 pedes
3217 2754 3386 2827 (Psal.
3419 2755 3552 2825 nt),
3585 2768 3637 2812 et
3662 2775 3773 2812 om-

2194 2839 2283 2890 nia
2312 2840 2785 2908 perscrutabantur,
2829 2852 2878 2896 et
2905 2859 3019 2913 qua:
3045 2844 3278 2914 agebam,
3306 2855 3356 2898 et
3381 2862 3494 2918 qua:
3519 2848 3769 2904 conabar.

2195 2927 2335 2982 Nam
2358 2929 2616 3001 foderunt,
2649 2947 2716 2986 ea:
2743 2934 3085 2988 translatione
3105 2935 3228 2988 dicit
3247 2953 3422 2991 eorum
3451 2939 3537 3008 qui
3555 2956 3652 3008 per
3671 2941 3772 3008 fos-

513 3032 681 3078 autem
711 3025 805 3080 hoc
847 3039 1018 3080 verum
1044 3035 1094 3080 ει
1120 3041 1186 3080 ea:
1214 3026 1340 3097 ipsis
1383 3026 1533 3081 rebus
1563 3035 1795 3081 eventum
1823 3029 2017 3096 accepit
2035 3029 2089 3082 in
2192 3023 2385 3075 sionem
2415 3023 2636 3076 scrutari
2663 3039 2776 3094 qua:
2802 3025 2857 3078 in
2903 3027 3162 3093 profundo
3191 3037 3309 3081 sunt
3351 3039 3568 3086 tentant.
3605 3032 3768 3087 Dinu-

512 3111 734 3170 Domino
772 3114 998 3182 Christo,
1045 3117 1450 3188 frequentissime
1486 3117 1552 3171 de
1578 3134 1637 3172 ea
1681 3117 1890 3190 loquens
1915 3117 2091 3174 beatus
2193 3123 2534 3167 meraverunt
2578 3115 2752 3168 omnia
2797 3130 2922 3170 ossa
2969 3133 3089 3170 mea
3123 3117 3366 3190 (Ibidem)
3399 3137 3412 3173 :
3446 3123 3603 3175 totius
3643 3138 3770 3178 mea:

515 3203 720 3270 Petrus,
751 3207 912 3260 utitur
931 3221 1080 3271 voce;
1108 3208 1380 3262 ostendens
1402 3209 1644 3278 quoniam
1665 3208 1800 3280 quod
1819 3209 1884 3263 de
1902 3209 2090 3280 populo
2116 3199 2160 3260 C
2194 3203 2515 3272 fortitudinis
2561 3213 2610 3257 et
2654 3207 2808 3260 totius
2833 3223 2961 3262 mete
2989 3207 3290 3264 substantiis
3330 3211 3618 3267 delentores
3647 3211 3768 3285 facti

507 3309 668 3365 supra
706 3295 916 3350 modum
961 3295 1155 3351 dictum
1201 3305 1300 3362 est,
1339 3314 1406 3352 ea:
1441 3297 1662 3368 quadam
1691 3301 1894 3354 ratione
1919 3307 2090 3354 utente

506 3400 626 3440 uoce
653 3386 922 3456 propheta,
946 3386 1040 3442 hoc
1065 3403 1238 3442 verum
1264 3397 1496 3442 eventum
1533 3388 1588 3441 in
1616 3389 1744 3459 ipsis
1771 3387 1919 3444 rebus
1942 3407 2090 3446 acce-

505 3477 580 3545 pit
601 3491 738 3529 nunc
759 3476 814 3530 in
843 3474 1067 3532 Domino
1086 3475 1310 3533 Christo.

1059 3587 1238 3660 Vigilii
1267 3590 1554 3660 responsio.

573 3675 632 3731 In
676 3677 1054 3748 suprascriptis
1083 3677 1340 3746 vigesimo
1386 3679 1560 3749 primo
1605 3688 1662 3736 et
1709 3681 1966 3749 vigesimo
1994 3697 2083 3738 se-

503 3766 682 3824 cundo
708 3768 956 3839 capitulis
985 3769 1088 3826 hoc
1115 3770 1329 3825 videtur
1354 3771 1478 3836 dici,
1533 3770 1680 3844 quod
1725 3773 2082 3844 prophetiam,

502 3871 622 3930 qua:
642 3874 708 3915 cx
738 3875 965 3930 persona
991 3860 1186 3916 Christi
1216 3862 1442 3933 loquens
1469 3863 1544 3917 ait
1569 3880 1582 3916 :
1614 3861 1740 3918 Non
1763 3863 2084 3937 derelinques

500 3951 732 4005 animam
755 3967 920 4006 meam
947 3953 1003 4007 in
1029 3953 1308 4025 infernum,
1354 3970 1447 4008 nec
1472 3953 1621 4010 dabis
1661 3954 1912 4010 Sanctum
1939 3965 2082 4010 tuum

497 4040 670 4096 ridere
710 4043 1087 4114 corruptionem
1113 4041 1284 4114 (Psal.
1316 4043 1438 4110 xv),
1489 4059 1596 4098 non
1625 4043 1694 4099 de
1724 4043 1841 4114 ipso
1866 4044 2080 4102 Christo

495 4133 802 4202 prmdictam
834 4133 1020 4201 fuisse,
1057 4133 1151 4189 sed
1179 4133 1248 4190 de
1275 4133 1476 4204 populo
1503 4133 1807 4189 Israelitica
1849 4147 2077 4203 genera-

496 4221 695 4276 tionis:
751 4221 968 4277 beatum
1015 4237 1146 4278 vero
1196 4221 1414 4277 Petrum
1461 4223 1766 4292 apostolum
1823 4222 1893 4278 ad
1921 4223 2078 4280 Chri-

491 4325 634 4372 stum
663 4315 803 4371 hanc
831 4317 1172 4388 prophetiam
1209 4333 1310 4389 per
1348 4325 1598 4374 eventum
1627 4325 1814 4387 aptare
1839 4318 2076 4374 voluisse

493 4406 633 4476 (Act.
663 4405 748 4472 ιι).
779 4404 846 4460 Ει
869 4406 990 4462 ideo
1009 4407 1098 4476 qui
1129 4407 1246 4464 haec
1272 4409 1344 4463 ita
1374 4409 1532 4478 sapit,
1561 4407 1740 4476 docet,
1771 4410 1940 4466 credit
1981 4421 2074 4466 aut

489 4494 764 4565 praedicat,
793 4496 1078 4552 anathema
1107 4499 1195 4552 sit.

887 4623 1152 4663 THEODOBI
1189 4624 1486 4664 CAPITULHI
1530 4626 1676 4664 XXIII.

559 4693 812 4751 Eumdem
835 4697 1146 4752 intellectum
1177 4697 1328 4752 habet
1365 4709 1414 4752 et
1441 4699 1570 4753 illud
1592 4715 1610 4753 :
1633 4699 1940 4754 Diviserunt
1966 4700 2068 4756 sibi

485 4786 803 4841 vestimenta
833 4803 972 4851 mea,
1023 4795 1077 4842 et
1105 4803 1266 4859 super
1293 4789 1672 4843 vestimentum
1701 4805 1878 4844 meum
1907 4791 2068 4844 misc-

484 4884 612 4931 runt
634 4885 836 4933 sortem
869 4878 1043 4949 (Psal.
1074 4881 1206 4952 xxn).
1239 4876 1388 4943 Quod
1412 4881 1597 4933 etenim
1639 4879 1869 4950 psalmus
1895 4880 2066 4934 nulla-

483 4978 630 5022 tenus
658 4969 892 5023 convenit
920 4967 1164 5035 Domino,
1214 4977 1405 5022 certum
1453 4977 1530 5022 est
1553 4984 1571 5022 :
1603 4984 1762 5040 neque
1789 4969 1928 5022 enim
1954 4978 2065 5023 erat

482 5057 698 5114 Domini
725 5056 934 5125 Christi,
963 5059 1053 5128 qui
1081 5067 1360 5130 peccatum
1391 5074 1497 5112 non
1523 5057 1667 5122 fecit,
1693 5072 1792 5112 ncc
1817 5057 2064 5114 inventus

483 5157 566 5202 cst
590 5147 746 5204 dolus
775 5149 826 5204 in
851 5163 947 5203 ore
973 5147 1090 5215 ejus
1117 5147 1171 5218 (1
1203 5147 1346 5202 Petr.
1375 5153 1457 5214 ιι),
1486 5147 1694 5202 dicere:
1725 5145 1906 5215 Longe
1933 5162 1963 5201 a
1984 5163 2066 5204 sa-

483 5238 594 5293 lute
621 5253 738 5294 mea
766 5237 928 5294 verba
956 5238 1273 5293 delictorum
1305 5252 1546 5292 meorum
1586 5235 1756 5307 (Psal.
1789 5235 1920 5306 xxi).
1957 5236 2062 5291 Sed

481 5335 532 5379 et
554 5325 663 5397 ipse
684 5324 954 5393 Dominus,
1003 5341 1117 5380 cum
1143 5326 1423 5381 secundum
1451 5342 1770 5381 communem
1798 5327 2060 5379 hominum

480 5416 644 5488 legem
681 5417 736 5471 in
781 5418 1020 5487 passione
1064 5417 1458 5487 opprimeretur,
1506 5415 1648 5471 Deus
1694 5431 1865 5479 meus,
1917 5415 2058 5470 Deus

481 5518 650 5569 meus,
699 5517 867 5572 quare
911 5518 1001 5558 me
1047 5504 1377 5573 dereliquisti
1417 5503 1630 5576 (Matth.
1671 5502 1872 5572 xxvii)?
1920 5503 2060 5556 misit

479 5611 681 5660 uocem;
716 5606 766 5649 et
799 5596 1017 5651 apostoli
1061 5610 1081 5648 :
1112 5595 1414 5650 Diviserunl
1437 5597 1537 5652 sibi
1569 5597 1885 5651 vestimenta
1913 5610 2051 5659 mea,

561 5823 584 5849 ³·
616 5813 705 5868 Sic
735 5812 892 5868 ctiam
919 5815 1112 5885 legitur
1141 5815 1194 5871 in
1220 5815 1398 5870 collat.
1433 5813 1485 5869 ει.
1518 5812 1848 5868 "menses.

2187 3302 2324 3354 sunt,
2369 3304 2427 3348 ut
2459 3297 2614 3350 etiam
2644 3313 2857 3352 numero
2883 3314 3000 3351 mea
3029 3299 3359 3370 subjicerent.
3407 3300 3557 3356 Istud
3601 3313 3767 3358 autem

2187 3400 2253 3438 ea:
2279 3385 2645 3440 consuetudine
2671 3403 2824 3458 quam
2846 3385 3032 3440 habent
3062 3386 3230 3442 hostes
3258 3389 3408 3454 dixit,
3451 3393 3536 3463 qui
3562 3393 3767 3464 quando

2187 3472 2520 3542 obtinuerint,
2559 3490 2772 3530 numero
2803 3485 2826 3513 ⁸
2849 3485 2899 3530 et
2923 3477 3045 3531 talis
3069 3477 3304 3533 subtilem
3331 3481 3571 3536 notitiam
3594 3483 3740 3538 inuen

2188 3570 2352 3616 torum
2374 3563 2572 3632 faciunt
2592 3561 2790 3637 [Locus
2815 3566 3144 3637 corruptus].
3174 3567 3457 3639 PrOpterea
3484 3581 3534 3624 et
3552 3588 3749 3644 seque»

2187 3665 2263 3708 ter
2301 3653 2478 3708 dicens
2503 3671 2516 3706 :
2540 3651 2644 3723 Ipsi
2684 3669 2816 3710 vero
2845 3655 3342 3720 consideraverunt,
3383 3665 3439 3713 et
3464 3674 3761 3730 conspexe-

2185 3753 2309 3799 runt
2339 3759 2447 3813 me,
2475 3745 2652 3800 intulit
2677 3761 2696 3800 :
2728 3745 3032 3802 Diviserunt
3057 3748 3159 3803 sibi
3189 3749 3509 3805 vestimenta
3537 3769 3682 3820 mea,
3710 3766 3766 3811 et

2181 3847 2346 3901 super
2373 3834 2749 3889 vestimentum
2771 3849 2950 3888 meum
2980 3835 3241 3891 miserunt
3259 3845 3480 3892 sortem.
3512 3837 3770 3895 Conside-

2179 3934 2354 3978 rantes
2380 3925 2520 3978 enim
2557 3939 2660 3991 me,
2689 3925 2782 3989 ait,
2827 3931 2879 3979 et
2903 3927 3272 3996 conspicientes
3310 3927 3446 3995 quod
3471 3932 3650 3983 omnia
3687 3933 3757 3984 eis

2179 4023 2448 4068 evenerunt
2466 4014 2521 4068 in
2538 4030 2618 4068 me
2636 4013 2928 4068 desiderata
2951 4013 3270 4084 (conspicere
3288 4019 3424 4071 enim
3450 4019 3524 4072 ita
3541 4028 3602 4072 ut
3623 4020 3759 4091 apud

2178 4122 2274 4160 nos
2301 4105 2488 4160 dicitur
2514 4122 2609 4176 pro
2633 4122 2694 4161 eo
2722 4106 2858 4176 quod
2880 4115 2958 4160 est
2980 4121 2999 4159 :
3039 4105 3180 4160 Vidit
3203 4107 3256 4161 in
3277 4124 3394 4162 eum
3420 4126 3536 4180 qua:
3560 4111 3756 4166 uolebat

2175 4195 2287 4263 pati
2305 4195 2442 4264 eum)
2457 4196 2591 4266 jam,
2619 4203 2862 4267 tanquam
2887 4212 2970 4250 me
2995 4197 3204 4252 omnino
3232 4197 3384 4252 malis
3411 4199 3609 4268 dedito,
3625 4203 3754 4256 sicut

2176 4286 2365 4352 hostes,
2395 4301 2511 4340 mea
2530 4293 2644 4357 post
2673 4287 3009 4341 vastationem
3034 4295 3083 4341 et
3111 4288 3455 4356 captivitatem
3471 4289 3756 4346 diuiserunt

2172 4385 2312 4432 sorte
2338 4375 2637 4431 diuisionem
2663 4391 2837 4430 eorum
2879 4377 3146 4448 facientes.
3187 4375 3259 4430 Et
3297 4380 3612 4450 evangelista
3639 4384 3751 4453 qui-

2174 4467 2289 4522 dem
2315 4469 2368 4522 in
2402 4467 2622 4523 Domino
2649 4466 2802 4522 uerba
2822 4483 2888 4522 ea:
2915 4467 3065 4523 rebus
3085 4483 3372 4534 assumens,
3404 4471 3480 4526 eis
3507 4487 3634 4527 usus
3654 4481 3752 4538 est,

2102 4553 2147 4611 D
2174 4559 2304 4613 sicut
2331 4567 2381 4614 et
2406 4561 2462 4614 in
2503 4558 2624 4613 aliis
2651 4559 2897 4613 diximus.
2939 4556 3082 4613 Nam
3119 4559 3254 4630 quod
3279 4575 3382 4613 non
3407 4561 3664 4628 pertineat
3683 4561 3752 4615 ad

2174 4651 2458 4707 Dominum
2484 4653 2736 4724 psalmus,
2781 4652 2837 4706 in
2864 4650 3211 4722 superioribus
3240 4653 3496 4708 euidenter
3519 4655 3748 4709 ostendi-

2172 4759 2304 4796 mus.
2336 4743 2402 4794 At
2428 4758 2544 4796 vero
2571 4742 2750 4795 beatus
2770 4739 2942 4794 David
2969 4757 3127 4810 supra
3146 4742 3355 4796 modum
3381 4743 3482 4796 ista
3508 4744 3676 4813 magis
3694 4744 3746 4797 in
3808 4736 3814 4740 ’

2172 4832 2250 4886 his
2277 4847 2391 4904 qua:
2425 4830 2490 4885 ab
2516 4829 2759 4884 Absalom
2799 4831 2939 4900 facta
2965 4839 3106 4896 sunt,
3149 4830 3321 4884 dixit:
3355 4847 3388 4900 q
3424 4832 3601 4885 oniam
3627 4831 3746 4884 dum

2168 4923 2457 4976 recessisset
2477 4921 2656 4985 Dauid,
2662 4920 2783 4991 jure
2793 4921 2910 4976 belli
2933 4921 3251 4990 mctropolim
3280 4921 3559 4991 ingressus,
3572 4938 3744 4977 omnes

2167 5009 2370 5082 quidem
2396 5009 2614 5064 obtinuit
2655 5025 2738 5066 res
2779 5010 2996 5081 regales,
3030 5026 3135 5064 non
3173 5009 3340 5080 piguit
3376 5022 3547 5067 autem
3581 5011 3742 5083 patris

2165 5101 2329 5156 cubile
2354 5102 2646 5172 inquinare.

2701 5210 2878 5284 Vigilii
2919 5211 3204 5281 responsio.

2233 5321 2290 5376 In
2317 5321 2681 5392 suprascripto
2711 5321 2971 5390 vigesimo
2999 5331 3193 5390 quarto
3230 5321 3468 5390 capitulo
3515 5321 3585 5377 dc
3626 5339 3729 5376 nic-

2163 5421 2375 5468 morato
2422 5412 2613 5468 eodem
2659 5413 2918 5481 vigesimo
2966 5413 3142 5482 primo
3184 5412 3391 5481 psalmo
3438 5413 3527 5466 illa
3578 5412 3736 5466 verba

2163 5503 2254 5557 ubi
2283 5500 2414 5556 dicit
2445 5519 2458 5554 :
2492 5499 2758 5556 Fuderunt
2804 5519 2989 5556 manus
3017 5518 3156 5557 meas
3182 5513 3230 5555 et
3267 5503 3418 5571 pedes
3464 5520 3624 5566 meas,
3654 5505 3734 5555 di-

2164 5602 2554 5648 numerauerunt
2577 5594 2750 5649 omnia
2780 5609 2898 5648 ossa
2927 5610 3039 5648 mea
3064 5609 3082 5647 :
3110 5594 3209 5662 ipsi
3236 5609 3352 5648 vero
3381 5593 3732 5648 considerare-
