3986 6358
264 362 332 421 85
1461 363 1814 424 EPISTOLE

1923 368 1941 423 Γ
1977 366 2313 428 DECRETA.
3449 376 3535 435 ες

262 483 379 531 runt
402 484 451 529 et
471 474 813 545 inspexerunt
837 477 891 532 in
935 493 1016 532 me
1044 477 1220 549 (Psal.
1249 479 1362 550 xxi)
1381 521 1396 546 ,
1426 481 1685 536 asseritur
1726 496 1834 536 non
1867 486 1912 544 Α
1941 486 2055 535 trus
2078 479 2329 537 habuisse
2349 488 2591 552 negatur,
2624 483 2963 555 phantasiam
3003 502 3132 544 vero
3154 486 3529 559 intelligentiae:

259 564 324 619 de
343 563 550 619 Christo
571 579 692 621 esse
720 567 997 636 prtedicta,
1028 568 1124 624 sed
1154 568 1319 624 David
1348 569 1452 625 hoc
1470 569 1537 626 de
1559 586 1620 627 se
1639 571 1837 628 dixisse
1936 581 2048 637 pne
2072 569 2281 623 carteris
2325 570 2629 628 hominibus
2661 574 2938 644 accepisse
2978 573 3210 631 dicitur:
3242 586 3298 631 et
3331 592 3518 636 rursus

256 660 471 724 propter
497 654 839 725 tyrannidem
870 656 1140 725 Absalom,
1166 658 1258 728 qui
1280 659 1483 728 regiam
1501 659 1687 715 urbem
1708 661 1835 717 sub-
1935 657 2164 714 dualitas
2210 659 2439 718 liliorum
2485 663 2788 720 inducitur:
2821 665 2948 721 dum
2977 666 3250 723 hominem
3291 669 3514 738 partici-

255 743 605 812 stantiamque
641 757 975 815 pervaserat,
1006 755 1170 818 atque
1199 748 1253 804 in
1301 756 1444 805 terra
1473 751 1652 806 omnia
1672 751 1831 806 dinu-

254 842 553 889 meraverat
578 836 782 904 patris;
832 837 930 893 sed
957 838 1343 907 evangelistam
1394 841 1506 897 haec
1539 856 1605 897 ex
1634 851 1832 899 eventu

256 921 319 976 ad
338 920 532 979 Christi
564 926 794 979 traxisse
821 941 1127 996 personam.
1163 927 1265 995 Qui
1295 930 1454 999 igitur
1481 932 1595 987 hate
1621 932 1695 987 ita
1716 947 1833 989 cre-

256 1013 351 1083 dit,
374 1014 535 1085 sapit,
565 1015 725 1071 docet
753 1024 850 1071 aut
872 1017 1146 1087 praedicat,
1176 1021 1462 1077 anathema
1490 1023 1581 1078 sit.

656 1142 925 1186 'I'IIIODOBI
955 1146 1257 1188 ειη-[σωκ
1294 1149 1421 1189 XXV.

321 1215 580 1284 Quoniam
608 1226 635 1256 ι
655 1218 756 1274 cibi
782 1228 833 1274 et
864 1229 1014 1291 potus
1039 1238 1219 1276 suaves
1242 1223 1447 1294 quidem
1473 1224 1610 1295 ﬁunt
1626 1225 1681 1280 in
1703 1234 1829 1281 tem-

251 1325 367 1380 pore
393 1310 596 1381 gaudii,
624 1312 863 1367 insuauia
889 1322 1060 1368 autem
1079 1325 1130 1368 et
1150 1331 1332 1369 amara
1356 1317 1411 1370 in
1431 1318 1677 1383 tristitia;
1700 1319 1829 1375 talia

249 1410 392 1455 eram
416 1401 630 1470 (inquit)
658 1419 773 1474 quis
800 1403 865 1457 ab
892 1406 1001 1459 illis
1028 1404 1242 1475 ﬁebant,
1272 1415 1329 1461 ut
1356 1423 1422 1462 ea:
1442 1409 1654 1463 tristitia
1669 1416 1718 1464 et
1745 1411 1828 1464 ira

248 1499 373 1543 esset
390 1490 602 1561 quidem
630 1492 761 1546 mihi
784 1494 838 1547 in
863 1496 1030 1548 locum
1073 1496 1209 1567 fellis
1236 1496 1396 1563 cibus,
1428 1508 1560 1554 esset
1587 1510 1757 1556 autem
1776 1510 1826 1557 et

246 1581 380 1649 potio
414 1590 565 1635 aceto
604 1582 736 1636 nihil
780 1583 1046 1651 diﬂ'erens.
1078 1583 1312 1641 Maxime
1352 1596 1523 1643 autem
1550 1590 1646 1645 hoc
1683 1592 1743 1661 ﬁt
1769 1593 1825 1648 in

246 1670 524 1724 iracundiis
562 1687 681 1743 quis
706 1688 819 1726 cum
849 1673 1174 1730 tribulatione
1199 1678 1352 1746 ﬁunt,
1393 1680 1532 1749 quod
1555 1683 1827 1740 uerisimile

244 1769 350 1812 erat
374 1760 485 1830 pati
511 1777 605 1815 eos
632 1771 816 1816 contra
853 1780 991 1819 suos.
1040 1765 1174 1821 Usus
1200 1776 1277 1822 est
1305 1778 1475 1825 autem
1508 1774 1823 1844 evangelista

245 1850 334 1903 hoc
378 1852 679 1907 testimonio
698 1858 755 1907 in
778 1852 1024 1921 Domino,
1074 1866 1124 1910 et
1168 1859 1279 1928 ipse
1316 1868 1487 1915 atem
1523 1861 1780 1920 Dominus
1800 1882 1819 1921 :
1852 1900 1899 1959 Β

244 1939 391 1993 Zelus
419 1940 618 1997 domus
660 1950 763 1998 tute
809 1947 1041 2001 comedit
1078 1963 1166 2003 me
1204 1948 1388 2018 (Joan.
1418 1952 1502 2023 tt),
1548 1955 1613 2007 de
1652 1956 1821 2027 seipso

241 2032 426 2087 dicens.
468 2031 546 2086 Et
591 2034 769 2090 beatus
820 2034 1015 2093 Paulus
1061 2038 1127 2093 de
1170 2038 1373 2097 Judaeis
1416 2042 1675 2113 loquens:
1704 2046 1821 2102 Fiat

243 2138 415 2177 mensa
445 2138 638 2179 eorum
666 2124 844 2197 (Rom.
877 2128 985 2198 xt),
1010 2139 1141 2194 etc.;
1173 2127 1345 2186 beatus
1369 2132 1556 2188 Petrus
1575 2134 1820 2190 deluda:

243 2209 351 2264 Fiat
376 2212 646 2267 habitatio
674 2214 791 2284 ejus
814 2214 1027 2271 deserta
1059 2218 1197 2289 (Act.
1228 2218 1291 2290 I).
1325 2218 1393 2274 Et
1430 2232 1565 2277 certe
1609 2224 1821 2279 diversis

239 2302 521 2356 constitutis
544 2306 718 2372 rebus,
749 2320 850 2359 non
876 2306 1022 2377 quasi
1047 2307 1246 2377 psalmo
1268 2309 1419 2364 modo
1441 2327 1533 2381 pro
1554 2311 1632 2365 his
1662 2311 1818 2379 dicto,

240 2388 414 2444 iterum
441 2401 622 2446 autem
670 2396 735 2448 de
761 2394 873 2462 illo,
919 2405 969 2449 et
996 2396 1181 2452 iterum
1209 2398 1275 2452 de
1314 2400 1419 2454 alio
1440 2416 1459 2454 :
1489 2401 1581 2456 sed
1610 2402 1731 2473 quia
1756 2403 1823 2457 de

240 2479 426 2536 Iudaeis
456 2484 604 2537 dicta
625 2494 743 2539 sunt
770 2485 945 2558 plura,
968 2488 1053 2556 qui
1082 2505 1137 2542 se
1168 2501 1531 2559 separaverunt
1550 2491 1614 2545 de
1634 2491 1744 2547 Deo
1769 2503 1821 2547 et

240 2573 360 2646 lege,
406 2576 768 2631 convincenda
795 2578 1001 2632 illorum
1028 2578 1365 2646 devotionem,
1404 2584 1724 2638 necessarius
1743 2591 1820 2638 est

238 2667 646 2721 testimoniorum
673 2683 794 2722 usus
831 2668 986 2722 simul
1010 2686 1074 2723 ea:
1104 2670 1250 2724 rebus
1274 2679 1475 2736 captus,
1513 2670 1679 2743 qualis
1699 2682 1817 2730 est:

241 2751 504 2810 Dederunt
532 2756 595 2811 in
620 2770 803 2813 eseam
833 2773 1006 2813 meam
1033 2757 1124 2826 fel,
1168 2767 1223 2816 et
1251 2760 1307 2815 in
1327 2760 1416 2816 siti
1444 2775 1562 2816 mea
1590 2771 1816 2833 potave-

238 2852 355 2898 ruut
381 2859 466 2901 me
493 2853 659 2901 aceto
685 2835 1087 2916 (Matthaxvn.

787 2954 961 3030 Vigilii
994 2960 1279 3030 responsio.

301 3039 359 3098 In
402 3044 777 3115 suprascripto
821 3048 1079 3115 vigesimo
1108 3050 1297 3117 quinto
1356 3053 1591 3123 capitulo
1636 3053 1704 3110 de
1748 3069 1816 3112 eo

238 3131 352 3189 loco
380 3135 579 3204 psalmi
602 3135 693 3190 ubi
719 3136 884 3192 dicit:
913 3137 1179 3194 Dederunt
1225 3141 1280 3195 in
1321 3156 1489 3199 escam
1511 3162 1678 3202 means
1715 3149 1809 3219 fel.

236 3235 282 3278 et
300 3226 349 3279 in
376 3228 462 3280 siti
490 3244 614 3280 mea
634 3236 937 3298 potaverunt
959 3246 1038 3285 me
1065 3239 1242 3300 aceto;
1278 3244 1469 3291 contra
1510 3238 1811 3295 evidentem
1841 3257 1887 3320 ο

237 3311 502 3384 Evangelii
559 3318 842 3375 veritatem
886 3323 1204 3392 exponitur,
1254 3324 1482 3383 dicendo
1507 3345 1521 3380 :
1544 3330 1668 3398 quia
1713 3347 1818 3388 nec

233 3425 357 3465 vero
383 3420 540 3466 aceto
576 3421 793 3483 potatus
821 3423 903 3471 est
924 3415 1201 3484 Dominus,
1246 3420 1340 3475 sed
1369 3419 1438 3475 ad
1465 3421 1730 3477 tristitiam
1759 3429 1820 3481 et

235 3500 568 3559 iracundiam
597 3505 935 3562 offerentium
966 3509 1214 3566 habuerit
1233 3514 1565 3584 putationem
1592 3515 1646 3570 in
1672 3517 1816 3572 aceti

235 3590 347 3648 loco
374 3601 430 3648 et
457 3609 644 3649 escam
676 3595 731 3649 in
760 3594 929 3663 fellis;
976 3613 1078 3654 nec
1097 3598 1164 3654 de
1193 3600 1310 3670 ipso
1339 3602 1669 3670 prtedictum,
1717 3604 1817 3660 sed

235 3683 615 3751 evangelistam
662 3684 769 3741 hoc
803 3686 1112 3743 testimonio
1141 3704 1294 3744 usum
1333 3687 1497 3746 fuisse
1522 3707 1589 3747 ex
1617 3702 1817 3750 eventu

236 3770 287 3826 in
313 3771 563 3830 Domino.
597 3772 892 3845 Propterea
922 3777 1013 3847 qui
1035 3776 1151 3834 haec
1182 3778 1255 3835 ita
1282 3780 1444 3851 sapit,
1488 3781 1669 3853 docet,
1695 3798 1815 3840 ere—

234 3861 308 3919 dit
331 3873 424 3921 aut
450 3866 733 3938 prmdicat,
761 3870 1046 3926 anathema
1072 3871 1161 3928 sit.

268 4022 285 4041 χ
632 3995 900 4037 ηεουοκι
933 3995 1233 4043 mu}!
1272 4001 1419 4043 ιινι.

299 4063 447 4122 Sicut
464 4067 635 4140 igitur
660 4086 753 4139 per
771 4063 1087 4142 hujus“I
1086 4076 1460 4147 confessionem
1483 4094 1586 4134 non
1606 4080 1817 4135 deitatis

234 4151 535 4213 Nathanael
563 4160 760 4215 habens
786 4163 1058 4218 scientiam
1094 4166 1379 4221 ostenditur
1407 4167 1605 4240 (Judtei
1628 4181 1681 4225 et
1704 4167 1815 4227 Sa-

232 4249 429 4303 maritte
456 4249 592 4303 talia
622 4260 886 4321 sperantes
911 4252 1208 4324 plurimum,
1258 4267 1506 4327 quantum
1551 4258 1650 4316 Dei
1677 4260 1817 4317 uerbi

232 4351 266 4388 a
285 4337 501 4391 scientia
530 4338 687 4410 longe
725 4351 872 4394 erant
888 4341 954 4413 2’),
986 4343 1061 4398 sic
1088 4353 1139 4397 et
1156 4343 1372 4400 Martha
1398 4363 1491 4418 per
1527 4344 1815 4421 co‘nfesslo-

232 4439 342 4479 nem
360 4428 533 4496 illam,
575 4445 681 4483 non
722 4430 930 4487 deitatis
950 4432 1144 4489 habens
1184 4445 1304 4489 tunc
1323 4437 1592 4493 scientiam
1617 4440 1813 4512 proba-

232 4523 347 4571 tur:
370 4520 653 4589 manifeste
676 4530 844 4575 autent
873 4540 964 4577 nec
985 4522 1160 4579 beatus
1190 4525 1374 4583 Petrus
1394 4544 1414 4583 .'
1434 4529 1603 4585 adhuc
1625 4532 1816 4589 etenim

229 4607 349 4677 ipsis
376 4611 668 4682 sufﬁciebat
705 4623 827 4668 tunc
860 4616 1219 4672 reuelationem
1247 4619 1391 4674 illam
1418 4622 1811 4694 suscipientibus
1843 4622 1888 4678 D

228 4699 543 4772 prccipuum
585 4703 783 4775 aliquid
824 4704 996 4776 majus
1036 4705 1099 4760 de
1140 4708 1252 4779 ipso
1286 4718 1475 4780 praeter
1511 4722 1815 4768 ceterorum

229 4786 489 4845 hominum
532 4792 865 4863 phantasiam
901 4796 1133 4867 accipere
1173 4814 1191 4852 :
1236 4808 1354 4870 post
1389 4804 1816 4859 resurrectionem

229 4888 394 4935 autem
421 4881 630 4953 Spiritu
657 4884 890 4956 perducti
917 4886 987 4940 ad
1025 4888 1313 4956 scientiam,
1358 4899 1479 4945 tunc
1523 4901 1575 4946 et
1619 4895 1817 4947 reuela-

229 4970 381 5025 tionis
404 4974 691 5045 perfectam
717 4977 986 5031 scientiam
1007 4978 1369 5049 suscipiebant,
1395 4992 1451 5036 ut
1475 4985 1664 5040 scirent
1691 4989 1817 5057 quia

228 5062 545 5131 prccipuum
594 5063 693 5129 ipsi
740 5076 928 5133 praeter
965 5078 1176 5124 caeteros
1221 5071 1453 5127 homines
1492 5089 1597 5129 non
1638 5076 1815 5150 aliquo

227 5166 352 5218 puro
380 5152 582 5207 honore
600 5171 666 5209 ea:
696 5154 803 5211 Deo
824 5159 1066 5227 peruenit,
1099 5161 1230 5215 sicut
1267 5162 1322 5216 in
1361 5167 1560 5219 ceteris
1583 5166 1814 5223 homini-

228 5237 337 5304 bus,
367 5242 461 5295 sed
496 5258 598 5312 per
620 5246 871 5300 unitatem
909 5248 980 5300 ad
1018 5247 1183 5304 Deum
1231 5249 1474 5319 Verbum,
1524 5272 1615 5325 per
1659 5274 1815 5328 quam

227 5333 390 5386 ontnis
417 5333 637 5389 honoris
654 5336 704 5389 ei
730 5338 989 5408 particeps
1017 5349 1093 5394 est
1117 5351 1232 5411 post
1256 5344 1310 5397 in
1338 5346 1490 5399 caelos
1518 5362 1809 5403 ascensum.

775 5446 951 5520 Vigilii
992 5454 1278 5524 responsio.

294 5537 353 5594 In
387 5543 762 5612 suprascripto
806 5543 1065 5613 vigesimo
1099 5555 1255 5603 sexto
1282 5548 1521 5619 capitulo
1558 5561 1613 5606 et
1655 5554 1810 5622 agni-

229 5626 429 5684 tionem
457 5629 681 5686 deitatis
703 5629 903 5687 Christi
930 5641 1054 5689 ante
1081 5637 1529 5694 resurrectionem
1558 5639 1673 5710 ejus
1706 5642 1810 5700 Pe-

299 5819 326 5848 ι
354 5809 464 5876 ΑΙ..
500 5806 794 5877 Quomodo.
826 5811 1148 5876 timeamus.

1935 762 2059 818 pem
2089 748 2218 805 dicit
2241 749 2311 805 ad
2356 750 2586 807 Verbum
2630 762 2913 825 postquam
2944 756 2995 810 in
3025 756 3191 812 caelos
3231 757 3514 812 ascendit:

1934 837 2038 905 Qui
2059 854 2188 910 ergo
2217 841 2288 895 ita
2311 842 2466 913 sapit,
2494 843 2671 909 docet,
2700 844 2869 900 credit
2914 855 3006 900 aut
3034 846 3302 916 prcedicat,
3328 854 3515 905 etnon

1932 941 2099 982 unum
2121 929 2477 999 eumdemque
2505 946 2623 987 esse
2662 932 2910 1002 intelligit
2937 932 3207 991 Christum
3246 944 3301 991 et
3327 935 3513 991 Domi-

1931 1032 2059 1072 nam
2090 1027 2331 1075 nostrum
2353 1020 2450 1076 Dei
2472 1030 2525 1076 et
2551 1022 2783 1080 hominis
2803 1023 3018 1094 Filium,
3039 1034 3290 1082 manente
3318 1026 3372 1082 in
3392 1027 3513 1099 ipso

1931 1108 2199 1164 unitarum
2226 1109 2525 1167 dill'erentia
2556 1120 2888 1177 naturarum,
2910 1116 3192 1171 anathema
3220 1116 3309 1172 sit.

2322 1217 2588 1259 τιιεουοιι
2623 1219 2923 1261 CAPITULO!
2962 1222 3126 1263 XXVII.

2000 1287 2278 1345 Mattheus
2305 1291 2508 1364 quidem
2528 1294 2842 1364 evangelista
2868 1305 2983 1363 post
3011 1298 3315 1353 tentationes
3342 1298 3509 1355 dicit:

1928 1382 2067 1451 quod
2094 1384 2412 1439 accedentes
2458 1385 2633 1453 angeli
2682 1387 3057 1442 ministrabant
3084 1388 3134 1443 ei
3166 1388 3378 1459 (Matth.
3408 1390 3508 1460 tv),

1926 1472 2119 1526 scilicet
2140 1488 2256 1526 cum
2273 1489 2333 1527 eo
2362 1475 2626 1529 constituti
2654 1487 3002 1546 cooperantes,
3034 1489 3084 1532 et
3111 1478 3347 1534 omnibus
3371 1482 3509 1535 circa

1927 1574 2040 1615 eum
2064 1559 2174 1616 Deo
2196 1562 2567 1628 ministrantes,
2596 1564 2731 1636 quod
2745 1566 2860 1637 jam
2880 1582 2971 1636 per
2993 1568 3275 1622 certamina
3296 1568 3367 1622 ad
3393 1570 3509 1624 dia-

1926 1648 2102 1705 bolum
2128 1660 2360 1707 ostensus
2382 1660 2458 1707 est
2478 1654 2703 1719 clarior;
2732 1655 2822 1709 sed
2847 1657 3054 1729 etquod
3074 1673 3289 1727 passuro
3313 1660 3365 1714 ei
3383 1659 3507 1714 adc-

1924 1753 2047 1798 rant
2077 1743 2270 1817 angeli,
2311 1761 2378 1799 ea:
2404 1743 2701 1818 Evangeliis
2729 1748 2995 1804 discimus.
3026 1749 3094 1805 Et
3120 1768 3245 1807 cum
3262 1767 3507 1808 resurre-

1926 1832 2042 1896 xit,
2079 1834 2132 1888 in
2180 1844 2531 1892 monumento
2571 1836 2671 1893 visi
2714 1846 2839 1894 sunt
2880 1839 3092 1913 (Matth.
3132 1857 3326 1904 xxvm;
3376 1841 3501 1897 Luc.

1924 1921 2056 1992 χχιι)
2083 1939 2096 1976 :
2116 1940 2208 1994 per
2231 1926 2405 1979 omnia
2416 1927 2553 1981 enim
2571 1927 2673 1982 ista
2700 1937 3020 1983 monstratur
3043 1930 3269 2002 dignitas
3290 1928 3504 2000 Christi,

1921 2010 2059 2081 quod
2085 2013 2381 2083 inseparate
2400 2015 2449 2069 ei
2470 2015 2641 2087 angeli
2668 2016 2909 2084 aderant,
2940 2019 3174 2074 omnibus
3212 2021 3352 2075 circa
3386 2038 3523 2077 eum.

1920 2099 2320 2156 ministrabant:
2344 2103 2476 2157 sicut
2494 2106 2632 2159 enim
2657 2121 2691 2159 α
2709 2108 3040 2176 peccantibus
3065 2120 3394 2179 separantur,
3427 2114 3505 2167 sic

1920 2198 1971 2241 et
2007 2206 2101 2259 per
2142 2191 2380 2246 meritum
2420 2192 2691 2248 honoratis
2727 2194 3052 2250 subueniunt.
3103 2197 3322 2270 Propter
3364 2202 3502 2272 quod

1919 2275 2047 2331 bene
2072 2276 2329 2333 Dominus
2375 2281 2452 2334 ait
2479 2296 2498 2335 :
2529 2282 2683 2348 Quod
2731 2285 2903 2353 majus
2942 2287 3212 2357 videbitis,
3255 2297 3312 2345 et
3354 2292 3516 2360 quod

1919 2366 2114 2422 coelum
2160 2370 2435 2438 aperietur
2464 2373 2715 2429 omnibus
2742 2390 2840 2445 per
2867 2393 2974 2441 me.
3024 2386 3081 2435 et
3109 2396 3297 2438 omnes
3321 2384 3515 2453 angeli»

1918 2471 2134 2527 semper
2146 2474 2357 2515 mecum
2367 2465 2703 2530 erunt,'utmc
2727 2466 2944 2535 quidem
2971 2470 3339 2540 ascendentes,
3354 2488 3512 2530 nune~

1919 2562 2050 2603 vero
2082 2549 2486 2619 descendentes,
2517 2553 2657 2610 sicut
2675 2554 2743 2610 ad
2770 2554 3122 2615 domesticum
3148 2559 3245 2617 Dei
3273 2571 3328 2618 et
3356 2564 3511 2620 amis.

1917 2655 2043 2696 «an
2066 2639 2246 2715 (Joan.
2276 2644 2341 2716 ι).

2468 2735 2646 2809 Vigilii
2673 2740 2961 2811 responsio.

1988 2820 2047 2876 In
2074 2824 2441 2896 suprascripto
2480 2826 2738 2896 vigesimo
2762 2831 2999 2901 septimo
3016 2832 3271 2903 capitulo,
3312 2834 3402 2891 ubi
3428 2836 3508 2893 de

1915 2910 2169 2970 Matthteo
2211 2917 2539 2987 evangelista
2585 2923 2900 2990 exponitur,
2943 2925 3070 2993 quia
3113 2929 3497 2984 consummatis

1916 3004 2302 3062 tentationibus
2320 3016 2662 3064 accesserunt
2675 3011 2873 3080 angeli,
2891 3021 2948 3067 ut
2969 3015 3333 3071 ministrarent
3346 3018 3494 3074 Chri-

1915 3102 2021 3161 sto,
2051 3094 2245 3150 dicitur
2271 3113 2286 3149 :
2318 3095 2453 3164 Quia
2483 3099 2621 3155 sicut
2640 3108 2698 3156 et
2724 3102 2815 3155 alii
2836 3117 2934 3174 per
2953 3105 3201 3162 meritum
3230 3108 3493 3166 honorato

1914 3182 2131 3242 Christo
2157 3185 2504 3243 subvenerint
2530 3190 2728 3261 angeli,
2776 3202 2834 3248 et
2873 3196 2998 3264 quia
3025 3197 3105 3252 sic
3127 3198 3194 3252 ad
3220 3198 3493 3257 Christum

1918 3276 1971 3331 in
2001 3276 2167 3333 cmlos
2187 3278 2525 3335 ascenderint
2548 3289 2605 3337 et
2626 3281 3002 3340 descenderint
3021 3287 3214 3354 angeli,
3240 3297 3493 3357 tanquam

1919 3366 1986 3420 ad
2015 3367 2246 3422 amicum
2276 3377 2331 3424 et
2355 3368 2708 3427 domesticum
2738 3373 2854 3429 Dei.
2884 3373 2986 3441 Qui
3015 3390 3143 3445 ergo
3171 3376 3288 3434 haec
3313 3378 3386 3433 ita
3411 3394 3494 3434 sa-

1916 3458 2019 3528 pit,
2048 3457 2222 3524 docet,
2255 3460 2426 3515 credit
2451 3469 2544 3515 aut
2589 3463 2862 3533 praedicat,
2893 3473 2949 3521 et
2976 3481 3082 3522 non
3112 3476 3171 3522 ut
3198 3483 3325 3524 vero
3354 3469 3487 3534 Deo,

1918 3548 2032 3603 veri
2056 3548 2150 3604 Dei
2174 3549 2329 3617 Filio,
2354 3551 2447 3606 uni
2475 3552 2759 3623 eidemque
2788 3570 2910 3611 cum
2937 3567 3209 3628 a~sumpta
3232 3574 3300 3614 ex
3336 3569 3492 3616 utero

1915 3636 2149 3708 Virginis
2178 3638 2415 3710 perfecta
2459 3639 2812 3712 humanitate,
2844 3648 3018 3716 angeli
3059 3656 3119 3703 ut
3161 3658 3288 3720 pote
3322 3649 3491 3706 Cres-

1917 3729 2021 3784 tori
2048 3738 2105 3784 et
2130 3729 2358 3787 Domino
2403 3731 2759 3791 deservierint
2801 3744 2964 3807 atque
3006 3738 3329 3807 deserviant,
3360 3756 3494 3800 ana-

1914 3819 2095 3876 thema
2121 3821 2208 3876 sit.

2305 3949 2572 3990 TIIEODORI
2599 3950 2898 3992 CAPITULUII
2928 3954 3110 3994 ιινιιι.

1986 4022 2115 4079 Plus
2151 4024 2533 4096 inquietabatur
2559 4025 2834 4094 Dominus,
2883 4037 2933 4082 et
2971 4039 3228 4085 certamen
3273 4033 3493 4090 habebat

1915 4112 1985 4166 ad
2013 4112 2203 4168 anime
2226 4113 2494 4183 passiones
2520 4129 2675 4186 quam
2714 4118 2964 4187 corporis,
3006 4127 3056 4172 et
3083 4121 3291 4175 meliore
3316 4124 3501 4179 animo

1915 4200 2151 4257 libidines
2177 4202 2427 4265 uincebat,
2452 4203 2713 4259 mediante
2735 4205 2784 4259 ei
2801 4205 2991 4260 deitate
3009 4207 3080 4262 ad
3098 4211 3490 4280 perfectionem;

1913 4294 2050 4350 unde
2069 4304 2119 4350 et
2139 4293 2392 4352 Dominus
2411 4296 2480 4351 ad
2501 4296 2609 4353 hac
2631 4298 2855 4354 maxime
2873 4300 3143 4356 instituens
3164 4301 3361 4359 videtur
3383 4320 3495 4359 cer-

1916 4395 2086 4443 tamen
2109 4403 2129 4442 :
2159 4388 2442 4459 cupiditate
2466 4391 2605 4444 enim
2658 4392 2990 4461 pecuniarum
3027 4408 3132 4447 non
3160 4393 3422 4464 deceptus,
3443 4402 3507 4450 et'

1914 4480 2095 4550 gloria:
2121 4478 2377 4534 desiderio
2404 4495 2509 4534 non
2539 4489 2725 4547 tentus,
2756 4483 2904 4535 carni
2928 4481 3133 4553 quidem
3169 4482 3388 4554 prabuit
3412 4483 3504 4539 ni-

1917 4569 2008 4635 hil,
2045 4585 2138 4623 nec
2161 4570 2298 4624 enim
2338 4568 2479 4624 illius
2504 4578 2618 4625 erat
2646 4570 2837 4625 talibus
2874 4572 3006 4627 uinci
3026 4589 3045 4628 .'
3067 4574 3296 4628 animam
3323 4585 3496 4630 autem

1915 4659 1963 4714 si
1988 4676 2091 4714 non
2119 4660 2411 4731 recepisset,
2436 4660 2528 4715 sed
2550 4660 2716 4716 deitas
2740 4673 2816 4717 est
2842 4678 2956 4735 qua:
2981 4680 3044 4718 ea
3088 4665 3330 4731 vinceret,
3373 4668 3495 4720 nul.

1913 4750 2114 4805 latenus
2134 4766 2312 4805 eorum
2338 4766 2452 4822 qua
2471 4752 2615 4822 facta
2637 4761 2780 4821 sunt,
2811 4753 2881 4807 ad
2908 4770 3005 4808 nos
3031 4756 3237 4825 respicit
3264 4758 3497 4810 lucrum:

1914 4858 2028 4913 qua:
2070 4844 2205 4896 enim
2246 4842 2314 4895 ad
2358 4843 2760 4897 conversationis
2805 4845 3169 4915 perfectionem
3213 4846 3501 4900 similitudo

1915 4931 2121 4985 deitatis
2159 4940 2210 4985 et
2248 4932 2440 4985 anima:
2485 4931 2759 4986 humanm?
2801 4932 2976 4988 Etiam
3012 4934 3506 4997 uidentur-Domini.

1915 5020 2199 5074 certamina
2226 5035 2332 5075 non
2371 5020 2442 5073 ad
2487 5036 2582 5075 nos
2627 5020 2904 5093 respiciens
2937 5022 3122 5078 habere
3158 5024 3376 5091 lucrum,
3406 5024 3505 5078 sed

1915 5110 2272 5164 ostentationis
2309 5109 2580 5181 cujusdam
2618 5114 2790 5182 gratia
2825 5114 2985 5182 fuisse
3005 5128 3024 5166 .'
3049 5113 3187 5182 quod
3209 5114 3253 5167 si
3281 5114 3377 5167 hoc
3416 5113 3497 5166 di-

1914 5214 2028 5252 cere
2054 5214 2156 5252 non
2179 5206 2255 5251 est
2282 5197 2525 5269 possibile
2550 5198 2767 5269 (certum
2786 5201 2974 5255 etenim
3004 5208 3079 5253 est
3104 5200 3240 5268 quod
3268 5199 3362 5254 illa
3381 5218 3501 5271 ρνο-

1914 5299 2026 5358 pter
2047 5304 2139 5343 nos
2169 5290 2309 5358 facta
2329 5297 2469 5353 sunt,
2489 5298 2536 5343 et
2564 5289 2733 5359 majus
2759 5299 3017 5344 certamen
3044 5289 3264 5343 instituit
3292 5291 3362 5343 ad
3381 5294 3493 5345 ani-

1915 5392 2013 5430 ma:
2036 5376 2322 5445 passiones,
2356 5378 2526 5430 minus
2563 5387 2732 5430 autem
2762 5376 2834 5430 ad
2858 5377 3053 5444 carnis)
3084 5388 3276 5447 quanto
3306 5388 3356 5435 et
3384 5397 3496 5434 am-

1916 5465 2052 5536 plius
2089 5473 2139 5518 et
2181 5464 2345 5535 magis
2389 5465 2673 5533 inquietare
2700 5466 2818 5520 illos
2846 5465 3191 5538 contingebat,
3234 5476 3286 5522 et
3331 5470 3499 5540 magis

1916 5554 2009 5609 illa
2038 5564 2205 5619 erant,
2244 5569 2358 5624 qua:
2383 5563 2433 5608 et
2458 5555 2699 5625 ampliori
2723 5555 3024 5630 indigebant
3049 5557 3337 5627 medicina,
3358 5560 3498 5615 uide-

1916 5645 2033 5700 licet
2060 5642 2194 5715 quod
2219 5652 2268 5697 et
2295 5659 2504 5698 carnem
2530 5653 2580 5700 et
2602 5645 2834 5701 animam
2872 5661 3137 5700 assumens
3162 5663 3257 5717 pro
3285 5657 3497 5721 utraque
