3986 6350
227 349 290 408 se
1409 345 1760 416 semotis
1797 345 1807 400 1

1923 346 2256 404 DECRETA.
3402 354 3466 410 90

225 478 379 538 purus
401 462 556 517 homo
569 458 820 514 Christus
849 457 1136 523 inducitur,
1162 458 1252 528 qui
1279 459 1533 514 unctione
1561 458 1792 528 Spiritus
1820 461 1868 522 Α
1896 457 2222 528 baptizatum
2249 459 2445 514 dicitur
2473 477 2488 516 :
2516 459 2650 528 Quia
2681 469 2898 518 renatus
2923 461 3061 516 alter
3084 460 3256 518 laeuis
3293 472 3376 518 est
3403 478 3464 518 es

224 549 692 622 sanctiparticeps
735 547 912 606 factus
937 549 1007 602 sit
1047 547 1240 604 divina:
1284 557 1524 615 naturas,
1554 549 1694 604 sicut
1738 555 1795 602 et

226 643 343 700 alii:
369 649 423 696 ct
447 637 708 694 mercedis
732 636 897 706 justte
941 637 1194 700 nomine,
1225 637 1347 707 quia
1369 635 1620 692 dilexerit
1641 636 1796 706 justi-

226 735 343 789 tiam
370 773 386 799 ,
429 739 482 786 et
524 728 704 786 oderit
753 727 1113 798 iniquitatem,
1168 729 1494 798 praecipuam
1541 727 1796 784 meruerit

225 827 538 886 unctionem.
582 822 687 892 Qui
733 837 868 895 ergo
916 821 991 876 ita
1030 821 1198 894 sapit,
1233 820 1432 890 ‘docet,
1485 819 1657 878 credit
1703 825 1796 876 aut

226 919 482 996 prndioat,
501 917 793 970 anathema
822 914 910 972 sit.

595 1045 868 1088 τιιεοηοιιι
902 1043 1204 1084 CAPITULO!
1238 1041 1422 1082 XXIIII.

288 1125 473 1190 Rabbi,
503 1132 564 1179 tu
582 1138 642 1178 es
663 1122 831 1178 Filius
857 1121 970 1186 Dei,
997 1128 1056 1174 tu
1070 1135 1130 1176 es
1147 1134 1244 1174 rex
1265 1116 1430 1172 Israel
1451 1134 1465 1170 :
1495 1115 1592 1170 hoc
1621 1123 1719 1182 est,
1740 1123 1798 1174 tu

223 1237 273 1278 es
295 1219 378 1274 ille
402 1216 490 1286 qui
511 1216 577 1270 de
603 1216 754 1288 longe
782 1213 1095 1284 prtcdt'calus
1121 1227 1176 1265 es
1204 1209 1438 1266 Christus
1461 1225 1479 1264 :
1501 1209 1612 1262 hac
1657 1207 1798 1264 enim

223 1307 402 1364 scilicet
433 1305 500 1360 de
528 1304 734 1360 Christo
761 1300 1031 1373 sperabat,
1063 1301 1196 1358 sicut
1219 1299 1496 1355 domestico
1523 1298 1798 1354 constituto

222 1405 396 1469 prater
415 1411 595 1450 omnes
626 1395 752 1448 Deo.
1495 1389 1500 1396 '

595 1517 866 1558 τηεουοιιι
901 1515 1204 1556 ωινιτυιωι
1239 1513 1420 1554 XXXIV.

287 1595 462 1654 Certus
473 1593 686 1664 quidem
703 1602 754 1645 et
775 1593 890 1661 ipse
910 1597 1023 1644 erat
1048 1587 1220 1642 Filius
1248 1585 1368 1650 Dei,
1394 1601 1498 1640 non
1519 1583 1798 1638 secundum

223 1687 416 1742 civitatis
442 1686 628 1738 dicens
657 1683 1010 1747 nativitatem,
1040 1679 1131 1736 sed
1156 1677 1436 1734 secundum
1459 1677 1595 1748 quod
1615 1677 1796 1732 domo-

219 1781 370 1834 sticus
403 1774 519 1832 Deo
548 1782 692 1840 erat,
736 1789 832 1843 per
857 1771 992 1842 quod
1037 1767 1162 1824 Filii
1200 1767 1300 1822 Dei
1325 1768 1412 1835 qui
1440 1783 1532 1837 per
1567 1767 1800 1820 uirtutem

223 1867 478 1924 domestici
516 1865 636 1922 Deo
661 1864 929 1920 constituti
955 1861 1186 1916 homines
1211 1860 1418 1916 interim
1465 1856 1796 1914 vocabantur.

765 1977 946 2050 Vigilii
979 1975 1270 2046 responsio.

285 2077 340 2132 in
357 2073 745 2146 suprascriptls
765 2071 1039 2138 trigesimo
1061 2069 1222 2125 tertio
1233 2075 1288 2123 et
1313 2066 1585 2135 trigesimo
1609 2072 1802 2132 quarto

223 2166 458 2238 capitulis
517 2165 592 2219 de
666 2160 1112 2230 interpretatione
1174 2157 1443 2226 Evangelii
1509 2157 1804 2210 secundum

223 2257 471 2314 Joannem
511 2255 838 2310 adhibentur
867 2252 1027 2305 verba
1064 2249 1412 2304 Nathanaelis
1439 2247 1670 2302 dicentis
1699 2247 1806 2301 Do-

225 2351 361 2404 mino
393 2366 405 2401 :
440 2347 520 2402 Tu
567 2363 624 2401 es
653 2344 700 2398 F
703 2345 826 2400 ilius
853 2343 966 2408 Dei,
996 2351 1049 2396 tu
1069 2359 1124 2397 es
1147 2358 1244 2396 rex
1265 2341 1434 2396 Israel
1457 2355 1474 2394 :
1497 2347 1552 2394 et
1579 2339 1807 2394 infertur

224 2440 410 2495 dictum
437 2453 568 2493 esse
593 2435 814 2491 Christo
835 2441 1090 2503 tanquam
1131 2432 1431 2488 domestico
1470 2430 1584 2496 Dei,
1615 2437 1674 2483 ut
1699 2445 1809 2485 non

224 2529 330 2598 ipse
353 2527 609 2582 Christus
630 2525 702 2580 sit
729 2524 890 2588 Deus,
921 2522 1017 2580 sed
1052 2522 1338 2593 plusquam
1363 2521 1454 2576 alii
1475 2519 1722 2576 homines
1739 2519 1809 2573 sit

225 2619 552 2676 domesticus
579 2615 694 2672 Deo
717 2631 734 2681 ;
756 2622 816 2670 et
837 2615 1053 2679 dicitur,
1076 2613 1204 2682 quia
1223 2612 1363 2668 sicut
1389 2610 1482 2665 alii
1507 2610 1682 2664 sancti
1711 2608 1810 2664 ho-

226 2712 390 2768 mines
417 2710 508 2765 ﬁlii
539 2708 638 2764 Dei
659 2707 940 2773 dicuntur,
970 2705 1048 2760 sic
1075 2712 1130 2759 et
1147 2701 1396 2758 Christus
1418 2716 1516 2772 per
1535 2697 1810 2754 familiari-

226 2811 386 2858 tatem
412 2815 590 2870 quam
617 2797 686 2852 ad
717 2797 888 2852 Deum
918 2797 1080 2850 habet
1117 2808 1150 2848 a
1173 2791 1526 2853 Nathanaele,
1551 2805 1676 2847 cum
1701 2804 1810 2858 quo

228 2892 584 2960 loquebatur,
621 2887 766 2943 Deus
793 2887 863 2942 sit
891 2885 1217 2942 nominatus.
1248 2881 1379 2949 Quae
1419 2881 1512 2952 qui
1548 2881 1622 2936 ita
1648 2880 1808 2950 sapit,

227 2981 376 3038 docet
396 3019 412 3046 ,
450 2978 634 3036 credit
689 2985 786 3034 aut
814 2975 1106 3046 prmdieat,
1139 2981 1194 3028 et
1219 2987 1330 3028 non
1373 2969 1624 3026 eunidem
1662 2965 1813 3022 Chri-

227 3078 359 3126 stum
399 3082 598 3124 verum
651 3066 824 3120 Deum
868 3073 924 3120 et
960 3077 1147 3120 verum
1187 3061 1460 3120 hominem
1503 3058 1809 3123 conﬁtetur,

230 3177 388 3220 unum
414 3161 468 3216 in
497 3168 736 3227 utraque
777 3163 966 3213 natura
997 3152 1312 3224 perlectum,
1341 3149 1629 3205 anathema
1651 3147 1738 3205 sit.

619 3283 887 3326 τπουοιιι
923 3279 1223 3322 (ιλνιτυιυι
1258 3279 1422 3318 XXXV.

295 3365 512 3430 Ostende
549 3363 690 3417 enim
716 3361 840 3414 dicit
865 3375 882 3413 :
917 3358 990 3413 De
1011 3357 1148 3410 Filio
1169 3371 1287 3420 suo,
1318 3353 1409 3424 qui
1430 3354 1601 3408 lactus
1627 3358 1712 3408 est
1747 3366 1817 3407 ex

228 3459 422 3513 semine
451 3454 629 3511 David
657 3451 950 3508 secundum
980 3463 1216 3512 carnem,
1245 3457 1434 3500 certum
1454 3445 1654 3518 quidem
1680 3443 1816 3516 quod

227 3550 381 3621 ﬁlium
401 3549 484 3602 hic
507 3562 633 3604 eum
649 3545 736 3616 qui
755 3559 820 3596 es
847 3542 1036 3596 semine
1057 3539 1228 3594 David
1247 3541 1410 3607 factus
1437 3543 1514 3590 est
1538 3534 1817 3590 secundum

227 3655 424 3694 carnem
444 3653 562 3690 non
594 3633 758 3688 Deum
785 3630 910 3684 dicit
944 3627 1182 3692 Verbum,
1225 3626 1315 3682 sed
1334 3634 1650 3694 assumptum
1678 3623 1810 3676 servi

229 3730 463 3800 formam.
493 3723 622 3779 Nec
659 3723 796 3776 enim
823 3719 962 3772 Deus
987 3715 1266 3772 secundum
1289 3729 1494 3768 carnem
1517 3751 1532 3779 ,
1557 3729 1648 3766 nec
1677 3711 1818 3766 Deus

228 3835 288 3874 ea:
307 3821 498 3875 semine
522 3819 699 3889 factus
721 3820 799 3870 est
831 3810 1020 3875 David,
1041 3809 1132 3864 sed
1171 3817 1402 3876 sumptus
1430 3821 1526 3873 pro
1546 3802 1692 3858 nobis
1720 3802 1808 3856 lto-

229 3929 324 3977 mo,
347 3927 496 3982 quem
529 3907 730 3962 Filium
759 3903 934 3959 beatus
967 3900 1240 3972 Apostolus
1263 3898 1535 3969 manifeste
1563 3902 1730 3949 vocat.

786 4013 964 4084 Vigilii
991 4012 1277 4082 responsio.

297 4109 352 4162 In
379 4105 761 4178 suprascripto
787 4103 1026 4172 capitulo
1057 4103 1334 4172 trigesimo
1361 4098 1549 4168 quinto
1581 4111 1702 4152 cum
1729 4111 1821 4152 ex-

229 4203 443 4272 ponitur
469 4201 627 4254 locus
644 4196 889 4274 Apostpli
917 4195 985 4249 de
1012 4193 1252 4264 Epistola
1281 4193 1347 4246 ad
1377 4191 1652 4244 Romanos
1677 4227 1692 4252 ,
1724 4188 1816 4242 ubi

230 4292 389 4346 dicit:
421 4289 502 4344 De
525 4289 672 4342 Filio
699 4304 792 4341 suo
821 4288 906 4356 qui
932 4287 1099 4358 factus
1129 4291 1289 4337 estea:
1313 4283 1507 4335 semine
1540 4280 1706 4333 David
1733 4295 1819 4332 se-

233 4383 452 4436 cundum
499 4395 714 4436 carnem
737 4419 752 4444 ,
785 4377 925 4434 nuda
963 4377 1102 4432 servi
1133 4376 1305 4430 forma
1341 4373 1690 4442 depromitur,
1742 4371 1825 4426 di-

235 4474 408 4530 cendo
447 4471 602 4543 quod
650 4471 740 4529 hic
790 4469 980 4525 Filium
1021 4484 1144 4524 eum
1191 4467 1284 4536 qui
1328 4482 1396 4522 ex
1425 4466 1631 4521 semine
1659 4463 1824 4520 David

1895 549 2100 617 altero,
2129 565 2236 605 non
2260 549 2374 620 jam
2422 566 2547 620 pars
2587 551 2752 608 Adam
2803 553 3074 610 mutabilis
3130 564 3186 610 et
3225 556 3466 626 peccatis

1896 639 2240 706 circumfusi,
2273 640 2366 698 sed
2390 639 2582 696 Christi
2604 681 2621 708 ,
2647 643 2742 711 qui
2769 643 2989 700 omnino
3017 643 3356 712 inculpabilis
3376 659 3468 714 per

1895 731 2344 787 resurrectionem
2393 731 2570 790 laetus
2591 741 2675 788 est
2703 751 2717 788 :
2751 734 2946 803 quibus
2988 735 3164 792 verbis
3197 733 3470 792 Christum

1895 831 2023 878 ante
2051 825 2500 880 resurrectionem
2517 863 2534 889 ,
2563 825 2713 894 quod
2752 827 2931 892 absit,
2975 827 3092 882 vult
3113 827 3283 882 videri
3308 826 3472 886 [uisu

1896 913 2234 982 culpabilem.
2265 913 2366 981 Qui
2391 927 2518 982 ergo
2548 915 2665 972 haec
2694 915 2854 986 sapit,
2900 914 3062 971 docet
3081 922 3176 971 aut
3194 916 3470 986 praedicat,

1896 1005 2186 1062 anathema
2213 1005 2303 1062 sit.

2259 1133 2526 1175 τπιςουοιι
2561 1135 2860 1175 CAPITULO!
2897 1135 3100 1176 XXXVII.

1973 1231 2043 1286 Ut
2083 1223 2298 1285 multam
2325 1231 2526 1303 quidem
2555 1231 2665 1302 ejus
2695 1233 2889 1302 faceret
2917 1232 3240 1302 diligentiam
3260 1273 3276 1298 ,
3299 1232 3474 1286 omnia

1898 1329 2068 1374 autem
2119 1321 2260 1374 illius
2311 1321 2524 1390 propria
2565 1323 2756 1392 faceret
2796 1329 2850 1375 et
2893 1321 3154 1386 toleraret,
3182 1337 3274 1391 per
3299 1336 3475 1375 omnes

1899 1407 2175 1462 conductus
2198 1409 2480 1476 passiones,
2507 1426 2600 1478 per
2621 1426 2747 1480 quas
2763 1427 2875 1464 eum
2897 1411 3179 1466 secundum
3197 1427 3345 1466 suam
3373 1413 3476 1466 sir-

1901 1505 2058 1549 tutem
2083 1497 2364 1567 perfectum
2385 1497 2526 1565 fecit,
2542 1512 2634 1550 nec
2663 1514 2695 1550 a
2715 1499 2932 1552 mortuis
2958 1499 3236 1552 secundum
3259 1514 3367 1554 sua;
3387 1515 3477 1553 na-

1899 1594 2030 1641 tura:
2065 1586 2227 1657 legem
2269 1587 2530 1651 recedens,
2561 1588 2650 1641 sed
2671 1605 2766 1644 sua
2793 1590 3074 1656 praesentia
3099 1598 3152 1644 et
3178 1591 3478 1660 operations

1901 1686 1952 1729 et
1979 1677 2148 1747 gratia
2176 1674 2400 1731 liberans
2427 1693 2541 1730 eum
2585 1679 2790 1748 quidem
2832 1678 2897 1732 de
2916 1687 3079 1734 morte
3113 1687 3164 1734 et
3190 1679 3343 1734 malis
3364 1693 3480 1750 quat

1899 1765 2021 1820 inde
2044 1774 2164 1820 sunt
2191 1806 2206 1830 ,
2236 1767 2550 1820 resuscitans
2592 1776 2766 1821 autem
2800 1784 2915 1823 eum
2958 1768 3023 1824 de
3062 1769 3308 1834 mortuis,
3333 1777 3385 1824 ct
3407 1765 3480 1822 ad

1903 1855 2163 1912 meliorem
2198 1856 2357 1927 ﬁnem
2395 1857 2699 1928 perducens.

2452 1969 2630 2042 Vigilii
2660 1972 2944 2041 responsio.

1973 2085 2030 2139 ln
2046 2085 2412 2156 suprascripto
2437 2086 2718 2154 trigesimo
2739 2085 2968 2154 septimo
2999 2085 3236 2156 capitulo
3260 2084 3476 2150 dicitur,

1903 2178 2029 2248 quia
2077 2176 2290 2232 Christo
2328 2177 2384 2230 in
2419 2176 2762 2246 passionibus
2789 2184 2844 2230 et
2872 2185 3046 2230 morte
3086 2175 3230 2232 Deus
3257 2177 3479 2232 verbum

1905 2269 2190 2340 praesentia
2217 2277 2274 2323 et
2294 2268 2610 2338 operatione
2635 2275 2694 2324 et
2710 2266 2777 2321 ad
2801 2267 3027 2336 gratiam
3048 2266 3278 2321 adfuerit
3299 2283 3312 2320 :
3336 2267 3480 2335 quod

1906 2361 1953 2416 si
1981 2361 2054 2414 ita
2085 2368 2200 2428 est,
2243 2367 2498 2429 tanquam
2545 2360 2684 2414 alter
2727 2360 2883 2414 alteri
2913 2373 3146 2428 praesens
3169 2360 3396 2426 gratiam
3425 2367 3483 2413 et

1906 2453 2281 2523 operationem
2310 2451 2635 2520 impendisse
2654 2450 2943 2505 videbitur.
2975 2448 3078 2516 Qui
3105 2463 3236 2518 ergo
3265 2449 3378 2504 haec
3405 2449 3479 2505 ita

1907 2543 2067 2612 sapit,
2121 2541 2302 2605 docet,
2355 2541 2528 2596 credit
2585 2548 2680 2595 aut
2724 2540 2996 2610 praedicat,
3047 2549 3104 2595 et
3153 2557 3262 2595 non
3308 2540 3484 2609 ipsum

1909 2637 2077 2693 Deum
2103 2634 2354 2702 Verbum,
2379 2641 2590 2690 servata
2603 2633 3032 2706 impossibilitate
3061 2633 3356 2688 divinitatis
3376 2647 3486 2688 sua:

1909 2727 1966 2784 in
1993 2741 2158 2782 carne
2201 2726 2378 2780 anima
2425 2725 2680 2780 rationali
2725 2733 2783 2780 et
2836 2723 3182 2779 intellectuali
3223 2724 3484 2788 animata,

1909 2831 2072 2886 quam
2093 2817 2195 2872 sibi
2217 2817 2284 2872 ab
2313 2817 2432 2888 ipso
2454 2825 2718 2886 conceptu
2747 2816 2918 2872 univit
2937 2831 3004 2871 ex
3036 2815 3269 2886 Virgine,
3299 2815 3485 2870 omnia

1909 2927 2029 2980 qua:
2055 2912 2122 2968 de
2145 2911 2394 2982 passione
2432 2911 2548 2978 ejus
2577 2911 2776 2979 scripta
2819 2918 2965 2974 sunt,
2995 2907 3294 2964 voluntarie
3318 2907 3482 2964 susti-

1911 3005 2092 3064 nuisse
2119 3001 2276 3068 dieit,
2307 3002 2595 3057 anathema
2620 3001 2708 3056 sit.

2270 3131 2532 3172 THEODOM
2571 3131 2868 3170 (IAPI'TULUI
2905 3130 3127 3170 ικινιιῐ.

1839 3187 1885 3250 c
1984 3208 2184 3264 Deinde
2205 3205 2472 3262 ostendens
2501 3205 2648 3276 cujus
2663 3206 2831 3276 gratia
2847 3220 3028 3274 passus
3056 3211 3150 3268 est,
3181 3203 3487 3258 diminutio-

1915 3316 2030 3354 nem
2085 3299 2242 3368 infert
2289 3313 2306 3350 :
2383 3293 2658 3362 Quatenus
2733 3295 2876 3348 circa
2921 3289 3114 3366 [citra]
3161 3291 3326 3344 Deum
3389 3305 3490 3359 pro

1915 3389 2162 3446 omnibus
2189 3392 2426 3457 gustaret
2445 3391 2672 3440 mortem
2691 3382 2874 3451 (Hebr.
2909 3381 2998 3455 u):
3023 3383 3161 3453 quia,
3193 3380 3366 3434 divina
3389 3395 3492 3434 na-

1917 3489 2033 3536 tura
2053 3482 2127 3534 ita
2155 3480 2367 3542 volente,
2393 3486 2634 3548 separata
2658 3477 2772 3544 illa,
2801 3476 2909 3545 ipse
2927 3491 3020 3545 pro
3050 3490 3104 3528 se
3132 3473 3244 3544 {per
3271 3469 3369 3542 se],
3397 3487 3492 3540 pro

1917 3573 2145 3628 omnium
2172 3570 2397 3623 utilitate
2441 3568 2663 3639 gustavit
2691 3576 2905 3620 mortem
2925 3582 2943 3618 :
2972 3573 3019 3618 et
3047 3563 3319 3619 ostendens
3359 3561 3494 3632 quod

1917 3661 2082 3716 deitas
2117 3667 2356 3729 separata
2385 3656 2587 3729 quidem
2615 3665 2726 3708 erat
2752 3653 2816 3708 ab
2841 3655 2930 3708 illo
2973 3655 3058 3726 qui
3086 3669 3269 3723 passus
3308 3661 3384 3707 est
3413 3667 3496 3706 se-

1917 3749 2139 3803 cundum
2168 3748 2346 3802 mortis
2385 3746 2791 3814 experimentum
2818 3785 2831 3807 ,
2862 3746 2984 3816 quia
3011 3759 3102 3797 nec
3124 3741 3366 3814 possibile
3386 3750 3496 3795 erat

1918 3839 2062 3894 illam
2083 3838 2262 3892 mortis
2292 3835 2696 3904 experimentum
2717 3834 2968 3901 accipere,
2986 3849 3088 3885 non
3113 3843 3278 3886 tamen
3304 3831 3385 3887 illi
3410 3831 3497 3902 qui

1918 3946 2100 4003 passus
2128 3936 2203 3982 est
2230 3925 2468 3997 abfuerat
2494 3923 2774 3978 secundum
2802 3923 3140 3994 diligentiam.

2459 4034 2636 4104 i’igilii
2675 4035 2960 4104 responsio.

1988 4131 2046 4186 In
2071 4128 2438 4201 suprascripto
2467 4128 2740 4194 trigesimo
2783 4134 2976 4180 octavo
3005 4125 3241 4196 capitulo
3267 4133 3321 4184 et
3342 4126 3501 4183 falsa-

1921 4231 2032 4278 tum
2074 4220 2438 4275 testimonium
2470 4218 2712 4288 Apostoli
2765 4218 3126 4284 agnoscimus.
3152 4219 3278 4287 quia
3309 4219 3398 4272 ubi
3422 4219 3500 4274 le-

1921 4317 2062 4386 gitur
2093 4333 2104 4367 :
2143 4314 2209 4369 Ut
2255 4315 2428 4384 gratia
2460 4311 2554 4366 Dei
2585 4329 2680 4384 pro
2733 4310 2965 4366 omnibus
3011 4319 3239 4382 gustaret
3265 4321 3500 4376 mortem,

1923 4408 2012 4462 hic
2043 4407 2354 4462 invenitur:
2408 4403 2479 4459 Ut
2524 4403 2640 4460 siue
2689 4405 2798 4460 Deo
2845 4421 2943 4473 pro
2980 4405 3229 4460 omnibus
3264 4413 3506 4474 gustaret

1927 4506 2174 4560 mortem,
2195 4497 2374 4552 ethoc
2392 4497 2546 4562 quasi
2573 4495 2862 4549 astrucndo
2890 4493 3084 4550 dicitur
3107 4513 3120 4548 :
3154 4496 3300 4563 quia,
3326 4496 3504 4550 divina

232 4564 406 4620 [auus
423 4573 513 4620 ⁸⁵⁸
539 4562 843 4620 “cundum
875 4575 1263 4656 “WW1”?
1284 4560 1450 4612 Deum
1479 4556 1824 4656 verba???“
1855 4547 1904 4608 υ
1928 4598 2071 4643 natu:
2089 4604 2117 4641 a
2140 4547 2550 4656 separata,'ipse
2582 4602 2682 4656 pro
2712 4601 2801 4650 se,
2831 4585 2917 4640 vel
2940 4547 3506 4656 utpurusvho'mo

235 4667 338 4722 cat,
363 4657 462 4714 sed
490 4663 774 4724 sumptum
811 4669 915 4723 pro
941 4651 1096 4708 nobis
1120 4651 1391 4706 hominem
1407 4690 1422 4714 ,
1453 4663 1614 4718 quem
1636 4647 1824 4702 Filium

233 4746 424 4802 beatus
454 4744 760 4814 Apostolus
786 4741 1065 4798 inanileste
1087 4749 1248 4796 vocat
1278 4754 1435 4808 :quae
1456 4739 1618 4793 verba
1647 4745 1826 4792 osten-

231 4833 619 4898 duntnudum,
647 4833 790 4888 sicut
829 4833 1032 4888 dictum
1077 4839 1182 4893 est,
1225 4831 1496 4886 hominem
1524 4827 1825 4898 prmdieari.

235 4923 334 4990 Qui
361 4939 496 4992 ergo
517 4924 596 4978 ita
625 4923 785 4991 sapit,
807 4921 990 4986 docet,
1020 4921 1194 4976 credit
1231 4926 1325 4974 aut
1353 4917 1694 4986 praedicat,et
1721 4931 1827 4970 non

235 5015 528 5080 eumdem,
588 5013 678 5081 qui
724 5027 791 5066 es
845 5011 1050 5068 semine
1097 5010 1260 5064 David
1295 5007 1584 5063 serendum
1611 5021 1826 5062 carnem

239 5103 690 5172 natusest,justa
718 5099 884 5158 David
913 5109 968 5154 et
988 5099 1140 5154 Pauli
1167 5097 1397 5168 apostoli
1421 5112 1630 5161 vocem,
1656 5095 1828 5164 ipsum

238 5195 410 5254 (redit
453 5209 584 5252 esse
618 5195 784 5249 etiam
824 5207 988 5262 super
1008 5190 1188 5246 omnia
1213 5189 1406 5254 Deum,
1427 5187 1717 5242 anathema
1735 5187 1827 5243 sit.

624 5320 893 5362 THEODORI
930 5316 1230 5358 CAPITULUI
1267 5315 1448 5355 XXXVI.

1929 4679 2166 4736 omnium
2209 4677 2442 4732 utilitate
2489 4677 2788 4746 gustaverit
2829 4686 3080 4732 mortem.
3120 4676 3220 4743 Qui
3259 4691 3390 4744 ergo
3432 4677 3507 4732 ita

1931 4772 2090 4840 sapit,
2122 4769 2300 4834 docet,
2347 4768 2548 4836 credit,
2571 4777 2664 4822 aut
2685 4769 2938 4836 prmdicat
2961 4809 2975 4833 ,
3005 4777 3058 4823 et
3087 4785 3192 4826 non
3219 4767 3510 4825 conﬁtetur

1932 4861 2059 4932 quia
2090 4861 2230 4914 Deus
2255 4859 2478 4913 verbum
2509 4874 2728 4912 carnem
2755 4899 2770 4923 ,
2819 4875 2979 4930 quam
3017 4860 3118 4914 sibi
3147 4875 3214 4914 ex
3244 4860 3359 4929 ipsa
3387 4876 3512 4916 con-

1933 4951 2184 5020 ceptione
2207 4948 2498 5002 secundum
2524 4949 2875 5002 substantiam
2899 4950 3156 5016 adunivit,
3181 4965 3284 5008 nec
3305 4952 3359 5006 in
3386 4965 3512 5020 pas-

1935 5042 2178 5096 sionibus
2221 5055 2320 5094 nec
2375 5039 2428 5092 in
2474 5048 2648 5094 morte
2705 5057 2935 5110 unquam
2993 5041 3326 5105 deseruerit,
3379 5056 3514 5098 ana-

1936 5134 2116 5190 thema
2139 5132 2227 5186 sit.
2465 5134 2476 5140 ’

2307 5259 2571 5300 TEEODORI
2609 5260 2670 5300 CA
2678 5262 2759 5300 PIT
2768 5262 2907 5301 ULUII
2947 5261 3128 5302 XXXIX.

2004 5338 2186 5394 Iesum
2211 5343 2388 5389 autem
2441 5337 2516 5388 ait
2550 5335 2618 5389 de
2645 5335 2908 5390 Nasareth
2931 5373 2945 5396 ,
2977 5349 3138 5401 quem
3169 5333 3321 5387 unxit
3365 5330 3512 5386 Deus

313 5424 548 5478 Renatus
580 5423 713 5476 alter
739 5423 908 5493 factus
953 5428 1029 5473 est
1069 5434 1164 5488 pro
1210 5417 1372 5470 altera
1399 5455 1414 5480 ,
1441 5407 1547 5467 non
1571 5413 1685 5485 jam
1711 5429 1806 5483 par

1933 5430 2132 5501 Spiritu
2155 5434 2210 5481 et
2239 5427 2434 5478 virtute
2464 5426 2602 5495 (Act.
2644 5424 2721 5493 ι),
2753 5425 2900 5494 cujus
2935 5425 3228 5478 unctionem
3274 5424 3513 5491 meritus,

239 5516 408 5569 Adam
436 5512 708 5568 mutabilis
733 5521 781 5565 et
809 5513 1030 5581 peccatis
1059 5507 1376 5577 circumfusi,
1398 5505 1488 5558 sed
1509 5503 1720 5569 Christi,
1749 5522 1807 5576 qu

1933 5531 1983 5576 et
2013 5516 2368 5574 inmaculatus
2395 5514 2606 5584 effectus
2635 5524 2712 5568 cst
2736 5531 2826 5584 per
2849 5530 3023 5568 omnia
3048 5553 3064 5576 ,
3093 5523 3143 5568 et
3171 5513 3239 5566 ad
3279 5512 3510 5566 diuinam

243 5607 456 5660 omnino
485 5600 823 5672 inculpabilis
847 5615 934 5669 per
963 5597 1382 5652 resurrectionem
1413 5596 1580 5666 factus
1609 5603 1704 5646 est.

808 5711 987 5782 Vigilii
1013 5710 1302 5780 responsio.

1840 5659 1846 5664 .
1933 5621 2175 5666 naturam
2203 5605 2386 5659 meruit
2431 5604 2862 5674 conjunctiouem.
2896 5602 3076 5674 Neque
3111 5603 3248 5658 enim
3293 5602 3516 5674 conjun-

1934 5701 2154 5754 ctionem
2174 5695 2476 5764 suscepisset
2494 5695 2657 5758 illam,
2673 5695 2773 5750 nisi
2792 5695 2936 5764 prius
2959 5692 3322 5747 inmaculatus
3341 5693 3512 5764 factus

317 5808 374 5865 In
423 5804 802 5878 suprascripto
849 5801 1118 5871 trigesimo
1159 5807 1310 5856 sexto
1339 5795 1578 5868 capitulo
1655 5795 1744 5852 ubi
1768 5795 1834 5851 ad
1937 5790 2136 5863 fuisset,
2166 5796 2220 5840 ut
2250 5788 2322 5841 sic
2349 5786 2622 5841 condeceat
2651 5786 2788 5840 illius
2818 5787 3086 5840 unitatem.
