3986 6370
496 352 556 407 9|
1871 362 2052 421 ιἰςιι,

2163 365 2339 422 'APE
3684 387 3767 445 93

1040 475 1216 548 i'igilii
1247 478 1531 548 responsio.
2094 481 2150 544 Α

2716 487 2894 562 Vigilii
2927 493 3212 563 responsio.

567 560 622 616 In
651 566 1010 636 suprascripto
1059 569 1329 636 trigesimo
1377 585 1521 626 nono
1566 569 1802 636 capitulo
1854 589 2063 631 rursum

2235 579 2295 634 In
2323 579 2688 652 suprascripto
2714 583 3124 654 quadragesimo
3143 583 3381 642 secundo
3401 587 3640 658 capitulo
3663 589 3760 643 di-

494 648 624 706 illud
669 653 812 721 quod
841 656 1030 712 beatus
1073 657 1262 714 l’ctrus
1289 657 1456 714 dixit:
1502 659 1682 717 Iesum
1720 678 1752 716 α
1776 659 2054 730 Nasareth,

2165 671 2308 728 citur
2333 648 2611 729 Christum.
2643 648 2992 744 justilicattint
3021 685 3078 732 et
3110 648 3507 734 immaculatum
3547 679 3756 734 factum

489 757 636 811 quem
664 745 812 798 auxit
841 744 978 800 Deus
1006 747 1206 818 Spiritu
1253 757 1302 803 et
1350 750 1572 806 virtute:
1601 767 1880 822 exponens
1900 753 2061 818 dicit,
2165 778 2286 821 esse
2306 764 2505 822 virtute
2540 765 2770 836 Spiritus
2797 769 3003 834 sancti;
3035 776 3090 824 et
3117 769 3336 839 adjicit:
3360 769 3496 826 Mori
3526 771 3755 841 quidem

491 845 591 899 per
616 844 923 891 unctionem
953 835 1216 907 Spiritus,
1245 838 1390 909 quod
1437 841 1653 907 meruit,
1683 851 1739 899 et
1763 842 2067 899 immacula-
2163 865 2287 908 eum
2316 851 2444 908 fecit
2459 835 2756 910 secundum
2784 854 2958 924 legem
2979 835 3278 922 hominum,
3305 867 3368 914 ut
3409 835 3751 929 pote'autem

492 928 602 976 tum
629 936 752 978 cum
783 937 880 994 per
905 927 1085 980 omnia
1115 926 1310 984 factum
1333 967 1348 993 ,
1377 937 1432 984 et
1463 929 1530 984 ad
1557 928 1789 986 divinam
1817 941 2064 986 naturam
2163 941 2572 1012 impcccabilcm
2596 943 2796 1000 virtute
2823 944 3057 1016 Spiritus
3084 949 3256 1004 sancti
3283 926 3481 1004 factum
3510 944 3761 1006 resusci-

489 1011 749 1068 meruisse
795 1015 1230 1086 conjunctiouem
1264 1035 1278 1072 :
1323 1034 1443 1088 qua:
1471 1021 1633 1076 verba
1661 1019 1930 1078 Christum
1961 1038 2062 1095 pu-

489 1111 608 1152 rum
639 1100 908 1158 hominem
937 1115 1125 1176 aperte
1152 1107 1388 1176 signant.
1433 1107 1533 1175 Qui
1585 1124 1714 1180 ergo
1741 1111 1854 1168 lucc
1874 1113 1946 1167 ita
1975 1127 2064 1170 sa-

491 1187 588 1256 pit,
618 1187 796 1260 docet,
821 1193 989 1248 credit
1014 1202 1106 1248 aut
1129 1195 1398 1265 pnudicat,
1426 1198 1713 1254 anathema
1741 1200 1829 1256 sit.

908 1320 1172 1362 τιιιξοιιοιιι
1211 1321 1274 1362 (ΞΑ
1283 1323 1512 1364 ιιιτυιωι
1548 1327 1637 1366 XL.

561 1411 703 1468 Nam
729 1425 780 1470 et
813 1417 944 1470 illud
965 1433 984 1471 :
1017 1415 1113 1472 llic
1137 1430 1214 1474 est
1241 1419 1406 1476 l-‘ilitts
1425 1437 1578 1478 meus
1605 1423 1852 1489 dilectus,
1881 1426 1933 1481 in
1954 1441 2063 1498 quo

491 1501 619 1556 mihi
651 1505 976 1574 complacuit
1024 1507 1240 1574 (.llatth.
1275 1511 1384 1578 ιιι),
1415 1512 1624 1566 insania
1667 1515 1872 1570 evidens
1901 1527 1975 1572 est
1999 1519 2064 1572 de

491 1589 603 1646 ltro
657 1593 818 1648 l'crbo
841 1608 1024 1661 putare
1059 1599 1230 1652 dicere
1276 1617 1410 1654 eum.
1440 1600 1540 1666 Qui
1585 1603 1722 1658 enim
1751 1605 1886 1660 dixit
1915 1622 1932 1660 :
1966 1605 2065 1663 llic

487 1693 570 1736 est
622 1681 785 1738 Filius
831 1701 982 1742 meus
1021 1689 1276 1754 tlllt‘CUl“,
1327 1701 1376 1745 et
1422 1693 1640 1748 intulit:
1672 1694 1728 1750 In
1775 1712 1882 1766 quo
1932 1698 2060 1752 mihi

2166 1037 2300 1093 tavit
2317 1037 2386 1094 de
2412 1047 2638 1096 mortuis
2665 1057 2679 1094 :
2709 1041 2905 1110 quibus
2923 1043 3104 1098 verbis
3127 1043 3206 1098 sic
3224 1053 3504 1113 separatus
3523 1059 3553 1098 a
3573 1044 3755 1100 verbo

2165 1125 2262 1181 Dei
2293 1126 2594 1183 insinuatur
2619 1129 2805 1197 homo,
2837 1138 2898 1185 ut
2923 1132 3094 1188 sancti
3138 1131 3369 1203 Spiritus
3395 1135 3596 1191 virtute
3643 1135 3756 1190 im-

2163 1217 2464 1272 maculatus
2490 1227 2548 1272 et
2574 1218 2954 1288 impeccabilis,
2981 1225 3132 1291 quasi
3158 1225 3350 1293 aliquis
3370 1225 3546 1296 justus
3573 1229 3750 1284 homo

2163 1314 2438 1360 asseratur
2463 1304 2700 1362 allectus.
2732 1307 2833 1375 Qui
2853 1324 2983 1378 ergo
3007 1311 3121 1367 haec
3143 1313 3215 1367 ita
3243 1315 3404 1384 sapit,
3426 1315 3606 1386 docet,
3620 1333 3752 1374 cre-

2162 1395 2241 1452 dit
2262 1406 2354 1452 aut
2381 1399 2657 1468 prtcdicat,
2685 1401 2969 1455 anathema
2997 1403 3086 1458 sit.

2549 1526 2818 1568 τιεοιιοιιι
2861 1529 3162 1572 οΑνιτυιυιι
3203 1533 3350 1572 XLIII.

2238 1599 2349 1656 Deo
2376 1609 2556 1656 autem
2582 1603 2802 1670 gratias,
2834 1605 2924 1673 qui
2954 1607 3108 1662 nobis
3135 1607 3283 1662 dedit
3322 1608 3601 1666 victoriam
3644 1627 3752 1682 per

2162 1688 2447 1745 Dominum
2475 1700 2716 1746 nostrum
2736 1692 2918 1750 Jesum
2941 1695 3207 1752 Christum
3235 1697 3290 1768 (1
3304 1697 3423 1754 Cor.
3457 1700 3578 1772 xv);
3607 1704 3750 1759 isto-

489 1773 832 1844 complacuit,
850 1781 1158 1848 signiﬁcat-tt
1175 1785 1309 1849 quod
1331 1796 1506 1851 aperte
1530 1787 1599 1840 ad
1626 1790 2054 1858 comparationem

2163 1795 2278 1834 rum
2305 1798 2516 1836 causam
2557 1783 2702 1837 nobis
2732 1785 2892 1855 {uisse
2909 1785 3083 1840 dicens
3103 1787 3287 1854 Deum,
3315 1790 3404 1860 qui
3428 1800 3605 1845 contra
3627 1809 3752 1846 om-

489 1865 584 1918 hoc
609 1869 681 1918 du
697 1868 734 1920 it
763 1869 982 1924 aliorum
1021 1874 1264 1939 ﬁliorum,
1296 1878 1380 1944 qui
1413 1893 1504 1931 nec
1549 1878 1724 1935 dilecti
1762 1882 1889 1952 {acti
1918 1891 2054 1949 sunt,

2165 1885 2256 1922 nes
2281 1871 2603 1926 aduersarios
2633 1873 2773 1926 dedit
2801 1873 2946 1929 nobis
2975 1877 3240 1931 victoriam
3265 1880 3369 1933 sive
3397 1882 3604 1946 mortis,
3635 1883 3751 1938 sive

495 1973 581 2012 rec
605 1962 811 2028 placcre
833 1965 986 2019 nimis
1015 1978 1288 2034 potuerunt
1317 1971 1385 2024 ei.

1036 2078 1056 2130 l
1080 2079 1210 2150 iqtlit
1239 2084 1524 2150 responsio.

558 2182 614 2238 In
642 2187 1005 2257 suprascripto
1048 2189 1286 2259 capitulo
1331 2194 1740 2264 quadragesimo
1787 2197 1855 2254 de
1895 2200 2062 2256 inter-

493 2277 797 2344 pretatione
827 2276 1096 2348 Evangelii
1137 2283 1430 2338 scumtlum
1453 2283 1777 2348 .‘latthsrum.
1811 2289 1898 2344 ubi
1928 2289 2063 2346 dici-

489 2373 572 2419 tur
603 2381 618 2420 :
651 2365 750 2420 llic
771 2378 846 2422 est
877 2367 1044 2424 l’tltus
1072 2388 1212 2427 meus
1239 2375 1472 2439 dilectus,
1490 2375 1541 2429 in
1568 2395 1668 2448 quo
1690 2379 1813 2434 mihi
1833 2381 2062 2452 compla-

486 2467 610 2515 cuit.
638 2457 976 2529 subiungitur
1002 2475 1054 2516 et
1085 2462 1282 2520 «Ιῑιίιιιι-
1311 2483 1324 2519 :
1353 2465 1565 2522 insania
1613 2470 1832 2527 evidens
1875 2479 1958 2528 est
1994 2472 2062 2528 de

489 2539 600 2597 Deo
619 2545 798 2600 dicere
826 2561 969 2602 cmn.
1004 2549 1104 2614 Qui
1127 2551 1268 2606 cnim
1297 2553 1470 2608 dixit:
1502 2553 1606 2608 llic
1630 2567 1708 2611 est
1734 2556 1901 2613 Filius
1920 2576 2062 2616 meus

482 2634 722 2699 dilectus,
745 2645 798 2691 ct
846 2637 1022 2693 ἰιιιιιΙιι
1055 2658 1068 2694 :
1106 2640 1167 2695 In
1197 2659 1297 2713 quo
1325 2646 1451 2701 mihi
1493 2649 1833 2719 complacuit,
1860 2651 2062 2720 signiﬁ-

485 2733 631 2776 cuvtt
659 2725 802 2793 quod
831 2737 1020 2797 aperte
1043 2731 1108 2784 ad
1145 2735 1600 2803 cotuparationcm
1639 2739 1742 2795 hoc
1769 2739 1898 2798 dict
1924 2741 2061 2799 ﬁlio-

483 2825 626 2879 rum,
655 2815 745 2884 qui
802 2834 867 2870 ne
896 2818 1074 2876 dilecti
1123 2823 1170 2876 ci
1211 2821 1334 2879 lacti
1363 2836 1509 2895 sunt,
1535 2845 1636 2886 nec
1663 2831 1874 2901 placere
1901 2835 2062 2893 nimis

485 2911 796 2970 potuerunt.
822 2907 949 2974 Qua.-
971 2911 1132 2965 verba
1163 2912 1432 2970 Christum
1456 2917 1636 2974 Jesum
1661 2920 2060 2990 purum'rursus

485 2992 759 3049 hominem
805 3008 860 3052 et
905 3000 1218 3072 adoptivum
1251 3004 1416 3061 illium
1444 3010 1724 3068 evidenter
1748 3015 2056 3074 ostendunt.

485 3082 587 3149 Qui
615 3085 775 3176 igitur
794 3088 909 3144 haec
933 3090 1007 3146 ita
1047 3094 1206 3165 sapit,
1251 3095 1430 3167 docet,
1459 3099 1635 3157 credit
1660 3111 1755 3160 aut
1780 3106 2056 3176 praedicat,

481 3175 768 3232 anathema
795 3179 883 3234 sit.

900 3309 1165 3352 τηεουοιιι
1203 3314 1504 3358 CAPITULO“
1534 3321 1642 3362 ιιι.

549 3394 869 3456 Permanens
888 3411 1082 3472 autem,
1113 3406 1274 3462 donec
1299 3413 1576 3469 secundum
1600 3433 1745 3472 suam
1764 3431 2054 3479 creaturam

377 3492 388 3501 ‘
478 3495 532 3538 et
559 3487 794 3542 virtutem
823 3492 1028 3548 solvens
1053 3499 1232 3552 mortis
1258 3501 1484 3572 dolores,
1513 3504 1746 3562 liberavit
1768 3525 1884 3565 eum
1919 3513 2057 3586 inef-

479 3575 722 3646 fabilibus
767 3582 909 3636 illius
948 3585 1200 3656 vinculis,
1251 3601 1300 3645 et
1343 3593 1406 3648 de
1452 3601 1664 3654 mortuis
1707 3575 2049 3676 resuscitans',

485 3667 751 3721 transtulit
777 3669 980 3740 quidem
1009 3675 1064 3728 in
1109 3677 1452 3737 immortalem
1480 3687 1634 3740 vitam
1656 3705 1674 3742 :
1701 3667 2052 3765 incorruptum

480 3763 652 3809 autem
673 3773 788 3812 eum
815 3772 864 3814 et
881 3763 1226 3824 immortalem
1250 3781 1301 3826 et
1319 3775 1688 3835 immutabilem
1721 3763 1964 3856 eﬂiciens,
1993 3789 2048 3844 in

480 3843 660 3898 calum
685 3847 854 3898 duxit.

478 3847 660 3899 coelum
685 3847 854 3906 duxit.

1015 3965 1191 4040 Vigilii
1227 3979 1512 4048 responsio.

551 4046 608 4104 In
638 4055 1006 4148 suprascripto
1035 4046 1450 4134 quadragesimo
1479 4072 1653 4141 primo
1694 4079 1930 4148 capitulo
1971 4083 2052 4139 di-

476 4136 808 4231 citur,_quod
861 4146 1080 4204 solvens
1123 4155 1310 4210 mortis
1339 4136 1555 4218 dolores
1575 4205 1591 4231 ,
1623 4136 1869 4224 liberavit
1895 4136 2052 4230 Chri-

477 4232 620 4281 stum
641 4229 999 4290 inell'abilibus
1031 4237 1133 4293 illis
1161 4241 1410 4315 vinculis,
1441 4255 1496 4303 et
1534 4229 1602 4306 de
1627 4264 1797 4312 morte
1821 4263 2053 4318 resusci-

475 4493 606 4618 lemh
630 4495 884 4618 ciliciens,
916 4503 968 4558 in
1020 4510 1215 4566 caelum
1252 4515 1541 4576 eduxerit:
1575 4539 1672 4594 per
1710 4543 1830 4598 qua:
1869 4535 2049 4591 omnia
2081 4555 2130 4618 ο
2152 4557 2201 4614 ci

475 4599 574 4618 una.
611 4600 638 4618 σι
715 4591 980 4618 Anien-4..--..
1009 4597 1114 4618 ____I
1140 4617 1148 4618 κ
1178 4617 1199 4618 η
1238 4605 1255 4618 ι
1370 4608 1382 4618 .
1694 4615 1711 4618 -

473 4585 641 4640 verba
677 4588 980 4680 declaratur
1008 4597 1208 4656 nudum
1238 4605 1510 4666 hominem
1536 4585 1655 4670 esse
1683 4585 1862 4676 losum

473 4679 640 4787 stum;
669 4677 770 4744 Qui
797 4696 928 4784 ergo
951 4685 1022 4740 ita
1049 4691 1209 4760 sapit,
1239 4693 1416 4767 docet,
1446 4702 1639 4774 credit,
1661 4716 1754 4763 aut
1770 4677 2048 4787 prmdicat,

473 4766 764 4824 anathema
790 4773 878 4827 sit.

889 4902 1154 4949 τιιεουοιιι
1181 4911 1481 4959 ςιιιιιτυιωι
1512 4920 1639 4962 XLII.

545 4967 804 5028 Christum
826 4976 1171 5050 justi/iculum
1215 4998 1264 5042 et
1313 4991 1700 5052 immaculatum
1742 5001 1939 5072 factum
1963 5022 2048 5061 se-

471 5062 696 5164 cundum
718 5067 953 5124 virtutem
975 5077 1144 5130 sancti
1174 5076 1404 5148 Spiritus
1432 5083 1586 5154 [sicut
1615 5062 1793 5146 beatus
1819 5092 2044 5164 Aposto-

473 5148 552 5251 lus
582 5153 734 5255 modo
761 5159 968 5255 quidem
1007 5163 1172 5220 dicit:
1202 5165 1354 5234 Quod
1377 5148 1702 5240 justilicatus
1729 5189 1812 5238 est
1840 5148 1891 5237 in
1909 5148 2044 5255 Spi-

473 5240 579 5296 ritu
613 5241 664 5305 t]
759 5245 893 5302 Tim.
935 5253 1043 5316 Ill);
1072 5256 1225 5312 modo
1269 5275 1387 5315 vero
1420 5279 1440 5316 :
1467 5263 1619 5331 Quod
1666 5283 1764 5338 per
1787 5240 2044 5342 Spiritum

471 5339 727 5389 mtcrnum
779 5339 1264 5404 immaculatumse
1315 5351 1508 5408 obtulit
1551 5358 1662 5413 Deo
1713 5339 1897 5429 (Heltr.
1924 5365 2042 5438 13)]

475 5427 607 5478 mori
645 5427 850 5498 quidem
895 5435 1014 5502 fecit
1043 5440 1322 5496 secundum
1351 5443 1512 5516 legem
1535 5427 1815 5519 hominum,
1846 5463 1904 5508 ut
1927 5427 2046 5526 pote

473 5523 640 5569 autem
663 5519 1039 5588 impeccabilem
1069 5528 1252 5584 virtute
1283 5536 1452 5588 sancti
1481 5536 1708 5606 Spiritus
1737 5519 1938 5612 factum
1959 5561 2044 5599 re-

476 5606 736 5662 suscitarit
765 5611 829 5664 de
855 5616 1090 5680 mortuis,
1119 5627 1168 5670 et
1195 5621 1264 5672 ad
1291 5625 1448 5678 vitam
1469 5606 1748 5684 constituit
1760 5633 2041 5702 meliorem,

479 5689 840 5752 immutabilem
884 5703 1086 5771 quidem
1115 5709 1290 5762 animo
1327 5714 1740 5785 cogitationibus,
1772 5723 2044 5794 incorrup-

481 5791 586 5836 tum
615 5795 848 5844 autemet
879 5793 1238 5854 indissolutum
1267 5817 1332 5856 ea:
1359 5819 1515 5862 carne
1543 5807 1761 5877 faciens.

2163 1961 2380 2032 peccati,
2411 1962 2514 2016 sire
2535 1964 2881 2034 cujuscunque
2902 1965 3022 2019 hinc
3049 1969 3296 2022 nascendi
3325 1969 3450 2023 mali
3475 1987 3494 2024 :
3523 1973 3608 2042 qui
3631 1971 3751 2027 Do-

2165 2051 2359 2104 minum
2385 2060 2618 2106 nostrum
2660 2053 2838 2108 Jesum
2861 2052 3122 2110 Christum
3163 2073 3257 2127 pro
3306 2059 3453 2113 nobis
3480 2060 3748 2116 hominem

2161 2157 2388 2208 sunteas,
2419 2151 2468 2197 et
2519 2145 2686 2214 ipsum
2739 2163 2832 2216 per
2860 2151 3285 2204 resurrectionem
3325 2150 3390 2204 de
3415 2154 3632 2206 mortuis
3671 2153 3750 2208 ad

2162 2230 2423 2284 meliorem
2453 2233 2716 2287 transtulit
2741 2235 2918 2304 ﬁnem,
2948 2245 2999 2290 et
3023 2238 3079 2290 in
3107 2237 3320 2292 dextera
3344 2256 3440 2294 sua
3458 2241 3637 2295 sedere
3656 2245 3747 2313 {e-

2161 2319 2251 2385 cit,
2280 2327 2328 2372 et
2355 2319 2504 2375 nobis
2523 2322 2592 2375 ad
2617 2339 2734 2377 eum
2760 2325 2967 2380 donavit
2990 2330 3422 2384 communionem.

2700 2435 2878 2507 Vigilii
2915 2441 3203 2507 responsio.

2231 2517 2289 2576 lu
2311 2523 2673 2594 suprascripto
2711 2525 3118 2595 quadragesimo
3147 2531 3312 2586 tertio
3355 2532 3610 2602 capitulo,
3641 2550 3745 2590 ex-

2161 2611 2412 2681 ponendo
2435 2613 2598 2668 verba
2626 2617 2858 2684 apostoli
2906 2616 3054 2672 Pauli
3081 2620 3275 2689 quibus
3301 2621 3433 2678 dicit
3464 2641 3477 2677 :
3512 2625 3619 2678 Deo
3639 2643 3745 2679 au-

2161 2710 2264 2756 tem
2288 2703 2505 2774 gratias,
2533 2705 2619 2776 qui
2661 2704 2809 2760 nobis
2837 2706 2976 2761 dedit
3023 2711 3288 2765 uictoriam
3331 2729 3424 2784 per
3460 2715 3743 2771 Dominum

2158 2804 2392 2850 nostrum
2416 2795 2595 2850 Iesum
2622 2794 2900 2852 Christum.
2932 2799 3002 2856 Et
3029 2810 3152 2871 post
3176 2803 3328 2874 plura
3356 2805 3696 2876 subiungitur
3721 2826 3737 2862 :

2159 2885 2416 2943 Dominus
2443 2897 2630 2944 noster
2652 2889 2811 2946 Jesus
2850 2891 3095 2950 Christus
3140 2910 3241 2966 pro
3274 2897 3431 2954 nobis
3460 2898 3741 2955 hominem

2159 2992 2398 3042 sumens,
2421 2985 2480 3034 et
2506 2978 2680 3050 ipsum
2713 2996 2812 3052 per
2838 2986 3286 3042 resurrectionem
3313 2987 3383 3044 de
3409 2990 3635 3045 mortuis
3663 2991 3740 3046 ad

2157 3069 2435 3126 meliorem
2463 3072 2734 3128 transtulit
2759 3073 2919 3130 ﬁnem
2937 3115 2952 3141 ,
2981 3091 3082 3146 per
3127 3091 3248 3146 quae
3270 3077 3384 3148 jam
3411 3081 3562 3150 quasi
3611 3081 3739 3136 exi-

2111 3217 2124 3237 .
2157 3169 2306 3217 stans
2333 3160 2514 3226 homo,
2537 3177 2568 3216 a
2591 3162 2703 3219 Deo
2747 3165 2915 3220 verbo
2943 3165 3276 3234 signiﬁcatur
3316 3179 3643 3241 assumptus,
3673 3179 3741 3227 ut

2157 3250 2266 3307 duo
2320 3250 2482 3308 fuisse
2536 3253 2860 3323 videantur,
2911 3264 2970 3312 et
3017 3257 3154 3313 alter
3201 3259 3359 3316 alteri
3401 3261 3737 3331 praestitisse.

2155 3343 2260 3410 Qui
2313 3343 2388 3399 ita
2450 3347 2620 3416 sapit,
2668 3347 2853 3416 docet,
2901 3348 3073 3405 credit
3124 3359 3220 3406 aut
3272 3351 3560 3423 pradicet,
3601 3369 3739 3410 ana-

2156 3431 2336 3488 thema
2360 3433 2451 3488 sit.

2554 3561 2819 3604 τιιεουοιιι
2855 3564 3157 3607 εΑιιιτυιωι
3193 3569 3339 3609 XLIV.

2222 3637 2350 3692 Cum
2393 3653 2516 3708 ergo
2560 3637 2874 3708 interrogent
2902 3655 2920 3692 :
2951 3637 3196 3695 Hominis
3223 3643 3468 3712 genitrix,
3516 3651 3606 3699 aut
3631 3643 3737 3700 Dei

2152 3727 2376 3800 genitria:
2408 3723 2584 3780 Maria
2621 3726 2824 3781 dicatur
2850 3744 2883 3781 a
2910 3728 3094 3783 nobis?
3124 3729 3170 3784 U
3173 3739 3370 3803 traque,
3400 3749 3560 3788 unum
3610 3735 3734 3806 qui-

2154 3818 2270 3872 dem
2298 3825 2508 3882 natura,
2559 3816 2778 3872 alterum
2805 3825 2977 3872 autem
3017 3819 3270 3876 relatione
3295 3838 3313 3876 :
3341 3823 3565 3877 hominis
3593 3825 3736 3879 enim

2153 3909 2378 3981 geniti-ia:
2422 3917 2635 3972 natura,
2662 3910 2785 3980 quia
2812 3909 2962 3965 homo
3013 3923 3125 3966 erat
3149 3921 3200 3967 et
3224 3915 3278 3967 in
3305 3926 3477 3968 uentre
3505 3915 3732 3985 Mariae,

2152 3996 2240 4069 qui
2257 4003 2309 4050 et
2326 3997 2575 4066 processit
2599 3995 2754 4060 inde;
2782 3995 2882 4051 Dei
2924 4007 3097 4052 autem
3122 4001 3373 4071 genitrix,
3419 4003 3540 4074 quia
3591 4003 3734 4058 Deus

2152 4093 2267 4140 erat
2323 4085 2379 4140 in
2439 4085 2644 4140 homine
2691 4095 2849 4151 nato;
2890 4103 2992 4142 non
3048 4089 3104 4143 in
3165 4091 3256 4144 illo
3309 4092 3735 4162 circumscriptus

2153 4176 2432 4232 secundum
2466 4184 2729 4243 naturam,
2775 4177 2868 4232 sed
2903 4178 3039 4250 quod
3076 4180 3132 4234 in
3161 4196 3223 4236 eo
3251 4189 3364 4236 erat
3408 4183 3602 4252 a/fectu
3640 4199 3735 4239 ro-

2061 4321 2066 4327 ,
2153 4267 2386 4322 luntatis.

2696 4377 2758 4434 Vi
2763 4379 2876 4451 gilii
2911 4383 3196 4452 responsio.

2224 4467 2281 4523 ιιι
2311 4468 2673 4541 suprascripto
2698 4471 3105 4541 quadragesimo
3133 4482 3326 4546 quarto
3365 4479 3606 4549 capitulo
3647 4481 3735 4538 di-

2206 4565 2294 4614 tur
2320 4577 2334 4612 :
2364 4559 2497 4614 Cum
2523 4575 2654 4630 ergo
2682 4562 3056 4633 interrogent:
3086 4565 3332 4626 Hominis
3373 4571 3626 4639 genitrix,
3657 4587 3732 4628 an

2149 4647 2247 4704 Dei
2291 4649 2523 4718 genitrix
2577 4649 2743 4706 Maria
2784 4652 3010 4720 dicatur,
3041 4657 3194 4726 quasi
3240 4673 3306 4713 ex
3354 4661 3735 4730 respondentis

2149 4751 2381 4808 persona
2413 4738 2628 4809 dicitur,
2655 4748 2882 4812 utraque
2919 4743 3022 4801 dici
3042 4787 3059 4813 ,
3088 4753 3146 4801 et
3170 4746 3514 4818 adjungitur:
3552 4749 3730 4807 Unum

2148 4829 2365 4900 quidem
2396 4837 2586 4886 natura
2611 4832 2710 4898 rei,
2741 4833 2970 4890 alterum
3010 4845 3190 4892 autem
3218 4839 3514 4906 relatione;
3545 4848 3603 4897 et
3628 4841 3732 4896 ad-

2147 4918 2336 4975 ditur:
2363 4917 2606 4976 Hominis
2660 4923 2804 4978 enim
2853 4925 3083 4993 genitrix
3137 4937 3352 4999 natura,
3395 4931 3518 5000 quia
3559 4933 3728 4988 homo

2148 5016 2268 5064 erat
2293 5016 2351 5064 et
2375 5025 2430 5064 ιιι
2471 5019 2661 5068 ventre
2687 5011 2885 5080 Mariae,
2914 5013 3007 5084 qui
3045 5023 3102 5070 et
3149 5020 3408 5088 processit
3436 5021 3597 5076 inde:
3627 5022 3730 5078 Dei

2149 5108 2326 5156 autem
2354 5103 2604 5171 genitrix,
2634 5105 2760 5172 quia
2807 5104 2948 5161 Deus
2975 5115 3094 5164 erat
3133 5109 3190 5164 in
3219 5109 3438 5168 homine
3465 5119 3594 5168 nato
3620 5129 3636 5168 :
3667 5122 3731 5170 et

2147 5189 2423 5259 adjicitur:
2442 5191 2559 5247 Non
2581 5193 2673 5250 ille
2692 5195 3122 5268 circumscriptus
3133 5201 3427 5258 secundum
3451 5210 3722 5272 naturam,

2148 5279 2242 5334 sed
2270 5281 2500 5348 quodin
2545 5297 2612 5338 eo
2641 5290 2761 5338 erat
2805 5283 3001 5342 all‘ectu
3048 5288 3358 5346 voluntatis.
3399 5289 3527 5358 Qua:
3553 5293 3724 5350 verba
3773 5337 3822 5357 ,-

2147 5367 2277 5424 item
2296 5377 2351 5425 et
2373 5387 2536 5426 unum
2557 5373 2828 5430 hominem
2853 5377 3142 5443 Christum,
3162 5389 3216 5435 et
3236 5380 3370 5437 duos
3391 5382 3528 5440 ﬁlios
3546 5384 3724 5440 beatae

2144 5459 2326 5516 Maria:
2353 5461 2744 5523 demonstrant.
2789 5467 2942 5535 Quod
2971 5471 3062 5539 qui
3092 5473 3165 5526 ita
3204 5475 3365 5544 sapit,
3393 5473 3572 5542 docet,
3599 5492 3724 5532 crc-

2144 5549 2223 5604 dit
2249 5559 2342 5605 aut
2377 5555 2662 5622 praedicat,
2708 5565 2764 5612 et
2801 5574 2907 5615 non
2957 5560 3122 5616 Deum
3172 5566 3414 5630 verbum,
3455 5566 3546 5636 qui
3590 5575 3723 5622 ante

2144 5643 2323 5696 omnia
2337 5645 2532 5700 sarcula
2555 5661 2621 5701 ex
2645 5646 2802 5704 Patre
2824 5649 3160 5708 ineﬂ‘abiliter
3177 5664 3335 5710 natus
3349 5665 3454 5725 est,
3469 5657 3720 5713 eumdem

2147 5747 2214 5786 ex
2254 5743 2440 5790 sancta
2477 5736 2696 5806 Virgine
2739 5739 2904 5796 Maria
2953 5743 3113 5814 (sicut
3161 5745 3214 5798 in
3263 5746 3434 5816 primo
3480 5748 3721 5815 capitulo

2148 5821 2400 5895 diximus)
2423 5843 2519 5898 per
2537 5829 2822 5888 secundam
2845 5835 3174 5894 nativitatem
3195 5854 3350 5896 suam
3379 5839 3718 5898 incarnatum
