3986 6352
153 384 220 440 93
282 404 295 415 ·
1358 360 1712 421 ΕΡΙΞΤΟΙΛΕ
1750 357 1841 414 ΕΤ
1876 350 2215 412 DECRETA.
3388 343 3466 400 ἰ

155 507 207 554 ct
226 504 417 551 natum
446 508 616 550 unum
649 491 705 548 in
730 500 963 559 utraque
989 495 1186 544 uatin'a
1213 480 1501 540 inconiusa
1543 479 1760 548 insepa-
1788 476 1838 537 A
1862 471 2008 543 quod
2034 470 2165 527 dicit
2205 465 2517 539 Apostolus,
2547 461 2649 529 Qui
2697 461 2887 517 multos
2932 460 3074 532 ﬁlios
3115 462 3185 514 ad
3232 459 3461 531 gloriam

155 587 424 660 rabilique
441 584 753 654 cognoscit,
775 580 1064 636 anathema
1091 577 1181 633 sit.

571 710 849 753 TIIBODOIII
886 703 1191 748 CAPITULUI
1229 699 1355 740 ην.

224 823 254 852 ⁸
276 812 474 868 Gratia
503 810 647 881 ﬁlius
676 808 766 880 qui
811 820 879 859 ea:
927 802 1104 858 Maria
1132 808 1213 855 est
1240 798 1423 861 homo,
1455 803 1645 847 natura
1673 806 1768 844 au-

157 915 259 962 tem
306 904 457 959 Deus
519 899 749 955 Verbum
779 914 798 953 :
823 894 960 967 quod
988 902 1161 947 autem
1183 887 1466 944 secundam
1517 884 1766 956 gratiam,

158 1012 262 1051 non
291 1003 517 1054 natura,
542 999 593 1046 et
633 987 773 1061 quod
825 982 1107 1040 secundum
1150 988 1417 1044 naturam,
1440 991 1546 1029 non
1572 971 1768 1044 graia,

158 1105 267 1144 non
296 1087 408 1139 duo
453 1083 586 1153 ﬁlii;
629 1078 856 1149 suﬁiciat
895 1072 1132 1144 corpori,
1156 1069 1293 1142 quod
1317 1083 1381 1122 ex
1412 1064 1559 1121 nobis
1587 1073 1663 1119 est
1692 1079 1773 1117 se-

162 1177 388 1232 cundum
414 1172 652 1244 gratiam
688 1168 907 1239 ﬁtiatio,
932 1165 1100 1237 gloria
1128 1170 1177 1216 et
1203 1158 1571 1215 immortalitas
1601 1173 1620 1211 :
1650 1156 1775 1226 quia

166 1266 418 1338 templum
467 1263 569 1318 Dei
636 1258 789 1315 Verbi
835 1260 1030 1329 factum
1054 1261 1152 1318 est,
1184 1269 1288 1307 non
1318 1267 1478 1321 supra
1527 1256 1774 1302 naturam

166 1358 392 1413 elevetur
414 1372 434 1410 :
464 1363 515 1409 et
535 1352 679 1406 Deus
712 1347 935 1404 Verbum
957 1362 1053 1417 pro
1069 1342 1242 1398 debita
1263 1360 1296 1396 a
1317 1341 1467 1397 nobis
1491 1342 1777 1413 gratiarum

168 1449 373 1503 actione
401 1462 513 1499 non
541 1442 823 1514 iujurietur
850 1454 869 1493 :
896 1446 945 1492 et
992 1452 1107 1508 qua:
1131 1444 1209 1489 est
1235 1434 1433 1504 injuria
1458 1446 1767 1500 componere

169 1557 284 1594 eum
313 1554 440 1593 cum
462 1551 700 1606 corpore,
732 1540 781 1586 et
805 1538 989 1602 putare
1012 1525 1249 1597 indigere
1286 1523 1524 1592 corporis
1562 1520 1630 1574 ad
1661 1535 1782 1590 per-

170 1634 361 1703 fectam
385 1625 737 1699 filiationem!
765 1638 861 1677 nec
900 1622 1013 1691 ipse
1042 1617 1184 1671 Deus
1212 1614 1439 1669 Verbum
1458 1612 1565 1668 uult
1583 1629 1638 1667 se
1665 1610 1781 1664 Da-

170 1721 256 1775 vid
280 1720 457 1790 ﬁlium
485 1732 599 1771 esse
618 1757 634 1781 ,
655 1713 748 1768 sed
780 1711 1096 1772 Dominum;
1123 1720 1308 1771 corpus
1340 1711 1515 1756 autem
1554 1703 1650 1757 hoc
1694 1717 1784 1755 io-

1868 563 2161 617 adduxerat
2193 558 2382 632 (Hebr.
2424 572 2484 623 n,
2516 554 2642 625 10),
2694 552 3019 623 exponendo
3069 550 3285 613 dicitur,
3316 547 3463 619 quod

1867 662 2202 725 assumptum
2252 651 2524 707 hominem
2578 646 2791 703 ameris
2840 649 3195 701 connumeret
3243 650 3468 695 sanctus

1869 745 2181 816 Apostolus,
2214 759 2281 800 eo
2308 741 2455 811 quod
2481 738 2730 795 similiter
2757 735 2983 804 gratiam
3015 732 3289 788 llliationis
3316 745 3469 786 acce-

1869 837 2030 909 perit,
2052 835 2169 891 sola
2198 834 2401 889 deitate
2432 829 2732 886 naturalem
2762 826 3077 882 liliationem
3105 822 3416 895 possidente
3444 838 3460 875 :

1869 942 1990 998 quae
2017 925 2233 996 quidem
2274 923 2437 979 verba
2457 960 2473 985 ,
2505 920 2645 976 sicut
2673 917 2924 988 superius
2951 915 3155 971 dictum
3194 921 3296 978 est,
3329 912 3467 966 duos

1873 1017 2226 1074 introducunt
2254 1016 2412 1079 lilios,
2444 1013 2498 1067 id
2524 1019 2606 1067 est
2628 1024 2791 1065 unum
2820 1023 2919 1079 per
2938 1007 3166 1077 gratiam
3185 1045 3200 1071 ,
3233 1004 3463 1059 alterum

1872 1126 1970 1182 per
2010 1117 2277 1163 naturam.
2320 1104 2475 1173 Quod
2505 1103 2598 1172 qui
2646 1103 2722 1157 ita
2750 1100 2912 1171 sapit,
2944 1099 3129 1166 docet,
3170 1095 3347 1153 credit
3376 1097 3473 1150 aut

1874 1198 2153 1272 praedicat,
2188 1196 2475 1251 anathema
2497 1194 2586 1249 sit.

2255 1324 2520 1364 THEODOBI
2563 1320 2869 1363 CAPITULUI
2906 1318 3090 1358 XLVIII.

1949 1401 2057 1457 Sed
2087 1400 2157 1455 ad
2186 1399 2283 1453 hac
2312 1399 2511 1463 dicunt,
2536 1397 2675 1472 quod
2720 1396 2876 1450 Jesus
2929 1410 3117 1448 nomen
3165 1390 3476 1447 salvatorem

1878 1494 2163 1565 signiﬁcat.
2215 1491 2463 1547 Salvator
2513 1499 2687 1542 autem
2741 1488 2786 1541 si
2836 1486 3059 1551 dicitur,
3091 1481 3346 1552 quomodo
3386 1479 3478 1536 ille

1880 1586 2033 1641 homo
2064 1583 2306 1638 dicatur?
2333 1580 2478 1636 obliti
2500 1580 2634 1653 quod
2658 1579 2812 1633 Iesus
2852 1577 3119 1631 dicebatur
3142 1578 3299 1629 etiam
3327 1572 3474 1644 ﬁlius

1884 1677 2032 1734 Nave
2072 1694 2091 1732 :
2134 1685 2184 1731 et
2229 1674 2365 1747 quod
2409 1673 2707 1729 mirandum
2737 1681 2848 1736 est,
2892 1671 3014 1741 quia
3060 1684 3163 1722 non
3217 1669 3284 1720 sit
3324 1679 3478 1719 voca-

171 1758 486 1866 cari'David
514 1758 685 1878 ﬁliu’m
709 1820 816 1858 non
845 1758 1141 1855 solum
1158 1758 1370 1861 invidit,
1393 1792 1485 1847 sed
1503 1799 1553 1846 et
1571 1798 1784 1861 propter

1913 1787 1968 1825 us
2019 1770 2233 1841 fortuito
2269 1769 2324 1821 in
2374 1765 2709 1838 generatione
2731 1803 2747 1827 ,
2792 1760 2884 1815 sed
2945 1758 3392 1814 transuominatus
3446 1770 3482 1808 a

1913 1858 2069 1878 mw“-
2133 1856 2336 1878 l'-...--...
2368 1866 2529 1878 --..-...
2579 1860 2647 1878 --ι
2679 1850 2810 1878 ...ηυξ
2851 1866 2954 1878 ..ηκ
2983 1850 3073 1878 ιω..
3095 1850 3358 1878 ἶιρίκηκηνΔ
3389 1844 3482 1878 Ιιη..

173 1904 272 1958 hoc
286 1902 488 1974 adfuit.

733 2009 917 2083 Vigilii
954 2005 1243 2078 responsio.

245 2106 314 2163 In
343 2102 718 2176 suprascripto
764 2082 1180 2170 quadragesimo
1209 2091 1399 2163 quinto
1437 2085 1677 2157 capitulo
1707 2082 1790 2138 di—

181 2198 345 2263 citur,
371 2196 501 2266 quia
529 2208 630 2264 per
649 2190 878 2260 gratiam
904 2187 974 2243 sit
998 2185 1136 2239 lilius
1175 2181 1265 2253 qui
1308 2195 1375 2235 ex
1423 2177 1591 2233 Maria
1632 2181 1791 2228 natus

184 2296 272 2344 est
290 2287 484 2353 homo,
507 2290 703 2337 natura
746 2287 927 2334 autem
957 2277 1097 2331 Deus
1122 2273 1361 2328 Verbum
1390 2289 1403 2324 :
1436 2277 1493 2325 et
1521 2266 1677 2337 quasi
1703 2279 1791 2319 ra—

187 2378 487 2433 tiocinator
509 2370 738 2428 dicendo
765 2387 778 2423 :
809 2366 963 2435 Quod
981 2364 1173 2434 gratia,
1198 2376 1305 2417 non
1335 2367 1546 2423 natura,
1573 2363 1629 2412 et
1648 2353 1795 2424 quod

188 2480 407 2535 natura,
439 2484 552 2523 non
602 2465 807 2536 gratia;
835 2470 890 2516 α
937 2458 1245 2528 adjungitur
1270 2473 1283 2509 :
1313 2452 1527 2510 Sufﬁcit
1578 2447 1793 2519 corpori

191 2560 341 2629 quod
368 2575 437 2615 ex
459 2557 619 2612 nobis
645 2561 730 2611 est
751 2551 1046 2609 secundum
1075 2547 1299 2619 gratiam
1346 2544 1556 2609 liliatio,
1581 2548 1638 2595 et
1683 2553 1791 2594 non

195 2666 359 2722 supra
382 2657 631 2704 naturam
671 2645 932 2708 elevetur,
965 2649 1023 2696 et
1048 2639 1191 2694 Deus
1218 2635 1455 2691 Verbum
1484 2643 1586 2702 pro
1614 2629 1797 2685 debita

196 2754 227 2794 a
252 2739 410 2793 nobis
433 2736 729 2807 gratiarum
760 2732 973 2788 actione
1009 2744 1118 2783 non
1138 2726 1423 2796 injurietur
1446 2738 1460 2787 ;
1486 2735 1605 2791 qu:e
1632 2718 1796 2772 verba

199 2830 409 2886 nudum
472 2828 748 2883 hominem
808 2839 877 2879 ex
930 2821 1150 2889 Virgine
1216 2816 1384 2871 Maria
1455 2811 1795 2881 signiﬁcant,

199 2923 295 2992 qui
332 2937 433 2993 per
478 2919 709 2990 gratiam
766 2914 1073 2985 appelletur
1127 2909 1293 2964 Filius
1343 2905 1460 2960 Dei.
1511 2902 1613 2970 Qui
1669 2915 1800 2969 ergo

201 3017 318 3070 haec
376 3014 451 3068 ita
505 3011 680 3081 sapit,
736 3008 934 3070 docet,
974 3002 1146 3060 credit
1196 3007 1290 3054 aut
1347 2996 1633 3068 prmdieat,
1671 3007 1802 3047 ana-

204 3107 389 3162 thema
413 3104 506 3159 sit.

603 3223 874 3267 TBEODORI
919 3217 1221 3262 CAPITULUI
1260 3214 1406 3254 XLVI.

275 3308 308 3348 δ
334 3304 558 3372 Quando
569 3304 668 3357 erit
679 3301 894 3371 qutestio
912 3298 975 3351 de
988 3290 1339 3349 nativitatibus
1363 3285 1645 3343 secundum
1661 3290 1807 3337 natu-

207 3416 346 3466 ra-n,
369 3414 436 3452 ne
463 3394 657 3450 Harios
686 3392 824 3463 ﬁlius
866 3386 1087 3443 Verbum
1120 3382 1214 3437 Dei
1243 3380 1585 3442 existimetur,
1603 3381 1797 3429 morta-

210 3493 287 3547 les
314 3491 455 3545 enim
506 3484 754 3540 mortales
812 3486 1066 3554 generant
1111 3472 1393 3529 secundum
1448 3477 1712 3533 naturam,
1758 3471 1810 3518 et

212 3596 402 3652 corpus
420 3576 593 3632 simile
633 3573 782 3628 sibi:
812 3580 861 3625 et
890 3569 1019 3622 duas
1071 3565 1363 3619 nativitates
1409 3558 1547 3613 Deus
1588 3555 1809 3611 Verbum

213 3650 320 3729 non
341 3668 610 3733 sustinuit,
635 3679 795 3718 unam
822 3660 1029 3732 quidem
1056 3666 1176 3710 ante
1204 3651 1414 3717 swcula,
1446 3650 1664 3703 alteram
1692 3661 1810 3701 vero

215 3768 273 3822 in
297 3757 675 3837 posterioribus
720 3751 1056 3824 temporibus.

768 3864 945 3937 Vigilii
984 3859 1273 3931 responsio.

291 3965 354 4022 In
374 3961 690 4035 supradicto
711 3954 1125 4028 quadragesimo
1153 3957 1308 4006 sexto
1337 3944 1574 4017 capitulo
1597 3943 1811 4010 dicitur,

221 4069 284 4116 ut
306 4059 492 4114 Maria:
538 4056 677 4110 illius
703 4051 848 4107 Deus
894 4048 1129 4104 Verbum
1174 4058 1284 4098 non
1331 4041 1689 4104 existimetur,
1716 4037 1813 4092 ad—

221 4147 460 4221 iiciendo
489 4165 504 4200 :
533 4143 670 4211 Quia
707 4137 951 4196 mortalis
996 4133 1285 4191 mortalem
1325 4138 1551 4201 generat
1613 4143 1813 4182 secun-

224 4218 353 4296 dum
391 4246 661 4303 naturam,
701 4241 759 4288 et
812 4244 1012 4300 corpus
1067 4225 1247 4281 simile
1303 4222 1426 4278 sibi.
1475 4219 1605 4288 Qua:
1648 4218 1816 4274 verba
1859 4286 1863 4290 .

227 4346 284 4390 et
318 4346 515 4405 purum
541 4328 817 4385 hominem
856 4322 926 4378 de
961 4327 1152 4377 sancta
1190 4316 1411 4384 Virgine
1451 4312 1617 4367 Maria
1654 4311 1821 4379 signi-

231 4428 413 4490 licaut,
454 4433 511 4480 et
538 4424 674 4478 duos
703 4417 843 4474 ﬁlios
868 4414 1239 4471 introducunt.
1265 4408 1371 4476 Qui
1394 4422 1525 4477 ergo
1555 4408 1628 4461 ita
1657 4405 1816 4476 sapit,

229 4520 408 4587 docet,
439 4515 614 4573 credit
640 4520 735 4567 aut
761 4508 1042 4581 praedicat,
1070 4503 1359 4559 anathema
1386 4500 1478 4555 sit.

623 4637 892 4681 TBEODOBI
920 4630 1225 4675 CAPITULUI
1260 4628 1428 4668 XLVII.

303 4721 448 4794 Ergo
467 4720 583 4792 jam
610 4713 880 4771 cessabunt
907 4710 973 4766 ab
1020 4708 1318 4774 impudente
1346 4720 1544 4777 pugna,
1572 4702 1821 4757 desistent

234 4792 405 4870 autem
420 4828 453 4866 a
476 4826 611 4865 vana
631 4806 977 4868 contentione,
994 4799 1348 4857 erubescentes
1367 4792 1677 4852 evidentiam
1698 4807 1829 4863 prte-

234 4908 490 4964 dictorum
516 4919 536 4957 :
565 4900 816 4973 plurimos
845 4895 985 4950 enim
1023 4892 1199 4947 dicunt
1225 4889 1366 4960 ﬁlios
1392 4887 1447 4941 in
1474 4886 1698 4957 gloriam
1725 4884 1827 4937 du-

236 5006 430 5054 centes.
460 4992 598 5048 Ecce
622 4992 780 5061 igitur
803 4988 860 5042 in
888 4983 1163 5056 ﬁliationis
1194 4982 1398 5036 ratione
1424 4974 1702 5048 Apostolus
1731 4990 1827 5045 ap-

240 5094 383 5160 paret
412 5085 431 5157 (_
450 5084 613 5140 llebr.
633 5103 649 5120 -
681 5077 759 5144 XI)
784 5081 1107 5142 assumptum
1126 5069 1385 5125 hominem
1405 5066 1606 5121 steteris
1627 5080 1826 5119 connu-

239 5156 484 5240 merans,
508 5188 616 5227 non
671 5166 955 5224 secundum
1006 5162 1146 5236 quod
1180 5162 1289 5216 illis
1337 5156 1524 5234 [illius]
1554 5156 1828 5227 ﬁtiationis

238 5268 495 5339 particeps
517 5272 614 5327 est,
639 5258 732 5316 sed
747 5256 1029 5314 secundum
1057 5253 1195 5326 quod
1216 5250 1457 5307 similiter
1475 5248 1648 5320 gratia
1685 5245 1830 5315 ﬁlia-

242 5336 442 5414 tionem
478 5353 780 5424 assumpsit,
811 5349 1001 5403 deitate
1045 5345 1159 5400 sola
1205 5340 1497 5397 naturalem
1523 5336 1833 5408 ﬁliationem

241 5449 552 5523 possidente.
597 5438 603 5443 ’

797 5552 973 5625 Vigilii
1011 5548 1296 5622 responsio.

312 5656 371 5714 In
400 5648 774 5727 suprascripto
798 5642 1214 5717 quadragesimo
1256 5637 1490 5709 septimo
1516 5632 1755 5706 capitulo
1783 5630 1837 5688 id

319 5845 344 5875 ⁸
374 5832 447 5893 Ut
475 5831 530 5888 in
557 5826 769 5886 Concii.
801 5821 864 5889 Υ,
900 5817 1080 5875 collat.
1103 5813 1138 5870 ι
1168 5820 1222 5870 ct
1247 5809 1298 5867 5.

1816 1838 1860 1897 Β
1888 1838 2091 1930 Moyse.
2132 1856 2340 1910 Certum
2361 1866 2530 1907 autem
2570 1860 2647 1907 est
2674 1850 2811 1923 quod
2851 1866 2955 1904 non
2979 1850 3073 1901 hoc
3095 1850 3358 1918 imponere
3386 1844 3483 1897 Ito-

1892 1950 2018 2003 mini
2046 1946 2361 2018 patiebatur,
2387 1944 2433 1997 si
2460 1943 2690 1997 divinam
2720 1949 2964 1994 naturam
2989 1936 3286 1993 omnimodo
3318 1934 3485 2007 signi-

1890 2038 2105 2113 ficabat.

2444 2147 2624 2220 Vigilii
2651 2146 2943 2218 responsio.

1963 2245 2022 2301 In
2049 2243 2416 2315 suprascripto
2446 2239 2861 2310 quadragesimo
2904 2244 3101 2293 octavo
3140 2232 3378 2306 capitulo
3416 2229 3486 2284 de

1895 2338 2117 2395 nomine
2134 2334 2286 2400 lesu,
2311 2332 2458 2402 quod
2505 2330 2833 2386 salvatorem
2884 2324 3169 2396 signiﬁcat,
3200 2335 3487 2392 argumen-

1896 2427 2062 2484 tando
2085 2432 2328 2493 negatur,
2361 2432 2419 2477 et
2456 2420 2653 2476 dicitur
2683 2436 2694 2471 :
2726 2417 2860 2484 Quia
2889 2416 2934 2471 si
2971 2415 3208 2470 salvator
3253 2410 3489 2465 divinam

1898 2527 2146 2574 naturam
2190 2513 2539 2585 signiﬁcaret,
2565 2523 2839 2578 nunquam
2888 2506 2998 2560 tale
3044 2517 3242 2558 nomen
3289 2498 3492 2553 homini

1898 2611 2288 2679 imponeretur.
2322 2604 2527 2671 Quibus
2563 2600 2743 2656 verbis
2771 2597 3018 2653 absolute
3055 2603 3111 2648 et
3135 2606 3300 2663 purus
3328 2589 3492 2644 homo

1899 2699 2146 2756 Christus
2208 2694 2549 2759 ostenditur,
2600 2699 2658 2747 et
2710 2690 2829 2745 dua:
2888 2699 3134 2758 persona:
3184 2680 3494 2749 intelligun-

1904 2803 2009 2848 tur.
2049 2791 2181 2859 Quze
2216 2789 2308 2859 qui
2357 2788 2433 2843 ita
2469 2787 2649 2857 sapit,
2701 2781 2878 2838 credit
2911 2786 3005 2834 aut
3038 2775 3297 2850 praedicat
3319 2812 3337 2840 ,
3366 2787 3497 2827 ana-

1908 2884 2090 2939 thema
2128 2882 2219 2936 sit.

2294 3005 2560 3046 TBEODORI
2611 3001 2912 3043 CAPITULUI
2960 2999 3082 3039 XLIX
3091 3023 3106 3038 .

1976 3085 2163 3157 Itaque
2189 3099 2292 3137 non
2322 3082 2488 3136 solum
2521 3079 2719 3133 Filium
2745 3079 2914 3147 ipsum
2940 3084 3086 3129 vocat
3115 3090 3147 3127 a
3175 3071 3288 3127 Deo
3329 3068 3498 3125 Verbo

1908 3191 2183 3248 separans,
2205 3172 2295 3227 sed
2316 3172 2472 3225 etiam
2492 3168 2772 3223 secundum
2794 3167 3047 3221 rationem
3068 3163 3344 3234 ﬁtiationis
3362 3176 3501 3215 com-

1907 3268 2181 3324 municans
2206 3263 2404 3318 caeteris
2452 3256 2788 3332 participibus
2836 3254 3109 3327 ﬁliationis
3137 3250 3457 3305 convincitur
3477 3264 3498 3303 :

1907 3358 2153 3431 quoniam
2195 3355 2369 3427 gratia
2394 3362 2444 3407 et
2488 3352 2598 3424 ipse
2626 3348 2886 3421 particeps
2916 3346 3014 3417 fuit
3041 3342 3344 3414 ﬁliationis,
3393 3355 3499 3394 non

1910 3448 2226 3504 naturaliter
2268 3462 2333 3501 ea:
2362 3444 2525 3498 Patre
2571 3449 2744 3505 natus,
2778 3436 2971 3492 habens
3000 3443 3171 3489 tamen
3198 3433 3268 3486 ad
3288 3441 3501 3486 caeteros

1908 3539 2289 3602 excellentiam,
2312 3537 2397 3606 qui
2446 3534 2645 3587 unitate
2693 3530 2762 3583 ad
2808 3530 2979 3600 ipsum
3029 3525 3337 3596 ﬁliationcm
3381 3537 3501 3592 pos-

1909 3631 2081 3698 sidet,
2109 3628 2244 3703 quod
2272 3629 2317 3681 ei
2362 3626 2645 3698 ﬁrmiorem
2690 3623 2854 3693 ipsius
2892 3621 2967 3674 rei
3006 3618 3168 3673 donat
3218 3615 3505 3686 participa-

1913 3722 2124 3776 tionem.

2461 3830 2642 3903 Vigilii
2678 3825 2965 3897 responsio.

1984 3932 2044 3987 In
2093 3927 2458 4000 suprascripto
2486 3919 2899 3994 quadragesimo
2930 3931 3075 3971 nono
3104 3916 3341 3985 capitulo
3371 3910 3505 3969 dici-

1917 4034 2023 4090 tur,
2054 4022 2180 4094 quia
2202 4019 2446 4075 Christus
2475 4030 2571 4086 per
2599 4011 2823 4082 gratiam
2851 4008 3122 4079 particeps
3152 4006 3254 4059 l'uit
3285 4004 3506 4059 liliatio-

1920 4117 2022 4177 nis,
2050 4092 2255 4169 habens
2282 4118 2462 4164 tamen
2492 4106 2558 4160 ad
2601 4112 2828 4159 cmteros
2850 4096 3247 4160 excellentiam,
3279 4092 3425 4164 quod
3453 4107 3507 4149 et

1919 4208 2125 4263 ﬁrmior
2174 4204 2341 4276 ipsius
2386 4199 2465 4257 rei
2513 4197 2711 4251 donata
2760 4191 2919 4247 fuerit
2960 4186 3320 4259 participatio.
3354 4181 3512 4251 Quod

1918 4302 2011 4371 qui
2042 4301 2114 4354 ita
2143 4297 2302 4369 sapit,
2329 4293 2513 4359 docet,
2543 4288 2714 4344 credit
2761 4291 2854 4339 aut
2876 4280 3151 4352 pncdicat,
3181 4287 3235 4332 et
3263 4290 3371 4331 non
3396 4288 3514 4328 ma-

1921 4396 2002 4464 gis
2052 4393 2193 4447 Deus
2220 4387 2457 4444 Verbum
2489 4398 2611 4440 cum
2659 4383 2931 4447 assumpta
2966 4387 3129 4429 carne
3185 4384 3323 4424 unus
3351 4375 3513 4436 atque

1923 4458 2065 4543 idem
2114 4482 2376 4539 Dominus
2401 4477 2558 4533 Jesus
2586 4472 2833 4528 Christus
2872 4474 2927 4522 et
2953 4480 3115 4521 verus
3141 4461 3310 4518 Filius
3339 4458 3430 4514 Dei
3458 4463 3516 4513 et

1848 4593 1901 4652 D
1924 4577 2065 4630 idem
2090 4575 2204 4645 ipse
2223 4585 2386 4626 verus
2408 4566 2575 4622 Filius
2594 4560 2831 4619 hominis
2851 4555 3169 4626 intelligitur
3189 4557 3246 4608 et
3260 4549 3515 4615 creditur,

1925 4666 2214 4721 anathema
2240 4661 2331 4717 sit.

2358 4786 2644 4829 -τιιεουοιιι
2679 4780 2982 4825 εΑΡιτυιωΙ
3021 4778 3074 4817 ἰ..

2001 4872 2175 4928 Homo
2217 4870 2370 4925 Jesus
2420 4866 2661 4921 similiter
2715 4857 2951 4917 omnibus
2999 4852 3325 4917 hominibus,
3388 4849 3521 4906 nihil

1930 4966 2175 5036 differens
2223 4955 2647 5015 connaturalibus
2695 4948 2985 5006 hominibus
3029 4962 3183 5020 quam
3235 4940 3373 5014 quod
3419 4939 3523 5012 ipsi

1937 5057 2163 5130 gratiam
2183 5051 2355 5114 dedit;
2384 5048 2557 5120 gratia
2578 5052 2752 5099 autent
2781 5042 2905 5095 data
2935 5049 3177 5094 naturam
3202 5053 3305 5090 non
3325 5040 3522 5098 mutat;

1936 5127 2028 5204 sed
2055 5154 2170 5219 post
2220 5142 2402 5197 mortis
2434 5138 2831 5193 destructionem
2858 5132 3068 5187 donavit
3085 5130 3133 5183 ei
3165 5127 3308 5181 Deus
3336 5139 3524 5179 nomen

1936 5255 2092 5311 super
2117 5252 2265 5291 omne
2301 5248 2508 5289 nomen.

2487 5339 2664 5413 Vigilii
2695 5333 2983 5407 responsio.

2015 5442 2074 5498 ln
2121 5434 2488 5511 suprascripto
2529 5425 2974 5500 quinquagesimo
3021 5417 3259 5490 capitulo
3305 5414 3526 5481 dicitur,

1945 5536 2090 5609 quod
2116 5534 2282 5589 homo
2309 5529 2466 5585 Jesus
2495 5523 2625 5579 nihil
2652 5519 2863 5575 differat
2890 5515 2956 5570 ab
2989 5511 3241 5569 omnibus
3264 5514 3530 5565 conualu-

1945 5599 2149 5685 ralihus
2167 5621 2497 5683 hominibus,
2524 5615 2624 5670 nisi
2649 5609 2794 5684 quod
2821 5608 2871 5664 ei
2916 5603 3146 5678 gratiam
3182 5599 3367 5657 dedit:
3406 5609 3529 5667 qua

2020 5798 2048 5840 ιι
2076 5796 2146 5854 Ut
2172 5795 2226 5852 in
2255 5791 2461 5850 Concil.
2492 5789 2557 5859 ν,
2581 5786 2760 5845 collat.
2794 5781 2849 5837 5.
