3986 6362
454 383 520 438 Sfi
1839 377 2034 435 VlGlLl

2145 377 2302 433 ΛΡᾸΒ

3601 393 3626 412 ³
3639 389 3711 444 9.3

452 499 617 555 verba
681 497 966 553 Dominum
1028 503 1269 550 nostrum
1327 493 1508 549 Jesum
1561 491 1833 549 Christum
1881 494 2029 549 velut
2057 495 2107 555 Α
2129 501 2480 563 potestatem.
2524 493 2580 551 Si
2622 497 2743 566 quis
2768 511 2898 566 ergo
2925 499 3041 554 lucc
3070 500 3140 553 ita
3169 501 3334 572 sapit,
3365 502 3559 568 docet,
3589 517 3712 558 cre-

452 603 618 643 unum
645 585 885 653 dejustis
910 584 1216 638 hominibus
1252 582 1455 637 faciunt
1482 583 1758 648 aestimari,
1789 583 1881 652 qui
1919 597 2028 636 non

454 677 656 734 deitate
699 691 794 730 sua
833 675 1078 730 excelsus
1109 674 1460 742 intelligatur,
1508 674 1601 729 sed
1629 675 1800 742 gratia
1831 673 2031 743 aliquid

456 767 684 835 amplius
730 779 892 833 quam
943 763 1419 819 czeteri'homines
1465 771 1737 819 asseratur
1782 765 2026 834 adeptus.

453 854 609 921 Quod
635 855 680 909 si
711 855 830 924 quis
858 853 932 908 ita
957 853 1118 922 sapit,
1167 853 1344 918 docet,
1393 853 1566 908 credit
1606 860 1699 907 aut
1755 853 2030 922 praedicat,

455 947 742 1004 anathema
771 947 860 1001 sit.

883 1069 1150 1109 τηεουοῐιι
1187 1069 1487 1108 CAPITULUM
1527 1069 1600 1108 LI.

528 1147 634 1204 Sed
661 1149 760 1202 mei
792 1151 999 1219 fratres,
1029 1149 1116 1219 qui
1144 1148 1370 1218 ejusdem
1401 1149 1528 1202 mihi
1566 1150 1748 1204 matris
1785 1158 1907 1204 sunt
1934 1149 2036 1220 filii

455 1237 634 1292 dicunt
662 1238 808 1292 mihi.
836 1235 960 1291 Non
983 1255 1168 1307 separa
1195 1237 1454 1292 hominem
1475 1248 1524 1292 et
1550 1237 1733 1305 Deum,
1759 1240 1851 1294 sed
1875 1257 2034 1294 unum

454 1329 784 1400 eamdemque
811 1328 894 1382 dic
921 1329 1199 1394 hominem,
1225 1329 1399 1384 dicens
1422 1346 1442 1384 :
1483 1329 1613 1385 Dico
1641 1333 2035 1387 connaturalem

455 1418 606 1482 mihi,
649 1419 764 1472 dico
795 1418 974 1472 Deum.
1019 1417 1081 1473 Si
1108 1419 1275 1473 dicam
1299 1424 1691 1475 connaturalem
1721 1421 1848 1486 Deo,
1876 1423 1992 1478 dico
2014 1439 2033 1476 :

459 1505 725 1571 Quomodo
755 1509 904 1564 homo
924 1519 976 1564 et
1007 1511 1141 1564 Deus
1166 1527 1326 1564 unum
1347 1522 1468 1566 sunt
1487 1515 1512 1567 .’
1539 1512 1788 1584 Nunquid
1805 1531 1914 1567 una
1933 1531 2036 1568 na-

455 1607 575 1653 tura
600 1599 824 1653 hominis
849 1609 900 1652 et
933 1599 1046 1664 Dei,
1075 1599 1269 1654 domini
1297 1609 1345 1654 et
1371 1603 1522 1667 servi,
1552 1605 1768 1673 factoris
1794 1615 1844 1657 et
1865 1607 2037 1673 {actit-

459 1703 540 1742 τω
559 1686 585 1738 7
622 1688 785 1741 Homo
813 1687 1007 1741 homini
1052 1688 1511 1743 consubstantialis
1538 1701 1636 1758 est,
1683 1692 1821 1747 Deus
1866 1701 2038 1748 autem

456 1774 570 1831 Deo
608 1775 1068 1832 consubstantialis
1105 1787 1182 1832 est
1221 1795 1240 1833 :
1289 1781 1543 1852 quomodo
1586 1783 1745 1854 igitur
1788 1784 1938 1838 homo
1987 1792 2038 1839 et

2131 580 2211 634 dit
2232 589 2324 636 aut
2349 582 2622 652 prtedicat,
2654 587 2939 641 anathema
2967 588 3055 642 sit.

2542 711 2814 752 τιιεουοιιι
2843 713 3148 754 εΑΡιτυιωι
3183 716 3289 754 LIV.

2201 784 2555 843 Consomtia
2582 797 2632 843 et
2653 790 2932 860 Apostolus
2964 793 3128 846 dicit:
3177 791 3246 847 Et
3281 792 3564 849 manifeste
3591 810 3711 848 ma-

2131 889 2293 945 gnum
2323 886 2407 933 est
2433 879 2648 949 pietatis
2673 882 3008 952 mysterium,
3031 883 3174 950 quod
3205 882 3600 938 manifestatum
3628 890 3715 938 est

2135 966 2190 1022 in
2236 982 2420 1034 came,
2463 967 2810 1037 justillcatum
2857 978 2941 1026 est
2984 971 3038 1025 in
3081 971 3285 1040 Spiritu
3332 970 3386 1039 (1
3421 970 3554 1026 Tim.
3607 972 3713 1034 ml.

2125 1053 2472 1126 justiﬁcatum
2497 1073 2608 1112 esse
2645 1059 2700 1114 in
2739 1058 2937 1130 Spiritu
2967 1060 3146 1114 dicens
3193 1062 3380 1126 ipsum,
3427 1063 3531 1114 sive
3573 1063 3714 1132 quod

2135 1159 2256 1203 ante
2283 1148 2540 1220 baptisma
2568 1167 2684 1206 cum
2708 1152 2988 1207 subtilitate
3017 1162 3330 1222 competente
3357 1154 3517 1224 legem
3545 1163 3718 1208 custo-

2136 1240 2284 1308 diuit,
2334 1243 2440 1296 sive
2477 1242 2614 1313 quod
2659 1244 2817 1297 etiam
2854 1252 2968 1314 post
2997 1243 3128 1298 illud
3153 1246 3335 1314 gratia.-
3362 1245 3714 1298 conversatio—

2137 1345 2254 1382 nem
2277 1329 2640 1398 cooperatione
2668 1330 2898 1400 Spiritus
2925 1348 3039 1385 cum
3075 1348 3265 1403 magna
3293 1333 3558 1403 cornplet'it
3586 1330 3714 1385 sub-

2136 1418 2342 1472 tilitate.

2689 1510 2871 1581 Vigilii
2894 1515 3182 1581 responsio.

2206 1597 2264 1653 In
2293 1599 2660 1669 suprascripto
2697 1601 3141 1670 quinquagesimo
3169 1610 3360 1671 quarto
3393 1603 3628 1672 capitulo
3659 1603 3715 1657 id

2138 1688 2284 1758 quod
2311 1689 2601 1759 Apostolus
2622 1689 2751 1745 dicit
2773 1709 2788 1743 :
2823 1689 2973 1754 Quod
2995 1694 3382 1764 manifestatum
3403 1705 3481 1747 est
3510 1695 3564 1748 in
3594 1711 3717 1747 car-

2140 1795 2237 1841 ne,
2287 1778 2632 1848 justiﬁcatum
2681 1788 2758 1833 est
2796 1781 2852 1832 in
2901 1779 3137 1850 Spiritu,
3184 1780 3426 1835 Christus
3457 1780 3718 1849 justiﬁca-

457 1865 601 1921 Deus
623 1883 760 1922 unus
786 1885 878 1938 per
900 1869 1150 1922 unitatem
1185 1886 1296 1924 esse
1323 1880 1528 1939 potest:
1576 1875 1665 1945 qui
1690 1875 2026 1944 salvi/icatu'r,
2062 1861 2107 1919 Β
2135 1873 2220 1920 tus
2249 1881 2367 1920 esse
2395 1868 2683 1931 asseritur,
2738 1868 2850 1922 sive
2879 1868 3022 1936 quod
3059 1878 3185 1923 ante
3224 1871 3549 1939 baptismum
3587 1888 3714 1926 cum

457 1956 548 2028 qui
571 1957 849 2028 saleiﬁcat,
874 1967 925 2012 et
935 1960 1036 2046 ’φά
1063 1968 1184 2014 ante
1206 1959 1418 2026 secula,
1449 1968 1498 2014 et
1525 1963 1615 2033 qui
1642 1978 1710 2018 ea:
1734 1962 1911 2018 Maria
1937 1980 2032 2035 ap-

459 2049 632 2118 paruit
657 2049 684 2102 .’

996 2161 1176 2234 Vigilii
1203 2163 1487 2233 responsio.

528 2269 587 2326 In
613 2271 978 2342 suprascripto
1003 2271 1444 2340 quinquagesimo
1473 2272 1646 2343 primo
1667 2271 1903 2343 capitulo
1936 2287 2034 2326 ne-

459 2369 616 2430 gatur
651 2362 796 2432 quod
821 2378 960 2416 unus
1001 2362 1246 2432 idemque
1274 2363 1377 2417 dici
1407 2363 1578 2432 possit
1606 2362 1746 2418 Deus
1790 2372 1845 2417 et
1873 2363 2038 2418 homo

457 2451 688 2506 dicendo
712 2469 726 2504 :
756 2450 1038 2518 Quomodo
1061 2452 1225 2506 homo
1251 2460 1306 2506 et
1334 2451 1472 2504 Deus
1499 2467 1636 2505 unus
1655 2466 1755 2520 per
1779 2453 2036 2506 unitatem

465 2556 586 2595 esse
613 2547 810 2610 potest,
861 2541 954 2608 qui
982 2538 1266 2605 salviticat,
1318 2547 1374 2593 et
1407 2539 1500 2607 qui
1549 2539 1897 2604 salvillcatur,
1944 2540 2039 2608 qui

462 2636 590 2684 ante
634 2629 830 2684 saecula
867 2636 971 2693 est,
1021 2637 1077 2683 et
1120 2628 1212 2698 qui
1255 2642 1323 2682 ex
1368 2627 1531 2682 Maria
1577 2629 1867 2698 apparuit?
1910 2629 2040 2694 Quae

465 2719 629 2774 verba
659 2719 793 2774 duas
820 2719 1166 2776 introducunt
1192 2721 1248 2774 in
1275 2717 1491 2774 Christo
1518 2737 1796 2791 personas.
1838 2722 1894 2776 Si
1920 2724 2040 2792 quis

463 2807 627 2874 igitur
651 2807 723 2861 ita
747 2807 907 2879 sapit,
937 2807 1116 2874 docet,
1150 2811 1322 2865 credit
1358 2818 1452 2864 aut
1497 2811 1771 2880 praedicat,
1818 2812 2043 2868 anathe-

466 2912 553 2952 n.a
587 2898 678 2954 sit.

887 3023 1152 3064 TEEODORI
1187 3025 1488 3064 αΑΡιτυιυιι
1518 3025 1614 3064 ιη.-

536 3100 674 3154 Bene
701 3101 910 3155 intulit:
957 3101 1198 3170 Namque
1242 3112 1293 3156 et
1324 3115 1425 3168 ego
1456 3103 1617 3156 homo
1656 3116 1774 3157 sum
1823 3100 2036 3171 (Matth.

464 3186 600 3260 VIII),
646 3199 702 3243 ut
727 3190 904 3242 dicat:
953 3188 1106 3243 Nihil
1131 3190 1425 3244 mirandum
1453 3190 1498 3244 si
1525 3191 1623 3244 hoc
1652 3199 1797 3260 potes
1826 3205 1940 3242 cum
1963 3191 2037 3244 sis

2138 1957 2434 2012 subtilitate
2464 1959 2792 2026 competenti
2844 1959 3014 2026 legem
3066 1961 3371 2029 custodivit,
3421 1963 3534 2017 sive
3569 1962 3718 2032 quud

2137 2046 2302 2100 etiam
2329 2054 2451 2116 post
2478 2045 2604 2102 illud
2626 2047 2808 2115 gratiae
2846 2049 3304 2104 conversationem
3327 2051 3716 2120 cooperatione

2139 2137 2372 2206 Spiritus
2409 2153 2532 2193 cum
2581 2152 2771 2206 magna
2814 2140 3110 2196 subtilitate
3164 2142 3534 2211 compleverit.
3583 2144 3720 2211 Qua:

2137 2229 2303 2283 verba
2331 2227 2459 2298 quia
2491 2227 2618 2282 item
2665 2245 2856 2299 purum
2887 2231 3160 2286 hominem
3200 2231 3470 2288 Christum
3513 2233 3717 2303 justiﬁ-

2140 2323 2356 2378 c'ttione
2382 2323 2593 2390 eguisse
2617 2323 2984 2391 demonstrat,
3011 2326 3056 2382 si
3083 2327 3204 2395 quis
3234 2327 3305 2382 ita
3333 2329 3501 2399 sapit,
3533 2330 3716 2396 docet,

2145 2412 2318 2467 credit
2345 2420 2440 2468 aut
2485 2415 2755 2483 praedicat,
2797 2424 2852 2471 et
2890 2433 2996 2471 non
3029 2420 3195 2486 magis
3230 2420 3400 2488 ipsum
3440 2428 3500 2474 ut
3529 2438 3720 2476 verum

2140 2502 2310 2558 Deum
2366 2505 2878 2560 consubstantialem
2933 2505 3078 2562 Patri
3134 2518 3189 2563 et
3240 2509 3462 2577 Spiritui
3523 2523 3721 2570 sancto

2133 2591 2428 2664 iustiﬁcam
2454 2595 2647 2664 impios
2676 2611 2770 2665 per
2798 2595 2954 2652 ﬁdem
2985 2599 3173 2664 credit,
3204 2601 3484 2656 anathema
3513 2603 3602 2657 sit.

2567 2721 2834 2761 τηοῡοιιι
2863 2723 3165 2764 ελνιτυιωι
3202 2726 3290 2764 ιν.

2211 2794 2361 2850 Idem
2389 2797 2484 2850 hoc
2513 2797 2728 2852 dicimus
2745 2799 2887 2869 juste
2925 2810 2975 2855 et
3014 2802 3078 2854 de
3120 2802 3363 2868 Domino,
3409 2805 3545 2875 quod
3569 2803 3713 2859 Deus

2140 2885 2347 2941 uerbum
2385 2889 2552 2941 sciens
2594 2889 2705 2958 ejus
2739 2892 2997 2956 uirtutem,
3044 2903 3092 2946 et
3131 2894 3413 2948 secundum
3440 2896 3722 2965 prtescien-

2141 2978 2271 3033 tiam
2295 2981 2472 3033 statim
2493 2981 2549 3033 in
2577 2981 2688 3050 ipso
2715 2981 2866 3036 initio
2905 2983 3381 3053 complasmationis
3417 2986 3722 3040 cohabitare

2141 3070 2267 3126 bene
2294 3074 2468 3137 voluit,
2494 3082 2544 3128 et
2571 3076 2754 3128 aniens
2780 3091 2895 3127 eum
2921 3075 3018 3128 sibi
3059 3077 3245 3144 affectu
3274 3077 3571 3142 voluntatis,
3601 3094 3722 3131 Ina-

2135 3163 2305 3232 jorem
2348 3164 2622 3233 quamdam
2659 3163 2937 3235 praestabat
2981 3167 3224 3236 gratiam,
3276 3175 3333 3220 ut
3382 3177 3497 3237 pote
3537 3170 3717 3238 gratia

467 3249 616 3334 mm},
645 3281 903 3348 acu-piem
931 3295 964 3332 α
991 3278 1139 3334 Deo:
1171 3281 1412 3340 quom-am
1455 3287 1504 3333 et
1531 3296 1624 3350 ego
1652 3249 1767 3332 ἔψη
1795 3280 1890 3333 hoc
1917 3281 2036 3348 sim,
2067 3249 2107 3301 (Σ
2141 3270 2262 3350 quae
2283 3255 2336 3307 in
2366 3270 2480 3350 cum
2501 3264 2594 3318 est,
2617 3263 2676 3350 et
2701 3257 2753 3309 in
2774 3272 2948 3310 omnes
2977 3256 3204 3310 homines
3234 3257 3529 3312 dividenda.
3567 3259 3722 3314 Unde

464 3372 661 3441 accipio
689 3371 1005 3436 obedientes,
1049 3374 1204 3424 semel
1251 3370 1446 3426 habens
1486 3370 1703 3442 jubendi
1739 3380 2041 3442 potestatem

462 3470 671 3532 prapter
694 3461 894 3515 dator-is
919 3460 1315 3530 indulgentiam.

891 3590 1156 3630 THEODORI
1191 3590 1341 3630 CAPIT
1349 3591 1490 3630 υιωι
1520 3590 1631 3630 LIII.

537 3687 863 3758 Quapropter
902 3697 952 3740 et
988 3703 1080 3741 nec
1109 3687 1448 3758 incongruum
1496 3697 1572 3742 est
1618 3697 1668 3741 et
1714 3697 1782 3755 te,
1829 3698 2041 3760 accepta

464 3779 565 3832 ista
595 3795 626 3831 a
659 3777 767 3830 Deo
795 3785 1065 3848 potestate,
1095 3777 1244 3832 verbo
1272 3779 1382 3831 solo
1405 3777 1671 3850 jubentent
1699 3781 1904 3850 abigere
1917 3797 2040 3850 pas-

463 3871 654 3934 siones,
683 3885 774 3922 nec
798 3869 934 3922 enim
955 3877 1198 3940 tanquam
1220 3867 1362 3923 Filio
1390 3867 1506 3934 Dei,
1539 3878 1587 3923 et
1608 3879 1728 3923 ante
1749 3872 2041 3925 universam

464 3967 757 4012 creaturam
785 3959 1045 4023 existenti,
1097 3967 1148 4012 et
1183 3959 1409 4012 creatori
1453 3975 1629 4014 comm
1658 3975 1770 4030 qua:
1797 3967 1919 4014 sunt
1947 3975 2038 4015 ac-

461 4050 615 4103 cessit
635 4050 885 4104 centurio.

995 4161 1174 4232 Vigilii
1207 4161 1502 4238 responsio._

528 4271 587 4330 In
631 4273 1007 4344 suprascriptis
1033 4272 1478 4344 quinquagesimo
1521 4273 1762 4330 secundo
1792 4281 1848 4330 et
1872 4275 2030 4345 quin-

455 4365 766 4433 quagesimo
796 4365 956 4419 tertio
981 4363 1229 4434 capitulis
1255 4363 1472 4433 dicitur,
1519 4365 1647 4432 quia
1687 4364 1903 4421 Christo
1944 4365 2030 4420 di-

456 4457 600 4512 xerit
625 4456 890 4521 centurio,
940 4454 1076 4509 nihil
1118 4453 1421 4510 mirandum
1467 4469 1585 4509 esse
1631 4455 1679 4510 si
1725 4455 1828 4510 hoc
1856 4463 2032 4526 potes,

455 4563 578 4604 cum
607 4549 683 4604 sis
706 4549 869 4606 homo
891 4548 1161 4617 accipiens
1179 4563 1212 4602 a
1237 4547 1386 4603 Deo:
1418 4548 1671 4618 quoniam
1697 4557 1753 4604 et
1781 4564 1880 4619 ego
1909 4565 2029 4604 cum

2139 3354 2190 3400 et
2217 3349 2354 3401 circa
2383 3347 2517 3402 bona
2545 3349 2850 3403 uoluntatem
2871 3352 3125 3420 integrant
3155 3353 3202 3404 ei
3223 3351 3558 3404 custodiebat.
3593 3350 3720 3406 Non

2140 3437 2279 3491 enim
2305 3437 2400 3492 hoc
2427 3438 2675 3503 dicemus,
2705 3439 2840 3508 quod
2866 3439 2952 3492 ille
2982 3441 3133 3494 homo
3164 3440 3475 3494 voluntatem-
3497 3439 3722 3493 habebat

2140 3525 2357 3594 nullam,
2387 3528 2478 3588 sed
2501 3529 2637 3598 quod
2661 3530 2858 3583 colebat
2885 3531 3089 3600 quidem
3117 3531 3323 3595 bonum,
3355 3533 3520 3602 magis
3545 3543 3720 3585 autent

2137 3614 2190 3670 ci
2215 3615 2500 3670 uoluntarie
2526 3616 2802 3687 plurimum
2847 3619 3028 3672 aderat
3065 3629 3114 3673 et
3157 3621 3275 3674 boni
3306 3621 3636 3686 desiderium,
3669 3631 3721 3674 et

2140 3707 2390 3760 contrarii
2419 3706 2633 3760 odium:
2674 3707 3072 3762 conservabatur
3113 3725 3229 3764 vero
3273 3726 3305 3762 a
3333 3709 3508 3762 divina
3547 3710 3719 3778 gratit

2139 3795 2220 3848 illi
2248 3796 2482 3850 voluntas
2518 3797 2721 3866 integra
2747 3797 2810 3849 ab
2838 3798 3008 3862 initio,
3055 3797 3164 3852 Deo
3192 3799 3359 3868 qualis
3388 3798 3484 3850 erit
3511 3797 3719 3851 subtili-

2141 3895 2218 3940 ter
2249 3889 2460 3949 sciente,
2492 3889 2578 3959 qui
2605 3897 2654 3942 et
2683 3889 2754 3942 ad
2781 3890 3193 3958 conﬁrmandum
3223 3906 3337 3942 eum
3367 3906 3608 3959 magnam
3641 3890 3721 3943 illi

2140 3976 2552 4044 rooperationem
2582 3975 2900 4030 habitatione
2933 3993 3028 4030 sua
3057 3975 3339 4046 prtcstabat
3367 3994 3460 4045 pro
3489 3978 3720 4030 omnium

2141 4075 2372 4117 nostrum
2401 4064 2564 4118 salute
2589 4079 2609 4117 :
2639 4063 2773 4117 unde
2802 4080 2895 4118 nec
2925 4064 3175 4134 injustam
3203 4065 3342 4118 dicat
3367 4066 3553 4135 aliquis
3583 4082 3716 4130 esse,

2139 4151 2274 4223 quod
2298 4159 2488 4220 praeter
2513 4167 2691 4205 omnes
2730 4153 3044 4222 prwcipuum
3072 4152 3267 4223 aliquid
3311 4152 3488 4205 datum
3515 4161 3593 4206 est
3637 4153 3722 4208 illi

2138 4239 2357 4304 homini,
2380 4239 2466 4310 qui
2495 4257 2528 4293 a
2561 4239 2779 4294 Domino
2807 4249 3096 4309 assumptus
3132 4250 3224 4295 est.

2689 4349 2866 4421 Vigilii
2896 4352 3181 4420 responsio.

2209 4439 2268 4494 In
2329 4441 2698 4511 suprascripto
2747 4441 3188 4508 quinquagesimo
3235 4441 3425 4510 quinto
3474 4442 3718 4511 capitulo

2139 4530 2333 4586 dicitur
2376 4531 2501 4599 quia
2543 4530 2682 4584 Deus
2724 4531 2942 4584 verbum
2986 4531 3275 4584 secundum
3321 4532 3716 4600 prmscientiam

455 4601 1323 4706 {,gc'sig,",ccipig‘gbediemes,
1376 4601 1541 4692 scim“
1585 4639 1790 4692 habens
1813 4601 2035 4706 iubendi
2064 4601 2116 4660 D
2138 4623 2315 4678 sciens
2345 4623 2574 4677 lmminis
2601 4623 2799 4677 Christi
2842 4623 3116 4687 virtutem,
3157 4623 3313 4677 initio
3355 4626 3717 4693 complasma-

452 4736 780 4800 potestatem
820 4716 1042 4798 propter
1068 4728 1272 4782 datoris
1301 4727 1708 4797 indulgentiam.
1742 4727 1812 4781 Et
1840 4744 2033 4797 quam-

451 4820 534 4874 vis
577 4835 643 4873 ex
681 4835 749 4873 eo
777 4819 920 4888 quod
947 4821 1208 4889 sequitur,
1239 4820 1611 4874 centurionem
1641 4836 1747 4874 non
1775 4827 2033 4888 tanquam

449 4907 643 4963 Filium
690 4908 783 4963 Dei
829 4908 1042 4974 adiisse,
1092 4909 1182 4978 qui
1214 4910 1518 4965 universam
1548 4909 1848 4964 condiderit
1875 4925 2031 4964 crea-

450 5007 626 5055 turam
657 5018 671 5065 ;
703 5001 947 5054 videatur
967 5001 1181 5070 quidem
1213 5017 1331 5056 esse
1362 5002 1608 5057 conﬁteri
1637 5018 1758 5055 cum
1789 5018 1909 5056 esse
1939 5003 2030 5056 Fi-

449 5092 580 5148 lium
610 5091 705 5147 Dei
743 5102 797 5147 et
829 5103 1090 5148 creaturae
1115 5095 1280 5148 totius
1330 5093 1601 5164 opiﬁcem.
1654 5093 1858 5148 Tamen
1902 5095 2027 5163 quia

449 5203 550 5241 nec
579 5185 646 5241 de
676 5187 1004 5242 centurionis
1033 5187 1306 5242 intellectu
1336 5187 1474 5241 bene
1504 5187 1849 5254 existimavit,
1881 5187 2030 5255 cujus

449 5277 705 5330 Dominus
736 5277 891 5332 tidem
921 5294 1028 5332 non
1064 5278 1310 5332 laudaret
1352 5277 1578 5331 dicendo
1614 5294 1629 5330 :
1687 5275 1812 5332 Non
1853 5277 2028 5331 inveni

447 5375 646 5422 tantam
679 5369 837 5439 ﬁdem
863 5373 918 5423 in
948 5369 1118 5425 Israel
1149 5369 1432 5441 (Ibidem),
1461 5372 1562 5424 nisi
1591 5371 1757 5426 sciret
1791 5387 1914 5426 eum
1946 5371 2028 5424 in-

445 5455 718 5509 tellexisse
746 5458 868 5524 quia
898 5457 1039 5512 Deus
1063 5477 1078 5512 :
1110 5467 1166 5513 et
1187 5475 1252 5512 ex
1280 5460 1364 5514 his
1405 5469 1460 5515 et
1484 5461 1852 5530 superioribus
1877 5461 2025 5529 capi-

445 5545 572 5600 tulis
601 5555 655 5599 et
684 5547 802 5600 aliis
830 5547 984 5601 dictis
1005 5549 1116 5616 jam
1162 5565 1269 5603 non
1319 5566 1414 5620 per
1443 5551 1700 5605 unitatem
1732 5552 2026 5605 subsisten-

445 5637 552 5703 πίω,
581 5639 673 5692 sed
698 5654 796 5706 per
821 5639 1046 5706 gratiam
1077 5639 1270 5694 dicitur
1297 5640 1544 5695 Christus
1571 5657 1691 5696 esse
1720 5641 1885 5694 Filius
1907 5642 2023 5705 Dei,

451 5733 506 5778 et
534 5741 599 5779 ex
646 5741 713 5780 eo
743 5727 987 5782 Christus
1015 5743 1177 5796 purus
1221 5731 1383 5783 homo
1425 5731 1637 5784 videtur
1683 5729 1882 5792 induci,
1931 5731 2023 5796 qui

444 5831 542 5885 pro
571 5817 766 5872 merito
796 5833 894 5873 suo
922 5820 1190 5888 acciperet
1237 5836 1336 5889 per
1383 5821 1593 5877 (latoris
1640 5820 2024 5889 indulgentiam

2136 4714 2298 4768 tinnis
2342 4715 2521 4766 statim
2569 4715 2869 4768 inhabitare
2915 4713 2969 4767 in
3017 4714 3134 4783 ipso
3180 4715 3320 4769 bene
3349 4717 3602 4780 voluerit,
3657 4727 3718 4772 et

2135 4805 2327 4857 uniens
2355 4817 2477 4856 cum
2507 4803 2608 4856 sibi
2647 4803 2840 4857 affectu
2887 4803 3178 4858 voluntatis
3225 4806 3480 4874 majorem
3531 4823 3722 4876 quiam-

2135 4893 2260 4946 dam
2300 4893 2350 4946 ei
2380 4894 2664 4962 prtestabat
2691 4895 2938 4960 gratiam.
2989 4893 3066 4948 Ex
3095 4897 3287 4964 quibus
3315 4897 3509 4961 verbis,
3561 4907 3618 4952 et
3642 4915 3716 4954 ex

2137 4984 2256 5038 aliis
2283 5000 2400 5055 qua:
2441 4994 2760 5053 sequuntur,
2791 4985 2908 5038 dum
2936 4985 3213 5042 evidenter
3243 4988 3564 5045 inducuntur
3587 5007 3716 5046 esse

2134 5089 2401 5143 personas,
2431 5082 2486 5128 et
2513 5075 2638 5142 quia
2661 5075 2823 5128 Filius
2851 5074 2945 5130 Dei
2975 5077 3026 5130 in
3058 5077 3166 5130 lilio
3195 5077 3424 5132 hominis
3452 5095 3548 5149 per
3575 5079 3714 5135 all‘e-

2135 5173 2281 5218 ctum
2311 5172 2366 5216 et
2390 5163 2616 5230 gratiam
2642 5171 2697 5217 et
2725 5165 3039 5218 relationem
3071 5166 3312 5221 habitare
3344 5169 3605 5222 videatur.
3651 5170 3712 5224 Si

2134 5255 2253 5324 quis
2282 5270 2410 5324 ergo
2437 5257 2551 5310 haec
2580 5256 2653 5310 ita
2680 5257 2840 5324 sapit,
2871 5255 3052 5321 docet,
3088 5259 3259 5312 credit
3285 5267 3380 5314 aut
3425 5261 3704 5329 praedicat,

2132 5352 2187 5398 et
2214 5359 2320 5398 non
2351 5359 2512 5398 unum
2543 5346 2897 5414 eamdemque
2921 5346 3191 5402 Christum
3240 5349 3294 5402 in
3341 5349 3547 5404 duabus
3592 5367 3715 5420 pcr-

2132 5433 2286 5488 feetis
2309 5443 2362 5487 et
2407 5434 2691 5488 individuis
2719 5436 3116 5506 inconfusisque
3159 5440 3401 5504 agnoscit
3439 5449 3494 5495 et
3533 5443 3712 5496 credit

2133 5525 2357 5586 naturis,
2385 5525 2668 5579 anathema
2698 5527 2786 5581 sit.

2541 5652 2806 5691 τεουοιιι
2835 5654 3134 5692 CAPIT!)le
3176 5655 3280 5700 LVI.

2204 5725 2347 5780 Nam
2376 5729 2650 5781 rationalis
2679 5729 2882 5798 quidem
2922 5733 3186 5799 proprium
3225 5742 3300 5785 est
3329 5733 3568 5788 discretio
3615 5734 3708 5789 bo-

2132 5835 2310 5872 norum
2359 5830 2406 5874 et
2444 5821 2695 5873 malorum
2739 5839 2755 5872 :
2805 5837 2919 5874 cum
2961 5838 3076 5875 vero
3125 5837 3226 5874 non
3269 5825 3372 5876 sint
3417 5829 3704 5893 contraria,
