3986 6356
172 351 234 404 επ

1388 343 1739 400 EPISTULA:
1779 343 1869 399 ET
1909 304 2254 400 DECRETA.
3369 343 3439 399 as

184 423 294 518 non.
307 474 418 517 erat
449 463 494 515 ei
533 461 788 530 possibile
813 460 1008 532 aliquid
1050 459 1342 512 discernere
1369 459 1590 526 primum
1608 473 1627 510 :
1661 457 1764 527 igi-
1793 471 1838 518 Α
1869 456 1994 511 duci
2023 457 2245 510 meliora
2273 473 2288 510 :
2330 463 2386 511 et
2414 455 2704 526 adjicitur:
2743 455 2882 524 Quia
2911 457 2955 512 si
2981 455 3162 512 statim
3193 454 3260 510 ab
3289 455 3442 511 initio

184 563 263 606 tur
289 557 344 606 in
388 555 461 606 his
513 569 636 622 qua:
672 561 850 606 creata
893 558 1012 606 sunt
1052 565 1298 620 magnam
1343 549 1762 602 contrarietatem

187 645 320 714 fecit.

731 753 908 822 Vigilii
935 751 1221 820 responsio.

249 849 307 902 ln
334 844 710 914 suprascripto
737 843 1181 912 quinquagesimo
1231 852 1386 896 sexto
1415 840 1650 910 capitulo
1681 838 1765 894 di-

186 940 338 1003 citur,
383 933 664 988 rationalis
693 933 970 1002 preprinm
1017 946 1137 986 esse
1166 931 1541 985 discretionem
1589 931 1764 984 bono-

187 1044 298 1083 rum
327 1034 381 1080 et
411 1025 678 1078 malorum
705 1041 720 1090 ;
752 1031 808 1077 et
850 1031 968 1091 post
997 1037 1167 1092 pauca
1211 1024 1493 1091 sequitur:
1528 1021 1764 1076 Primum
1829 1075 1836 1081 ,

191 1117 342 1184 igitur
369 1114 426 1168 in
448 1113 533 1167 his
561 1127 684 1182 qute
714 1121 893 1166 creata
920 1119 1043 1164 sunt
1066 1127 1309 1178 magnam
1331 1112 1767 1165 contrarietatem

192 1206 326 1260 fecit.
358 1203 492 1270 Quae
531 1201 698 1256 verba
744 1203 790 1255 si
833 1217 897 1255 ea
926 1201 1224 1255 intentione
1261 1200 1524 1265 dicantur,
1557 1209 1613 1255 ut
1642 1199 1768 1256 mali

195 1307 373 1353 natura
403 1296 546 1351 sicut
575 1303 630 1349 et
659 1294 794 1348 boni
813 1293 1206 1361 introducatur,
1237 1293 1521 1347 anathema
1549 1292 1636 1346 sit.

602 1423 873 1462 τιιεουοιιι
912 1422 1210 1461 ολριτυιυλι
1241 1421 1367 1459 LVII.

263 1500 523 1565 Quoniam
554 1507 726 1551 autem
755 1514 856 1551 non
888 1495 1096 1550 obaudit
1122 1495 1307 1560 Adam,
1342 1495 1524 1548 deinde
1545 1494 1774 1549 subditus

195 1603 264 1647 est
311 1591 464 1645 morti
508 1605 528 1644 :
578 1596 625 1641 et
674 1589 843 1658 factus
879 1595 954 1640 est
995 1587 1090 1640 hoc
1119 1596 1324 1656 propter
1352 1584 1774 1654 inobedientiam,

195 1681 326 1755 quod
366 1690 415 1734 et
465 1681 599 1733 citra
648 1676 1049 1731 inobedientiam
1095 1685 1306 1745 propter
1352 1675 1629 1728 utilitatem
1682 1692 1778 1728 no-

197 1784 350 1828 stram
377 1789 410 1824 a
439 1771 692 1824 Creatore
717 1771 912 1842 factum
941 1777 1039 1835 est,
1065 1767 1230 1820 edocti
1251 1783 1426 1822 sumus
1456 1784 1630 1822 omnes
1651 1784 1770 1837 pec-

199 1878 380 1921 catum.

736 1971 915 2043 Vigilii
952 1972 1240 2040 responsio.

263 2064 318 2119 ln
363 2062 740 2134 suprascripto
787 2061 1228 2130 quinquagesimo
1275 2060 1507 2130 septimo
1544 2059 1779 2129 capitulo

203 2156 403 2216 dicitur,
434 2153 572 2223 quia
599 2152 702 2206 etsi
749 2167 856 2206 non
903 2150 1093 2205 fuisset
1140 2149 1310 2204 Adam
1339 2150 1672 2214 inobediens,
1703 2160 1783 2205 ta-

206 2259 318 2299 men
347 2249 580 2313 prOpter
609 2241 896 2295 utilitatem
924 2239 1202 2294 hominum
1231 2255 1264 2294 a
1295 2239 1553 2295 Creatore
1582 2239 1782 2294 factum

205 2351 335 2401 esse,
377 2342 435 2389 et
460 2333 697 2389 eductos
727 2348 829 2387 nos
857 2348 977 2388 esse
1006 2341 1286 2402 peccatum
1328 2349 1341 2385 :
1388 2332 1531 2402 quod
1561 2333 1701 2387 absit
1727 2340 1788 2388 ut

207 2425 466 2481 catholica
525 2421 660 2477 lides
706 2421 913 2488 credat,
959 2437 990 2476 a
1035 2421 1148 2476 Deo
1195 2437 1313 2488 nos,
1365 2429 1425 2475 ut
1472 2428 1786 2490 peccatores

210 2521 570 2586 obiceremur,
603 2518 790 2576 doceri
818 2519 1057 2590 potuisse
1084 2528 1386 2588 peccatum.
1425 2517 1484 2572 Si
1511 2519 1632 2587 quis
1656 2533 1786 2586 ergo

209 2613 306 2667 hoc
332 2612 406 2665 ita
463 2610 636 2678 sapit,
685 2607 845 2664 docet
885 2616 978 2663 aut
1025 2608 1318 2677 praedicat;
1367 2614 1424 2662 et
1465 2622 1574 2660 non
1621 2607 1790 2676 magis

209 2703 532 2774 prohibente
560 2700 694 2765 Deo,
741 2699 899 2769 primi
937 2698 1172 2752 hominis
1213 2698 1372 2767 culpa
1421 2697 1790 2751 introductum

213 2793 397 2844 tutetur
442 2803 576 2842 esse
623 2794 942 2856 peccatum,
990 2794 1047 2840 et
1081 2785 1232 2853 justo
1278 2785 1374 2838 Dei
1418 2784 1619 2854 judicio
1668 2800 1791 2839 eum

212 2891 363 2949 atque
393 2879 522 2948 ejus
556 2877 872 2948 progeniem
917 2885 1139 2946 propter
1185 2875 1608 2930 iuobedientiam
1635 2891 1790 2932 suam

214 2973 392 3027 mortis
413 2969 656 3026 subiisse
678 2967 1022 3038 supplicium,
1051 2966 1339 3022 anathema
1361 2966 1454 3021 sit.

611 3089 882 3130 THEODORI
914 3089 1216 3129 ολιηιυιωι
1245 3089 1392 3129 LVIII.

287 3168 395 3224 Nec
422 3168 591 3240 igitur
640 3174 857 3220 mortem
900 3182 1003 3220 non
1032 3173 1217 3236 sponte
1243 3173 1294 3218 et
1319 3174 1507 3234 prater
1537 3163 1794 3234 judicium
1821 3193 1867 3258 ς

219 3276 355 3314 suum
383 3258 562 3312 intulit
593 3255 914 3320 hominibus,
938 3271 1032 3308 nec
1059 3262 1268 3326 peccato
1289 3255 1487 3308 aditum
1507 3254 1576 3308 ad
1598 3255 1796 3309 nullam

222 3353 485 3406 utilitatem
515 3347 667 3402 dedit
691 3363 710 3401 :
740 3363 832 3400 nec
851 3348 989 3400 enim
1017 3345 1112 3398 hoc
1135 3345 1270 3415 fieri,
1301 3346 1506 3400 nolente
1532 3347 1664 3416 ipso,
1693 3363 1798 3401 non

222 3451 453 3510 poterat:
483 3439 580 3493 sed
621 3438 867 3507 quoniam
895 3435 1088 3490 sciebat
1115 3437 1243 3490 utile
1265 3453 1375 3490 esse
1403 3437 1546 3490 nobis
1571 3475 1589 3500 ,
1633 3437 1799 3508 magis

224 3540 380 3583 niuem
411 3527 660 3583 omnibus
685 3525 1084 3581 rationabilibus
1124 3529 1268 3597 prius
1314 3526 1518 3597 quidem
1545 3529 1800 3581 malorum

222 3629 266 3672 tt
285 3621 598 3673 deteriorum
627 3617 745 3687 ﬁeri
766 3617 981 3682 aditum,
1013 3627 1189 3686 postea
1217 3626 1390 3672 autem
1416 3618 1576 3672 deleri
1599 3617 1801 3688 quidem

226 3709 361 3775 lucc;
405 3708 676 3764 introduci
705 3715 880 3761 autem
920 3709 1135 3762 meliora
1174 3723 1194 3762 :
1241 3707 1357 3763 ideo
1402 3710 1456 3763 in
1485 3709 1612 3764 duos
1635 3715 1803 3763 status

225 3802 386 3854 dirisit
415 3799 560 3854 Deus
590 3809 920 3864 creaturam,
969 3807 1303 3868 praesentem,
1349 3808 1400 3853 et
1426 3801 1698 3870 futurum;
1745 3799 1802 3853 in

226 3890 317 3943 isto
355 3889 564 3962 quidem
618 3887 690 3941 ad
739 3888 1183 3942 immortalitatem
1235 3898 1285 3942 et
1331 3887 1804 3943 immutabilitatem

225 3982 393 4034 onmia
435 3980 796 4042 adducturus,
845 3980 900 4032 in
955 3979 1202 4049 prtesenti
1245 3996 1363 4033 vero
1413 3990 1704 4052 creaturam
1749 3980 1804 4033 in

228 4082 433 4125 mortem
459 4079 509 4124 et
556 4068 960 4123 mutabilitatem
998 4069 1204 4121 interim
1233 4069 1516 4122 dimittens.
1561 4066 1702 4122 Nam
1729 4069 1805 4122 si-

225 4161 418 4229 quidem
446 4159 632 4212 statim
659 4155 724 4209 ab
759 4158 906 4211 initio
931 4157 1246 4211 immortales
1276 4173 1372 4211 nos
1411 4159 1589 4229 fecerit
1629 4169 1678 4212 et
1705 4160 1806 4212 im-

228 4253 512 4318 mutabiles,
543 4253 747 4306 nullam
769 4252 1117 4322 differentiam
1135 4251 1208 4304 ad
1234 4251 1619 4306 irrationabilia
1649 4251 1808 4306 habe-

229 4363 408 4410 remus,
438 4345 714 4416 proprium
754 4343 1037 4397 nescientes
1067 4341 1182 4396 bon:
1204 4358 1276 4396 m.
1330 4341 1643 4412 Ignorantes
1669 4343 1808 4396 enim

229 4436 653 4502 mutabilitatem,
695 4430 1130 4487 immutabilitatis
1167 4430 1537 4503 ignorabamus
1578 4429 1806 4496 bonum;

1867 549 2200 604 immortales
2231 564 2330 603 nos
2356 549 2571 606 fecisset
2599 559 2656 606 et
2696 550 3072 615 immutabiles,
3105 549 3308 603 nullam
3338 548 3440 604 dii’o

1866 639 2147 693 terentium
2177 640 2244 694 ad
2271 641 2655 695 irrationabilia
2676 642 3018 704 haberemus,
3048 640 3322 710 preprium
3343 655 3442 694 ne-

1866 731 2100 785 scientes
2125 731 2344 785 bonum.
2386 730 2588 797 Quibus
2615 733 2795 788 verbis
2819 733 3046 801 primum
3069 738 3257 785 contra
3286 742 3444 798 regu-

1868 819 1975 874 lam
2006 820 2124 874 lidei
2157 821 2297 875 Deus
2323 823 2582 876 asseritur
2620 830 2876 891 tanquam
2906 821 3060 876 nobis
3098 822 3229 876 utile
3273 821 3446 875 intro-

1871 909 2091 965 duxisse
2119 920 2420 980 peccatum.
2465 912 2716 966 Secundo
2745 928 2864 967 cum
2895 914 3074 967 omnia
3103 911 3444 967 rationabilis

1870 999 2271 1069 complectitur,
2319 1001 2424 1056 hoc
2469 1003 2631 1056 etiam
2669 1002 2738 1056 de
2768 1003 2972 1069 angelis
3001 1009 3057 1056 et
3099 1002 3168 1057 de
3195 1003 3444 1058 universa

1869 1088 2074 1142 caelesti
2113 1090 2320 1153 militia,
2368 1104 2486 1160 quae
2514 1092 2723 1144 ratione
2767 1101 2852 1144 est
2897 1091 3140 1160 pra-dita,
3192 1090 3315 1144 iacit
3357 1091 3446 1144 in-

1873 1178 2061 1244 telligi.
2112 1177 2298 1232 Tertio
2345 1180 2470 1247 quia
2519 1179 2668 1242 illud,
2724 1179 2866 1250 quod
2905 1180 3150 1234 diabolus
3199 1179 3266 1233 ad
3293 1179 3443 1234 deci-

1873 1267 2126 1335 piendum
2155 1269 2340 1336 primis
2368 1269 2675 1323 hominibus
2718 1270 3066 1337 persuaserit,
3113 1270 3260 1339 quia,
3305 1269 3351 1324 si
3380 1268 3448 1323 de

1875 1359 2020 1428 ligno
2050 1359 2323 1429 prohibito
2349 1360 2734 1414 manducarent
2762 1362 2898 1415 sicut
2932 1361 3004 1414 dii
3035 1357 3064 1397 ί
3089 1361 3320 1415 scientes
3349 1360 3449 1413 bo-

1876 1467 2002 1505 num
2043 1459 2098 1505 et
2136 1451 2357 1517 malum,
2399 1450 2645 1506 beneficii
2693 1453 2812 1506 loco
2858 1453 3117 1506 asseritur
3159 1450 3446 1520 profuisse.

1877 1543 2007 1609 Qum
2039 1544 2086 1597 si
2116 1544 2237 1612 quis
2267 1544 2340 1596 ita
2369 1543 2538 1613 sapit,
2579 1542 2770 1608 docet,
2817 1543 2990 1611 credit
3037 1550 3127 1596 aut
3176 1541 3446 1612 pnedicat,

1877 1633 2163 1687 anathema
2193 1633 2282 1686 sit.

2293 1758 2560 1799 THEODOBI
2594 1759 2654 1799 CA
2663 1757 2894 1798 PITULUI
2929 1758 3034 1796 LIX.

1953 1855 2179 1910 Necesse
2211 1865 2287 1910 est
2308 1868 2476 1910 autem
2505 1857 2678 1910 omnia
2702 1855 2854 1909 simul
2887 1853 3238 1919 rationabilia,
3275 1854 3456 1908 ξιινὶδὶ-

1883 1947 2005 2000 bilia
2035 1948 2172 2011 dico,
2203 1957 2252 2002 et
2279 1965 2372 2002 nos
2393 1948 2554 2017 ipsos,
2575 1946 2754 2018 quibus
2777 1947 2992 2001 mortale
3011 1947 3214 2018 quidem
3243 1955 3318 2000 est
3349 1963 3458 1999 cor-

1883 2055 1996 2108 pus,
2029 2039 2203 2090 animo
2228 2047 2399 2090 autent
2426 2055 2515 2107 per
2537 2039 2708 2090 omnia
2732 2037 2961 2106 ejusdem
2990 2036 3189 2106 generis
3222 2034 3456 2088 invisibi-

1885 2128 2014 2180 libus
2044 2127 2226 2198 [Forte
2268 2127 2586 2180 immortalis
2614 2143 2735 2182 cum
2763 2127 2966 2181 eisdem
3007 2123 3382 2196 invisibilibus]
3410 2131 3460 2178 et

1885 2217 2277 2270 rationubilibus
2304 2215 2624 2278 substantiis,
2669 2217 2750 2270 hic
2779 2216 2984 2284 quidem
3013 2225 3316 2286 prazsentem
3343 2232 3459 2270 mu-

1885 2308 2187 2362 tabilitatem
2217 2309 2347 2379 pati,
2376 2317 2431 2361 ut
2453 2310 2645 2377 Optima
2667 2311 2964 2361 erudiamur
2991 2308 3226 2362 doctrina
3249 2307 3459 2379 religio-

1885 2399 2073 2460 sitatis,
2101 2407 2149 2451 et
2177 2397 2246 2450 ad
2276 2396 2673 2451 benevolentiam
2705 2398 3098 2451 constituantur.

2435 2507 2548 2578 Vigi
2555 2507 2607 2561 lii
2645 2508 2929 2576 responsio.

1961 2597 2019 2652 ln
2048 2599 2416 2668 suprascripto
2457 2599 2902 2668 quinquagesimo
2930 2614 3073 2655 nono
3113 2598 3348 2669 capitulo
3377 2597 3460 2653 di-

1891 2687 2029 2743 citur
2061 2707 2075 2741 :
2110 2689 2342 2743 Necesse
2369 2697 2454 2744 est
2479 2691 2661 2742 omnia
2690 2688 2849 2743 simul
2886 2689 3246 2755 rationabilia,
3283 2687 3469 2743 invisi.

1894 2779 2038 2844 bilia,
2069 2785 2124 2832 et
2154 2794 2254 2834 nos
2280 2779 2447 2848 ipsos,
2496 2779 2690 2848 quibus
2718 2779 2946 2834 mortale
2988 2781 3204 2847 quidem
3234 2789 3319 2834 est
3342 2795 3466 2835 coro

1894 2885 2013 2940 pus,
2066 2869 2245 2923 anima
2283 2877 2463 2924 autem
2492 2884 2588 2938 per
2612 2869 2791 2922 omnia
2822 2869 3062 2938 ejusdem
3089 2870 3301 2938 generis
3329 2869 3467 2924 invi-

1894 2960 2135 3016 sibilibus
2173 2967 2230 3014 et
2275 2960 2678 3016 rationabilibus
2704 2961 3044 3026 substantiis,
3111 2961 3201 3015 hic
3251 2960 3470 3031 quidem

1894 3059 2219 3120 praesontem
2245 3050 2598 3106 mutationem
2629 3051 2773 3120 pati,
2825 3061 2885 3105 ut
2932 3052 3136 3120 optima
3165 3052 3474 3106 erudiamur

1896 3142 2138 3197 doctrina
2187 3141 2572 3210 religiositatis,
2619 3150 2676 3196 et
2713 3142 2779 3195 ad
2810 3142 3242 3196 benevolentiam
3271 3143 3473 3196 consti-

1901 3241 2134 3287 tuamur.
2187 3230 2392 3298 Quibus
2419 3229 2597 3284 verbis
2623 3230 2668 3284 si
2696 3230 2870 3298 angeli
2913 3229 3066 3296 lucis,
3116 3238 3173 3284 et
3211 3231 3474 3284 universa:

1901 3323 2150 3378 ccclestcs
2179 3322 2578 3391 invisibilesque
2607 3322 2832 3376 virtutes
2860 3321 2937 3377 sic
2972 3321 3316 3376 mutabilitati
3346 3321 3476 3376 hac-

1904 3423 2058 3468 tenus
2106 3413 2407 3482 subiacere,
2452 3413 2592 3468 sicut
2631 3413 2880 3471 humanae
2905 3412 3095 3468 anime
3139 3420 3474 3479 asseruntur,

1905 3505 2191 3561 anathema
2215 3507 2303 3560 sit.

2339 3631 2603 3672 'l'lEODORI
2632 3631 2931 3670 οΑΡιτυιυι
2959 3632 3046 3670 ιι.

1975 3709 2120 3766 Nam
2169 3709 2361 3765 sciebat
2405 3711 2610 3780 quidem
2656 3709 2792 3780 quod
2837 3707 3121 3778 peccabunt
3160 3708 3480 3777 emnimodo,

1903 3802 2210 3857 concedebat
2251 3816 2369 3854 vero
2410 3800 2507 3852 hoc
2535 3800 2668 3868 ﬁeri,
2716 3798 2960 3866 expedire
3005 3799 3080 3850 eis
3131 3813 3468 3868 cognoscens,

1905 3894 2146 3964 quoniam
2169 3899 2282 3944 erat
2307 3887 2621 3958 impossibile
2649 3901 2785 3954 eum,
2815 3889 3036 3953 quicum
3061 3889 3239 3957 fecerit
3262 3905 3365 3942 non
3388 3904 3471 3942 ex-

1917 3994 2134 4044 stantes,
2177 3992 2224 4034 et
2253 3989 2510 4032 tentarunt
2533 3977 2736 4049 quidem
2759 3977 3184 4030 demonstraverit
3222 3977 3483 4044 dominos,

1910 4082 2053 4126 tanta
2082 4089 2196 4126 rere
2233 4071 2366 4126 bona
2392 4071 2733 4142 proposuerit,
2761 4077 2818 4122 ut
2846 4070 2920 4122 eis
2946 4070 3204 4140 fruantur,
3233 4085 3328 4122 nec
3355 4085 3479 4139 pro—

1909 4166 2082 4218 hibere
2108 4163 2304 4234 peccati
2327 4163 2546 4228 aditum,
2573 4163 2618 4214 si
2638 4161 2879 4231 expedire
2901 4162 2974 4213 eis
3003 4160 3102 4213 hoc
3133 4170 3483 4231 cognosceret.

1911 4256 2018 4310 Sed
2058 4255 2194 4308 enim
2233 4269 2335 4307 non
2365 4262 2476 4306 erat
2503 4251 2743 4322 possibile
2772 4268 2865 4306 nos
2895 4252 3046 4305 aliter
3082 4251 3280 4305 discere
3311 4269 3487 4322 pecca-

1912 4356 2036 4410 tum,
2077 4355 2124 4396 et
2147 4343 2447 4414 passionum
2474 4342 2758 4404 molestias,
2794 4350 2842 4395 et
2873 4341 3149 4404 deteriora,
3181 4352 3230 4395 et
3256 4353 3488 4396 nostram

1912 4437 2268 4506 infirmitatem
2307 4435 2364 4488 in
2408 4435 2487 4488 his
2510 4433 2989 4502 demonstrandam,
3019 4435 3090 4488 ad
3118 4435 3488 4491 ostendendam

232 4531 514 4584 nescientes
555 4535 797 4590 mortem,
846 4525 1262 4580 immortalitatis
1303 4525 1504 4578 lucrum
1548 4522 1807 4577 nescieba-
1842 4557 1888 4616 υ
1914 4523 2803 4596 mgnitudinemimmutabilitatis,
2843 4539 2996 4594 quam
3025 4534 3204 4593 postea
3230 4524 3377 4577 nobis
3402 4542 3486 4578 es-

229 4634 375 4682 mus;
425 4619 734 4688 ignorantes
771 4615 1171 4686 corruptionem,
1221 4630 1325 4669 nou
1355 4613 1695 4668 laudabamus
1723 4615 1808 4668 in-

229 4707 648 4774 corruptionem;
698 4706 978 4759 nescientes
1023 4705 1322 4774 passionum
1374 4719 1670 4774 graeamen,
1709 4704 1808 4758 im-

229 4796 622 4867 possibilitatem
646 4811 749 4849 non
770 4793 1087 4848 mirabamur
1114 4793 1494 4862 (compendiose
1522 4793 1714 4856 dicam,
1745 4809 1810 4850 ne

231 4890 433 4958 longum
463 4901 756 4940 sermonem
796 4882 1055 4956 faciam);
1103 4885 1383 4938 nescientes
1429 4886 1684 4938 malorum
1713 4901 1810 4938 εει

229 4979 587 5046 perimentum,
636 4973 887 5030 bonorum
933 4973 1142 5029 illorum
1181 4991 1288 5028 non
1323 4982 1618 5046 poteramus
1641 4975 1811 5030 scien-

233 5070 356 5122 tiam
379 5069 590 5122 mereri.

791 5176 963 5249 Vigilii
996 5179 1278 5250 responsio.

301 5271 358 5326 in
401 5269 778 5342 suprascripto
823 5269 1272 5339 quinquagesimo
1329 5281 1526 5326 octavo
1571 5269 1816 5339 capitulo

236 5363 446 5428 dicitur,
496 5363 628 5416 ideo
674 5359 842 5414 Deum
885 5359 1098 5416 dedisse
1143 5369 1369 5431 peccato
1409 5361 1636 5427 aditum,
1685 5361 1810 5428 quia

240 5452 364 5504 utile
391 5451 498 5504 hoc
543 5449 753 5504 sciebat
781 5462 900 5504 esse
927 5449 1105 5514 nobis,
1153 5449 1326 5515 magis
1354 5459 1535 5503 autem
1563 5449 1812 5502 omnibus

239 5537 674 5600 rationabilibus,
693 5546 750 5590 ut
772 5535 917 5604 prius
939 5535 1186 5591 videlicet
1199 5537 1356 5592 malis
1380 5545 1436 5592 et
1461 5537 1816 5594 deterioribus

240 5631 393 5686 rebus
439 5627 600 5683 ﬁeret
643 5628 838 5689 aditus,
888 5637 1076 5697 postea
1107 5638 1287 5683 autem
1332 5630 1414 5684 his
1441 5629 1630 5686 deletis
1657 5630 1818 5686 intro.

309 5796 332 5825 ι
362 5785 548 5852 Forte,
584 5792 755 5840 essent
783 5784 912 5841 sicut
935 5789 1026 5842 dii.
1061 5784 1382 5842 "mortuus.

1913 4624 1988 4668 set
2017 4615 2325 4680 donaturus,
2365 4613 2465 4666 nisi
2495 4613 2572 4666 sic
2609 4614 2674 4666 ab
2713 4614 2864 4667 initio
2911 4614 3020 4666 Iure
3049 4615 3265 4684 fuissent
3314 4631 3345 4667 a
3379 4615 3486 4670 Deo

1917 4706 2236 4775 dispensata,
2283 4713 2340 4757 ut
2385 4704 2663 4758 collatione
2705 4714 2755 4758 et
2791 4706 3138 4776 experimento
3167 4707 3488 4776 inﬁnitarum

1918 4797 2196 4861 malorum,
2247 4795 2495 4850 bonorum
2521 4811 2785 4866 possemus
2811 4797 2942 4850 scire
2966 4799 3390 4868 magnitudinem,
3434 4809 3486 4852 et

1917 4888 2070 4959 hujus
2093 4886 2285 4958 gratia,
2325 4895 2382 4938 ut
2421 4895 2540 4956 pote
2565 4887 2890 4958 profuturum
2919 4887 3091 4953 nobis,
3123 4899 3382 4954 peccatum
3405 4889 3490 4940 in—

1919 4988 2058 5032 trare
2101 4979 2386 5044 dimittens,
2429 4993 2676 5048 magnum
2717 4978 2774 5032 in
2813 4978 2924 5049 ejus
2959 4977 3090 5034 bello
3121 4980 3372 5034 auxilium
3404 4980 3491 5032 in-

1917 5071 2073 5126 venit.

2469 5177 2646 5252 Vigilii
2670 5180 2954 5250 responsio.

1987 5269 2047 5325 in
2093 5268 2456 5339 suprascripto
2502 5269 2838 5338 sexagesimo
2868 5267 3104 5336 capitulo
3151 5267 3342 5322 dicitur
3367 5269 3492 5338 quis

1920 5359 2064 5415 Deus
2085 5359 2260 5414 sciens
2288 5358 2556 5412 hominem
2580 5365 2944 5426 peccaturum,
2973 5354 3096 5408 ideo
3128 5371 3351 5425 peccare
3373 5372 3498 5425 per-

1919 5450 2142 5516 miserit,
2174 5449 2300 5516 quia
2326 5448 2430 5502 hoc
2459 5448 2508 5502 ci
2539 5453 2763 5500 noverat
2793 5443 3066 5512 expedire,
3105 5455 3158 5498 et
3209 5452 3495 5514 propterea

1922 5559 2028 5598 non
2060 5539 2396 5612 prohibuisse
2423 5539 2630 5607 peccati
2659 5535 2884 5600 aditum,
2913 5535 3038 5603 quia
3062 5536 3140 5588 sic
3170 5535 3236 5588 ab
3287 5534 3436 5587 initio
3464 5550 3496 5588 a

1927 5633 2034 5687 Deo
2057 5629 2218 5686 fuerit
2244 5627 2628 5698 dispensatum,
2651 5637 2711 5681 ut
2737 5624 3024 5680 collatione
3046 5633 3101 5679 et
3127 5625 3498 5695 experimento
