3986 6360
463 335 532 392 99
1843 327 2066 386 VlGlLll
2110 325 2314 384 PAPE

3618 325 3723 381 £00

461 455 790 514 inﬂuitorum
819 452 1106 518 malorum,
1148 450 1417 506 bonorum
1447 464 1726 522 possemus
1763 449 1902 509 scire
1929 464 2047 504 ma—
2072 455 2119 513 Α
2153 461 2354 505 nomen
2382 445 2544 503 fuisse
2571 445 2828 513 delatum,
2883 461 2978 502 sua
3028 445 3363 516 providentia
3393 447 3720 502 ecclesiasti-

458 543 811 614 gnitudinem,
846 547 903 596 et
928 538 1086 608 hujus
1108 537 1190 593 rei
1209 537 1409 607 gratia,
1462 546 1522 593 ut
1548 546 1676 609 pote
1703 535 2043 608 profuturum

463 631 637 698 nobis,
669 635 949 701 peccatum
979 628 1184 682 intrare
1209 627 1506 692 dimittens,
1539 641 1792 697 magnum
1842 626 1896 681 in
1927 625 2044 695 ejus

461 723 668 796 peccati
695 722 839 778 bello
865 720 1124 776 auxilium
1153 719 1421 774 invenerit
1465 719 1649 775 homo.
1700 718 1830 786 Quae
1878 719 2045 773 verba

461 813 716 884 quoniam
757 813 932 867 aliena
963 819 1088 864 sunt
1116 825 1146 864 a
1189 824 1350 865 sensu
1397 809 1592 864 divina:
1638 807 1946 879 Scriptum,
1987 813 2048 862 ut

460 903 686 966 dicatur,
711 901 837 971 quia
868 909 1150 970 peccatum
1180 913 1212 951 a
1241 899 1356 953 Deo
1386 913 1486 968 pro
1513 898 1745 952 utilitate
1775 898 1931 952 nobis
1961 897 2045 950 in-

463 989 768 1046 troductum
816 989 904 1044 sit.
953 987 1010 1043 Si
1058 986 1179 1056 quis
1230 986 1307 1040 ita
1353 986 1510 1055 sapit,
1543 985 1726 1053 docet,
1757 985 1929 1040 credit
1953 993 2048 1040 aut

463 1081 738 1152 praedicat,
771 1081 1056 1136 anathema
1086 1079 1176 1132 sit.
1204 1076 1402 1133 Sancta
1435 1077 1580 1132 enim
1627 1077 1893 1133 catholica
1943 1075 2047 1132 Ec-

465 1173 629 1230 clesia
657 1173 762 1228 hoc
791 1178 997 1228 certum
1025 1177 1174 1226 tenet
1194 1178 1248 1224 et
1276 1169 1468 1235 credit,
1517 1169 1642 1239 quia
1671 1169 1812 1224 Deus
1838 1179 1894 1224 et
1921 1185 2046 1239 pro-

464 1266 702 1322 hibuerit
725 1280 756 1320 a
783 1272 1010 1336 peccato
1039 1263 1271 1334 primum
1318 1262 1616 1329 hominem,
1647 1269 1704 1316 et
1731 1277 1829 1331 per
1855 1260 2044 1316 inobe-

465 1353 718 1409 dientiam
774 1364 1054 1423 peccatum
1118 1351 1358 1421 punierit
1404 1349 1552 1420 justo
1605 1350 1898 1421 supplicio;
1951 1349 2046 1404 sed

465 1443 604 1498 bene
631 1453 788 1498 utens
809 1443 976 1498 etiam
1015 1441 1170 1496 malis
1197 1441 1415 1503 nostris,
1447 1440 1702 1509 singulari
1751 1453 1850 1494 nos
1873 1451 2048 1493 reme-

463 1531 577 1600 dio,
606 1547 703 1603 per
729 1533 987 1602 unigeniti
1026 1531 1146 1586 Filii
1188 1531 1281 1596 sui
1328 1531 1779 1596 incarnationem,
1834 1529 2044 1598 passio-

464 1637 611 1687 nem,
669 1629 916 1687 mortem,
963 1629 1020 1677 et
1061 1621 1530 1688 resurrectionem,
1559 1621 1666 1677 hoc
1709 1628 1794 1677 est
1835 1619 2046 1675 Domini

466 1711 638 1766 nostri
665 1708 792 1766 Jcsu
823 1709 1044 1778 Christi,
1072 1711 1139 1767 ab
1159 1711 1399 1767 omnium
1443 1719 1790 1782 peccatorum
1818 1710 2046 1766 nexibus

466 1798 716 1854 liberavit
729 1843 736 1852 .

539 1889 634 1946 His
660 1891 822 1958 igitur
849 1897 1222 1960 competenter
1248 1901 1303 1946 et
1327 1904 1427 1961 per
1469 1889 1788 1946 orthodoxae
1814 1888 1936 1945 ﬁdei
1962 1905 2049 1946 re-

464 1981 782 2038 ctitudinem
821 1980 1134 2050 apostolica:
1162 1981 1448 2036 sententiae
1473 1981 1795 2036 auctoritate
1821 1979 2046 2034 damna-

464 2073 553 2136 tis,
581 2073 974 2140 constituimus,
997 2080 1057 2126 ut
1083 2087 1150 2126 ex
1193 2071 1440 2127 omnibus
1469 2071 1602 2137 istis,
1634 2085 1753 2140 qua:
1796 2085 1895 2126 nos
1941 2067 2047 2122 Pa-

469 2169 612 2217 trum
640 2161 856 2216 statutis
875 2169 1037 2228 atque
1060 2160 1436 2216 traditionibus
1455 2160 1779 2214 inhmrentes
1821 2167 2046 2228 aposto-

465 2252 570 2308 lica
591 2252 913 2307 auctoritate
934 2250 1328 2319 damnavimus,
1357 2250 1499 2304 nulla
1535 2249 1820 2318 injuriandi
1848 2263 2048 2320 praece-

467 2341 659 2398 dentes
699 2339 887 2397 Patres
926 2341 1014 2396 vel
1065 2341 1318 2396 doctores
1367 2338 1619 2394 Ecclesia:
1669 2340 1818 2407 (quas
1863 2335 2051 2407 procul

465 2434 628 2490 dubio
653 2432 906 2490 scandala
952 2438 1312 2488 sacrosanctae
1341 2428 1593 2484 Ecclesia:
1619 2428 1876 2495 suscitat)
1905 2439 2048 2496 pra:—

461 2522 655 2581 beatur
674 2523 886 2579 occasio
913 2540 926 2575 :
954 2521 1476 2578 anathematizantes
1503 2534 1717 2575 omnem
1741 2518 1808 2574 ad
1831 2518 2048 2574 ordines

468 2613 870 2670 ecclesiasticos
896 2611 1281 2680 pertinentem,
1307 2609 1399 2678 qui
1423 2607 1670 2662 Patribus
1690 2615 1851 2678 atque
1869 2607 2052 2663 docto-

463 2703 616 2758 ribus
637 2701 890 2756 Ecclesia:
919 2699 1297 2755 contumeliam
1339 2714 1407 2754 ex
1447 2697 1826 2768 suprascriptis
1853 2697 2048 2769 impie-

466 2792 666 2846 tatihus
683 2789 1080 2859 quodammodo
1107 2789 1376 2844 ascribere
1403 2789 1488 2844 vel
1529 2789 1769 2857 irrogare
1795 2789 2046 2846 voluerit.

465 2879 534 2935 Et
561 2881 816 2949 quoniam
841 2878 1060 2948 pnelata
1105 2878 1378 2948 dogmata,
1408 2893 1528 2948 qua:
1569 2878 1861 2934 secundum
1891 2879 2052 2934 intel-

463 2970 661 3024 lectum
690 2968 758 3023 de
785 2969 868 3023 bis
893 2969 1196 3038 expositum
1243 2968 1572 3022 anathemati
1622 2978 1784 3036 atque
1826 2969 2047 3024 damna-

465 3061 602 3115 tioni
629 3060 954 3129 subjeeimus
982 3061 1034 3114 in
1057 3075 1123 3114 eo
1153 3059 1434 3114 volumine
1457 3060 1600 3128 quod
1627 3060 1783 3116 nobis
1811 3076 1909 3131 per
1937 3059 2046 3115 fra-

2143 551 2261 592 cam
2291 535 2716 591 moderationem
2746 535 2889 590 circa
2917 543 3188 590 mortuum
3236 536 3499 606 sapientia
3542 551 3729 592 sacer.

2144 627 2314 682 dotali
2355 634 2681 692 servantem,
2733 627 2971 682 noluisse
3020 642 3218 682 nomen
3267 626 3408 696 ejus,
3437 643 3506 683 ne
3533 644 3732 684 monu-

2142 717 2341 772 mentis
2367 716 2584 786 quidem
2605 715 2969 788 synodalibus,
3008 723 3232 786 propter
3249 717 3489 784 regulam
3515 733 3634 788 qua:
3661 717 3734 772 de

2145 806 2372 861 mortuis
2399 806 2452 860 iu
2481 804 2786 860 sacerdotio
2815 805 3076 860 servanda
3105 813 3210 870 est,
3241 805 3530 860 contineri.
3576 805 3732 873 Quo-

2147 893 2312 949 modo
2360 900 2541 948 autem
2588 893 2695 950 hoc
2737 893 2881 963 quod
2931 909 3090 966 supra
3121 895 3258 949 dixit
3283 895 3474 952 beatus
3499 895 3736 968 Cyrillus

2145 984 2509 1054 dispensative
2557 985 2780 1052 factum,
2809 992 2870 1038 ut
2895 984 3116 1039 minime
3163 985 3492 1039 anathemati
3530 1000 3735 1041 nomen

2143 1075 2246 1131 viri
2297 1074 2564 1144 subjicere
2615 1075 2874 1130 voluisset
2925 1075 3170 1146 intelligi,
3211 1075 3278 1130 ad
3305 1076 3735 1132 ecclesiasticam

2145 1169 2387 1236 regulam
2416 1167 2820 1238 porrigendum,
2852 1166 2904 1220 in
2927 1167 3114 1221 eadem
3145 1167 3370 1237 epistola
3399 1182 3496 1223 sua
3543 1167 3740 1224 subter

2145 1256 2361 1325 adjecit,
2414 1256 2598 1312 dicens
2628 1274 2642 1310 :
2688 1255 2794 1311 Sed
2841 1255 2985 1325 juste
3010 1255 3248 1324 audient,
3278 1257 3492 1312 tametsi
3529 1258 3728 1326 nolint,

2145 1347 2240 1415 qui
2290 1345 2596 1416 hujusmodi
2639 1361 2831 1402 causas
2894 1346 3156 1416 praebent.
3203 1346 3588 1403 Obliviscimini
3632 1363 3738 1404 vos

2149 1437 2316 1508 ipsos,
2333 1435 2546 1506 quando
2573 1435 2830 1492 adversus
2853 1437 3062 1492 cineres
3082 1451 3242 1492 arcus
3268 1437 3594 1493 extenditis:
3620 1454 3739 1495 non

2144 1530 2286 1584 enim
2314 1537 2556 1598 superest
2586 1527 2679 1597 qui
2723 1527 2864 1598 apud
2914 1541 3012 1582 eos
3059 1526 3350 1596 inscriptus
3389 1535 3511 1582 est:
3541 1535 3598 1584 et
3642 1543 3740 1584 me

2143 1619 2321 1674 nullus
2343 1617 2524 1688 culpet
2553 1617 2608 1673 in
2639 1619 2753 1673 baac
2797 1617 2961 1672 verba
3007 1631 3373 1688 progressum,
3421 1617 3517 1674 sed
3539 1619 3743 1676 cedant

2143 1707 2316 1773 valde,
2351 1707 2601 1762 nimirum
2625 1707 3026 1779 prmdecessori.

2070 1807 2118 1866 Β
2211 1796 2388 1852 Grave
2429 1805 2515 1852 est
2559 1797 2702 1852 enim
2749 1797 3010 1853 insultare
3055 1796 3345 1866 defunctis,
3398 1798 3486 1854 vel
3519 1799 3581 1881 _si
3611 1800 3744 1857 laici

2151 1885 2369 1950 fuerint,
2423 1887 2623 1942 nedum
2672 1887 2778 1942 illis
2805 1887 2981 1957 quiin
3032 1889 3345 1959 episcopatu
3398 1889 3539 1946 hanc
3565 1889 3744 1946 vitam

2149 1979 2536 2048 deposuerunt.
2564 1976 2924 2033 Justissimum
2955 1979 3098 2033 enim
3128 1987 3352 2049 apparet
3379 1980 3744 2050 prudentibus

2147 2069 2277 2125 viris
2304 2069 2496 2124 cedere
2544 2069 2868 2138 pnescienti,
2920 2068 3031 2124 Deo
3060 2069 3274 2133 scilicet,
3318 2071 3745 2140 uniuscujusque

2145 2159 2520 2226 voluntatem;
2573 2166 2630 2214 et
2676 2159 3024 2228 cognoscenti
3073 2160 3463 2229 qualiscunque
3507 2161 3745 2229 quisque
3814 2203 3830 2220 .

2147 2249 2355 2305 futurus
2401 2250 2492 2305 sit.
2524 2249 2750 2304 Beatum
2779 2249 3076 2319 quinetiam
3105 2247 3359 2304 Proclum
3387 2249 3546 2319 hujus
3573 2250 3743 2319 regia:

2148 2342 2383 2397 civitatis
2403 2341 2699 2397 antistitem
2728 2342 2804 2396 ita
2829 2341 3113 2398 memorati
3141 2339 3364 2398 Joannis
3409 2341 3742 2398 Antiocheni

2148 2431 2386 2502 episcopi
2433 2431 2682 2487 similiter
2707 2440 2922 2488 constat
2949 2433 3294 2503 respondisse
3323 2433 3616 2502 rescriptis,
3645 2433 3742 2488 di-

2145 2531 2356 2578 centem
2379 2523 2520 2576 inter
2546 2521 2650 2576 alia
2676 2539 2689 2575 :
2719 2521 2946 2588 Quando
2969 2522 3114 2577 enim
3161 2523 3349 2592 scripsi
3381 2529 3487 2578 tua:
3531 2523 3744 2578 sancti-

2147 2613 2268 2682 tati,
2314 2620 2568 2683 oportere
2614 2619 2708 2667 aut
2755 2611 3118 2676 Theodorum,
3147 2619 3240 2666 aut
3269 2612 3405 2666 alios
3440 2612 3736 2681 quosdam,

2146 2705 2238 2776 qui
2265 2703 2470 2774 pridem
2496 2701 2730 2757 defuncti
2779 2710 2922 2769 sunt,
2949 2702 3276 2758 anathemati
3299 2701 3477 2768 subdi,
3509 2710 3604 2756 aut
3631 2718 3745 2756 no-

2145 2795 2388 2850 minatim
2414 2793 2640 2863 alicujus
2669 2793 2768 2848 feci
2791 2793 3156 2848 mentionem?
3182 2800 3236 2847 et
3265 2799 3388 2862 post
3413 2805 3606 2860 pauca.
3661 2789 3742 2845 Et

2146 2886 2236 2941 illa
2268 2885 2503 2956 capitula
2525 2900 2646 2954 qua:
2671 2885 2915 2954 subjecta
2942 2895 3066 2940 sunt
3087 2885 3277 2954 repuli,
3310 2893 3368 2938 ut
3410 2891 3536 2954 pote
3561 2883 3744 2938 subti-

2145 2977 2350 3032 litatem
2383 2991 2491 3030 non
2521 2975 2771 3030 habentia
2797 2976 3012 3044 pietatis
3039 2993 3052 3028 :
3078 2989 3254 3045 neque
3275 2984 3453 3030 autem
3473 2973 3540 3028 de
3555 2971 3744 3029 Theo-

2144 3068 2300 3133 doro,
2334 3082 2509 3138 neque
2537 3067 2606 3122 de
2633 3067 2741 3121 alio
2770 3080 3041 3135 quoquam
3069 3066 3160 3134 qui
3183 3066 3294 3134 jam
3319 3063 3555 3120 defuncti
3603 3073 3739 3120 sunt

468 3158 608 3206 trem
636 3160 879 3205 nostrum
929 3150 1224 3219 Benignum
1255 3151 1565 3219 episcopum
1595 3165 1766 3220 nuper
1791 3165 1820 3203 a
1846 3151 2044 3220 pietate
2073 3166 2119 3228 ρ
2147 3159 2356 3228 scripsi,
2411 3157 2522 3213 Deo
2550 3157 2922 3221 amantissimi,
2953 3164 3046 3210 aut
3075 3164 3134 3210 ut
3164 3156 3738 3224 anathematizaretnr,

465 3247 645 3296 vestra
676 3241 1044 3295 transmissutn
1073 3241 1174 3294 sub
1222 3239 1491 3295 Theodori
1520 3240 1882 3310 Mopsuesteni
1929 3242 2047 3310 epi-

463 3334 612 3402 scopi
633 3333 980 3403 perhibentur
1001 3333 1220 3387 nomine
1261 3341 1583 3402 pmenotata;
1609 3331 1676 3386 ad
1699 3333 1802 3388 hoc
1830 3333 2036 3390 sollici-

465 3423 668 3477 tudinis
697 3431 894 3476 nostra:
939 3423 1178 3477 animum
1227 3432 1618 3491 consequenter
1655 3423 2044 3490 admonuimus,

467 3521 528 3567 ut
545 3513 588 3569 si
617 3514 743 3582 quid
771 3513 837 3567 de
857 3528 1086 3582 persona
1111 3513 1195 3567 vel
1227 3517 1444 3568 nomine
1475 3515 1757 3570 memorati
1779 3515 2048 3572 Theodori

467 3601 610 3670 apud
629 3600 816 3656 Patres
845 3603 1128 3670 quaesitum
1158 3603 1248 3667 sit,
1279 3603 1363 3657 vel
1387 3605 1432 3659 si
1452 3619 1557 3672 qua
1587 3619 1751 3675 super
1787 3605 1903 3673 ejus
1944 3623 2046 3662 no-

465 3693 612 3748 mine
633 3693 700 3746 ab
727 3693 810 3746 eis
837 3692 1158 3758 regulariter
1187 3693 1384 3748 fuerint
1409 3695 1699 3752 constituta
1728 3697 1842 3754 sive
1870 3699 2049 3768 dispo-

467 3785 591 3847 sita,
617 3783 1023 3851 diligentissima
1057 3782 1401 3852 indagatione
1429 3800 1669 3853 quaerere
1713 3803 2042 3844 curaremns.

469 3875 537 3929 Et
563 3876 676 3929 lucc
698 3875 1080 3944 investigantes
1104 3877 1433 3932 advertimus
1462 3878 1633 3932 beatze
1659 3881 2046 3936 recordationis

469 3966 724 4037 Cyrillum
746 3965 1126 4022 Alexandrinae
1146 3969 1379 4025 civitatis
1407 3970 1701 4026 antistitem
1727 3971 1794 4026 de
1816 3987 2044 4041 persona

458 4056 570 4125 jam
598 4057 794 4111 mortui
823 4057 1094 4113 Theodori
1117 4059 1580 4144 episcopijoanni
1603 4063 1912 4118 reverendae
1935 4079 2047 4119 me-

465 4149 650 4202 moriae
690 4149 1038 4203 Antiochente
1067 4150 1300 4204 civitatis
1327 4151 1604 4220 episcopo,
1655 4153 1742 4207 vel
1787 4153 2043 4210 Orientali

463 4237 670 4310 synodo
701 4237 766 4291 ad
797 4237 913 4304 ejus
959 4238 1164 4293 litteras
1190 4241 1597 4306 rescribcntem,
1630 4241 1772 4298 inter
1819 4245 1920 4298 alia
1968 4246 2042 4299 ita

466 4327 746 4380 tradidisse
771 4343 782 4378 :
812 4325 940 4392 Qum
964 4327 1168 4394 prolata
1191 4337 1274 4382 est
1301 4329 1353 4383 in
1397 4339 1582 4385 saneta
1611 4332 1816 4402 synodo
1868 4333 2044 4404 Ephe-

467 4418 582 4472 siua
615 4418 877 4484 deﬁnitio,
910 4417 1072 4471 veluti
1116 4433 1145 4470 a
1177 4419 1463 4475 Theodoro
1491 4421 1766 4491 disposita,
1797 4424 1936 4480 sicut
1959 4426 2045 4484 nf-

2145 3257 2319 3304 autut
2347 3247 2644 3303 abdicetur.
2677 3247 2784 3305 Sed
2811 3262 2987 3316 neque
3017 3247 3365 3302 charissimus
3393 3245 3737 3312 Theodotus,

2143 3340 2286 3410 quia
2313 3339 2470 3394 nobis
2496 3339 2732 3394 directus
2756 3346 2859 3403 est,
2883 3337 3142 3392 diaconus
3160 3335 3297 3392 'talia
3339 3337 3588 3391 mandata
3611 3353 3742 3392 sus-

2145 3430 2308 3500 cepit.
2340 3429 2469 3484 ltem
2495 3429 2610 3499 ipse
2639 3429 2826 3484 beatus
2847 3427 3071 3484 Proclus
3099 3429 3151 3482 in
3173 3428 3399 3498 epistola
3446 3429 3516 3482 ad
3560 3429 3738 3484 Maxi-

2143 3535 2289 3574 mum
2319 3520 2608 3575 diaconum
2631 3527 2754 3588 post
2783 3519 2886 3573 alia
2914 3519 2986 3573 ita
3018 3519 3150 3574 dicit
3175 3537 3188 3572 :
3239 3518 3524 3586 Quomodo
3566 3521 3737 3591 igitur

2143 3625 2244 3681 per
2265 3611 2476 3665 litteras
2499 3611 2659 3665 didici
2693 3627 2852 3677 nunc,
2882 3611 3006 3680 quia
3037 3610 3308 3666 Theodori
3338 3611 3731 3681 hlopsuesteni,

2143 3709 2200 3756 et
2221 3701 2448 3755 aliorum
2491 3701 2844 3769 quorumdam
2880 3701 3095 3755 nomina
3123 3701 3409 3770 prmposita
3433 3710 3558 3756 sunt
3583 3704 3736 3773 capi-

2143 3791 2267 3846 tulis
2289 3791 2356 3844 ad
2385 3791 2966 3857 anathematizandum,
2997 3807 3118 3847 cum
3149 3793 3225 3847 illi
3279 3793 3346 3847 ad
3391 3794 3559 3848 Deum
3610 3794 3731 3864 jam

2143 3881 2532 3949 migraverint:
2567 3888 2624 3935 et
2669 3897 2765 3934 eos
2805 3881 2898 3949 qui
2941 3881 3052 3948 jam
3077 3881 3239 3934 vitam
3275 3882 3607 3952 reliquerunt
3633 3901 3732 3940 su-

2143 3985 2469 4040 pervacuum
2499 3978 2583 4024 est
2612 3969 2850 4037 iujuriari
2873 3978 2996 4039 post
3016 3979 3269 4034 mortem,
3293 3985 3431 4039 quos
3455 3988 3556 4028 nec
3575 3974 3735 4030 vivos

2143 4067 2436 4135 aliquando
2457 4067 2812 4138 culpavimus.
2844 4067 2912 4121 Et
2939 4077 3062 4139 post
3093 4085 3260 4138 pauca
3289 4089 3301 4125 :
3335 4069 3464 4125 Post
3491 4073 3734 4130 subscri-

2142 4159 2384 4227 ptionem
2415 4169 2595 4213 autem
2647 4161 2798 4224 tomi,
2849 4167 3056 4229 etpost
3084 4160 3443 4229 abjectionem
3473 4165 3737 4234 capitulo-

2143 4267 2280 4316 rum,
2322 4265 2443 4320 qua:
2483 4251 2636 4321 cujus
2687 4255 2796 4306 sint
2826 4253 3152 4321 ignoramus,
3199 4255 3458 4310 continuo
3485 4271 3732 4328 praepara

2143 4339 2425 4394 diaconum
2456 4340 2798 4396 Theodorum
2825 4343 3010 4396 venire
3037 4342 3103 4396 ad
3131 4345 3335 4412 regiam
3363 4347 3654 4402 civitatem.

2217 4427 2524 4498 Pcrpendat
2543 4443 2671 4498 ergo
2695 4431 2910 4500 pietatis
2924 4441 3116 4486 vestra:
3135 4433 3397 4502 sapientia
3419 4436 3730 4504 singularis,

467 4510 702 4564 ferentes
745 4508 1026 4572 dicebant,
1078 4511 1208 4564 nihil
1256 4511 1460 4566 habens
1510 4529 1726 4579 sanum,
1765 4517 2046 4571 evacuavit
2074 4519 2117 4576 D
2143 4518 2269 4586 quia
2296 4516 2517 4574 Proclth
2542 4518 2935 4574 eruditissimus
2956 4523 3320 4583 sacerdotum,
3353 4530 3406 4575 et.
3437 4539 3544 4577 non
3570 4525 3732 4592 longe

463 4600 681 4668 quidem
711 4614 832 4652 eam
859 4607 1041 4653 sancta
1071 4601 1305 4670 synodus
1323 4601 1488 4656 veluti
1511 4619 1879 4672 pervcrsarum
1925 4605 2040 4675 ple-

466 4705 586 4742 nam
610 4688 1104 4754 intelligentiarum,
1137 4689 1502 4748 condemuans
1529 4693 1657 4746 item
1689 4709 1784 4748 eos
1821 4694 1914 4764 qui
1960 4696 2038 4750 sic

463 4779 696 4846 sapiunt.
724 4778 1079 4848 Dispensatim
1103 4796 1231 4835 vero
1269 4783 1598 4837 mentionem
1629 4785 1726 4838 viri
1759 4800 1864 4840 non
1890 4784 2035 4851 fecit,

465 4883 640 4934 neque
677 4883 796 4923 eum
853 4870 1164 4924 nominatim
1218 4873 1545 4928 anathemati
1581 4875 1834 4941 subdidit,
1863 4891 2038 4946 neque

461 4958 615 5012 alios.
648 4957 822 5026 Ipsam
844 4975 972 5014 vero
991 4959 1252 5031 synodum
1283 4960 1603 5031 Ephesinam
1633 4963 1858 5032 primam
1887 4965 2036 5019 solli-

459 5047 565 5101 cite
591 5055 957 5115 recensentes,
989 5048 1120 5102 nihil
1145 5049 1212 5104 de
1241 5049 1510 5107 Theodori
1541 5051 1896 5122 Mopsuesteni
1920 5070 2037 5124 per—

457 5151 590 5189 sona
619 5133 818 5190 referre
839 5137 1218 5206 comperimus,
1253 5137 1346 5192 sed
1377 5139 1699 5209 symbolum,
1729 5141 1871 5210 quod
1893 5141 2034 5198 Cha-

456 5227 614 5282 risius
637 5227 916 5298 presbyter
943 5227 1050 5282 illic
1071 5227 1324 5296 prodidit,
1349 5230 1518 5299 magis
1544 5231 1667 5300 quia
1695 5233 1761 5287 ah
1791 5233 2032 5288 Athana-

457 5317 536 5372 sio
575 5326 630 5372 et
659 5316 873 5385 Pholio,
903 5319 993 5386 qui
1023 5325 1152 5372 tunc
1181 5319 1438 5388 temporis
1484 5320 1737 5377 haeretica
1782 5322 2028 5379 Nestorio

457 5405 824 5470 adhaerebant,
859 5421 954 5474 per
984 5407 1270 5462 Antonium
1309 5415 1365 5464 et
1391 5407 1649 5465 Jacobum
1673 5413 1891 5467 nomina
1917 5423 2034 5468 tan-

456 5505 570 5551 tum
623 5496 1062 5566 presbyterorum
1111 5498 1376 5554 habentes
1425 5499 1491 5555 ad
1547 5499 2032 5572 Philadelphiorum

459 5591 715 5646 ecclesias
761 5590 923 5644 fuerit
965 5591 1331 5646 destinatum:
1380 5608 1446 5648 ex
1495 5609 1602 5662 quo
1623 5595 1790 5650 claret
1819 5596 2032 5650 heatqu

457 5678 711 5748 Cyrillum
740 5681 845 5736 hoc
871 5681 1014 5750 quod
1045 5698 1140 5752 per
1167 5683 1372 5739 litteras
1409 5685 1690 5754 profitetur
1731 5703 1759 5740 a
1792 5689 2032 5758 prolato-

399 5786 413 5797 -
455 5766 608 5823 rbus
629 5769 836 5826 scilicet
857 5769 1084 5843 sytnboli
1101 5770 1214 5842 jam
1244 5770 1483 5831 defuncti
1503 5775 1770 5833 Theodori
1793 5779 2029 5850 episcopi

2142 4624 2174 4663 a
2223 4609 2498 4666 Theodori
2525 4610 2890 4680 Mopsuesteni
2920 4612 3028 4665 vita
3058 4623 3324 4681 repertus,
3355 4613 3492 4666 mala
3521 4629 3642 4683 qua:
3667 4616 3734 4670 li-

2141 4698 2333 4755 benter
2359 4700 2709 4754 damnaverat
2732 4702 2886 4769 cujus
2911 4710 3094 4756 essent
3118 4718 3177 4757 se
3199 4701 3311 4771 jam
3359 4709 3489 4758 tunc
3515 4706 3730 4774 profes-

2140 4806 2232 4846 sus
2251 4799 2336 4844 est
2364 4791 2630 4858 ignorare.
2659 4790 2764 4845 Sed
2787 4805 2962 4858 neque
2991 4792 3042 4844 in
3073 4801 3263 4846 sancto
3309 4808 3374 4846 ac
3419 4797 3732 4850 venerando

2140 4880 2565 4936 Chalcedonensi
2595 4881 2828 4936 concilio
2856 4881 3054 4949 aliquid
3107 4881 3174 4936 de
3220 4883 3417 4952 smpius
3461 4885 3729 4952 designati

2141 4969 2506 5040 Mopsuesteni
2555 4970 2824 5026 Theodori
2869 4972 3111 5041 episcopi
3157 4973 3378 5027 nomine
3426 4974 3733 5032 invenimus

2137 5067 2395 5116 statutum
2423 5061 2506 5115 vel
2536 5060 2735 5116 dictum
2761 5077 2881 5116 esse
2907 5063 3258 5128 contrarium,
3316 5062 3442 5118 dum
3479 5065 3533 5118 in
3583 5063 3738 5122 rela-

2137 5151 2305 5217 tione,
2336 5163 2495 5218 quam
2517 5149 2704 5204 eadem
2731 5151 3033 5205 veneranda
3055 5151 3292 5221 synodus
3312 5152 3412 5222 pia:
3442 5155 3720 5210 memoria:

2137 5239 2408 5296 Marciano
2429 5249 2556 5296 tunc
2586 5241 2898 5311 imperatori
2940 5244 3253 5310 transmisit,
3279 5259 3438 5312 quam
3467 5261 3561 5298 vos
3582 5262 3727 5316 quo-

2136 5346 2243 5400 que
2270 5333 2462 5386 vestris
2490 5332 2712 5400 legibus,
2737 5333 2864 5387 dum
2886 5333 3184 5389 orthodoxa
3208 5335 3541 5406 professione
3557 5352 3724 5393 unum

2140 5419 2210 5474 de
2234 5429 2422 5476 sancta
2452 5419 2710 5477 Trinitale
2737 5421 3007 5478 Christum
3029 5423 3196 5477 Deum
3222 5441 3285 5479 ac
3312 5426 3596 5481 Dominum
3623 5445 3726 5482 no-

2137 5519 2308 5566 strum
2355 5511 2716 5568 conﬁtendum
2747 5515 3011 5580 astruitis,
3041 5514 3107 5568 ad
3139 5517 3503 5570 testimonium
3528 5518 3724 5573 lauda-

2137 5600 2316 5656 biliter
2367 5602 2688 5670 adduxistis,
2735 5603 2930 5658 littene
2975 5604 3294 5661 Antiocheni
3346 5605 3568 5664 Joannis
3596 5626 3724 5666 cum

2136 5688 2392 5746 Orientali
2419 5693 2624 5764 synodo
2655 5692 2720 5746 ad
2764 5691 3123 5749 Theodosium
3151 5704 3279 5752 tunc
3335 5699 3588 5767 piissimae
3636 5717 3726 5756 re-

2135 5781 2462 5840 cordationis
2508 5783 2805 5854 principem
2853 5784 3132 5844 destinata:
3181 5791 3556 5848 venerabiliter
3605 5809 3723 5849 me-
