3986 6400
178 347 262 404 illi

1397 341 1755 400 EPISTOLE
1794 342 1884 399 ET
1921 343 2258 400 DECRETA.

3353 348 3456 405 lt"!

175 466 464 525 morentur,
522 456 726 529 quibus
776 457 1140 530 Hopsuesteni
1201 456 1468 513 Theodori
1523 456 1761 527 episcopi
1792 459 1839 518 Λ
1868 464 1952 511 tus
1976 455 2211 512 Joannes
2235 457 2524 528 Apostolus
2550 460 2604 515 in
2629 461 2951 534 Apocalypsi
2997 462 3146 528 dicit,
3176 464 3454 533 scripsisse

174 566 422 625 persona,
475 564 548 605 ne
605 559 733 622 post
785 559 1016 606 mortem
1058 549 1299 605 danmari
1325 548 1568 615 deberet,
1600 564 1767 605 excu-

177 654 344 700 satur.

245 741 374 792 t'ost
402 737 518 792 haec
544 735 802 807 ampliori
821 733 1371 805 curaprospeximus,
1397 733 1444 790 si
1471 733 1600 803 quid
1621 733 1769 790 iubis

176 828 265 898 qui
285 826 400 897 jam
424 824 666 883 defuncti
695 833 846 890 sunt,
879 832 935 880 et
962 824 1182 879 minime
1207 824 1553 894 reperiuntur
1581 823 1634 878 in
1656 823 1767 878 vita

174 919 437 985 damnati,
484 918 650 973 etiam
690 924 898 993 sanctae
925 914 1319 972 recordationis
1345 914 1769 984 praedecessores

176 1011 343 1066 nostri
365 1009 733 1065 decreverint.
762 1008 970 1075 Quibus
990 1006 1263 1077 inspectis,
1287 1006 1604 1075 agnovimus
1625 1003 1772 1074 quod

176 1100 333 1169 hujus
398 1099 625 1155 cautelze
672 1096 1137 1169 providentiaeque
1183 1094 1410 1152 formam
1463 1094 1769 1151 veneranda

176 1191 635 1263 praedecessorum
659 1197 969 1243 nostrorum
988 1185 1133 1242 sedis
1151 1185 1464 1256 apostolica:
1484 1184 1770 1255 praesulum

177 1282 471 1338 constituta
504 1280 659 1334 nobis
688 1278 1032 1349 apertissime
1078 1277 1434 1332 tradiderunt.
1466 1275 1599 1331 Nam
1638 1277 1770 1332 bea-

180 1371 417 1426 tissimus
442 1384 584 1439 papa
614 1368 725 1423 Leo
754 1367 821 1421 ad
864 1367 1209 1423 Theodorum
1239 1366 1552 1437 episcopum
1596 1364 1770 1422 Foro-

173 1457 462 1528 jultensem
512 1466 635 1529 post
663 1458 770 1511 alia
800 1458 873 1511 ita
902 1457 1031 1512 dicit
1062 1474 1076 1510 :
1106 1456 1224 1511 Non
1273 1472 1497 1512 necesse
1544 1463 1627 1512 est
1672 1471 1774 1513 nos

178 1566 367 1608 eorum
398 1550 494 1619 qui
520 1550 600 1606 sic
627 1550 883 1605 obierunt
912 1550 1103 1604 merita
1146 1557 1406 1617 actusque
1434 1548 1770 1613 discurrere;

180 1655 304 1694 cum
356 1638 623 1693 Dominus
669 1638 816 1692 Deus
863 1647 1066 1704 noster,
1100 1637 1252 1708 cujus
1273 1636 1474 1707 judicia
1504 1642 1776 1708 nequeunt

181 1729 593 1800 comprehendi,
624 1729 771 1800 quod
819 1729 1154 1785 sacerdotale
1185 1729 1499 1801 mysterium
1552 1729 1775 1798 implere

1870 548 2146 614 asseritur,
2177 549 2232 603 in
2259 550 2451 617 quibus
2498 549 2777 609 Judaicum
2820 554 3149 610 intellectum
3199 556 3452 611 habuisse

1867 647 2137 694 narratur.
2185 638 2313 696 Post
2362 640 2515 711 cujus
2567 654 2816 708 mortem,
2869 660 2991 700 cum
3042 646 3110 700 ad
3139 646 3452 719 Dionysium

1867 727 2204 783 Alexandriae
2232 729 2543 801 episcopum
2566 734 2920 802 pervenisset,
2950 736 3095 805 quod
3121 742 3233 792 tota
3279 735 3453 809 Egy-

1869 826 1997 889 ptus
2019 820 2164 888 ipsos
2185 819 2369 886 libros,
2399 836 2539 890 quos
2566 821 2745 892 Nepos
2769 824 3080 894 reliquerat,
3108 826 3274 881 veluti
3302 838 3453 895 mag-

1870 925 2001 965 num
2032 910 2249 980 aliquod
2275 919 2332 968 et
2357 913 2629 969 occultum
2675 916 2991 987 mysterium
3019 931 3081 972 se
3106 917 3307 973 habere
3351 932 3452 988 pu-

1873 1006 2015 1055 taret
2039 1017 2053 1054 :
2084 1008 2143 1055 et
2169 1015 2400 1072 pergens
2425 1002 2493 1058 ad
2516 1018 2638 1059 eum
2667 1004 2843 1061 locum
2865 1006 2942 1076 (in
2988 1005 3260 1063 Arsinoite
3302 1008 3450 1063 enim

1873 1091 2229 1162 quaestionem
2258 1092 2430 1163 ipsam
2456 1102 2659 1149 motam
2686 1095 2849 1152 luisse
2869 1095 3057 1166 refert)
3104 1097 3455 1169 scribensque

1871 1178 2141 1234 destruxit
2192 1181 2413 1237 eosdem
2464 1183 2632 1240 libros
2686 1194 2848 1256 atque
2905 1187 3143 1242 evertit:
3192 1187 3455 1259 Nepotem

1870 1282 2002 1323 vero
2049 1269 2142 1339 qui
2185 1285 2283 1327 eos
2325 1273 2635 1343 scripserat,
2684 1282 2907 1345 propter
2932 1275 3040 1332 hoc
3065 1276 3301 1333 maxime
3327 1277 3454 1347 quia

1867 1357 1982 1428 jam
2003 1358 2285 1417 defunctus
2306 1361 2499 1431 fuerat,
2524 1364 2669 1419 nulla
2697 1366 2768 1420 sit
2796 1380 3079 1435 aggressus
3107 1367 3456 1438 injuria.Qu:e

1874 1450 1919 1505 si
1950 1449 2069 1519 quis
2097 1450 2256 1507 latius
2283 1465 2576 1521 agnoscere
2616 1456 2748 1511 velit
2774 1457 2828 1511 in
2874 1468 3175 1514 memorato
3222 1460 3454 1530 septimo

1876 1537 2117 1593 historia:
2138 1538 2378 1609 ejusdem
2402 1540 2617 1598 Eusebii
2639 1543 2777 1601 libro
2807 1546 3058 1618 reperiet.

1946 1629 2148 1696 Quibus
2178 1632 2424 1688 omnibus
2452 1632 2741 1704 diligenter
2767 1636 3040 1708 inspectis,
3070 1637 3196 1706 quia
3224 1637 3349 1695 licet
3373 1637 3458 1693 di-

1876 1736 2035 1776 verso
2084 1721 2274 1778 Patres
2317 1725 2488 1779 nostri
2539 1726 2826 1781 verborum
2868 1728 3052 1793 modo,
3092 1728 3250 1784 unius
3276 1736 3457 1785 tamen

182 1836 289 1875 non
318 1827 560 1889 poterat,
609 1835 721 1874 suae
762 1817 985 1888 justitim
1030 1818 1346 1873 reservavit.
1396 1818 1528 1874 ltem
1584 1818 1774 1872 beatus
1810 1836 1851 1894 Β
1881 1808 2047 1865 duc“!
2077 1809 2463 1879 ίηιθιιίεεηιὶερ.
2494 1814 2839 1883 disserentes.
2881 1816 3076 1872 illaesos
3116 1817 3454 1875 sacerdotum

182 1908 432 1963 Gclasius
460 1922 598 1978 papa
631 1908 685 1962 in
715 1907 944 1977 epistola
972 1922 1132 1976 quam
1163 1906 1231 1961 ad
1260 1907 1544 1977 episc0pos
1571 1905 1773 1961 Darda—

182 2002 284 2057 nisa
305 2002 374 2056 de
399 2016 567 2056 causa
593 2001 776 2056 Acacii
802 2001 1038 2070 scripsit,
1067 2007 1190 2069 post
1212 2000 1317 2054 alia
1342 2000 1414 2053 ita
1458 1999 1587 2054 dicit
1611 2016 1625 2053 :
1672 1998 1774 2065 Qui

182 2105 473 2168 postquam
504 2095 559 2149 in
581 2094 869 2162 collegium
900 2092 1147 2148 recidens
1178 2093 1481 2163 pravitatis,
1506 2090 1629 2160 jure
1657 2105 1775 2145 me-

184 2189 290 2243 ruit
316 2189 384 2242 ab
407 2187 705 2257 apostolica
728 2184 1108 2241 communione
1136 2184 1363 2252 secludi,
1394 2184 1447 2238 in
1473 2184 1575 2239 bac
1594 2191 1777 2240 autem

186 2277 483 2349 persistens
523 2274 872 2329 damnatione
901 2271 1188 2328 defunctus
1224 2279 1326 2336 est,
1358 2270 1775 2336 absolutionem,

187 2381 344 2438 quam
383 2372 661 2437 superstes
708 2378 815 2417 nec
869 2361 1115 2432 qumsivit
1140 2362 1384 2426 omnino,
1432 2375 1533 2414 nec
1560 2360 1773 2425 meruit,

188 2464 434 2511 mortuus
467 2455 583 2524 jam
615 2469 723 2508 non
752 2461 934 2523 potest
961 2453 1269 2523 impetrare.
1322 2450 1598 2520 Siquidem
1650 2449 1778 2520 ipsis

187 2543 449 2617 apostolis
476 2542 677 2598 Christi
708 2557 844 2597 voce
866 2540 1169 2610 delegatum
1200 2547 1311 2595 est:
1343 2538 1472 2604 Qua:
1496 2540 1778 2610 ligaveritis

188 2654 345 2709 super
366 2649 581 2701 terram,
612 2645 661 2689 et
691 2650 806 2706 qua:
831 2632 1084 2688 solvet-itis
1126 2649 1281 2704 super
1324 2640 1516 2687 terram
1563 2630 1775 2702 (Matth.

190 2728 367 2797 xvm).
398 2726 672 2782 Caeterum
699 2725 814 2795 jam
837 2724 904 2780 de
932 2739 998 2780 eo
1022 2725 1113 2794 qui
1138 2724 1191 2778 in
1222 2723 1406 2779 divino
1454 2729 1538 2778 est
1577 2721 1781 2791 judicio

191 2817 519 2872 constitutus
540 2814 697 2870 nobis
724 2813 806 2869 fas
834 2812 977 2867 aliud
1005 2813 1299 2868 decernere
1322 2827 1431 2868 non
1461 2820 1564 2877 est,
1590 2819 1783 2882 praeter

194 2906 247 2962 id
269 2908 323 2962 in
352 2922 463 2976 quo
493 2922 617 2961 eum
646 2904 766 2960 dies
793 2918 1075 2974 supremus
1096 2903 1319 2958 invenit.

267 3007 291 3033 ι
320 2995 458 3051 [tem
486 3002 817 3051 memoratus
842 2994 1016 3049 beatae
1039 2992 1427 3050 recordationis
1457 3006 1594 3063 papa
1621 2990 1783 3048 Cela-

196 3085 309 3141 sius
337 3085 390 3139 in
420 3084 590 3153 gestis
611 3081 637 3122 δ
668 3080 1016 3153 synodalibus
1039 3080 1108 3136 de
1154 3080 1344 3135 Miseni
1394 3080 1631 3150 episcopi
1678 3080 1784 3133 Cu-

1878 1904 1930 1959 in
1956 1920 2087 1974 pace
2109 1905 2474 1961 ecclesiastica
2495 1906 2868 1963 defunctorum
2882 1923 3167 1965 servavere
3176 1923 3453 1980 personas,

1877 1994 2123 2063 idemque
2152 1994 2467 2064 regulariter
2487 1997 2798 2067 apostolica!
2824 1998 2967 2054 sedis
2992 2013 3120 2068 quae
3137 2013 3297 2070 supra
3315 1997 3457 2054 dixi-

1879 2098 1997 2137 mus
2027 2081 2287 2138 definiunt
2314 2087 2605 2141 constituta
2630 2105 2644 2141 :
2669 2087 2808 2142 Nulli
2839 2089 3003 2144 licere
3028 2089 3239 2144 naviter
3256 2088 3458 2160 alquid

1879 2172 1948 2228 de
1994 2182 2325 2229 mortuorum
2350 2174 2595 2244 judicare
2644 2178 2888 2248 personis
2914 2196 2928 2232 :
2959 2179 3054 2234 sed
3086 2180 3139 2234 in
3168 2180 3274 2236 hoc
3296 2180 3461 2235 relin-

1877 2262 1990 2330 qui,
2014 2263 2067 2317 in
2096 2278 2204 2333 quo
2234 2280 2669 2336 unumquemque
2697 2268 2813 2324 dies
2842 2284 3126 2341 supremus
3152 2270 3374 2335 invenit,
3396 2277 3455 2325 et

1877 2353 2182 2423 specialiter
2209 2353 2279 2409 de
2328 2353 2597 2411 Theodori
2626 2356 2988 2429 Mopsuesteni
3041 2360 3277 2427 nomine,
3327 2360 3458 2430 quid

1877 2445 2047 2500 sancti
2069 2444 2256 2501 Patres
2279 2447 2450 2502 nostri
2478 2447 2861 2518 disposuerint,
2892 2451 3139 2522 superius
3179 2452 3460 2508 evidenter

1879 2552 2191 2608 expressum
2220 2546 2305 2595 est
2335 2557 2348 2594 :
2381 2554 2505 2596 eum
2543 2550 2727 2596 nostra
2770 2557 2879 2597 non
2922 2543 3180 2600 audemus
3204 2543 3461 2601 damnare

1879 2628 2168 2698 sententia,
2194 2630 2289 2684 sed
2319 2644 2422 2685 nec
2447 2630 2515 2684 ab
2543 2630 2652 2686 alio
2676 2631 2928 2702 quopiam
2952 2632 3299 2688 condemnari
3323 2647 3458 2688 con-

1880 2719 2117 2775 cedimus
2141 2737 2157 2775 :
2189 2719 2330 2775 absit
2375 2728 2555 2776 tamen
2591 2728 2649 2776 ut
2676 2723 3038 2793 suprascripta
3067 2722 3301 2793 capitula
3326 2723 3463 2794 dog-

1880 2820 2103 2876 matum,
2132 2827 2253 2883 quae
2271 2812 2566 2869 secundum
2605 2813 2878 2883 subjectos
2930 2813 3299 2883 intelligentia:
3336 2828 3462 2870 sen-

1878 2914 1973 2958 sus
1999 2915 2032 2954 a
2059 2900 2217 2957 nobis
2241 2908 2458 2958 constat
2510 2916 2633 2958 esse
2681 2902 2958 2968 damnata,
2996 2903 3082 2958 vel
3128 2917 3466 2973 quaecunque

1881 2991 2024 3047 dicta
2051 2991 2338 3061 cujuslibet
2384 2993 2500 3049 sine
2543 2995 2760 3049 nomine
2787 3002 3110 3063 praenotata,
3140 2994 3464 3064 evangelicis

1882 3090 2062 3137 tamen
2085 3094 2141 3137 et
2168 3083 2499 3153 apostolicis,
2528 3098 2594 3139 ac
2614 3093 2847 3154 quatuor
2898 3086 3269 3156 synodorum,-
3294 3084 3468 3140 Niem-

198 3174 345 3230 mani
385 3172 735 3247 absolutione
788 3170 1065 3235 confectis,
1113 3171 1217 3226 hoc
1241 3170 1520 3226 evidenter
1545 3170 1779 3235 edocuit,
1812 3208 1857 3270 Ο
1887 3187 1988 3237 nm,
2046 3171 2678 3242 Constantinopolitanae,
2724 3172 3009 3243 Ephesium
3053 3174 3260 3243 primae,
3303 3184 3467 3245 atque

201 3265 426 3320 dicens:
458 3262 652 3317 Totum
675 3261 825 3330 quod
850 3276 1011 3331 supra
1039 3258 1307 3316 facultatis
1352 3268 1440 3316 est
1489 3260 1783 3326 modulum,

204 3354 386 3411 divino
410 3353 612 3422 judicio
641 3352 1050 3421 relinquamus:
1082 3367 1189 3407 non
1217 3361 1399 3407 autem
1429 3351 1584 3406 nobis
1628 3358 1786 3420 pote-

203 3450 330 3499 runt
347 3443 634 3513 imputare,
667 3455 765 3496 cur
785 3439 1241 3510 pmvaricationis
1265 3440 1521 3495 offensam
1563 3439 1790 3495 viventi-

206 3537 303 3592 bus
329 3535 701 3601 remittamus;
733 3532 876 3602 quod
900 3531 1169 3596 Ecclesiae,
1198 3531 1312 3588 Deo
1341 3532 1619 3601 largiente,
1658 3546 1789 3601 pos-

207 3628 358 3683 sibile
388 3632 479 3683 est
504 3643 517 3678 :
554 3639 657 3679 nec
685 3638 785 3678 nos
800 3625 911 3692 jam
940 3622 1165 3677 mortuis
1190 3622 1400 3675 veniam
1424 3629 1678 3690 praestare
1697 3620 1793 3673 dc-

206 3725 433 3789 poscant
461 3734 475 3767 :
507 3713 651 3783 quod
682 3712 837 3768 nobis
884 3726 992 3767 non
1024 3725 1141 3766 esse
1169 3710 1423 3781 possibile
1454 3707 1791 3762 manifestum

131 3875 135 3879 ν
210 3815 318 3873 est;
347 3805 476 3875 quia
504 3819 629 3860 cum
652 3803 855 3857 dictum
878 3801 947 3856 sit
972 3819 986 3855 :
1021 3798 1150 3865 Qua:
1170 3800 1447 3872 ligaverilis
1468 3807 1516 3853 et
1543 3799 1794 3853 salveritis

211 3915 365 3969 super
397 3906 615 3959 terram,
642 3894 766 3962 hos,
795 3908 931 3962 quos
958 3907 1118 3964 super
1146 3900 1342 3945 terram
1369 3889 1479 3959 jam
1526 3905 1632 3945 non
1680 3903 1798 3943 esse

212 3995 448 4050 constat,
484 4001 595 4039 non
622 3982 993 4052 humano,scd
1018 3997 1116 4037 suo
1146 3980 1507 4048 Deusjudicio
1558 3994 1799 4033 reserva-

212 4076 325 4130 vit:
353 4090 461 4129 nec
490 4072 658 4128 audet
678 4071 914 4127 Ecclesia
945 4071 1160 4127 sibimet
1186 4069 1478 4134 vindicare,
1504 4068 1644 4139 quod
1672 4067 1802 4138 ipsis

216 4165 482 4239 apostolis
509 4162 777 4232 conspicit
806 4177 915 4217 non
937 4161 1098 4216 fuisse
1125 4175 1441 4217 concessum
1466 4177 1479 4213 :
1526 4159 1652 4228 quia
1699 4158 1802 4212 alia

218 4267 298 4314 est
321 4272 488 4313 causa
517 4254 887 4326 superstitum,
912 4254 1014 4308 alia
1057 4251 1449 4308 defunctorum.
1508 4249 1659 4307 Hanc
1704 4265 1804 4303 au-

221 4356 328 4405 tem
356 4348 603 4418 regulam
630 4347 768 4403 etin
806 4354 1116 4402 sanctorum
1160 4343 1382 4399 Joannis
1426 4341 1807 4398 Constantino-

223 4442 452 4516 politani
478 4440 735 4512 episcOpi,
761 4455 919 4511 quem
946 4439 1385 4510 Chrysostomum
1405 4442 1622 4501 vocant,
1645 4442 1807 4504 atque

1886 3261 2356 3329 Chalcedonensis,
2384 3270 2439 3317 et
2466 3263 2776 3333 apostolica:
2803 3263 2947 3319 sedis
2976 3279 3085 3318 non
3113 3264 3464 3333 congruentia

1887 3369 2234 3425 consonaque
2282 3355 2565 3421 doctrinis,
2619 3370 2729 3410 non
2776 3354 2952 3411 solum
3000 3369 3181 3420 sensu,
3231 3353 3327 3410 sed
3382 3354 3469 3410 vel

1887 3445 2049 3501 etiam
2076 3460 2207 3500 aure
2234 3445 2500 3516 patiamur
2527 3444 2831 3500 admittere.

1964 3535 2040 3592 De
2062 3535 2281 3607 scriptis
2303 3551 2432 3592 vero
2454 3551 2574 3606 quae
2602 3536 2701 3591 sub
2728 3535 2830 3591 viri
2851 3535 3173 3592 venerabilis
3222 3533 3472 3590 Theodo-

1895 3628 2000 3684 reti
2021 3627 2292 3697 quondam
2321 3627 2559 3698 episcopi
2586 3627 2804 3682 nomine
2832 3625 3195 3697 proferuntur,
3216 3624 3475 3680 miramur

1895 3718 2148 3787 primum,
2174 3731 2272 3771 cur
2299 3731 2522 3772 necesse
2549 3717 2620 3771 sit
2645 3715 2761 3785 ejus
2810 3716 3104 3772 sacerdotis
3150 3716 3368 3771 nomine
3414 3716 3468 3770 in

1894 3805 2338 3861 obtrectationem
2368 3804 2656 3875 quidquam
2678 3804 2962 3873 cujuslibet
2989 3802 3165 3859 studio
3189 3802 3474 3858 devocari:

1894 3893 1987 3966 qui
2016 3901 2139 3947 ante
2166 3899 2381 3946 centum
2401 3900 2457 3946 et
2482 3892 2710 3962 amplius
2726 3907 2896 3947 annos
2920 3893 2975 3947 in
3002 3902 3204 3947 sanctae
3227 3908 3292 3948 ac
3310 3907 3477 3950 vene-

1894 3984 2076 4040 randa:
2103 3981 2559 4038 Chalcedonensis
2587 3982 2777 4053 synodi
2800 3981 3003 4052 judicio
3026 3984 3349 4039 constitutus
3363 3983 3480 4040 sine

1898 4076 2075 4144 aliqua
2120 4072 2463 4128 cunctatione
2510 4073 2843 4143 subscripsit,
2894 4079 2951 4128 et
2995 4072 3289 4127 beatissimi
3328 4089 3480 4144 papa:

1899 4166 2095 4222 Leonis
2122 4165 2363 4237 epistolis
2383 4180 2551 4236 prona
2598 4165 2883 4221 devotione
2934 4165 3226 4222 consensit.
3277 4166 3479 4223 Dehinc

1901 4275 2021 4316 cum
2051 4259 2346 4314 existerent
2376 4267 2506 4313 tunc
2552 4257 2841 4314 Dioscorus
2868 4265 2924 4312 et
2947 4256 3185 4329 Egyptii
3222 4258 3479 4329 episcopi,

1902 4349 1994 4421 qui
2021 4365 2143 4404 eum
2172 4347 2412 4403 dicerent
2434 4357 2677 4404 sanctum
2702 4347 2958 4421 Cyrillum
2980 4348 3481 4416 anathematizasse,

1905 4449 1960 4496 et
1987 4440 2232 4495 eumdem
2260 4438 2662 4494 Theodoretum
2704 4440 2865 4495 etiam
2891 4441 3202 4496 haereticum
3234 4456 3374 4510 esse,
3407 4449 3487 4496 ta-

222 4534 467 4591 Flaviani
508 4532 661 4602 ejusd
696 4547 747 4586 m
777 4532 1011 4587 civitatis
1036 4529 1294 4600 episcopi,
1326 4526 1633 4584 veneranda
1688 4539 1804 4579 me-
1839 4570 1883 4625 υ
1906 4546 2029 4585 men
2079 4530 2246 4585 sancti
2300 4528 2483 4583 Patres
2513 4530 2677 4585 nostri
2704 4519 2818 4585 haec
2846 4530 3142 4597 audientes,
3194 4531 3488 4600 diligentis-

221 4627 393 4682 moria
415 4631 630 4680 constat
658 4638 777 4678 esse
795 4632 1088 4690 servatam,
1109 4620 1199 4690 qui
1248 4620 1373 4676 licet
1398 4619 1664 4674 violenter
1712 4631 1808 4671 ex-

220 4716 358 4770 clusi
385 4721 535 4779 sunt,
576 4728 682 4767 non
711 4720 889 4766 tamen
920 4726 1019 4781 pro
1049 4709 1314 4764 damnatis
1340 4714 1464 4762 sunt
1510 4705 1694 4771 habiti,
1741 4719 1808 4761 eo

219 4805 370 4875 quod
396 4817 614 4872 semper
659 4801 967 4856 inviolatam
999 4815 1187 4856 eorum
1215 4798 1648 4855 communionem
1699 4794 1809 4850 Ro-

221 4896 372 4953 mani
402 4891 690 4964 pontifices
713 4899 1083 4960 servaverunt,
1115 4906 1216 4947 nec
1257 4890 1496 4947 abscindi
1525 4890 1593 4945 ab
1623 4888 1811 4945 Eccle-

223 4988 303 5043 sia
331 4986 439 5042 dici
470 4991 764 5056 potuerunt
788 4984 873 5040 vel
895 4990 1167 5053 poterunt,
1199 4997 1336 5051 quos
1374 4981 1475 5036 sibi
1499 4981 1809 5037 inconvulse

224 5078 406 5134 unitos
434 5076 730 5146 apostolica
755 5075 1009 5146 judicavit
1037 5075 1349 5141 auctoritas.

295 5166 355 5222 in
384 5164 792 5223 Euscbiietiam
837 5174 1196 5233 cognomento
1248 5163 1510 5235 Pamphili
1562 5161 1808 5219 Historia:

229 5257 368 5315 libro
394 5255 626 5326 septimo
651 5253 866 5322 legitur,
896 5252 1207 5324 Dionysium
1261 5253 1634 5308 Alexandrinae
1680 5252 1812 5308 civi-

229 5345 356 5401 tatis
392 5345 733 5414 episcopum,
775 5343 865 5411 qui
912 5342 1071 5411 longe
1118 5352 1245 5398 ante
1292 5342 1487 5409 fuerat,
1519 5344 1586 5398 de
1606 5343 1811 5414 Nepote

230 5437 466 5509 quodam
490 5436 753 5506 episcopo
774 5434 993 5506 Egypti
1016 5436 1088 5489 ita
1111 5435 1299 5491 fecisse
1325 5453 1338 5489 :
1363 5436 1450 5490 hic
1470 5435 1610 5490 enim
1636 5436 1813 5506 Nepos

229 5528 519 5598 episcopus
544 5525 614 5580 de
635 5524 782 5579 mille
810 5526 982 5588 annis,
1010 5525 1203 5593 quibus
1233 5533 1355 5594 post
1379 5525 1602 5595 primam
1631 5541 1813 5580 resur-

230 5618 528 5675 rectionem
556 5602 779 5670 sanctos
796 5628 921 5669 cum
941 5613 1155 5670 Christo
1176 5621 1496 5682 regnaturos
1519 5628 1637 5669 esse
1680 5614 1812 5670 bea-

310 5806 337 5838 ⁸
367 5797 502 5856 Vide
531 5805 587 5854 et
612 5791 861 5852 Facund.
881 5790 972 5847 lib.
996 5800 1184 5847 contra
1210 5788 1435 5846 Mocian.

1913 4620 2048 4677 sime
2076 4619 2268 4675 eodem
2318 4617 2659 4676 Theodoreto
2706 4620 2932 4692 posthac
2959 4622 3354 4679 examinatione
3381 4623 3492 4679 dis-

1912 4726 2090 4777 cusso,
2133 4718 2187 4765 et
2239 4718 2503 4781 praesente
2548 4726 2578 4764 a
2626 4711 2980 4781 praesentibus
3028 4711 3306 4781 inquisito,
3356 4711 3490 4767 nihil

1913 4801 2056 4856 aliud
2082 4799 2149 4854 ab
2177 4814 2244 4854 eo
2273 4800 2514 4869 exegisse
2537 4809 2852 4868 noscuntur,
2882 4802 2985 4857 nisi
3008 4810 3067 4857 ut
3094 4802 3273 4857 statim
3294 4801 3489 4858 Nesto-

1911 4893 2048 4949 rium
2080 4891 2301 4962 ejusque
2329 4891 2490 4962 impia
2520 4892 2771 4961 dogmata
2801 4894 3279 4950 anathematizaret
3329 4902 3492 4963 atque

1911 4984 2211 5051 damnaret,
2243 4985 2347 5038 hoc
2374 4983 2473 5039 sibi
2502 4984 2872 5040 tantummodo
2899 4985 3145 5041 sufficere
3166 4985 3491 5056 judicantes,

1911 5073 2055 5146 quod
2077 5074 2167 5129 ille
2188 5088 2370 5130 coram
2394 5073 2646 5129 universo
2674 5075 2901 5131 concilio
2932 5075 3153 5143 faciens,
3182 5075 3489 5132 Nestorium

1916 5179 2040 5220 cum
2064 5162 2403 5233 dogmatibus
2424 5164 2555 5231 suis,
2566 5165 2831 5221 universis
2860 5164 3106 5221 Patribus
3133 5165 3491 5231 audientibus,

1913 5256 2065 5312 clara
2078 5270 2212 5311 voce
2232 5254 2522 5311 damnavit.
2554 5255 2631 5312 Ex
2660 5272 2768 5326 quo
2796 5258 3071 5315 evidenter
3096 5266 3338 5330 apparet,
3365 5259 3493 5328 quia

1916 5344 2171 5415 quidquid
2192 5345 2261 5400 sit
2280 5345 2364 5399 vel
2385 5343 2548 5401 fuerit
2563 5347 2661 5402 sub
2682 5347 2964 5415 cujuslibet
2973 5348 3238 5418 prolatum
3251 5349 3490 5416 nomine,

1917 5437 2060 5508 quod
2085 5437 2235 5507 impii
2255 5436 2483 5492 Nestorii
2515 5437 2755 5492 videatur
2781 5440 3110 5495 concordare
3136 5439 3494 5508 dogmatibus,

1912 5527 2019 5582 hoc
2067 5535 2192 5582 tunc
2237 5526 2290 5580 in
2340 5526 2432 5581 illo
2485 5535 2674 5583 sancto
2720 5527 2950 5583 concilio
2993 5544 3025 5583 a
3055 5529 3169 5585 viro
3203 5528 3493 5584 venerabili

1916 5615 2259 5673 Theodorcto
2282 5616 2442 5671 fuerit
2467 5618 2584 5674 sine
2612 5618 2945 5674 dubitatione
2964 5618 3310 5675 damnatum:
3342 5626 3397 5674 et
3423 5618 3495 5673 sit

1992 5787 2021 5830 δ
2056 5787 2135 5846 Ex
2164 5787 2368 5847 Concil.
2404 5789 2561 5848 Rom.
2603 5792 2702 5849 sub
2747 5792 2962 5851 Gelasio
3008 5808 3097 5848 an.
3145 5790 3268 5847 ωε.
3317 5790 3490 5847 llas».
