3986 6356
513 345 614 401 105

1887 323 2111 383 VlGiLll
2153 321 2376 380 ΡΛΡᾹΞ.

3696 325 3807 378 104

511 455 663 512 valde
691 452 1042 516 contrarium,
1085 458 1141 505 et
1167 447 1620 505 Chalcedonensis
1662 446 1853 518 synodi
1895 443 2098 514 judicio
2128 447 2174 502 Α
2203 455 2302 511 per
2331 439 2470 494 hanc
2495 437 2818 494 sententiam
2843 451 2872 490 a
2899 436 3053 493 nobis
3081 435 3346 508 prolatam
3389 451 3423 492 a
3471 449 3657 494 sancta
3698 432 3806 494 Dei

509 545 930 602 indubitabiliter
969 542 1266 609 inimicum,
1314 540 1564 610 quasdam
1615 537 1933 593 Nestoriana
1962 533 2098 602 dog-

457 662 470 668 -
505 645 650 692 mata
691 647 833 688 nunc
870 632 969 686 sub
999 631 1115 700 ejus
1141 630 1440 686 sacerdotis
1461 629 1687 684 nomine
1714 626 2097 692 condemnari,

503 730 594 799 qui
623 744 744 782 cum
772 726 972 781 sanctis
995 724 1240 780 Patribus
1269 723 1515 779 eumdem
1539 722 1764 792 impium
1792 719 2099 775 Nestorium

504 826 562 873 et
604 817 958 872 exsecrabilia
1006 815 1124 884 ejus
1169 815 1421 882 dogmata
1471 813 1632 880 (sicut
1667 807 1924 880 diximus)
1973 817 2102 864 tunc

503 908 841 976 apertissime
885 905 1374 960 anathematizavit.
1425 901 1566 968 Quid
1613 901 1754 956 enim
1801 899 1947 954 aliud
1993 905 2096 963 est,

503 999 798 1054 mendaces
813 1007 906 1052 aut
925 997 1242 1052 simulantes
1261 995 1648 1065 professionem
1675 999 1838 1046 recup
1855 990 1976 1044 fidei
1998 987 2102 1044 Pa-

505 1099 618 1144 tres
639 1089 694 1143 in
713 1099 899 1142 sancta
921 1085 1343 1141 Cbaicedonensi
1363 1083 1576 1154 synodo
1595 1083 1892 1136 residentes
1916 1091 2102 1136 osten-

503 1181 652 1240 dere,
701 1194 864 1248 quam
915 1178 1096 1231 dicere
1141 1176 1352 1244 aliquos
1389 1191 1452 1228 ex
1503 1175 1582 1228 eis
1625 1173 1818 1228 similia
1860 1173 2102 1243 sapuisse

502 1269 782 1333 Nestorio,
813 1283 1042 1337 quorum
1081 1267 1286 1336 judicio
1328 1266 1512 1320 videas
1540 1265 1849 1320 Nestorium
1877 1263 2102 1333 ejusque

502 1359 753 1427 dogmata
783 1359 946 1412 fuisse
968 1355 1257 1411 damnata?

573 1450 685 1504 Nec
728 1449 856 1503 illud
884 1449 1252 1503 arhitrandum
1281 1456 1392 1513 est,
1435 1449 1559 1518 quia
1589 1456 1790 1504 sanctae
1827 1448 2102 1504 memoria:

503 1539 687 1611 Cyrilli
729 1541 939 1610 injuriis
967 1557 1065 1612 per
1085 1541 1368 1597 duodecim
1393 1541 1756 1612 capitulorum
1775 1539 1891 1610 ejus
1915 1555 2103 1610 repre-

502 1630 814 1684 hensionem
845 1647 874 1685 a
906 1633 1022 1686 viro
1049 1631 1342 1685 venerabili
1373 1629 1720 1684 Theodoreto
1751 1631 1834 1700 (ut
1858 1629 2100 1699 putatur)

504 1721 712 1788 ingesta
761 1720 1053 1775 beatissimi
1105 1720 1292 1776 Patres
1339 1721 1508 1776 nostri
1557 1721 1608 1774 in
1655 1729 1838 1775 sancta
1890 1721 2102 1792 synodo

2204 531 2448 589 Ecclesia
2501 530 2801 601 apostolica
2856 530 3181 586 auctoritate
3235 529 3540 588 inveniatur
3604 531 3812 588 exclu-

2203 640 2342 679 sum.

2273 715 2316 770 l.
2369 712 2576 770 Rursus
2618 722 2799 769 tamen
2846 715 2952 769 hoc
2997 711 3311 784 specialiter
3337 715 3568 772 dicimus
3599 735 3614 770 τ
3647 725 3708 771 ιιι
3756 717 3808 772 si

2201 807 2354 876 quis,
2388 813 2600 860 servata
2641 805 3151 860 inconvertibili'tate
3187 817 3394 860 natum
3433 806 3654 872 divimc‘,
3686 823 3805 864 non

2201 897 2490 953 confitetur
2515 897 2752 952 Verbum
2781 911 2997 952 carnem
3029 895 3228 952 factum
3251 937 3265 962 ,
3307 906 3363 952 et
3403 913 3470 952 ex
3517 899 3630 970 ipsa
3659 915 3805 955 con-

2203 992 2456 1061 ceptione
2501 991 2569 1046 de
2613 998 2768 1046 utero
2797 991 3031 1059 Virginis
3056 991 3305 1047 humana:
3347 1003 3552 1048 natum
3580 995 3682 1050 sibi
3713 1011 3808 1049 sc-

2204 1081 2437 1136 cundum
2459 1081 2860 1135 subsistentiam
2890 1082 3070 1136 unisse
3096 1082 3382 1153 principia,
3419 1083 3514 1139 sed
3541 1093 3805 1155 tanquam

2204 1188 2325 1228 cum
2357 1172 2608 1228 existenti
2637 1171 2746 1238 jam
2788 1172 3008 1226 homine
3055 1171 3213 1227 fuerit
3241 1173 3382 1228 Deus
3410 1174 3644 1230 Verbum
3673 1195 3686 1240 ;
3745 1187 3810 1232 ut

2203 1277 2304 1334 per
2349 1263 2454 1318 hoc
2502 1279 2608 1317 non
2652 1272 2840 1317 sancta
2873 1263 3033 1331 Virgo
3084 1279 3210 1319 vere
3255 1265 3351 1320 Dei
3395 1267 3623 1334 genitrix
3679 1285 3808 1325 esse

2205 1353 2487 1421 credatur;
2527 1353 2621 1408 sed
2650 1355 2816 1408 verbo
2847 1361 3004 1408 tcnus
3032 1355 3362 1424 appelletur,
3395 1359 3679 1413 anathema
3707 1360 3804 1416 sit.

2275 1445 2339 1499 ll.
2371 1443 2428 1499 Si
2457 1444 2578 1514 quis
2607 1444 2902 1498 secundum
2927 1445 3327 1500 subsistentiam
3351 1448 3612 1503 unitatem
3641 1459 3812 1505 natu-

2203 1549 2386 1590 rarum
2427 1535 2480 1589 in
2507 1534 2724 1590 Christo
2753 1534 2951 1589 factam
2976 1535 3239 1606 denegat,
3271 1539 3365 1592 sed
3407 1554 3651 1595 seorsum
3684 1542 3812 1595 exi-

2203 1628 2366 1682 stenti
2393 1627 2598 1682 homini
2627 1634 2881 1698 tanquam
2909 1627 2997 1682 uni
3021 1628 3288 1698 justorum
3311 1631 3611 1688 inhabitare
3631 1635 3808 1689 Deum

2205 1716 2462 1783 Verbum,
2496 1725 2552 1772 et
2580 1732 2686 1772 non
2717 1719 2788 1772 ita
2813 1717 3134 1774 confiteatur
3163 1728 3473 1777 naturarum
3501 1725 3807 1780 secundum

503 1808 928 1865 Chalcedonensi
952 1811 1306 1878 neglexerint,
1333 1811 1426 1865 sed
1457 1819 1549 1864 aut
1577 1811 1656 1878 (ut
1683 1819 1812 1880 pote
1840 1813 2002 1866 rebus
2030 1811 2099 1866 de
2131 1813 2178 1873 B
2204 1809 2604 1864 subsistentiam
2653 1811 2943 1872 unitatem,
2991 1817 3048 1864 ut
3097 1810 3240 1866 Deus
3285 1811 3517 1867 Verbum
3547 1831 3668 1869 cum
3710 1831 3810 1870 as-

502 1903 752 1971 proximo
777 1903 941 1970 gestis
980 1911 1168 1957 cuncta
1201 1917 1309 1972 pne
1337 1904 1506 1958 oculis
1529 1903 1812 1975 habentes)
1843 1903 2101 1959 Theodo-

502 2000 679 2047 retum
719 1993 850 2046 nihil
877 1994 983 2048 tale
1012 1994 1202 2048 fecisse
1232 1996 1615 2064 probaverunt,
1674 2004 1766 2050 aut
1795 1997 2098 2066 exemplum

503 2084 672 2154 ipsius
697 2094 899 2140 sanctas
947 2087 1219 2140 memoria:
1247 2085 1434 2158 Cyrilli
1460 2086 1840 2155 judicaverunt
1867 2103 1986 2143 esse
2011 2103 2101 2143 se-

503 2174 800 2244 quendum,
853 2176 944 2244 qui
994 2185 1117 2244 post
1155 2177 1321 2230 multa
1369 2186 1424 2230 et
1470 2177 1648 2246 gravia
1697 2184 1884 2232 contra
1931 2191 1991 2232 se
2037 2177 2104 2230 ab

501 2261 864 2320 Orientalibus
905 2265 1046 2334 apud
1088 2264 1354 2335 Ephesum
1399 2268 1602 2337 scripto
1647 2274 1827 2336 gesta,
1859 2275 2105 2337 tempore

499 2370 608 2425 quo
657 2373 779 2411 cum
823 2357 953 2426 ipsis
981 2357 1036 2411 in
1064 2357 1408 2412 concordiam
1440 2360 1730 2427 remeavit,
1763 2365 2020 2426 tanquam
2059 2357 2106 2412 si

501 2457 621 2504 acta
652 2465 760 2503 non
805 2447 1068 2514 fuissent,
1121 2450 1271 2520 pacis
1299 2465 1502 2513 amore,
1535 2449 1750 2504 silentio
1781 2449 2104 2518 dereliquit;

501 2547 562 2593 ut
607 2540 856 2608 impleret
899 2542 1086 2610 utique
1139 2541 1266 2595 illud
1305 2542 1663 2611 apostolicum
1715 2541 1948 2606 dictum,
1995 2557 2104 2610 quo

501 2628 791 2683 Corinthiis
817 2629 1022 2694 scribit,
1052 2631 1235 2686 dicens
1263 2649 1275 2684 :
1307 2631 1402 2684 Cui
1431 2633 1568 2686 enim
1610 2632 1806 2705 aiiquid
1847 2633 2104 2703 donastis,

501 2729 550 2772 ct
570 2736 664 2790 ego
686 2719 772 2792 (11
804 2719 926 2774 Cor.
957 2720 1040 2789 ιι).
1074 2720 1208 2774 Nam
1228 2730 1282 2775 et
1303 2721 1434 2775 illud
1462 2731 1648 2777 sancta
1678 2723 1914 2794 synodus
1941 2721 2106 2778 Chal-

501 2810 821 2865 cedonensis
850 2811 1146 2866 intendisse
1176 2812 1444 2867 credenda
1473 2821 1576 2878 est,
1607 2813 1730 2883 quia
1755 2813 1878 2869 dum
1901 2814 2106 2871 doctri-

503 2917 628 2956 nam
659 2903 833 2958 sancti
855 2900 1038 2974 Cyrilli
1068 2917 1133 2957 ex
1164 2904 1407 2973 epistolis
1435 2905 1550 2973 ejus
1581 2906 1644 2960 in‘
1663 2905 1854 2961 eadem
1896 2907 2105 2980 synodo

501 2995 760 3049 reseratis
783 3001 954 3064 atque
982 2995 1216 3065 receptis
1255 3004 1588 3052 memoratus
1611 2997 1894 3068 episcopus
1923 2997 2104 3055 Theo»

502 3085 821 3141 doretus-ita
861 3087 1057 3142 devota
1087 3096 1270 3143 mente
1299 3089 1568 3160 suscepit,
1602 3099 1663 3144 ut
1690 3090 1950 3146 doctrina:
1971 3107 2108 3162 quo-

2207 1907 2419 1970 sumpta
2450 1913 2612 1954 carne
2641 1915 2747 1953 una
2794 1899 3148 1970 perma‘nserit
3177 1914 3598 1972 pcrmanca'que
3626 1904 3812 1959 subsi-

2207 1989 2404 2044 stentia
2434 1991 2548 2045 sive
2577 2005 2828 2061 persona,
2859 1990 3145 2044 anathema
3175 1993 3260 2045 sit.

2279 2079 2365 2133 Ill.
2399 2077 2456 2134 Si
2485 2081 2606 2150 quis
2635 2097 2798 2136 voces
2827 2083 3164 2150 evangelicas
3184 2085 3579 2153 etapostolicas
3610 2086 3661 2140 in
3693 2104 3810 2143 uno

2207 2171 2422 2224 Christo
2454 2171 2527 2224 ita
2559 2171 2779 2236 dividit,
2810 2181 2869 2227 ut
2897 2174 3059 2228 etiam
3100 2185 3410 2229 naturarum
3443 2175 3495 2230 in
3528 2177 3645 2248 ipso
3678 2179 3810 2235 uni-

2209 2269 2382 2315 tarum
2413 2261 2731 2315 divisionem
2754 2261 3080 2332 introducat,
3114 2264 3396 2320 anathema
3425 2266 3512 2320 sit.

2279 2350 2366 2405 iV.
2413 2351 2470 2406 Si
2501 2352 2620 2421 quis
2646 2368 2811 2406 unum
2854 2351 3034 2408 Jesum
3078 2354 3349 2409 Christum
3377 2372 3564 2412 verum
3605 2356 3698 2414 Dei
3753 2369 3813 2414 et

2211 2443 2460 2498 eumdem
2519 2443 2692 2514 ipsum
2740 2459 2927 2499 verum
2983 2446 3216 2501 hominis
3264 2447 3454 2503 Filium
3499 2449 3812 2507 futurorum

2213 2531 2574 2600 ignorantiam
2616 2543 2708 2588 aut
2731 2534 2836 2589 dici
2863 2535 3034 2590 ultimi
3058 2536 3242 2606 judicii
3285 2538 3535 2595 habuisse
3563 2541 3715 2610 dicit,
3753 2552 3814 2598 et

2215 2628 2360 2675 tanta
2399 2623 2538 2677 scire
2584 2625 2861 2694 potuisse,
2907 2635 3106 2694 quanta
3142 2629 3190 2681 ei
3221 2628 3418 2694 deilas,
3453 2631 3602 2699 quasi
3647 2633 3813 2691 alteri

2211 2712 2425 2767 cuidam
2454 2713 2776 2781 inhabitans,
2803 2717 3098 2782 revolabat,
3131 2719 3410 2773 anathema
3437 2721 3523 2775 sit.

2283 2802 2348 2856 V.
2382 2803 2438 2858 Si
2480 2805 2600 2874 quis
2627 2803 2756 2859 illud
2799 2804 3070 2874 Apostoli,
3101 2807 3242 2874 quod
3273 2815 3355 2862 est
3385 2809 3438 2862 in
3470 2807 3704 2878 Epistola
3741 2811 3815 2867 ad

2211 2893 2470 2950 Helmeos
2514 2895 2748 2960 dictum,
2793 2895 2938 2966 quod
2984 2899 3356 2968 experimento
3392 2901 3646 2972 cognovit
3675 2903 3816 2958 obe-

2212 2985 2500 3056 dientiam,
2545 2995 2600 3042 et
2629 3003 2751 3044 cum
2799 2989 3037 3045 clamore
3087 2990 3208 3045 forti
3239 3001 3291 3045 et
3320 2991 3570 3066 lacrymis
3614 3011 3814 3066 preces

2212 3077 2742 3149 supplicationesque
2771 3079 2966 3135 obtulit
2993 3079 3061 3134 ad
3087 3079 3276 3146 Deum,
3305 3085 3397 3154 qui
3426 3085 3630 3140 salvum
3653 3087 3811 3146 illum

500 3195 606 3252 que
637 3179 755 3250 eius
783 3179 851 3235 ad
881 3181 1200 3236 laudandam
1241 3183 1538 3238 beatissimi
1581 3198 1735 3254 papa;
1767 3183 1962 3241 Leonis
1989 3185 2106 3257 ερί-
2133 3165 2180 3226 C
2209 3177 2396 3240 posset
2423 3185 2454 3224 a
2484 3179 2658 3226 morte
2685 3171 2882 3238 facere,
2917 3180 3170 3243 tanquam
3194 3174 3338 3229 nudo
3361 3177 3561 3232 dcitale
3589 3176 3814 3236 Christo

500 3274 694 3329 stolam
727 3275 1048 3330 testimoniis
1075 3283 1338 3344 uteretur,
1370 3276 1582 3331 etiamsi
1623 3277 1677 3330 in
1707 3291 1830 3331 eum
1872 3277 2098 3346 injurias

512 3365 756 3422 intulisse
783 3373 1076 3434 constaret,
1109 3368 1416 3438 plenissime
1454 3369 1779 3426 satisfecisse
1805 3370 2101 3440 videretur,

501 3458 646 3514 illius
691 3459 1074 3513 venerabiliter
1117 3460 1493 3530 amplectendo
1542 3461 1734 3528 ﬁdem,
1788 3460 1942 3531 cujus
1971 3460 2105 3518 falso

503 3549 678 3605 fuerat
707 3551 1008 3621 suspicatus
1037 3566 1297 3606 errorem.
1327 3552 1396 3607 Et
1444 3551 1566 3608 ideo
1617 3569 1717 3608 nos
1767 3569 1868 3609 nec
1899 3554 2102 3624 aliquid

499 3642 651 3697 velut
679 3643 935 3698 omissum
965 3657 995 3696 a
1029 3640 1278 3698 Patrihus
1314 3643 1516 3699 nostris
1556 3659 1800 3714 quaerere
1839 3661 1982 3700 nunc
2012 3653 2105 3701 aut

500 3742 798 3790 retractare
846 3734 1136 3802 convenit;
1168 3743 1222 3788 ct
1249 3749 1345 3789 eos
1371 3735 1568 3804 quibus
1597 3736 1768 3790 sancti
1798 3734 1983 3806 Cyrilli
2014 3751 2104 3791 re-

500 3827 790 3898 prehensio
819 3843 962 3882 nunc
991 3826 1200 3896 placet.
1253 3834 1348 3880 aut
1377 3826 1560 3881 iisdem
1607 3827 1807 3882 sanctis
1853 3826 2104 3883 Patribus

503 3920 700 3976 nostris
726 3920 994 3976 aestimant
1039 3919 1302 3990 placuisse
1326 3957 1340 3984 ,
1391 3918 1564 3976 modis
1591 3919 1844 3977 omnibus
1891 3920 2100 3976 refuta-

501 4027 642 4068 mus.

570 4105 682 4161 Hac
708 4119 839 4174 ergo
866 4119 1049 4159 rerum
1075 4102 1306 4158 veritate
1332 4102 1919 4172 perpensa,statuimus
1940 4109 2106 4172 atque

499 4193 841 4248 decernimus
863 4233 878 4258 ,
912 4191 1045 4245 nihil
1081 4192 1135 4245 in
1167 4189 1416 4260 injuriam
1447 4197 1610 4258 atque
1652 4190 2104 4246 obtrectationem

501 4285 864 4356 probatissimi
915 4284 970 4338 in
1020 4282 1446 4338 Chalcedonensi
1477 4281 1682 4354 synodo
1723 4283 1860 4350 viri,
1889 4282 1992 4339 hoc
2018 4291 2102 4338 est

501 4375 834 4431 Theodoreti
890 4373 1128 4444 episcopi
1181 4370 1345 4443 Cyri.
1397 4371 1498 4426 sub
1549 4372 1822 4426 taxatione
1869 4372 2104 4427 nominis

501 4469 617 4538 ejus
645 4485 673 4521 a
705 4483 976 4538 quoquam
1023 4465 1155 4532 fieri,
1190 4467 1272 4521 vel
1301 4464 1527 4536 proferri
1555 4482 1566 4516 :
1600 4463 1694 4518 sed
1743 4463 2010 4519 custodita
2043 4465 2096 4518 in

2209 3262 2505 3334 deputans,
2537 3265 2628 3334 qui
2659 3265 2933 3320 laboribus
2961 3261 3174 3320 virtu'tis
3201 3267 3468 3336 perfectus
3508 3269 3598 3334 sit,
3641 3278 3700 3324 ut
3739 3287 3815 3329 ex

2209 3354 2313 3408 hoc
2343 3353 2480 3410 duos
2508 3354 2850 3410 introducere
2873 3353 3119 3411 Clu-istos
3162 3357 3245 3411 vel
3285 3356 3420 3414 duos
3450 3357 3588 3413 ﬁlios
3618 3361 3811 3417 videa-

2209 3453 2326 3512 tur,
2359 3454 2414 3500 et
2443 3461 2551 3501 non
2595 3462 2759 3500 unum
2789 3447 3147 3518 eumdemque
3175 3448 3345 3504 credit
3387 3448 3659 3506 Christum
3709 3454 3812 3510 Dei

2208 3543 2264 3589 et
2291 3535 2522 3590 hominis
2552 3535 2742 3590 Filium
2773 3551 2842 3590 ex
2867 3537 3074 3594 duabus
3091 3547 3146 3594 et
3169 3539 3221 3593 in
3253 3538 3464 3597 duabus
3493 3543 3698 3597 naturis
3726 3545 3813 3599 in-

2208 3625 2601 3696 separabilibus
2668 3626 3016 3698 indivisisque
3057 3627 3418 3686 confitendum
3466 3640 3629 3702 atque
3673 3635 3812 3693 ado-

2207 3718 2455 3786 randum,
2489 3719 2773 3775 anathema
2795 3721 2884 3774 sit.

2280 3810 2374 3866 llis
2403 3812 2654 3868 omnibus
2687 3823 2742 3868 et
2768 3813 3077 3884 hujusmodi
3109 3815 3452 3886 blasphemiis
3481 3817 3556 3873 ita
3585 3834 3616 3874 a
3647 3819 3808 3878 nobis

2209 3899 2472 3956 abdicatis
2501 3910 2664 3972 atque
2693 3901 2990 3969 damnatis,
3023 3905 3123 3959 hac
3151 3922 3165 3975 |
3189 3907 3430 3961 mesentis
3457 3909 3808 3967 constitutio-

2209 3990 2292 4045 nis
2317 3990 2670 4061 dispositione
2696 4007 2857 4062 quam
2891 3993 3122 4048 maxime
3151 3995 3519 4064 providemus,
3545 4013 3614 4052 ne
3641 3999 3810 4065 (sicut

2207 4095 2370 4150 supra
2413 4081 2672 4150 diximus)
2721 4083 2990 4152 personis,
3039 4098 3159 4153 qurc
3206 4084 3259 4138 in
3307 4099 3441 4155 pace
3481 4095 3537 4141 et
3562 4103 3810 4144 commu-

2209 4171 2373 4226 nione
2398 4170 2716 4226 universalis
2743 4171 2998 4228 Ecclesiae
3025 4174 3366 4243 quieverunt,
3399 4175 3500 4230 sub
3529 4177 3629 4233 hac
3655 4178 3810 4232 dam-

2210 4263 2320 4317 nati
2369 4279 2400 4318 a
2459 4263 2616 4319 nobis
2665 4265 2902 4334 perversi
2968 4265 3232 4336 dogmatis
3278 4269 3562 4324 occasione
3607 4271 3808 4339 aliquid

2206 4353 2512 4420 derogetur,
2546 4353 2640 4407 sed
2665 4354 3086 4410 exsecrabilibus
3115 4355 3462 4426 dogmatibus
3483 4357 3534 4411 in
3558 4357 3807 4416 Nestor-io

2208 4451 2372 4512 atque
2403 4442 2703 4515 Eutychete
2747 4445 3118 4502 hmresiarchis
3145 4489 3162 4515 ,
3215 4448 3586 4519 universisque
3615 4465 3807 4505 eorum

499 4533 750 4615 omnibus
797 4533 1040 4628 personze
1088 4559 1204 4627 ejus
1233 4533 1531 4612 reverentia
1558 4597 1572 4622 ,
1604 4571 1937 4625 quaecunque
1967 4556 2102 4611 scri-
2133 4545 2177 4602 Ι)
2206 4533 2938 4628 δί’(Ι-υθξίδυδξοῖξδέωηὲιίει
2965 4537 3068 4592 mis
3089 4537 3462 4594 sacerdoubus
3485 4541 3572 4608 qui
3595 4541 3646 4594 i"
3673 4557 3809 4610 Pace

500 4664 590 4722 pta
615 4695 628 4718 ,
671 4651 767 4705 ’νει
817 4651 1064 4718 dogmata
1113 4649 1228 4719 ejus
1277 4650 1565 4716 cujuslibet
1592 4659 1618 4686 ³
1649 4649 1866 4703 nomine
1893 4649 2103 4718 prolata

497 4743 884 4797 sceleratorum
915 4740 1144 4794 Nestorii
1177 4749 1338 4808 atque
1383 4739 1696 4810 Eutychetis
1745 4737 2101 4792 manifestan—

500 4843 587 4886 tur
651 4832 924 4886 erroribus
987 4845 1288 4886 consonare
1352 4829 1876 4884 anathematizamus
1939 4836 2104 4897 atque

497 4922 836 4977 damnamus.
872 4921 1082 4976 Etenim
1115 4923 1245 4975 satis
1270 4921 1471 4985 habet,
1502 4918 1822 4987 abundeque
1855 4916 2105 4976 sufficere

496 5011 685 5079 debet,
727 5013 870 5083 quod
896 5013 1218 5067 damnantcs
1245 5018 1406 5080 atque
1433 5008 1955 5063 anathematizantes
1980 5023 2101 5062 cum

500 5103 670 5159 Paulo
691 5103 1046 5160 Samosateno
1077 5111 1131 5157 et
1162 5101 1374 5156 Bonoso
1401 5099 1727 5163 Nestorium,
1750 5106 1806 5152 et.
1832 5112 1864 5152 e
1885 5097 2101 5152 diverso

496 5213 616 5252 cum
665 5197 950 5253 Valentino
996 5203 1158 5263 atque
1187 5191 1497 5262 Apollinare
1537 5189 1892 5262 Eutychetem
1941 5185 2102 5242 simul

496 5299 552 5342 et
599 5304 812 5344 errores
857 5302 1088 5348 eorum,
1141 5283 1384 5351 aliosque
1421 5280 1712 5335 hmreticos
1759 5293 1948 5333 omnes
1978 5292 2100 5332 cum

496 5381 838 5448 dogmatibus
864 5381 974 5435 suis
993 5419 1008 5444 ,
1051 5377 1174 5432 illos
1203 5389 1418 5446 quoque
1449 5373 1654 5444 pariter
1674 5371 2099 5428 condcmnamus

495 5473 584 5542 qui
617 5486 806 5528 eorum
846 5469 1091 5540 impliciti
1139 5476 1196 5522 et
1241 5463 1666 5520 inemendabiles
1716 5468 2098 5533 permanentes

497 5559 564 5614 de
594 5562 700 5616 vita
729 5558 1008 5630 praesentis
1036 5557 1220 5612 saeculi
1246 5556 1629 5624 migraverunt.
1675 5551 1954 5622 Siquidem
2002 5566 2100 5620 per

498 5651 602 5709 hoc
629 5653 762 5708 nihil
803 5665 1074 5724 perversa:
1112 5649 1370 5703 doctrina:
1397 5646 1773 5714 relinquimus,
1818 5642 1962 5712 quod
1992 5659 2099 5696 non

573 5835 599 5866 ι
626 5824 811 5894 Forte,
834 5824 979 5896 ejus,
1009 5829 1098 5876 aut
1124 5821 1336 5875 alterius
1365 5817 1654 5886 cujuslibet.
1687 5815 2018 5870 “subnixus.

2206 4624 2474 4680 catholica
2527 4622 2778 4681 Ecclesia:
2819 4627 2981 4699 (sicut
3009 4628 3211 4683 dictum
3259 4629 3364 4702 cst)
3402 4642 3528 4686 sunt
3570 4630 3808 4688 defuncti

2207 4716 2352 4770 nulla
2379 4717 2706 4771 contumelia
2734 4725 3020 4787 generetur
3042 4759 3057 4784 ,
3090 4735 3160 4773 ne
3189 4719 3314 4775 inde
3357 4721 3672 4789 iniuriarum
3706 4739 3807 4776 na-

2206 4789 2388 4862 scatur
2407 4809 2644 4874 occasio,
2665 4811 2807 4864 unde
2829 4811 3012 4880 potius
3036 4810 3233 4866 debeat
3253 4821 3562 4868 sanctorum
3589 4812 3807 4869 Pan-um

2208 4899 2510 4952 reverentia
2547 4899 2825 4954 custodiri.

2280 4987 2357 5042 De
2380 4989 2606 5058 epistola
2649 5005 2866 5060 quoque
2894 4993 3216 5047 venerabilis
3244 4991 3344 5046 viri
3373 4991 3496 5058 line,
3529 4993 3805 5061 quondam

2208 5079 2495 5135 Edessena
2531 5081 2764 5137 civitatis
2803 5081 3064 5152 episcopi,
3117 5084 3184 5138 de
3235 5098 3340 5152 qua
3386 5084 3588 5152 pariter
3629 5084 3808 5152 inqui-

2207 5171 2379 5238 sistis,
2413 5171 2654 5240 diligenti
2703 5173 3050 5228 nihilominus
3101 5173 3513 5243 investigatione
3560 5177 3812 5245 quaesivi-

2208 5280 2348 5326 mus,
2393 5265 2437 5319 si
2465 5265 2593 5334 quid
2623 5265 2691 5320 de
2734 5282 2797 5320 ea
2841 5266 3028 5336 priscis
3076 5267 3407 5336 temporibus
3435 5267 3579 5336 apud
3619 5266 3810 5325 Patres

2208 5362 2426 5409 nostros
2473 5365 2716 5418 motum,
2747 5356 2833 5411 vel
2872 5356 3152 5422 agitatum,
3184 5357 3299 5411 sive
3343 5353 3658 5424 quaesitum,
3709 5374 3809 5414 seu

2203 5445 2366 5500 fuerit
2385 5445 2760 5501 constitutum.
2793 5445 2862 5500 Et
2884 5447 3008 5514 quia
3037 5444 3236 5502 Graeca:
3265 5448 3458 5516 linguae
3487 5447 3649 5520 (sicut
3670 5466 3806 5503 cuu-

2206 5536 2308 5590 ctis
2355 5544 2410 5590 et
2455 5536 2689 5591 maxime
2739 5537 2928 5606 pietati
2974 5544 3166 5591 vestra:
3214 5547 3400 5591 notum
3447 5540 3572 5609 est)
3621 5556 3807 5595 sunms

2207 5627 2399 5694 ignari,
2434 5641 2575 5680 nunc
2603 5641 2702 5694 per
2731 5633 2969 5691 nostros,
2999 5626 3088 5694 qui
3119 5625 3357 5695 ejusdem
3387 5627 3582 5698 linguae
3608 5629 3802 5684 viden-
