3986 6360
221 286 319 343 105

1426 282 1533 340 EPl
1553 285 1781 343 κτοιηΕ
1811 287 1898 343 ΕΤ
1937 284 2270 344 DECRETA.

3368 284 3468 351 10,3

216 408 300 451 tur
364 393 564 449 habere
633 391 913 459 notitiam,
965 401 1114 461 gesta
1178 396 1348 449 sancti
1399 395 1797 465 venerandique
1830 400 1876 457 Α
1903 411 2009 450 non
2038 395 2215 451 solum
2245 409 2350 449 non
2389 393 2795 459 contradixisse,
2828 407 3013 447 verum
3063 391 3223 445 etiam
3252 393 3475 462 apertis-

213 481 665 540 Chalcedonensis
694 481 910 537 concilii
950 482 1003 536 in
1041 482 1389 554 synodalibus
1418 484 1691 540 codicibus
1716 485 1799 540 di-

213 575 558 646 ligentissime
584 573 985 644 perquirentes,
1011 573 1244 629 dilucide
1270 584 1563 647 aperteque
1592 578 1798 648 reperi-

212 683 347 734 mus,
377 665 586 720 duabus
629 664 683 719 in
723 664 911 719 eadem
960 666 1168 738 synodo
1215 668 1519 724 actionibus
1556 670 1795 740 praedicti

212 759 306 813 viri
347 756 673 812 venerabilis
718 755 827 810 Iba:
873 756 1237 812 examinatum
1287 758 1451 816 fuisse
1497 761 1789 828 negotium,

212 851 387 919 ibique
416 863 482 903 ex
515 847 683 917 gestis
724 846 867 917 apud
904 847 1154 903 Photium
1196 848 1320 921 Tyri
1363 860 1419 906 et
1454 849 1793 909 Eustathium

213 938 385 1008 Beryti
415 938 704 1008 episcopos
728 937 947 1003 habitis,
974 938 1117 993 hanc
1135 938 1202 994 de
1222 954 1326 1010 qua
1347 942 1623 1012 qumritur,
1650 943 1794 998 inter

209 1038 396 1085 cetera
425 1029 694 1100 prolatam
722 1028 886 1085 fuisse
912 1038 1101 1085 contra
1130 1046 1251 1087 eum
1290 1032 1359 1088 ah
1388 1037 1790 1093 accusatoribus

209 1119 321 1188 ejus
340 1118 624 1190 epistolam
649 1137 663 1174 :
688 1134 919 1192 cumque
942 1132 1313 1178 consummata
1334 1124 1500 1195 ipsius
1524 1126 1791 1196 discepta-

210 1211 348 1265 tione
376 1211 613 1280 negotii,
643 1226 675 1265 a
701 1210 1025 1267 venerandis
1051 1211 1241 1270 fuisset
1278 1212 1528 1273 Patribus
1554 1221 1786 1289 requisi-

210 1312 333 1367 tum,
365 1301 495 1372 quid
524 1301 593 1358 de
622 1300 867 1373 ejusdem
904 1302 1342 1360 constituendum
1369 1307 1645 1364 videretur
1681 1309 1787 1365 Iba:

207 1394 438 1463 negotio,
489 1400 892 1464 consequenter
934 1392 1238 1465 hujusmodi
1284 1399 1613 1467 processisse
1658 1415 1785 1455 sen-

208 1482 416 1539 tentias.

270 1591 627 1648 Pascltasinus
654 1601 707 1647 et
745 1592 1052 1662 Lucentius,
1084 1597 1500 1655 reverendissimi
1536 1603 1782 1674 episcopi,

205 1692 248 1737 et
270 1681 570 1754 Bonifacius
592 1683 879 1755 presbyter,
900 1694 1125 1740 tenentes
1147 1686 1316 1742 locum
1326 1690 1465 1745 sedis
1486 1696 1785 1763 apostolica:

1900 485 2096 540 simum
2123 493 2418 540 noscuntur
2443 484 2736 555 prmbuisse
2761 496 3102 539 consensum.

1971 573 2202 645 Propter
2228 576 2657 646 praedicationem
2688 574 2827 639 ﬁdei,
2858 590 2957 644 per
2976 589 3133 644 quam
3158 571 3475 627 venerandae

1897 666 2288 722 recordationis
2338 665 2566 739 Cyrillus
2611 665 3003 721 Alexandrinus
3052 664 3366 735 episcopus,
3422 677 3477 720 et

1896 757 2373 815 reverendissimus
2398 757 2633 814 Joannes
2659 757 3024 813 Antiochenus
3045 757 3287 819 antistes,
3310 763 3472 824 atque

1895 863 2084 904 omnes
2111 849 2411 905 Orientales
2441 850 2679 920 episcopi
2709 864 2807 919 per
2835 848 3057 902 Paulum
3087 847 3362 903 Emesente
3390 847 3471 902 ci-

1893 939 2074 995 vitatis
2112 941 2423 1012 episcopum
2459 942 2527 997 ad
2572 942 2916 998 concordiam
2964 941 3255 1006 redierunt,
3308 954 3470 1009 quam

1892 1027 2010 1084 lbas
2029 1043 2243 1099 quoque
2268 1030 2324 1085 in
2350 1034 2538 1086 eadem
2567 1032 2793 1102 epistola
2824 1031 3065 1099 laudans,
3094 1031 3323 1085 libenter
3350 1044 3469 1084 am-

1889 1119 2162 1190 plectitur,
2184 1121 2483 1177 orthodoxa
2505 1130 2587 1179 est
2615 1122 2719 1177 Ihm
2748 1122 2987 1193 episcopi
3012 1137 3042 1176 a
3071 1120 3319 1176 Patribus
3336 1135 3467 1193 pro-

1890 1212 2133 1267 nuntiata
2162 1213 2402 1269 dictatio.
2426 1214 2519 1269 llla
2540 1230 2668 1270 vero
2691 1230 2810 1284 qua:
2831 1215 2882 1269 in
2912 1216 3023 1285 ipsa
3049 1211 3151 1267 Iba:
3173 1210 3469 1268 sacerdotis

1889 1302 2119 1371 epistola
2170 1303 2224 1358 in
2272 1303 2480 1373 injuriis
2520 1305 2690 1359 beata:
2731 1298 3123 1358 recor'dationis
3159 1300 3341 1373 Cyrilli
3370 1315 3468 1371 per

1888 1407 2126 1447 errorem
2164 1393 2527 1463 intelligentia:
2563 1392 2705 1448 dicta
2746 1402 2904 1461 sunt,
2949 1391 3137 1447 Patres
3177 1392 3230 1445 in
3280 1399 3465 1447 sancta

1888 1480 2314 1538 Chalcedonensi
2342 1483 2548 1555 synodo
2593 1483 2875 1553 epistolam
2921 1483 3330 1553 pronuntiantes
3375 1496 3465 1537 or-

1890 1573 2202 1641 thodoxam,
2233 1574 2533 1631 nullatenus
2561 1583 2915 1646 receperunt:
2943 1575 3139 1646 quippe
3159 1589 3278 1644 qua:
3300 1575 3461 1631 etiam

1889 1666 2003 1735 ipse
2049 1667 2371 1723 venerabilis
2424 1668 2731 1738 episcopus,
2788 1667 3059 1723 intellectu
3105 1667 3464 1738 capitulorum

204 1772 342 1841 (quia
370 1772 522 1827 missi
547 1772 833 1843 apostolici
861 1789 1076 1845 semper
1103 1776 1157 1831 in
1186 1777 1407 1849 synodis
1442 1756 1589 1850 prius
1637 1782 1785 1854 loqui
1821 1771 1865 1830 Β
1890 1756 2007 1854 Pius
2034 1757 2255 1854 δυθιίθτθ
2283 1766 2523 1854 Γεθθνξω
2554 1756 2809 1854 ¹¹¹¹¹ι³¹¹ξ¹⁰
2826 1758 3275 1854 [θίυίθνίξίξξίθυί
3298 1758 3462 1854 We"

204 1874 255 1921 et
279 1864 600 1921 conﬁrmare
628 1866 775 1922 soliti
800 1867 968 1937 sunt),
997 1866 1477 1937 perPaschasiuum
1508 1874 1781 1931 dixerunt:

209 1955 418 2011 Retectis
446 1958 667 2022 chartis,
697 1959 996 2028 agnovimus
1030 1974 1096 2012 ea:
1131 1962 1392 2014 sententia
1419 1966 1784 2020 rererendissi-

203 2065 387 2103 suorum
416 2050 798 2119 episcoporum,
834 2048 1484 2110 Ibamreverendissimum
1512 2059 1782 2114 innoxium

202 2139 469 2209 approbari
501 2156 521 2195 :
554 2141 745 2194 relecto
766 2141 904 2194 enint
932 2141 1045 2212 ejus
1080 2142 1301 2211 epistola
1336 2146 1639 2215 agnovimus
1665 2164 1781 2204 eum

204 2230 562 2285 orthodoxam.
592 2228 664 2282 Et
690 2227 753 2284 ob
781 2229 876 2286 hoc
898 2229 1220 2285 decernimus
1247 2234 1294 2286 ei
1316 2234 1559 2289 honorem
1578 2237 1778 2302 episco-

202 2329 339 2388 patus
377 2320 780 2385 restituendum,
827 2329 877 2374 et
923 2318 1228 2387 Ecclesium,
1278 2340 1311 2376 α
1354 2342 1456 2395 qua
1499 2328 1689 2397 injuste
1730 2341 1781 2385 et

202 2410 371 2465 absens
399 2411 649 2481 expulsus
677 2418 785 2477 est,
817 2412 1185 2481 reparandum.
1229 2411 1309 2467 De
1346 2417 1583 2487 episcopo
1622 2420 1781 2491 igitur

200 2506 517 2560 sanctissimo
548 2503 744 2559 Nonne
762 2545 780 2572 ,
810 2506 895 2574 qui
922 2522 1016 2576 pro
1046 2522 1107 2560 eo
1135 2507 1290 2577 paulo
1320 2518 1441 2563 ante
1476 2511 1645 2580 factus
1669 2522 1776 2582 est,

199 2596 588 2650 existimationis
620 2596 716 2650 erit
745 2595 1049 2651 venerabilis
1072 2596 1297 2667 episcopi
1319 2598 1651 2656 Antiochena:
1672 2601 1779 2658 Ec-

199 2688 357 2743 clesia
403 2689 537 2762 quid
580 2696 821 2759 aperteat
873 2688 936 2742 de
980 2705 1042 2744 eo
1094 2690 1317 2762 formari
1363 2688 1628 2764 [firmari]
1672 2695 1779 2751 sive

200 2781 364 2836 statui.

262 2893 530 2949 Anatolius
557 2894 1014 2949 reverendissimus
1042 2868 1453 2967 archiepiscopus
1478 2896 1775 2955 Constanti-

201 2987 385 3056 nopolis
412 3002 562 3042 nocte
593 2985 779 3042 Romae
806 2987 941 3041 dixit
971 3003 989 3041 :
1023 2984 1122 3042 Dei
1138 2990 1626 3045 'amantissimorum
1664 2994 1775 3063 epi-

201 3093 452 3148 scoporum
490 3089 543 3133 et
564 3077 806 3149 judicum
832 3079 983 3149 fides,
1022 3095 1085 3133 ac
1127 3079 1278 3134 lectio
1318 3082 1550 3137 omnium
1592 3082 1773 3139 horum

202 3185 302 3238 qua
318 3180 431 3224 sunt
452 3170 750 3235 subsecuta,
782 3170 1135 3223 demonstrant
1160 3170 1432 3225 innoxium
1457 3170 1607 3228 Ibam
1633 3190 1773 3229 reve-
1803 3150 1846 3212 Ο

199 3261 550 3315 rendissinntm
607 3259 672 3314 ab
721 3261 1135 3316 accusationibus
1180 3277 1295 3332 qua:
1341 3262 1504 3317 illata:
1547 3272 1668 3318 sunt
1716 3264 1772 3319 in

202 3367 338 3405 eum:
366 3352 503 3406 unde
549 3366 757 3407 omnem
795 3350 851 3404 in
893 3351 1136 3419 prazsenti
1180 3352 1523 3422 suspicionem
1560 3352 1770 3424 abjicio,

201 3441 424 3511 quoniam
448 3442 711 3497 consentit
750 3449 799 3496 et
838 3439 1114 3495 subscribit
1153 3443 1201 3496 ei
1237 3458 1351 3514 quae
1388 3459 1524 3499 nunc
1569 3445 1633 3500 de
1667 3446 1774 3516 ﬁde

202 3533 435 3588 sententia
462 3533 592 3587 data
613 3542 691 3588 est
710 3549 741 3587 a
762 3541 941 3587 sancto
963 3532 1203 3599 concilio,
1224 3543 1275 3587 et
1299 3534 1531 3604 epistola:
1548 3539 1772 3591 sanctis-

202 3621 306 3676 simi
342 3623 725 3695 archiepiscopi
769 3622 951 3678 Roma:
979 3621 1192 3687 Leonis,
1222 3632 1273 3677 et
1300 3624 1514 3696 dignum
1541 3628 1772 3698 eum'ju-

202 3712 302 3766 dico
326 3714 648 3783 episcopatu,
671 3721 722 3767 et
749 3710 934 3767 habere
959 3727 1137 3768 curam
1162 3713 1217 3767 in
1241 3729 1344 3785 qua
1362 3715 1562 3787 pridem
1584 3717 1774 3775 existe-

202 3803 277 3857 bat
301 3801 566 3860 Ecclesiae.

261 3916 520 3974 llaximus
586 3918 1039 3974 reuerendissimus
1102 3918 1371 3991 episcopus
1424 3918 1774 3977 Antiocltenus

201 4010 364 4065 dixit:
388 4009 476 4066 Ex
503 4012 574 4066 iis
608 4026 723 4083 quae
761 4010 914 4065 modo
952 4009 1145 4065 relecto
1170 4019 1311 4076 sunt,
1343 4012 1587 4066 constitui
1612 4015 1777 4069 mani-

201 4103 371 4173 festum
396 4118 525 4171 esse,
557 4103 681 4176 quia
705 4104 771 4157 ab
796 4101 1032 4159 omnibus
1058 4103 1107 4158 ei
1132 4102 1295 4158 illatis
1321 4104 1775 4161 rererendissimus

202 4192 313 4251 lbas
334 4197 581 4252 innocens
610 4205 688 4251 est
724 4204 954 4266 repertus
983 4209 1004 4247 :
1030 4211 1097 4249 ea:
1138 4194 1326 4250 relecto
1362 4211 1481 4252 vero
1525 4198 1774 4267 rescripto

201 4287 437 4356 epistola,
465 4301 584 4360 quae
621 4284 842 4357 probata
877 4294 957 4339 est
997 4284 1061 4339 ab
1097 4301 1158 4338 eo
1194 4283 1280 4355 qui
1305 4284 1635 4339 adversarius
1661 4286 1774 4356 ejus

199 4379 379 4445 existit,
410 4378 706 4434 orthodoxa
731 4385 808 4431 est
830 4377 945 4448 ejus
973 4375 1237 4430 declarata
1265 4374 1501 4430 dictatio.

265 4486 351 4544 llis
378 4490 538 4557 igitur
566 4490 640 4544 ita
670 4487 723 4543 in
750 4495 951 4584 sanctre
982 4485 1436 4584 Chalcedonensis
1462 4485 1653 4584 synodi
1677 4484 1769 4556 ju-
1799 4522 1848 4584 υ

202 4578 329 4633 dicio
368 4579 829 4650 dispositioneque
863 4576 1201 4646 iacentibus,
1239 4584 1297 4632 et
1336 4576 1412 4630 ita
1453 4575 1771 4630 vicariatum

201 4669 328 4725 sedis
354 4671 668 4741 apostolica:
706 4667 1136 4724 venerandorum
1176 4667 1464 4738 prtesulum
1503 4666 1774 4723 sustinen-

204 4759 322 4813 tium
349 4769 404 4815 et
440 4769 766 4816 ceterorum
796 4757 1017 4813 Patrum
1060 4757 1562 4814 interlocutionibus
1594 4756 1777 4812 decla-

202 4851 339 4918 ratis,
361 4853 637 4909 evidenter
657 4852 1006 4914 advertimus,
1030 4850 1175 4921 quod
1195 4850 1264 4905 ab
1287 4849 1372 4904 his
1390 4850 1482 4921 qui
1509 4849 1561 4904 in
1585 4848 1775 4905 eadem

202 4953 371 4998 sancta
399 4940 829 4998 Chalcedonensi
857 4939 1066 5012 synodo
1102 4939 1283 4995 locum
1309 4937 1607 4993 beatissimi
1635 4952 1775 5008 pra:-

205 5033 485 5092 decessoris
529 5034 700 5092 nostri
733 5048 887 5105 papa:
929 5030 1130 5088 Leonis
1174 5032 1411 5087 tenuisse
1451 5039 1769 5099 noscuntur,

205 5124 389 5180 dictum
412 5127 482 5181 sit
514 5144 528 5180 :
562 5125 772 5181 Relecta
798 5126 913 5197 ejus
940 5125 1161 5196 epistola
1188 5125 1489 5196 agnovimus
1517 5135 1633 5179 eum
1659 5140 1774 5180 esse

208 5215 528 5281 catholicum;
558 5216 710 5272 etab
752 5215 1006 5270 Anatolio
1048 5213 1650 5284 Constantinopolitano
1692 5212 1775 5269 di-

205 5317 337 5363 ctum
363 5311 431 5363 sit
460 5325 476 5362 :
512 5308 686 5365 Lectio
715 5309 947 5364 omnium
974 5322 1089 5378 qua
1118 5316 1238 5361 sunt
1264 5305 1532 5360 subsecuta
1569 5305 1778 5360 demors-

208 5390 640 5461 stratuinnoxium
678 5397 830 5454 Ibam
859 5396 1338 5452 reverendissimum
1368 5394 1432 5448 ab
1473 5395 1552 5449 his
1580 5410 1695 5467 qua:
1721 5396 1776 5449 in

208 5506 310 5545 sum
336 5499 656 5546 accusatores
680 5490 999 5554 intulerant;
1022 5504 1054 5543 a
1076 5487 1310 5542 Maximo
1331 5501 1462 5541 vero
1481 5484 1776 5541 Antioche-

211 5597 274 5636 no
299 5582 493 5638 dictum
514 5582 586 5637 sit
616 5600 629 5612 ο
657 5581 745 5635 Ex
763 5581 952 5635 relecto
977 5581 1170 5651 scripto
1191 5578 1420 5648 episton
1444 5577 1582 5647 quod
1599 5577 1777 5648 perla--

209 5679 305 5725 tum
329 5682 403 5726 est
428 5673 493 5724 ab
520 5672 821 5725 adversario
848 5670 980 5740 ejus,
1011 5670 1265 5725 catholica
1284 5676 1362 5722 est
1381 5667 1491 5737 ejus
1513 5667 1778 5721 declarata

211 5765 443 5833 dictatio;
483 5781 715 5836 quorum
763 5763 1267 5820 interlocutionibus
1312 5758 1494 5817 caeteri
1539 5758 1776 5829 episcopi

493 5859 768 5921 Ριτιιοι..
817 5852 1036 5915 LXIX.

1887 1844 2161 1903 locutione
2188 1849 2507 1904 veneranda:
2528 1849 2798 1904 memoria:
2825 1847 3071 1905 Eunomii
3092 1849 3462 1908 Nicomedien-

1885 1937 1959 1993 sis
1986 1939 2225 2011 episcopi
2253 1941 2306 1995 in
2342 1940 2529 1997 eadem
2570 1949 2759 1997 sancta
2802 1941 3227 1999 Chalcedonensi
3256 1941 3461 2014 synodo

1886 2029 2171 2085 residentis
2223 2031 2625 2087 evidentissime
2671 2031 3009 2100 declaratur;
3061 2031 3204 2102 quod
3267 2032 3338 2086 ita
3401 2047 3462 2087 se

1885 2118 2047 2175 habet
2075 2137 2090 2175 :
2119 2120 2408 2177 Eunomius
2454 2123 2721 2194 episc0pus
2767 2121 3090 2178 Nicomedia:
3119 2122 3251 2177 dixit
3290 2137 3309 2177 :
3338 2122 3462 2176 Jam

1883 2208 2086 2279 quidem
2116 2225 2181 2263 ea:
2209 2209 2290 2263 his
2316 2225 2433 2282 qua:
2467 2210 2655 2264 relecta
2702 2216 2822 2265 sunt
2863 2212 3109 2266 innoxius
3147 2211 3459 2283 approbatus

1881 2309 1956 2354 est
1984 2300 2163 2356 beatus
2192 2300 2348 2367 Ibus;
2377 2304 2432 2356 in
2458 2304 2638 2375 quibus
2664 2290 2831 2359 etiam,
2846 2306 3063 2362 dicendo
3090 2307 3225 2361 male
3251 2307 3460 2378 culpare

1884 2392 2017 2444 risus
2051 2400 2127 2445 est
2167 2391 2517 2448 beatissimum
2555 2392 2835 2466 Cyrillum,
2862 2406 2911 2450 et
2937 2397 2991 2450 in
3016 2398 3287 2467 postremis
3326 2407 3460 2453 recte

1883 2485 2147 2555 confessus
2193 2485 2287 2538 illa
2326 2501 2440 2557 qua:
2485 2486 2776 2557 culparerat
2803 2490 3060 2561 refutauit.
3104 2488 3254 2544 Unde
3282 2499 3329 2544 et
3363 2507 3459 2564 ego

1882 2574 2405 2630 anathematizantem
2441 2592 2557 2631 eum
2599 2575 2901 2633 Nes.’orium
2944 2588 2996 2633 et
3035 2578 3365 2651 Eutychetem
3409 2592 3458 2635 et

1879 2666 2040 2735 impia
2084 2683 2260 2721 eorum
2309 2668 2574 2739 dogmata,
2613 2678 2663 2723 et
2703 2672 3101 2725 consentientem
3146 2672 3228 2726 his
3271 2689 3386 2744 qua:
3426 2689 3460 2726 α

1880 2758 2208 2812 sanctissimo
2237 2759 2620 2831 archiepiswpo
2646 2758 2819 2815 Leone
2842 2763 3035 2831 scripta
3053 2771 3191 2828 sunt,
3214 2765 3335 2817 etin
3364 2762 3459 2817 hac

1878 2847 2158 2902 uniuersali
2185 2848 2405 2919 synodo,
2434 2849 2645 2921 dignum
2669 2865 2780 2905 esse
2803 2851 3099 2920 episcopatu
3128 2852 3367 2907 decerno.

1948 2936 2080 2991 Nam
2102 2946 2158 2994 et
2182 2941 2503 2996 venerabilis
2523 2942 2799 2997 memoria:
2820 2940 3091 2999 Juvenalis
3115 2942 3457 2999 interlocutio

1878 3026 1985 3083 hoc
2010 3026 2155 3083 idem
2179 3029 2446 3098 signiﬁcat
2477 3049 2491 3085 :
2522 3032 2668 3101 quod
2692 3031 2810 3087 lbas
2830 3033 3114 3103 episcopus
3134 3035 3202 3089 de
3225 3049 3292 3089 eo
3312 3033 3457 3103 quod

1880 3125 2068 3173 sancto
2097 3116 2297 3190 Cyrillo
2317 3120 2549 3191 capitula
2573 3120 2689 3191 ejus
2711 3121 2867 3176 aliter
2895 3122 3242 3192 intelligendo
3271 3123 3452 3180 detra-

1876 3215 2053 3279 xerat,
2081 3218 2270 3281 postea
2299 3210 2591 3283 professus,
2622 3213 2767 3283 quia,
2798 3211 2883 3267 his
2901 3213 2969 3269 ab
2993 3228 3059 3268 eo
3080 3214 3382 3284 esplanatis
3400 3223 3458 3271 et

1875 3314 1906 3353 a
1926 3315 1986 3355 se
2010 3300 2321 3369 intellectis,
2344 3302 2396 3357 in
2415 3302 2848 3358 communionem
2874 3301 2991 3371 ejus
3016 3301 3210 3358 devote
3229 3317 3458 3360 concur-

1875 3392 2028 3460 rerit,
2055 3400 2110 3448 et
2136 3392 2204 3449 de
2232 3394 2316 3449 his
2340 3408 2460 3464 qua:
2488 3394 2638 3465 prius
2664 3394 2822 3459 aliter
2847 3393 3184 3451 intellexerat
3223 3393 3293 3449 sit
3318 3408 3453 3450 con-

1877 3499 2092 3552 versus;
2122 3492 2411 3556 propterea
2444 3485 2684 3557 recipere
2712 3500 2834 3542 eum
2876 3485 3244 3557 episcopatum
3270 3484 3457 3541 decre-

1876 3576 1975 3645 vit,
2021 3585 2080 3632 ut
2126 3587 2256 3648 pote
2303 3587 2564 3648 quantum
2601 3578 2669 3633 ad
2697 3578 3089 3648 professionem
3118 3576 3239 3633 lidei
3270 3577 3458 3633 ortho-

1876 3667 2077 3724 doxum
2122 3670 2479 3737 existentem,
2526 3671 2599 3725 ita
2649 3670 2837 3726 dicens
2885 3688 2899 3724 :
2951 3668 3051 3736 Qui
3098 3680 3458 3727 convertuntur

1876 3759 2149 3832 Scriptura
2177 3760 2353 3815 divina
2378 3761 2571 3832 suscipi
2592 3759 2772 3832 jubet;
2800 3771 3111 3833 quapropter
3130 3772 3180 3817 et
3202 3762 3267 3817 ab
3296 3763 3460 3819 luere-

1875 3852 1991 3905 ticis
2036 3860 2342 3906 revertentes
2390 3852 2715 3921 suscipimus.
2763 3851 2915 3907 Unde
2953 3855 3208 3924 pratvideo
3233 3873 3462 3911 revereri.

1875 3939 2145 3994 dissimum
2184 3938 2335 3994 Ibam
2362 3940 2550 3994 mereri
2575 3939 2922 4008 clementiam,
2950 3943 3071 4012 quia”
3096 3952 3147 3996 et
3172 3960 3331 3998 senex
3358 3955 3455 4011 est,

1874 4039 1931 4085 ut
1949 4029 2138 4085 habent
2164 4032 2488 4102 episcopatus
2509 4031 2746 4102 gradum,
2770 4031 3115 4086 orthodoxam
3134 4034 3455 4091 eminentem.

1874 4118 2078 4187 Quibus
2103 4120 2287 4177 verbis
2313 4121 2419 4177 hoe
2455 4120 2786 4191 intelligitur,
2821 4122 2967 4191 quod
3007 4123 3052 4179 si
3094 4123 3162 4183 ab
3190 4124 3460 4180 haereticis

1873 4212 2155 4269 venientes
2184 4213 2529 4284 suscipimus,
2559 4212 2833 4283 quomodo
2861 4212 3009 4269 lbam
3042 4216 3134 4284 qui
3160 4224 3243 4271 est
3271 4217 3460 4272 ortho-

1874 4300 2067 4369 doxus,
2096 4310 2153 4357 et
2180 4303 2456 4359 intellectu
2480 4302 2837 4373 capitulorum
2878 4302 3023 4360 beati
3070 4303 3253 4377 Cyrilli
3294 4302 3457 4360 hinsi-

1877 4401 1995 4447 taus
2013 4393 2065 4448 ei
2086 4392 2307 4464 obloqui
2325 4393 2474 4449 visus
2494 4400 2597 4462 est,
2622 4408 2764 4450 nunc
2785 4393 2853 4449 ab
2874 4408 2940 4449 eo
2968 4393 3022 4449 in
3047 4408 3155 4464 quo
3175 4394 3459 4451 fallebatur

1874 4486 2153 4543 intellectu
2208 4502 2528 4545 conversum
2573 4504 2682 4545 non
2737 4489 3123 4560 suscipiamus,
3171 4506 3292 4547 cum
3332 4508 3458 4550 eum

1873 4575 2231 4632 orthodoxum
2278 4585 2491 4633 constet
2531 4578 2805 4634 existere?
2857 4575 3048 4648 Neque
3088 4580 3231 4634 enim
3271 4581 3461 4637 ortho-

1874 4664 2072 4721 doxum
2119 4666 2352 4721 existere
2397 4664 2544 4720 Ibam
2588 4665 2792 4722 diceret
2827 4664 3103 4723 iuvenalis
3140 4668 3455 4738 episcopus,

1875 4755 1977 4810 nisi
2007 4771 2076 4811 ex
2103 4754 2283 4810 verbis
2320 4753 2561 4824 epistola:
2609 4755 2728 4821 ejus
2766 4754 3158 4813 confessionem
3200 4757 3323 4813 lldei
3372 4774 3461 4813 or-

1876 4847 2170 4903 thodoxam
2198 4846 2595 4918 comprobaret.
2628 4844 2698 4900 Ut
2726 4854 2906 4903 autem
2943 4856 3201 4919 appareat
3223 4850 3348 4919 quia
3380 4850 3462 4905 in-

1878 4939 2165 4995 terlocutio
2201 4937 2475 4994 iuvenalis
2503 4936 2754 4994 Eunomii
2784 4939 3188 4996 interlocutioni
3230 4956 3461 4997 concor-

1880 5030 2003 5100 dat,
2033 5030 2197 5086 verba
2224 5029 2340 5101 ipsa
2364 5044 2433 5085 ex
2459 5028 2875 5086 interlocutione
2904 5029 3152 5087 Eunomii
3194 5048 3294 5088 nos
3326 5032 3461 5088 edn-

1879 5132 2025 5188 cent,
2075 5137 2194 5193 quae
2234 5122 2375 5177 inter
2399 5121 2503 5176 alia
2531 5121 2605 5177 ita
2644 5136 2704 5177 se
2741 5122 2944 5178 habent
2973 5140 2988 5176 :
3022 5122 3089 5177 In
3116 5122 3294 5195 quibus
3323 5125 3456 5178 enim

1879 5212 2097 5268 dicendo
2121 5212 2259 5267 male
2292 5212 2504 5283 culpare
2530 5212 2669 5267 visus
2702 5220 2777 5267 est
2806 5210 3156 5268 beatissimum
3185 5213 3456 5283 Cyrillum,

1877 5302 1934 5356 in
1963 5301 2234 5372 postremis
2263 5308 2401 5355 recte
2427 5302 2709 5372 confessus,
2731 5300 2825 5354 illa
2845 5316 2959 5371 quae
2977 5301 3291 5371 culpaverat,
3319 5304 3455 5373 refu-

1881 5395 2027 5449 tauit.
2070 5392 2148 5447 Ex
2178 5392 2371 5461 quibus
2411 5393 2590 5448 verbis
2617 5391 2894 5446 evidenter
2920 5390 3255 5457 declaratur,
3287 5393 3338 5448 in
3370 5392 3457 5447 lba

1878 5488 2133 5557 episeopo
2184 5484 2317 5538 nihil
2364 5483 2431 5539 de
2477 5481 2817 5538 confessione
2868 5480 2991 5536 lidei
3041 5483 3457 5553 reprehensum,

1877 5593 2037 5648 quam
2093 5583 2305 5631 constat
2353 5590 2472 5630 esse
2516 5572 2823 5639 laudatam;
2872 5572 2966 5626 sed
3015 5574 3263 5630 eumdem
3312 5575 3455 5630 Ibant

1877 5655 2020 5737 quod
2053 5665 2268 5721 fallente
2288 5665 2639 5734 intelligentia
2661 5663 2728 5719 de
2756 5664 2916 5719 beato
2946 5662 3147 5736 Cyrillo
3172 5666 3311 5721 male
3337 5680 3461 5721 scu—

1876 5767 2020 5815 serat
2050 5755 2332 5813 refutasse.

3016 5843 3055 5902 5
