3986 6392
464 308 564 365 107

1867 303 2092 358 γιίςιιλι
2128 302 2328 358 ΡΑΡΑΞ

3651 310 3753 364 υὶξῖ

536 421 668 476 Nam
724 419 864 474 idem
918 417 1239 472 v.n:rabilis
1286 416 1572 489 episcopus
1624 415 1747 473 ibas
1804 432 1869 472 ex
1926 418 2054 489 ipsis
2086 422 2131 480 Λ
2159 417 2425 471 sententia
2457 417 2854 485 condemnavit,
2883 420 3165 475 destruens
3196 418 3519 490 Ephesinam
3552 439 3746 478 secure

464 511 630 581 gestis
660 527 787 579 praet
807 511 869 564 ed
893 510 1108 575 ~ntibus,
1147 510 1286 564 sicut
1326 509 1503 564 Pbotii
1546 518 1599 565 et
1638 509 1900 564 Eustathii
1930 526 2055 564 sen-

464 605 632 658 tentia
664 603 934 664 continet,
971 601 1310 671 apertissime
1343 601 1656 671 perhibetur
1682 592 1881 656 hab’ere
1911 618 1968 656 se
1998 610 2054 657 et

463 695 705 765 recipere
734 709 802 746 οτι
827 692 911 746 nia
943 707 1060 760 (pne
1092 692 1143 746 in
1174 691 1440 763 Ephesina
1472 692 1643 761 prima
1671 691 1877 764 synodo
1904 699 2052 759 gesta

464 793 612 852 sunt,
634 794 688 839 et
718 799 868 853 aequa
895 783 1136 851 judicare
1166 800 1284 852 quae
1314 785 1366 838 in
1396 783 1572 838 Nicaea
1595 792 1721 840 sunt
1741 784 2049 845 constituta,

463 885 519 929 et
549 875 748 929 nullam
780 874 1138 928 differentiam
1165 875 1413 929 arbitrari
1438 874 1555 943 ejus
1584 874 1648 928 ad
1672 875 1795 939 alia,
1821 882 1873 927 et
1895 874 2054 928 nimis

461 967 578 1033 ejus
601 967 942 1020 sanctitatem
967 980 1024 1020 se
1047 966 1291 1020 laudasse
1317 967 1694 1038 pronuntians,
1715 966 1859 1036 quod
1887 981 2054 1036 prone

463 1057 580 1113 lbas
609 1061 852 1127 sapuerit
889 1073 1081 1113 curare
1107 1073 1203 1112 eos
1236 1058 1327 1128 qui
1360 1058 1443 1112 vel
1477 1058 1807 1128 suspicione,
1833 1058 1914 1111 vel
1946 1057 2053 1111 alio

464 1151 647 1221 aliquo
696 1150 857 1204 modo
907 1150 1022 1217 ejus
1077 1149 1336 1204 lxctlerent
1383 1151 1694 1220 opinionem
1736 1148 1992 1203 doctrina-
2035 1165 2046 1200 :

465 1259 590 1298 nam
619 1251 676 1299 ct
716 1253 838 1314 post
886 1241 1319 1313 ex;lanalionem
1368 1243 1650 1298 duodecim
1693 1241 2050 1312 capitulorum

463 1335 606 1390 beati
647 1335 830 1407 Cyrilli
872 1332 1102 1400 factam,
1135 1344 1191 1390 et
1232 1334 1563 1390 intellectum
1606 1335 1723 1402 ejus
1761 1333 1860 1387 sibi
1891 1346 2050 1401 quem

462 1436 684 1483 sanctus
710 1425 940 1498 Cyrillus
972 1426 1022 1479 in
1053 1425 1181 1496 ipsis
1205 1425 1456 1496 capitulis
1482 1424 1671 1479 habuit
1695 1423 2049 1487 declaratum,

462 1528 519 1574 et
555 1520 912 1574 orthodoxum
953 1535 1074 1574 cum
1111 1533 1171 1572 se
1219 1534 1341 1573 cum
1396 1516 1644 1571 omnibus
1690 1515 2052 1569 (irientalilr's

464 1611 730 1683 episcopis
760 1609 1046 1675 ιιςιὶ›ειίει›(ι,
1076 1618 1132 1663 et
1169 1609 1221 1664 in
1260 1609 1640 1663 communione
1679 1606 1844 1676 ipsius
1882 1622 2051 1676 usque

465 1698 534 1752 ad
565 1699 767 1753 exitum
801 1699 1159 1767 permansisse
1199 1697 1472 1769 professus
1507 1707 1610 1752 est.
1642 1695 1719 1750 Ex
1749 1712 1858 1767 quo
1887 1711 2049 1768 appa-

2156 509 2302 576 dam,
2327 511 2661 580 primamque
2683 512 3027 567 confirmans.

2230 623 2295 678 Et
2318 626 2442 696 quia
2484 626 2641 682 nobis
2668 626 2735 682 de
2773 625 3072 684 Ezechielis
3103 643 3379 702 propnelte
3408 634 3591 689 verbis
3619 635 3747 702 obji-

2156 717 2297 771 citur
2329 718 2477 783 illud,
2505 718 2648 788 quod
2687 718 2757 773 ad
2801 721 3110 776 sacerdotes
3150 721 3448 779 Jerusalem
3488 727 3633 780 ntalu
3660 742 3689 778 η
3724 742 3755 781 a

2154 810 2299 865 bona
2327 827 2436 865 non
2465 811 2836 866 discernentes
2866 829 2933 866 ex
2972 830 3202 882 persona
3235 814 3443 870 Domini
3475 816 3692 872 dicebat
3736 833 3753 870 :

2160 899 2472 957 Sacerdotes
2512 903 2628 973 ejus
2660 912 2960 969 spernentes
2982 905 3143 975 legem
3188 922 3351 958 meam
3382 907 3757 978 coinquinave-

2155 1000 2277 1043 runt
2303 1000 2487 1044 sancta
2511 1008 2625 1044 mea
2642 1009 2662 1056 ,°
2699 993 2831 1044 inter
2874 1003 3110 1046 sanctum
3141 1005 3186 1046 et
3214 996 3347 1062 polin
3360 1003 3464 1050 tum
3500 1013 3602 1050 non
3633 996 3752 1050 (lis-

2161 1077 2490 1150 tingucbant,
2540 1092 2588 1134 et
2619 1082 2752 1133 inter
2793 1082 3014 1134 med’um
3046 1084 3223 1136 mundi
3250 1094 3301 1136 et
3337 1085 3595 1139 imnmndi
3644 1101 3753 1139 non

2153 1170 2485 1224 8t’t‘ﬂ'ltcbtml
2512 1169 2726 1242 (Ezech.
2762 1174 2916 1239 xui).
2953 1173 3120 1228 Debet
3143 1184 3321 1230 vestra
3349 1177 3521 1246 pietas
3546 1178 3755 1245 pariter

2155 1259 2432 1315 nobiscum
2479 1271 2534 1315 et
2567 1265 2939 1317 universorum
2967 1265 3131 1318 corda
3165 1264 3402 1320 fidelium
3431 1283 3498 1321 ex
3529 1268 3612 1322 his
3634 1284 3754 1322 vcr-

2153 1348 2236 1402 bis
2263 1351 2573 1416 advertere,
2618 1351 2737 1404 ilco
2770 1368 2872 1406 non
2921 1354 3122 1408 au-lere
3170 1353 3629 1411 Chalcedonensis
3656 1373 3753 1428 sy-

2156 1446 2283 1500 nodi
2313 1455 2612 1503 retractare
2649 1447 2933 1516 judicium,
2984 1465 3052 1504 nc
3093 1449 3291 1505 ibidem
3338 1452 3752 1508 considentibus

2152 1537 2521 1592 sacerdotibus
2551 1539 2649 1593 ista
2687 1540 2705 1610 (
2729 1539 2872 1609 quod
2911 1541 3087 1610 absit)
3115 1542 3182 1596 ab
3212 1542 3586 1599 luereticorum
3617 1545 3750 1599 insi~

2153 1626 2255 1680 diis
2278 1627 2484 1682 tr-acula
2515 1627 2760 1682 inuratur
2789 1647 2802 1682 :
2832 1637 2890 1683 ut
2915 1645 3013 1684 eos
3042 1630 3183 1685 inter
3206 1639 3453 1686 sanctum
3483 1640 3539 1687 et
3566 1632 3749 1703 polin.

2155 1726 2289 1783 tum,
2320 1724 2374 1770 et
2416 1715 2556 1770 inter
2582 1717 2817 1771 medium
2865 1719 3049 1773 mundi
3095 1726 3151 1773 et
3190 1719 3447 1775 immundi
3487 1737 3596 1776 non
3644 1737 3750 1792 pn-

465 1797 548 1842 ret
576 1787 823 1842 eumdem
854 1786 1024 1854 ibam,
1056 1794 1109 1842 et
1148 1786 1471 1857 priesquam-
1499 1785 1783 1840 duodecim
1819 1787 2040 1856 capitula

2156 1808 2320 1862 tuisse
2356 1807 2663 1864 discernere
2707 1810 3080 1875 criminentur,
3111 1811 3155 1866 si
3198 1827 3298 1867 nos
3337 1811 3498 1866 modo
3546 1828 3748 1867 causas

467 1876 608 1932 beati
649 1875 833 1948 Cyrilli
878 1877 1220 1945 intelligeret,
1253 1886 1307 1932 et
1336 1892 1457 1931 eum
1497 1877 1551 1932 in
1582 1877 1660 1931 eis
1694 1877 2054 1947 suspicaretur

466 1983 628 2022 unam
669 1967 868 2023 Christi
910 1967 1190 2038 prmdicat‘i
1232 1977 1500 2033 naturam,
1543 1969 1847 2024 orthodoxe
1890 1987 2049 2025 sensu

464 2057 607 2128 quod
635 2057 775 2112 male
815 2057 1016 2113 dictum
1042 2059 1445 2114 existimaverat
1472 2061 1816 2130 reprobasse,
1848 2070 1900 2115 et
1930 2070 2053 2131 post

463 2146 897 2217 explanationem
918 2148 1230 2202 eorumdem
1255 2148 1560 2203 orthodoxo
1582 2164 1740 2204 sensu
1763 2165 1880 2219 qum
1903 2158 2051 2205 recte

461 2238 602 2292 dicta
632 2246 966 2306 cognoverat
999 2237 1377 2292 venerabiliter
1405 2239 1726 2308 suscepisse.

531 2326 635 2381 Sed
663 2335 719 2382 ct
743 2326 870 2382 illud
899 2326 1262 2381 indubitanter
1282 2337 1598 2383 cunctorum
1625 2326 1860 2383 fidelium
1894 2346 2044 2384 men-

463 2422 602 2473 .tbns
628 2425 796 2489 patet,
819 2417 962 2489 quod
995 2419 1162 2487 magis
1210 2418 1264 2472 in
1296 2416 1565 2488 Ephesina
1610 2421 1848 2474 secunda
1879 2421 2049 2476 haue-

462 2515 568 2565 tiro
600 2511 878 2567 intellectu
915 2510 1204 2565 Dioscorus
1243 2525 1367 2565 cum
1410 2509 1706 2582 Eutychete
1734 2510 1896 2565 beato
1941 2508 2045 2582 Cy-

462 2604 584 2658 rillo
625 2611 681 2658 et
729 2603 903 2673 primo
933 2599 1204 2671 Ephesino
1251 2601 1483 2656 concilio
1512 2600 1864 2655 contumelias
1912 2601 2048 2654 irro-

459 2697 658 2766 garint,
679 2696 770 2766 qui
800 2695 1145 2751 crediderunt
1175 2703 1420 2749 sanetum
1462 2694 1720 2765 Cyrillum
1765 2708 1925 2748 unam
1957 2709 2046 2748 na-

461 2798 636 2842 turam
665 2787 721 2843 in
751 2787 978 2841 Domino
1009 2785 1122 2841 Deo
1167 2794 1352 2840 nostro
1377 2783 1502 2840 Jesu
1527 2785 1740 2840 Christo
1780 2800 1880 2855 per
1906 2784 2044 2839 duo—

458 2881 634 2937 decim
673 2895 767 2936 sua
798 2879 1115 2950 praedicase
1147 2878 1380 2949 capitula
1427 2896 1439 2931 :
1486 2886 1541 2933 et
1586 2878 1656 2932 ob
1683 2878 1786 2934 hoc
1836 2877 2045 2948 aliquos

459 2971 766 3029 Orientales
795 2972 1100 3043 episcopos,
1131 2972 1221 3042 qni
1270 2972 1426 3025 unius
1456 2979 1662 3025 naturzn
1706 2971 2044 3041 praedicatio-

457 3080 581 3120 nem
618 3064 908 3119 noluerunt
935 3064 1232 3133 suscipere,
1282 3061 1570 3118 Dioscorus
1615 3061 2039 3117 condemnavit:

2153 1899 2391 1967 ejusdem
2422 1908 2622 1955 sanetae
2663 1901 2852 1972 synodi
2883 1917 3004 1955 cum
3035 1917 3301 1957 consensu
3342 1903 3488 1957 sedis
3516 1914 3748 1974 aposto-

2155 1991 2270 2044 licae
2294 1989 2497 2059 judicio
2529 1991 2858 2058 terminatas,
2895 1993 2994 2046 sub
3020 1993 3261 2063 qualibet
3287 1993 3572 2049 occasione
3591 1994 3751 2048 vide—

2150 2083 2259 2136 rint
2305 2090 2620 2138 retraetare.
2673 2082 2969 2154 Propterea
3017 2098 3147 2153 ergo
3192 2085 3531 2154 disciplinam
3576 2096 3751 2154 atque

2145 2178 2403 2246 judicium
2433 2186 2742 2234 sanctorum
2774 2177 2992 2232 Patrum
3019 2194 3118 2233 nos
3150 2178 3202 2233 in
3230 2179 3481 2235 omnibus
3516 2194 3751 2235 conser-

2151 2280 2358 2332 vantes,
2402 2280 2457 2327 et
2485 2286 2663 2326 rerum
2709 2271 2946 2324 omnium
2989 2269 3398 2340 dispositionem
3439 2269 3746 2325 secundum

2147 2377 2266 2416 eam
2290 2377 2452 2432 quant
2481 2360 2756 2416 reddimus
2788 2359 3051 2415 rationem
3082 2375 3149 2414 ex
3171 2357 3632 2415 Chalcedonensis
3657 2375 3751 2430 sy-

2150 2451 2492 2521 nodijudicio
2516 2451 2844 2507 declaratam
2875 2466 2995 2504 cum
3026 2449 3157 2504 satis
3187 2449 3524 2520 apertissima
3556 2449 3749 2503 luceat

2146 2544 2392 2608 veritate,
2425 2558 2491 2596 ex
2522 2543 2703 2596 verbis
2743 2542 2987 2613 cpistola:
3015 2541 3115 2595 viri
3146 2541 3472 2596 venerabilis
3498 2536 3604 2594 ilia:
3649 2556 3747 2593 re.

2145 2634 2383 2688 ctissimo
2406 2648 2469 2688 ac
2494 2633 2733 2702 piissimo
2758 2632 3036 2686 intellectu
3064 2633 3382 2702 perspectis,
3407 2639 3461 2685 et
3480 2647 3544 2685 ex
3567 2633 3749 2701 gestis

2147 2726 2286 2795 apud
2320 2724 2568 2779 Photium
2609 2733 2663 2778 et
2705 2723 3045 2778 Eustathium
3098 2723 3324 2788 habitis,
3356 2731 3412 2777 et
3448 2737 3516 2777 ex
3565 2723 3747 2792 ipsius

2145 2815 2249 2871 Iba:
2277 2817 2514 2886 episcopi
2553 2831 2588 2885 p
2606 2817 2835 2871 msentis
2862 2832 2894 2871 τι
2920 2815 3275 2886 praesentibus
3296 2815 3597 2871 intentione
3625 2815 3747 2871 dis-

2146 2924 2332 2973 cussa,
2381 2907 2570 2963 Patres
2602 2918 2814 2963 nostros
2841 2908 2894 2962 in
2931 2907 3275 2963 Chalcedone
3313 2905 3610 2962 residentes
3646 2907 3745 2975 ju-

2145 2999 2377 3054 stissime
2423 2998 2778 3053 orthodoxam
2830 2996 3071 3065 ejusdem
3117 2998 3218 3052 viri
3260 2997 3582 3053 venerabilis
3628 2996 3745 3052 ilice

2145 3092 2381 3163 episcopi
2414 3093 2792 3162 pronuntiasse
2817 3090 2997 3153 tidem,
3011 3101 3068 3146 et
3088 3091 3562 3161 reprehensionem
3582 3090 3745 3146 beati

457 3153 760 3254 inter‘q‘uos
784 3162 844 3254 et
879 3153 1024 3254 Iba")
1056 3154 1368 3254 PttiSCOPU'"
1415 3162 1637 3254 πηχοῐηθν
1664 3152 1802 3208 hanc
1831 3152 2040 3224 specu"
2067 3161 2114 3225 (ἶ
2142 3152 2358 3254 Clyt-illi,
2391 3152 2552 3252 quam
2600 3181 2911 3236 humanitus
2934 3197 3032 3251 per
3071 3152 3314 3237 errorem
3362 3180 3745 3250 intelligentia:

455 3247 578 3302 liter
606 3246 725 3302 tidei
747 3247 863 3317 ejus
886 3245 1298 3318 professionem,
1321 3261 1425 3315 qua
1457 3246 1591 3301 duas
1614 3255 1853 3314 naturas,
1877 3260 2038 3302 unam

458 3338 732 3403 virtutem,
762 3354 920 3392 unam
950 3352 1258 3408 personam,
1285 3336 1430 3405 quod
1469 3345 1554 3390 est
1583 3352 1718 3390 unus
1745 3335 1910 3392 Filius
1932 3334 2040 3391 Do-

455 3427 632 3482 minus
660 3437 846 3482 noster
871 3426 1029 3482 Jesus
1053 3426 1318 3492 Christus,
1353 3426 1692 3496 apertissime
1729 3425 2034 3492 confitetur,

453 3516 767 3571 lizcreticum
817 3516 1229 3581 condemnavit;
1298 3524 1353 3570 et
1408 3514 1762 3586 Eutychetem
1816 3524 2039 3586 propter

454 3608 609 3662 unius
650 3615 858 3663 naturae
893 3608 1328 3679 ptmdicationem
1359 3610 1497 3664 sicut
1525 3610 1849 3664 catholicum
1879 3625 2037 3666 revo-

449 3697 612 3762 cavit,
654 3698 917 3753 damnans
957 3714 1172 3770 quoque
1217 3709 1439 3771 prOpter
1467 3701 1692 3754 duarum
1720 3708 2033 3755 naturarum

451 3804 640 3844 \ocem
671 3797 868 3844 sancta:
898 3790 1289 3847 recordationis
1317 3790 1554 3844 Flaviani
1588 3806 1872 3860 personam
1920 3809 1933 3846 :
1979 3800 2036 3847 et

450 3880 698 3936 inventus
745 3890 830 3936 est
876 3883 990 3954 ilhc
1037 3883 1208 3952 magis
1237 3881 1524 3938 Dimcorus
1574 3881 1894 3953 Ephesinam
1924 3884 2034 3955 pri-

450 3989 591 4027 mam
620 3975 884 4044 synodum
914 3975 1099 4029 conari
1129 3974 1429 4043 destruere,
1479 3976 1569 4045 qui
1601 3991 1720 4031 eam
1749 3977 1848 4032 sub
1877 3992 2034 4032 exse-

446 4067 659 4122 crabilis
691 4069 997 4124 intellectus
1027 4069 1260 4136 imagine
1308 4068 1656 4135 defendebat;
1703 4078 1760 4125 et
1804 4071 2033 4140 amplius

445 4160 664 4216 beatum
689 4161 948 4234 Cyrillum
997 4162 1314 4216 criminatus
1352 4170 1434 4216 est
1480 4161 1705 4217 laudans
1744 4162 2032 4218 Dioscorus

445 4259 608 4321 atque
636 4249 935 4323 Eutyches,
966 4266 1128 4320 quam
1159 4249 1280 4306 [bas
1323 4250 1423 4306 sub
1453 4249 1568 4306 falsi
1597 4250 1899 4307 intellectus
1946 4270 2034 4309 er-

445 4355 572 4396 rore
594 4340 927 4411 vituperans.
960 4340 1206 4411 Namque
1231 4355 1354 4396 eum
1380 4340 1496 4396 laus
1518 4348 1679 4412 atque
1705 4341 2030 4413 vituperatio
2049 4390 2067 4404 .

444 4433 517 4489 ad
538 4448 702 4489 unum
733 4433 1022 4489 tenderent
1062 4432 1394 4488 intellectum
1418 4472 1435 4498 ,
1465 4432 1754 4490 Dioscorus
1779 4443 1834 4491 et
1876 4434 2033 4509 Euty-

446 4524 597 4589 ches,
628 4525 721 4594 qui
752 4522 1129 4591 laudaverunt,
1159 4522 1412 4579 haeretica
1441 4523 1630 4594 spiritu
1672 4523 1916 4581 laudasse
1943 4542 2029 4580 re-
2060 4539 2110 4600 ο

444 4613 583 4683 perti
612 4620 759 4680 sunt,
789 4620 950 4682 atque
987 4612 1108 4668 ideo
1137 4621 1264 4668 sunt
1306 4627 1338 4668 a
1386 4621 1572 4668 sancta
1596 4611 2029 4671 Chalcedonensi

445 4704 656 4776 synodo
683 4704 953 4770 damnati;
978 4712 1035 4759 at
1060 4719 1189 4760 vero
1216 4703 1338 4759 lbas
1356 4704 1666 4775 episcopus,
1692 4705 1784 4774 qui
1825 4720 1922 4776 per
1950 4721 2031 4759 er—

445 4810 644 4859 rorem,
677 4812 835 4851 unam
866 4805 1062 4866 putans
1090 4796 1143 4851 in
1170 4795 1254 4851 his
1282 4795 1562 4866 praedicari
1583 4803 1854 4862 naturam,
1881 4796 2030 4866 prius

443 4886 768 4956 vituperavit
790 4887 1044 4958 capitula,
1074 4896 1130 4942 et
1149 4895 1272 4959 post
1319 4886 1648 4943 declaratum
1689 4886 1791 4942 sibi
1817 4886 2031 4942 intelle-

441 4989 589 5034 ctum
617 4995 827 5046 eorum,
856 4981 1371 5035 communit-alerent
1401 4994 1461 5035 se
1487 4979 1633 5034 beati
1680 4976 1866 5051 Cyrilli
1904 4994 2025 5033 cum

440 5070 690 5125 onmibus
717 5068 1080 5126 Orientalibus
1101 5087 1221 5126 esse
1251 5069 1525 5142 professus
1551 5080 1652 5134 est,
1681 5078 1737 5125 et
1765 5070 1818 5124 in
1847 5072 2044 5126 catbm

438 5160 554 5216 licre
577 5160 696 5216 lidci
728 5161 1055 5217 rectitudine
1077 5164 1144 5216 ab
1165 5160 1354 5216 eadem
1378 5160 1803 5217 Chalcedonensi
1821 5161 2026 5233 synodo

382 5251 394 5262 ’
435 5251 705 5321 judicatus
731 5262 813 5308 est
836 5253 1223 5323 permansisse.
1255 5249 1382 5307 Ilaec
1421 5266 1549 5320 ergo
1571 5251 1756 5306 eadem
1787 5252 2024 5324 synodus

437 5345 490 5403 in
520 5346 777 5402 Dioscoro
802 5355 963 5416 atque
986 5345 1299 5419 Eutychete,
1318 5346 1410 5416 qui
1432 5361 1492 5402 se
1520 5345 1655 5401 falso
1683 5362 1781 5417 per
1800 5347 2019 5404 beatum

433 5433 695 5508 Cyrillum
724 5435 991 5491 velamine
1023 5445 1205 5505 tegere
1244 5436 1576 5523 nitebantur,
1609 5436 1796 5492 videns
1838 5438 2020 5507 potius

435 5523 582 5579 beati
605 5523 789 5596 Cyrilli
818 5524 1290 5594 prmdicationibus
1323 5525 1636 5582 Dioscorum
1661 5534 1824 5595 atque
1854 5525 2021 5599 Euty-

437 5615 647 5668 chctcm
671 5629 934 5684 apparere
955 5616 1277 5673 contrarios.
1303 5631 1402 5686 per
1422 5616 1525 5672 hoc
1549 5616 1692 5686 quod
1714 5631 1874 5671 unam
1897 5624 2021 5686 post

438 5704 819 5758 adunationem
865 5714 1110 5758 naturam
1165 5704 1480 5776 blaspbcmo
1533 5705 1723 5775 spiritu
1769 5704 2023 5776 praedica-

438 5794 588 5856 bant,
621 5795 779 5850 simili
809 5805 971 5866 atque
999 5795 1186 5852 eadem
1218 5797 1532 5855 Dioscorum
1558 5812 1678 5854 cum
1721 5795 2020 5869 Eutychete

2139 3273 2385 3329 evenisse
2413 3282 2817 3342 cognoverant,
2859 3285 3098 3341 congrua
3139 3272 3512 3328 satisfactione
3541 3286 3745 3343 purga-

2140 3373 2250 3418 tam
2297 3382 2311 3418 :
2349 3364 2630 3434 praesentis
2672 3365 2958 3420 sententia:
3006 3371 3204 3418 nostra:
3248 3362 3574 3419 auctoritate
3620 3370 3744 3417 sta-

2139 3456 2335 3510 tuimus
2356 3463 2518 3524 atque
2544 3454 2902 3518 decernimus,
2921 3469 3045 3509 cum
3071 3453 3123 3508 in
3146 3453 3419 3518 omnibus,
3432 3460 3543 3507 tum
3565 3453 3742 3509 etiam

2136 3547 2190 3602 in
2219 3547 2413 3618 saepius
2436 3555 2736 3603 memorata
2758 3545 3084 3601 venerabilis
3112 3544 3218 3600 Iba:
3241 3545 3472 3614 epistola
3499 3545 3742 3599 inteme-

2135 3645 2313 3692 ratum
2358 3635 2579 3692 Patrum
2619 3636 2678 3693 in
2720 3634 3068 3692 Chalcedone
3108 3633 3459 3690 residentium
3509 3648 3739 3690 manere

2130 3724 2414 3795 judicium.

2204 3837 2316 3895 Nec
2337 3852 2661 3909 quemquam
2689 3837 2759 3893 ad
2786 3836 3004 3893 ordines
3025 3845 3083 3892 et
3128 3836 3420 3906 dignitates
3466 3835 3739 3892 ecclesia-

2133 3932 2296 3988 sticas
2317 3932 2679 4002 pertinentem
2696 3929 2802 3986 hoc
2828 3930 3124 3986 constituto
3154 3937 3343 3985 nostro
3368 3928 3736 4000 permittimus

2134 4022 2425 4093 aliquando
2468 4037 2795 4093 pmsumere
2818 4063 2833 4087 ,
2863 4021 2951 4076 vel
2991 4037 3158 4093 super
3195 4020 3436 4090 ejusdem
3482 4020 3737 4090 epistola:

2136 4116 2429 4184 negotium,
2459 4115 2546 4170 vel
2593 4115 2715 4170 aliis
2760 4113 2817 4170 in
2842 4113 3272 4170 Chalcedonensi
3317 4113 3555 4168 concilio
3592 4129 3735 4168 cou-

2131 4223 2295 4265 sensu
2320 4207 2644 4263 vicariorum
2670 4207 2814 4262 sedis
2841 4206 3155 4277 apostolicae
3189 4205 3443 4274 iudicatis
3464 4245 3483 4273 ,
3514 4204 3734 4260 ordina-

2134 4301 2225 4368 tis,
2265 4297 2521 4365 deﬁnitis,
2566 4305 2728 4366 atque
2754 4297 3051 4367 dispositis,
3099 4307 3353 4366 tanquam
3397 4294 3732 4366 imperfectis

2133 4401 2295 4462 atque
2324 4390 2856 4460 reprehensihilibus,
2886 4391 3000 4446 sive
3028 4405 3124 4460 per
3151 4389 3595 4453 additamentum,
3611 4388 3731 4446 sive

2133 4497 2230 4552 per
2255 4481 2687 4548 diminutionem,
2717 4480 2831 4535 sive
2860 4495 2956 4551 per
2977 4480 3438 4544 immutationem,
3467 4479 3557 4535 vel
3581 4493 3729 4549 quo-

2131 4585 2241 4640 quo
2269 4570 2431 4625 modo
2457 4568 2654 4639 aliquid
2682 4569 2979 4624 temerariae
3006 4569 3258 4625 novitatis
3288 4569 3506 4626 inferre.

2200 4702 2321 4758 Pari
2361 4703 2571 4759 ratione
2613 4702 2977 4771 decernimus,
3025 4718 3094 4759 ne
3140 4705 3425 4773 quisquam
3474 4703 3731 4776 epistola:

2130 4794 2272 4849 beati
2301 4793 2505 4866 Cyrilli,
2555 4794 2644 4850 cui
2683 4794 2967 4850 duodecim
3010 4802 3137 4849 sunt
3181 4795 3420 4864 subjecta
3458 4795 3728 4865 capitula,

2129 4886 2215 4941 vel
2243 4885 2372 4956 ipsis
2400 4885 2666 4956 capitibus
2711 4884 2973 4942 adversus
2999 4886 3229 4943 Nestorii
3276 4887 3410 4958 perii
3432 4888 3556 4942 liam
3589 4905 3726 4957 pru-

2131 4976 2385 5046 mnlgatis
2412 4977 2683 5034 existimet
2719 4977 3087 5045 derogandum
3114 4995 3128 5032 :
3159 4994 3285 5033 cum
3314 4988 3527 5033 constet
3563 4993 3725 5034 eum-

2129 5066 2252 5121 dem
2277 5068 2444 5133 lbam,
2467 5067 2552 5122 vel
2578 5068 2716 5124 inter
2744 5083 2932 5124 omnes
2947 5067 3249 5125 Orientales
3271 5069 3575 5141 episcopos,
3594 5080 3725 5140 post

2127 5158 2471 5228 explanatum
2500 5158 2599 5213 sibi
2629 5158 2943 5214 earumdem
2972 5160 3331 5228 capitulorum
3359 5159 3719 5225 intellectum,

2124 5249 2267 5304 beati
2293 5248 2476 5322 Cyrilli
2505 5250 3020 5306 communicatorem
3041 5260 3156 5306 toto
3172 5250 3295 5305 vitae
3319 5249 3437 5320 ejus
3465 5259 3722 5321 tempore

2124 5345 2508 5416 permansisse,
2540 5344 2880 5414 abjicienlem
2906 5360 2990 5408 ea,
3024 5352 3082 5399 et
3103 5358 3133 5398 a
3157 5344 3269 5399 veri
3300 5343 3607 5399 intellectus
3636 5362 3721 5399 re-

2122 5438 2380 5493 ctitudine
2410 5438 2791 5506 repellentem.
2824 5436 2876 5492 in
2905 5437 3102 5508 quibus
3128 5436 3218 5492 vel
3247 5451 3314 5491 ex
3346 5439 3717 5506 suprascripta

2122 5529 2348 5599 epistola
2374 5532 2528 5584 unius
2555 5529 2659 5584 Iba:
2701 5531 2963 5600 episcOpi,
2992 5530 3079 5586 vel
3103 5546 3171 5585 ex
3201 5529 3452 5587 omnibus
3491 5546 3616 5600 Quae
3662 5533 3717 5587 in

2120 5629 2305 5673 saneta
2334 5621 2540 5692 synodo
2566 5618 2993 5676 Chalcedonensi
3016 5620 3281 5688 judicata,
3306 5621 3582 5688 ordinata,
3618 5622 3715 5677 de-

2124 5709 2271 5764 ﬁnita
2303 5718 2465 5780 atque
2494 5710 2754 5780 disposita
2801 5723 2960 5779 sunt,
3004 5714 3076 5767 ita
3124 5712 3416 5782 quidquam
3468 5725 3713 5784 aptatur,

2123 5811 2215 5856 aut
2242 5817 2340 5872 per
2368 5802 2745 5858 auctoritatem
2777 5803 3016 5874 ejusdem
3046 5803 3235 5875 synodi
3275 5812 3367 5858 aut
3395 5819 3712 5874 perversum
