3986 6360
251 323 346 380 109

1421 338 1786 396 ἙΡΙὸΤΟΙκΕ
1827 343 1916 399 ΕΤ
1956 345 2288 404 DECRETA.

3405 369 3504 424 Ηο

233 440 410 508 dogma
437 445 702 494 assertum
737 454 862 496 esse
891 439 1121 498 Nestorii
1143 484 1156 506 ,
1190 453 1280 501 aut
1303 446 1418 518 ipse
1465 447 1676 506 dicatur
1705 449 1812 508 Nc-
1847 455 1892 515 Α
1919 469 2057 511 mus.
2093 457 2224 514 Nant
2255 475 2370 531 quze
2399 465 2664 534 patefacta
2696 483 2816 527 sunt
2840 491 3099 545 quaerere,
3125 494 3242 548 qum
3275 483 3506 550 perlecta

233 530 418 582 storias
446 539 756 584 excusatus.

295 619 356 672 Et
397 635 466 674 ne
509 619 631 688 quis
681 620 914 678 forsitan
965 625 1263 682 arbitretur
1302 628 1639 702 ambiguum,
1669 636 1816 703 quod

233 710 450 781 prail‘atis
472 711 663 778 legatis
691 721 860 784 atque
889 716 1100 772 vicariis
1122 719 1267 776 sedis
1293 725 1604 794 apostolica!
1631 743 1662 782 a
1689 727 1818 784 bea-

233 803 422 858 tissimo
452 817 591 872 papa
625 802 812 860 Leone
843 815 1049 863 tantum
1076 809 1196 865 ﬁdei
1227 827 1410 880 causa,
1439 825 1496 871 et
1525 819 1814 876 nonetiam

233 894 296 949 de
337 893 706 965 depositorum
753 895 1187 968 incompetenter
1229 905 1605 976 episcoporum
1653 907 1816 966 fuerit

233 984 561 1039 revocatione
596 985 936 1052 mandatum,
967 997 1024 1046 et
1049 993 1205 1060 quasi
1252 994 1521 1065 superﬂue
1544 998 1652 1053 ibas
1679 1015 1814 1071 quo—

231 1093 328 1143 que.
354 1068 640 1132 Edessena:
669 1081 908 1138 civitatis
944 1083 1185 1154 episcopi
1224 1102 1444 1144 causam
1475 1107 1658 1146 coram
1687 1111 1812 1148 sau-

231 1167 321 1220 clis
335 1165 576 1221 Patribus
600 1168 1177 1242 existimetagitatam;
1208 1178 1422 1233 noverit
1443 1179 1810 1239 beatissimum

235 1274 406 1328 papam
445 1257 690 1316 Leonem
733 1273 936 1320 sanctae
975 1265 1402 1326 Cbalcedonensi
1444 1273 1653 1344 synodo
1693 1275 1810 1332 haec

231 1347 354 1402 inter
397 1360 594 1406 cetera
642 1353 941 1424 scripsisse,
981 1355 1212 1416 dicendo
1261 1379 1273 1414 :
1329 1363 1464 1430 Quia
1516 1381 1648 1423 vero
1699 1383 1807 1425 non

229 1435 518 1505 ignoramus
537 1455 644 1510 per
673 1457 870 1511 pravas
895 1445 1266 1506 aemulationes
1292 1460 1490 1508 statum
1519 1456 1808 1514 multarum

229 1527 573 1586 Ecclesiarum
598 1531 768 1590 fuisse
794 1538 1086 1608 turbatum,
1111 1543 1480 1618 plurimosque
1501 1550 1805 1623 episcopos,

220 1621 306 1689 qui
331 1621 572 1678 haeresim
607 1639 716 1680 non
751 1627 1086 1700 reciperent,
1118 1635 1334 1695 sedibus
1376 1639 1488 1694 suis
1516 1621 1721 1711 pulsos,
1753 1655 1808 1700 et

226 1713 272 1767 in
292 1714 467 1770 exsilia
514 1716 840 1786 deportatos
861 1763 879 1791 ,
920 1732 1084 1794 atque
1127 1726 1182 1780 in
1225 1727 1402 1784 locum
1455 1735 1803 1802 superstitum

223 1804 345 1860 alios
369 1807 722 1875 substitutos;
751 1811 835 1868 bis
872 1813 1119 1884 primitus
1149 1819 1459 1878 vulneribus

224 1907 298 1952 est
319 1897 581 1953 medicina
607 1901 854 1973 justitize,
885 1921 954 1962 ne
993 1910 1278 1980 quisquam
1327 1926 1511 1998 careat
1545 1921 1798 1991 propriis,

223 1988 298 2044 rei
322 1989 472 2046 aliter
501 2002 692 2050 utatur
726 1996 939 2054 alienis.

283 2078 346 2132 Et
369 2096 436 2136 ne
461 2083 584 2152 quis
629 2084 842 2144 dubitet
890 2099 1066 2146 utrum
1108 2109 1172 2150 ea
1201 2112 1321 2168 quae
1347 2098 1417 2154 de
1459 2103 1801 2162 restitutione

221 2168 578 2242 episcoporum
609 2185 762 2244 gesta
791 2188 917 2235 sunt
937 2181 990 2237 in
1015 2181 1447 2246 Chalcedonensi
1470 2195 1699 2264 synodo,
1731 2199 1798 2254 ad

219 2261 490 2320 beatissimi
534 2265 737 2326 Leonis
767 2271 968 2329 fuerint
1005 2276 1269 2346 perducta
1311 2261 1590 2351 notitiam,
1626 2297 1683 2343 et
1728 2290 1798 2346 ab

217 2354 384 2412 eodem
412 2360 758 2434 conﬁrmata,
807 2366 980 2438 ipsam
1010 2371 1190 2441 potius
1233 2376 1429 2446 synodi
1474 2378 1796 2439 relationem

215 2448 275 2502 ad
321 2450 692 2512 beatissimum
751 2457 991 2518 Leonem
1041 2466 1496 2536 praedecessorum
1550 2479 1794 2532 nostrum

214 2539 449 2598 directam
479 2561 726 2616 congrua
775 2550 956 2620 legere
1000 2555 1363 2615 sollicitudine
1391 2579 1498 2618 non
1528 2565 1746 2623 omittat
1776 2587 1790 2622 :

213 2631 350 2702 cujus
376 2645 496 2704 post
523 2639 634 2694 alia
677 2639 730 2696 in
771 2639 878 2699 ﬁne
905 2644 1022 2702 hac
1049 2649 1214 2704 verba
1245 2661 1372 2706 sunt
1404 2671 1417 2704 :
1443 2653 1668 2710 Omnem
1699 2673 1794 2712 vo-

212 2721 285 2778 bis
304 2733 572 2794 gestorum
607 2731 716 2786 vim
747 2733 1021 2792 insinuare
1049 2741 1357 2799 curavimus
1387 2743 1455 2798 ad
1483 2747 1790 2805 consisteno

213 2814 326 2868 tiam
352 2827 611 2887 nostram,
644 2829 702 2877 et
732 2837 922 2881 eorum
951 2843 1070 2899 qua:
1095 2845 1126 2885 a
1153 2831 1310 2888 nobis
1347 2843 1469 2890 acta
1516 2848 1642 2892 sunt
1665 2855 1793 2896 con-

211 2906 543 2969 ﬁrmationem
573 2925 635 2972 et
659 2918 1092 2990 dispositionem.
1128 2924 1256 2982 Post
1283 2943 1513 2998 quorum
1542 2933 1787 2990 notitiam

208 2997 336 3054 idem
353 3000 700 3062 beatissimus
727 3023 868 3080 papa
894 3009 1004 3067 Leo
1029 3013 1097 3068 ad
1129 3013 1231 3084 piae
1261 2997 1534 3074 memoria:
1561 3018 1786 3078 Pulche-

209 3088 328 3145 riatu
355 3092 648 3164 Augustam
678 3099 882 3167 gratias
909 3102 1153 3161 referens
1181 3105 1250 3162 de
1292 3109 1554 3166 restitutis
1582 3111 1790 3184 episcoo

1920 555 2048 599 sunt
2088 557 2404 619 retractare,
2437 566 2492 610 et
2531 572 2649 626 qum
2677 571 2802 616 sunt
2831 565 3052 622 deﬁnita
3083 573 3336 641 convelli,
3383 577 3511 646 quid

1919 634 2062 690 aliud
2092 647 2177 692 est
2203 655 2363 710 quam
2395 645 2464 701 de
2491 647 2698 720 adeptis
2727 656 2930 722 gratias
2951 674 3061 714 non
3089 634 3334 728 referre,
3354 634 3414 722 ei
3443 669 3511 724 ad

1920 721 2217 785 interdicta:
2241 734 2452 792 arboris
2479 738 2657 795 cibum
2685 721 2745 797 in
2766 761 2964 816 pravos
3003 755 3279 824 appetitus
3321 763 3510 816 morti-

1919 814 2044 870 l’enu
2089 820 2396 891 cupiditatis
2435 814 2781 889 extendere?
2823 835 2890 890 Et
2930 814 3054 910 post
3077 814 3364 916 aliquanta
3389 867 3404 904 :
3430 851 3510 908 ita

1917 925 2236 980 pnenoscat,
2269 918 2459 990 inquit,
2487 924 2650 992 igitur
2689 929 2862 998 pietas
2902 943 3012 1002 tua,
3054 943 3378 1000 venerabilis
3404 945 3502 1002 im-

1916 1013 2156 1073 perator,
2189 1007 2287 1063 hos
2320 1025 2457 1080 quos
2489 1018 2733 1085 spondeo
2761 1023 3094 1094 dirigendos,
3137 1048 3243 1088 non
3274 1036 3341 1091 ad
3370 1053 3506 1095 con—

1913 1090 2201 1160 ﬂigendum
2233 1117 2356 1157 cmn
2385 1104 2628 1166 hostibus
2657 1111 2800 1182 ﬁdei,
2831 1090 2932 1173 nec
2971 1124 3289 1180 certandum
3317 1137 3504 1186 contra

1914 1181 2036 1240 illos
2065 1202 2094 1241 a
2123 1191 2252 1246 sede
2280 1199 2578 1264 apostolica
2609 1181 2947 1271 profecturos
2979 1232 2992 1264 :
3018 1213 3143 1282 quia
3175 1215 3242 1272 de
3270 1219 3432 1278 rebus
3451 1232 3505 1278 et

1913 1277 2055 1345 apud
2088 1278 2320 1338 Nicaeam
2363 1297 2418 1341 et
2446 1291 2589 1360 apud
2618 1277 3050 1372 Cbalcedonem,
3079 1305 3220 1362 sicut
3247 1309 3360 1367 Deo
3387 1313 3505 1384 pla-

1911 1365 2044 1432 cuit,
2076 1368 2311 1430 detinitis
2345 1378 2549 1435 nullum
2579 1384 2838 1444 audemus
2865 1390 3005 1448 inire
3027 1365 3353 1468 tractatum,
3383 1365 3504 1458 lan-

1911 1471 2071 1524 quam
2101 1459 2261 1518 dubia
2293 1467 2378 1522 vel
2404 1469 2616 1528 inﬁrma
2645 1476 2772 1546 sint,
2802 1495 2922 1544 qua:
2951 1491 3097 1541 tanta
3122 1504 3218 1558 per
3244 1459 3504 1563 Spiritum

1907 1558 2155 1606 sanctum
2186 1553 2341 1613 ﬁnxit
2361 1564 2672 1624 auctoritas.

1979 1639 2093 1699 Nec
2119 1659 2225 1746 non
2254 1649 2394 1707 idem
2417 1653 2609 1715 beatus
2634 1660 3002 1730 praedecessor
3021 1682 3207 1728 noster
3227 1691 3362 1746 papa
3387 1677 3497 1736 Leo

1909 1729 1978 1783 ad
2008 1733 2286 1800 praefatum
2310 1729 2674 1805 venerabilem
2699 1752 2996 1823 Augustum
3022 1761 3076 1816 in
3103 1764 3207 1820 alia
3227 1729 3454 1838 epistola
3481 1791 3494 1826 :

1499 1824 1803 1883 adhibenda
1837 1834 1882 1893 Β
1909 1819 2027 1877 Νοη
2052 1825 2219 1896 sinas,
2243 1831 2338 1896 ait,
2369 1847 2558 1894 contra
2588 1819 2825 1901 dexterae
2869 1819 3277 1924 Omnipotentis.
3309 1863 3500 1919 trium-

1907 1913 2044 1982 phos
2094 1920 2350 1981 redivivis
2389 1941 2681 2002 exsurgere
2733 1940 2970 1998 motibus
3005 1949 3271 2006 exstincta
3319 1965 3497 2012 certa-

1907 2004 2077 2072 mina;
2124 2017 2422 2080 pnesertim
2452 2035 2575 2077 cum
2608 2026 2659 2080 in
2699 2026 2905 2100 Morte,
2959 2034 3036 2108 id]
3077 2038 3345 2100 damnatis
3385 2047 3495 2116 jam

1908 2092 2100 2116 ..ηιμΔ
2149 2101 2164 2116 -
2323 2107 2334 2116 -

2699 2092 2708 2100 .
2891 2092 2900 2097 -
3015 2092 3034 2108 δ
3385 2092 3494 2116 ν...-

1905 2092 2106 2154 dudum
2147 2101 2524 2166 haereticorum
2555 2118 2775 2176 ausibus
2797 2125 3020 2184 omnino
3044 2146 3158 2188 non
3203 2135 3386 2204 liceat,
3440 2152 3496 2199 et

1905 2183 1986 2204 ._._
2023 2186 2046 2204 .
2141 2199 2153 2204 -
2291 2197 2322 2204 ..
2380 2199 2394 2204 _
2438 2202 2447 2204 μ
2541 2203 2544 2204 ν

1903 2183 1991 2240 hic
2020 2186 2223 2249 fructus
2247 2197 2351 2267 piis
2379 2199 2656 2263 laboribus
2681 2208 2969 2286 debeatur,
2999 2183 3061 2275 ut
3097 2226 3274 2282 omnis
3301 2183 3488 2288 Ec'cle-

1901 2279 1994 2334 siae
2015 2281 2292 2350 plenitudo
2318 2290 2372 2347 in
2401 2309 2510 2350 sua:
2531 2299 2750 2358 unitatis
2770 2305 3042 2368 soliditate
3062 2329 3251 2373 secura
3279 2336 3488 2391 perma-

1901 2381 2049 2442 neat,
2071 2375 2312 2451 nihilque
2339 2399 2564 2454 prorsus
2601 2391 2670 2448 de
2711 2395 2852 2454 bene
2888 2404 3199 2464 constitutis
3229 2375 3492 2472 retracte-

1897 2471 1990 2518 tur
2019 2484 2032 2520 :
2065 2469 2190 2538 quia
2221 2483 2345 2543 post
2372 2477 2640 2548 legitimas
2673 2496 2729 2542 et
2757 2489 3018 2552 divinitus
3057 2492 3345 2572 inspiratas
3369 2523 3492 2565 con-

1897 2557 2209 2620 stitutiones
2239 2567 2378 2624 velle
2420 2571 2732 2647 conﬂigere,
2764 2598 2873 2639 non
2921 2589 3132 2657 paciﬁci
3173 2603 3258 2652 est
3302 2602 3487 2670 animi,
3555 2587 3562 2597 ’

1897 2648 1990 2670 μ,
2309 2659 2343 2670 ..
2566 2666 2576 2670 -

1895 2648 1991 2703 sed
2021 2651 2256 2725 rebellis,
2289 2659 2504 2718 dicente
2547 2666 2810 2738 Apostolo
2841 2694 2855 2730 :
2899 2648 3081 2738 verbis
3109 2689 3248 2743 enim
3275 2648 3486 2750 conten:

1895 2739 2018 2794 dere
2043 2744 2177 2800 niltil
2202 2748 2329 2805 utile
2365 2763 2461 2820 est,
2505 2758 2608 2812 nisi
2636 2763 2707 2815 ad
2747 2765 3124 2830 subversionem
3165 2781 3484 2840 audientium

1894 2828 1983 2900 (II
2014 2833 2146 2891 Tim.
2179 2837 2260 2911 ιι).
2293 2839 2427 2898 Nam
2453 2847 2498 2902 si
2520 2847 2771 2911 humanis
2800 2828 3484 2947 persuasionibus—semper

1890 2923 2198 2998 disceptare
2225 2933 2298 2989 sit
2326 2935 2572 3009 liberum,
2595 2923 2868 3018 nunquam
2899 2953 3088 3013 deesse
3110 2969 3368 3030 poterunt
3388 2923 3483 3038 Qui

1887 3017 2104 3074 veritati
2132 3023 2367 3082 audeant
2388 3031 2682 3102 resultare,
2709 3017 2765 3093 et
2793 3039 2864 3096 de
2894 3017 3179 3105 mundanis
3204 3017 3482 3124 sapienlite

1886 3105 2218 3178 loquacitate
2237 3113 2531 3175 conlidere.
2557 3120 2690 3180 item
2713 3138 2834 3198 post
2862 3146 3033 3202 pauca
3067 3154 3082 3190 :
3120 3105 3224 3196 Pie
3236 3105 3398 3203 iurabis
3423 3157 3482 3205 et

2713 3181 2736 3198 τ
2762 3181 2834 3184 "'
2862 3181 3033 3202 ἵν’-’ν-
3067 3181 3080 3190 ’
3120 3181 3142 3192 ι
3166 3181 3214 3196 ιν
3243 3181 3398 3203 ιΙυΙΙΙΒ
3423 3181 3479 3205 σι

209 3181 297 3250 pis,
335 3184 404 3240 ita
443 3189 634 3244 scribit
672 3208 686 3242 :
727 3189 1024 3250 Clementia
1073 3196 1236 3266 igitur
1273 3209 1449 3256 vestra
1491 3181 1784 3274 cognoscat
1809 3199 1855 3262 C
1885 3210 2198 3260 constanter
2224 3207 2512 3267 videndum
2540 3223 2644 3282 est,
2675 3233 2762 3286 ne,
2799 3220 2924 3278 dum
2955 3227 3138 3285 talium
3185 3231 3479 3306 disputatio

209 3289 400 3306 Amr-Am
431 3277 733 3306 D.......-.....
783 3282 1069 3306 D__I-s2_--
1136 3289 1176 3306 1,
1301 3291 1313 3304 ο
1449 3294 1458 3303 -
1541 3295 1568 3306 ..
1592 3295 1603 3306 ι
1645 3295 1656 3306 υ
1935 3290 1951 3306 ι
2013 3293 2111 3306 ιη.-
2237 3299 2253 3306 -
2278 3300 2291 3306 -
2507 3305 2517 3306 κ

208 3289 401 3332 omnem
431 3277 736 3338 Romanam
782 3282 1076 3341 Ecclesiam
1118 3289 1185 3345 de
1223 3291 1489 3349 universis
1537 3295 1656 3351 ﬁdei
1686 3312 1781 3352 vc-

206 3376 316 3420 strte
342 3369 592 3439 apex-ibus
623 3373 913 3444 plurimum
947 3381 1226 3452 gratulari,
1251 3385 1364 3440 sive
1391 3387 1533 3456 quod
1565 3388 1782 3458 legatio-

206 3467 314 3509 nem
341 3468 578 3516 nostram
608 3462 698 3532 pio
725 3479 824 3534 per
849 3469 1028 3523 omnia
1055 3469 1269 3540 juvistis
1294 3473 1512 3542 aﬂ‘ectu,
1551 3487 1608 3533 et
1631 3480 1776 3550 quod

204 3548 487 3609 sacerdotes
532 3555 838 3614 catholicos
861 3597 877 3622 ,
927 3560 1018 3628 qui
1050 3563 1117 3616 ab
1145 3561 1398 3622 Ecclesiis
1441 3569 1552 3625 suis
1577 3548 1774 3640 iniusta

206 3633 392 3691 [iterant
425 3639 585 3708 ejecti
632 3648 921 3713 sententia,
971 3651 1278 3710 reduxistis.
1312 3653 1456 3712 Ecce
1504 3668 1559 3714 et
1605 3659 1659 3716 in
1707 3677 1776 3718 eo

201 3730 329 3798 quod
373 3735 549 3789 omnia
603 3746 754 3804 gesta
805 3739 1117 3798 beatissimo
1163 3761 1300 3817 papa
1351 3747 1518 3804 Leoni
1571 3751 1772 3810 directa

202 3830 326 3888 sunt,
348 3838 526 3880 rerum
556 3835 834 3896 gestarum
879 3832 947 3888 ad
976 3848 1099 3888 eum
1147 3837 1405 3907 perducta
1444 3842 1639 3898 notitia
1667 3855 1770 3912 est,

199 3907 313 3963 etin
330 3916 721 3972 recurrentium
745 3920 957 3977 actione
977 3924 1268 3993 gratiarum
1293 3942 1472 3986 rerum
1500 3939 1771 4001 gestarum

198 3997 514 4060 conﬁrmatio
543 4004 871 4066 declaratur.

260 4089 368 4147 Non
410 4095 723 4156 dubitamus
766 4103 930 4172 igitur
963 4109 1202 4165 omnium
1248 4111 1483 4171 ﬁdelium
1523 4119 1770 4178 sensibus

197 4183 522 4255 patefactum,
570 4205 696 4260 qua:
741 4194 956 4252 vicariis
988 4199 1134 4255 beati
1183 4201 1381 4260 Leonis
1429 4222 1598 4279 papaa,
1647 4211 1770 4268 loco

195 4272 300 4334 ejus
318 4277 518 4344 synodo
550 4283 927 4351 prazsentibus,
957 4289 1025 4344 ab
1051 4291 1240 4346 eodem
1264 4272 1768 4370 fuerit'di-spensan-

195 4359 364 4417 darum
394 4382 574 4424 rerum
625 4370 796 4428 forma
846 4378 1120 4449 mandata,
1149 4383 1234 4438 vel
1283 4387 1472 4454 quales
1500 4390 1567 4444 ad
1594 4407 1764 4462 expu-

193 4454 441 4512 gnandum
467 4462 808 4532 perceperint
833 4469 1094 4538 actiones,
1126 4473 1212 4528 vel
1235 4491 1354 4546 quae
1381 4479 1448 4534 ab
1479 4480 1568 4536 illo
1597 4497 1762 4550 gene-

1885 3290 2204 3366 admittitur,
2237 3299 2322 3357 bis
2342 3317 2462 3373 qua:
2488 3305 2743 3367 divinitus
2769 3313 2986 3374 deﬁnita
3019 3331 3145 3376 sunt
3183 3290 3478 3389 auctoritas

1882 3379 2194 3454 derogetur.
2234 3388 2369 3448 Item
2409 3393 2462 3449 in
2511 3399 2739 3469 epistola
2767 3419 2920 3476 papa:
2947 3405 3142 3468 Leonis
3168 3379 3476 3476 adﬁnitate-

1882 3471 2012 3530 lium
2059 3475 2718 3557 Constantinopolitauum
2766 3471 3124 3570 episcopum:
3173 3502 3244 3562 Ut
3289 3517 3474 3568 autem

1882 3564 1996 3623 haec
2023 3569 2330 3630 exhortatio
2358 3576 2424 3631 ad
2453 3581 2694 3637 omnium
2746 3564 2970 3645 fratrum
3012 3595 3184 3663 possit
3224 3600 3473 3658 notitiam

1880 3661 2194 3729 pervenire,
2249 3665 2542 3736 diligentia:
2568 3684 2760 3732 vestra:
2796 3694 2925 3735 cura
2974 3661 3248 3756 perﬁciat,
3300 3692 3426 3760 quia
3451 3733 3468 3760 ,

1879 3749 2024 3817 quod
2050 3766 2192 3822 saepe
2217 3753 2500 3814 dicendum
2530 3772 2632 3826 est,
2668 3773 2779 3821 tota
2812 3749 2999 3840 religio
3027 3749 3334 3836 Christiana
3358 3749 3470 3841 tur-'-

1878 3837 2056 3906 batur,
2083 3841 2128 3896 si
2169 3844 2464 3916 quidquam
2504 3850 2573 3906 de
2601 3853 2684 3908 bis
2723 3870 2844 3925 qua:
2889 3837 3034 3930 apud
3060 3837 3468 3930 Chalcedonam

1877 3934 2171 3990 constituta
2209 3945 2337 3992 sunt
2363 3942 2717 4012 convellatur,
2761 3957 2818 4004 et
2843 3964 2963 4020 quae
3003 3969 3071 4010 ex
3117 3957 3300 4018 divina
3341 3973 3468 4023 sunt

1876 4023 2232 4095 diSpositione
2258 4034 2592 4104 composita,
2644 4038 2752 4095 ulla
2790 4043 3070 4113 patiamini
3117 4053 3358 4112 novitate
3386 4065 3467 4114 te-

1875 4120 2091 4174 merari.

1945 4210 2051 4266 Sed
2081 4222 2136 4268 et
2163 4213 2505 4276 beatissimus
2533 4222 2902 4291 praedecessor
2927 4241 3114 4288 noster
3137 4249 3274 4306 papa
3324 4237 3464 4296 Sim-

1873 4301 2065 4371 plicius
2095 4305 2161 4359 ad
2190 4305 2463 4367 Zenonem
2488 4312 2782 4382 Augustum
2803 4320 2884 4376 sic
2913 4320 3054 4379 inter
3080 4301 3276 4386 caetera
3297 4331 3461 4390 dicit:

1872 4389 2054 4464 Neque
2082 4395 2270 4467 aliquis
2298 4398 2483 4456 dubius
2511 4406 2732 4462 rationis
2752 4419 2801 4464 et
2821 4413 3055 4484 trepidus
3067 4420 3252 4475 mentis
3281 4437 3462 4494 exspe-

1869 4491 1970 4537 ctet
1999 4487 2116 4540 nari
2143 4487 2343 4562 aliquid
2368 4503 2485 4563 post
2513 4493 2934 4558 Chalcedonensc
2976 4509 3252 4567 concilium
3277 4487 3461 4572 contra

1252 4540 1267 4546 -
1597 4540 1626 4550 --ι
2181 4540 2336 4562 νήτην-⁷
2368 4540 2483 4563 Γνν*
2516 4540 2932 4558 *συ-υννυυνσιιιῑον
2976 4540 3252 4567 ιυηικιιιιιηι
3277 4540 3461 4572 contra

191 4540 280 4594 rali
304 4545 548 4617 concilio,
577 4554 899 4622 prtesidente
922 4575 986 4616 ac
1011 4567 1389 4625 consentiente
1412 4587 1508 4640 per
1535 4573 1763 4632 vicarios
1790 4581 1842 4641 Β
1867 4573 2195 4644 definitiones
2215 4579 2379 4650 ipsius
2398 4590 2710 4644 retractari:
2740 4593 2861 4664 quia
2881 4613 2976 4666 per
2997 4601 3290 4659 universum
3318 4623 3474 4664 num-

192 4648 301 4666 ιηης
353 4641 490 4666 ι-ΛΛΞ..
542 4647 848 4666 -..--.,1εΑ,,
1079 4654 1091 4666 ι
1199 4656 1219 4666 ρ
1315 4659 1328 4666 -
1597 4665 1605 4666 ,

192 4648 305 4688 suos
353 4641 494 4696 sedis
540 4647 855 4714 apostolicae
900 4654 1150 4724 praesule,
1195 4656 1393 4715 iuerint
1435 4665 1760 4734 constituta;

192 4736 296 4788 quis
333 4743 508 4800 neque
550 4734 746 4802 minus,
791 4755 968 4810 neque
1003 4747 1206 4813 augeri,
1259 4765 1436 4820 neque
1464 4754 1760 4825 perfringi,

194 4824 352 4882 neque
374 4835 530 4887 posse
579 4823 658 4879 fas
697 4835 782 4882 est
807 4831 876 4884 ab
904 4831 1086 4902 aliquo
1117 4841 1420 4897 retractari.
1449 4843 1565 4898 Non
1597 4823 1760 4903 licere

193 4912 354 4960 autem
380 4915 695 4972 venerandae
717 4918 1170 4982 Chalcedonensis
1197 4931 1384 5001 synodi
1412 4943 1610 4992 statuta
1626 4955 1760 4995 con-

190 4994 320 5064 Velit,
344 5001 422 5054 vel
451 5006 694 5074 quolibet
729 5010 916 5067 colore
941 5027 1038 5068 seu
1085 4994 1242 5074 titulo
1281 5024 1584 5092 retractari,
1615 5043 1754 5097 pra:-

188 5089 513 5152 decessorum
555 5110 861 5158 nostrorum
901 5122 1071 5176 pauca
1100 5108 1168 5166 de
1205 5111 1498 5174 innumeris
1543 5121 1754 5190 prolata

187 5186 456 5240 «instituta
482 5203 582 5244 nos
609 5189 824 5260 docent,
839 5209 908 5249 ex
935 5195 1077 5253 illius
1095 5203 1365 5273 praecipue
1385 5205 1530 5262 beati
1544 5186 1754 5268 Leonis

187 5276 582 5340 praedecessoris
628 5284 798 5339 nostri
844 5287 1108 5360 epistois,
1159 5308 1267 5362 quo
1301 5296 1355 5352 in
1381 5299 1596 5358 vicariis
1642 5306 1754 5360 suis

186 5376 380 5426 summo
408 5373 636 5442 praesule
669 5373 846 5432 ﬂoruit
872 5391 1117 5438 sanctum
1154 5384 1598 5450 Chalcedonense
1627 5411 1754 5452 con-

187 5453 371 5514 cilium.
397 5462 484 5516 Ait
506 5479 743 5534 namque
767 5468 820 5522 in
851 5470 1077 5540 epistola
1101 5475 1166 5530 ad
1196 5477 1295 5548 pia:
1311 5483 1584 5540 memoriae
1612 5485 1756 5541 Leo-

188 5559 298 5602 item
321 5551 614 5622 Augustum
639 5559 713 5614 ita
746 5577 760 5612 :
794 5558 920 5618 Hinc
962 5575 1140 5622 autem
1183 5567 1277 5628 Dei
1304 5589 1527 5632 munera
1556 5579 1628 5634 ita
1656 5582 1749 5638 dc-

187 5651 313 5694 mum
341 5645 493 5702 nobis
515 5647 768 5706 divinitus
794 5655 1163 5724 conferuntur,
1203 5663 1246 5718 si
1272 5664 1340 5720 de
1369 5665 1452 5723 his
1477 5683 1596 5740 qua:
1623 5683 1748 5730 sunt

187 5734 531 5796 pnestitanon
580 5739 916 5801 inveniamur
959 5747 1174 5818 ingrati,
1221 5763 1277 5809 et
1298 5734 1553 5826 tanquam
1600 5765 1747 5821 nulla

187 5819 281 5876 sint
304 5838 418 5896 qua:
462 5828 648 5899 adepti
685 5848 890 5903 sumus,
926 5842 1199 5900 contraria
1236 5819 1423 5918 potius
1458 5863 1742 5926 exspecte-

1868 4662 1992 4716 dmn
2022 4664 2282 4723 insolubili
2306 4670 2665 4734 observatione
2692 4662 2943 4740 retinetur
2967 4691 3109 4760 quod
3153 4710 3185 4746 α
3213 4698 3458 4754 sacerdo-

1865 4757 1971 4807 tum
1995 4757 2328 4816 universitate
2353 4773 2432 4818 est
2459 4771 2810 4828 constitutum.

1934 4844 2068 4903 Item
2099 4865 2428 4911 memoratus
2456 4873 2592 4930 papa
2616 4861 2923 4936 Simplicius
2951 4869 3152 4930 Zenoni
3177 4877 3416 4949 Augusto
3441 4902 3455 4938 :

1863 4935 2056 4996 Nullus
2103 4944 2174 4996 ad
2199 4961 2354 5002 aures
2400 4959 2584 5007 uestra:
2627 4935 2837 5023 pictatis
2859 4965 3166 5032 perniciosis
3204 4975 3456 5031 mentibus

1865 5031 2129 5099 pandetur
2161 5051 2396 5094 accessus
2425 5057 2444 5094 :
2493 5045 2640 5100 nulla
2687 5031 3010 5110 retractandi
3063 5059 3128 5113 de
3171 5067 3456 5123 veterrimis

1863 5120 2057 5190 ﬁducia
2077 5129 2418 5186 concedatur:
2441 5135 2515 5188 sic
2534 5137 2786 5196 Iusresum
2803 5143 3018 5217 denique
3039 5153 3453 5214 machinamenta

1863 5225 2164 5272 cunctarum
2209 5222 2573 5284 ecclesiasticis
2617 5243 2878 5304 prostrata
2919 5239 3160 5312 decretis,
3189 5262 3451 5320 nunquam

1863 5305 2113 5362 sinuntur
2131 5315 2597 5384 oppugnationibus
2641 5326 2770 5378 elisa
2797 5343 3046 5399 reparare
3071 5305 3376 5396 certamina.

1933 5395 2065 5454 item
2098 5402 2388 5470 pmdictus
2409 5423 2545 5479 papa
2594 5395 2903 5484 Simplicius
2938 5419 3006 5475 ad
3035 5424 3315 5492 prmfatum
3345 5430 3448 5488 Ze-

1862 5505 2058 5546 nonem
2083 5494 2378 5564 Augustum
2412 5513 2428 5554 :
2457 5499 2544 5554 Ita
2577 5500 3012 5567 Chalcedonensis
3043 5517 3230 5585 synodi
3253 5526 3447 5577 consti-

1861 5593 1988 5647 tuta,
2030 5587 2108 5640 vel
2134 5603 2248 5658 quae
2283 5588 2450 5647 beata:
2489 5599 2751 5652 memoria:
2779 5601 3125 5670 praedecessor
3151 5625 3292 5664 meus
3340 5611 3445 5670 Leo

1855 5679 2143 5748 apostolica
2189 5682 2467 5740 traditione
2514 5688 2800 5758 perdocuit,
2825 5693 3130 5751 intemerata
3160 5701 3326 5772 vigere
3348 5706 3442 5775 ju-

1854 5767 2018 5821 beatis
2047 5786 2065 5823 :
2096 5773 2219 5841 quia
2244 5789 2340 5828 nec
2366 5777 2474 5832 ulla
2499 5781 2652 5834 modo
2694 5787 2966 5840 retractari
2991 5798 3179 5859 potest,
3207 5767 3435 5864 vquod't'l-

1851 5858 2021 5918 lorum
2043 5864 2346 5938 deﬁnitione
2369 5872 2592 5944 sopitum
2609 5885 2702 5938 est.
