3986 6374
400 349 498 401 ιιι

1774 301 1997 369 “till.”
2041 306 2242 365 l'AP.E

470 464 697 520 Constat
716 469 846 526 ergo
876 468 942 508 ex
965 443 1198 520 prmfatis
1227 437 1546 496 testinouiis
1561 435 1796 498 Patrum,
1821 445 1982 502 quam
2013 430 2058 489 Α
2085 428 2238 498 quasi
2294 441 2454 498 prave

3567 289 3668 345 ΗΞ

2690 421 2961 490 corrigere
2989 457 3006 483 ,
3049 421 3146 470 aut
3188 411 3302 466 vult
3354 406 3672 479 imperfecta

403 519 590 612 tenere
617 519 906 606 debeamus
928 519 1026 610 pro
1053 532 1361 606 apostolica:
1385 529 1528 585 sedis
1557 523 1899 586 rectitudine,
1931 529 1988 575 et
2089 519 2360 590 supplere.

403 663 502 715 pro
531 636 846 699 universalis
892 629 1146 686 Ecclesia:
1193 619 1646 683 consideratione,
1677 612 1986 670 cautelam:

2161 625 2320 693 Ecce,
2348 619 2668 677 venerabilis
2715 613 3176 687 impcrator,luee
3221 609 3420 665 clarius
3447 607 3686 663 demon-

407 737 555 805 “ljus
583 746 682 787 “05
711 739 926 796 ίιυοίιιιθ
979 717 1203 776 cameli”
1227 713 1336 783 iam
1365 709 1564 765 dudum
1615 717 1905 805 ῗιθπιοτθῆν
1933 699 1990 754 in
2089 725 2293 772 strator
2314 715 2452 768 hanc
2479 727 2579 768 nos
2599 709 2849 764 habuisse
2877 720 3092 775 semper
3134 703 3187 758 in
3218 709 3524 756 sanctarum
3546 713 3688 767 qua—

409 793 526 884 oa-m
549 839 710 894 quam
732 793 869 874 tunc
887 813 1210 870 dederamus
1239 804 1308 861 ad
1329 803 1578 858 Mennam
1609 793 1992 854 Constantino-

2152 817 2218 859 or
2239 803 2572 876 synodorum
2615 798 2922 855 reverentia
2961 796 3320 854 voluntatem,
3344 801 3399 846 et
3423 804 3686 860 quincun-

413 878 706 993 politalnum
735 913 1049 984 episcopum
1079 900 1386 974 epistolam,
1414 909 1574 964 quam
1605 901 1716 946 tum
1754 898 1986 993 praesen-

2152 911 2200 952 te
2240 909 2271 948 a
2314 895 2517 948 sanctis
2539 890 2790 944 Patribns
2814 888 2868 942 in
2897 885 3102 942 eisdem
3125 882 3531 940 considentibus
3551 878 3692 935 deli-

413 974 548 1071 iibus
569 974 813 1083 pluribus
831 974 1202 1060 sacerdotibus
1227 999 1282 1046 et
1301 987 1535 1058 glorioso
1564 988 1778 1083 senatu,
1802 974 1994 1083 biennio

414 1061 612 1165 sancti;
639 1093 1031 1159 recordationis
1077 1087 1335 1158 episcopo
1363 1087 1555 1135 vestrm
1589 1067 1888 1128 clementia:
1917 1061 1997 1118 of-

417 1204 642 1260 ferente,
675 1202 731 1250 et
760 1191 961 1262 pietate
1001 1192 1180 1240 vestra
1228 1175 1386 1231 nobis
1413 1185 1538 1227 cum
1586 1165 1703 1236 ejus
1727 1171 1999 1217 consensu

418 1254 735 1350 restituente
754 1254 1048 1352 receptam,
1079 1279 1338 1344 quantum
1367 1264 1435 1320 ad
1459 1263 1615 1318 trium
1638 1254 1998 1352 capitulorum

420 1399 638 1442 causam
659 1377 914 1452 pertinet,
936 1379 1276 1426 evacuamus,
1309 1359 1612 1415 nullatenus
1640 1367 1671 1405 a
1695 1348 1800 1404 loci
1831 1341 2002 1400 nostri

421 1490 582 1550 atque
609 1468 871 1548 propositi
920 1455 1404 1528 circumspectione
1443 1453 1739 1548 cessantes,
1787 1451 2006 1538 compe-

422 1536 627 1629 teutem
669 1536 1126 1620 Chalcedonensis
1171 1544 1361 1619 synodi
1391 1536 1750 1597 reverentiam
1797 1536 2005 1586 curavi-

425 1676 542 1717 mus
571 1653 818 1712 omnibus
843 1645 1121 1708 exhibere,
1147 1639 1288 1694 sicut
1315 1633 1484 1706 series
1510 1626 1749 1698 ejusdem
1780 1627 2008 1676 testatur

427 1707 686 1822 epistolae,
715 1740 867 1810 cujus
889 1735 956 1790 ad
985 1726 1316 1804 probandam
1338 1719 1604 1822 cautelam
1627 1721 1868 1822 nostram
1890 1707 2010 1762 sub-

427 1815 654 1914 iecimus
702 1842 973 1905 perpauca
1014 1825 1081 1878 de
1127 1815 1374 1892 plurimis
1425 1831 1440 1867 :
1479 1815 1690 1914 quibus‘
1728 1815 1983 1914 diligente"

433 1893 972 2001 inspectis,.qualiter
1010 1910 1152 1984 apud
1201 1923 1298 1964 nos
1343 1909 1531 1961 sancta
1563 1893 2016 1989 Chalcedonensis

431 1989 666 2095 synodus
694 1989 947 2071 inviolata
972 1997 1331 2077 permanserit
1359 2001 1520 2062 atque
1545 1989 1873 2095 permaneat)
1906 1993 2019 2095 ev'i-

433 2069 994 2172 dJeI-ivtervostenditur:
1043 2091 1323 2163 Siquidem
1361 2087 1428 2142 de
1475 2081 1676 2172 eadem
1703 2071 1914 2146 synodo
1945 2069 2018 2122 ita

437 2221 536 2261 nos
563 2205 618 2258 in
659 2201 772 2271 ipsa
815 2189 1045 2265 epistola
1091 2191 1275 2240 nostra
1303 2186 1511 2236 certum
1539 2179 1623 2228 est
1655 2168 1801 2271 inter
1827 2171 2020 2268 uetera

436 2256 701 2368 posuisse,
731 2256 970 2344 dicentes
998 2298 1011 2334 :
1041 2277 1177 2334 Cum
1205 2271 1348 2344 apud
1375 2283 1476 2324 nos
1503 2260 1794 2368 manifesta
1811 2256 2024 2312 ratione

439 2345 758 2460 perclareat,
789 2375 1096 2448 quicunque
1144 2368 1198 2420 in
1227 2355 1613 2418 contumeliam
1640 2345 1890 2450 antelata:
1932 2359 2024 2414 sy-

619 2437 825 2541 aliquid
870 2437 1042 2520 tentat
1088 2470 1269 2526 agere,
1313 2450 1416 2508 sibi
1461 2445 1642 2519 potius
1695 2437 2024 2496 nociturum.

443 2571 572 2625 ltem
599 2571 722 2637 post
742 2560 845 2614 alia
879 2575 893 2610 :

513 2617 626 2713 Sed
668 2651 714 2708 si
763 2645 1040 2703 evidenter
1083 2636 1238 2693 nobis
1267 2632 1453 2688 fuisset
1491 2635 1766 2684 ostensum
1797 2621 1850 2677 in
1901 2617 2032 2689 ipsis

444 2747 610 2820 gestis
638 2741 816 2815 potius
865 2731 1155 2794 contineri,
1202 2725 1380 2782 nullus
1426 2719 1654 2820 auderet
1685 2721 1844 2820 tanta:

445 2798 772 2910 :utnptionis
799 2837 987 2885 auctor
1018 2821 1272 2883 existere,
1310 2823 1369 2871 ut
1395 2809 1618 2882 aliquid,
1651 2805 1794 2910 quod
1819 2798 2032 2910 i‘n'illud

447 2891 842 2989 sanciissimum
862 2916 1120 2990 judicium
1161 2908 1477 2983 productum
1507 2907 1608 2962 est,
1640 2896 1788 2952 velut
1814 2891 2033 2949 dubium

451 3079 757 3186 inpraesenti
786 3115 967 3162 rerum
993 3091 1254 3152 memoria
1301 3083 1610 3155 diligentius
1649 3079 2038 3176 etiamcpraiter

2097 987 2206 1041 uita
2249 986 2333 1040 vel
2385 992 2588 1039 statuta
2615 982 2731 1038 sive
2749 979 2988 1049 judicata
3017 984 3165 1042 sunt,
3189 975 3509 1029 intemerata
3559 987 3692 1042 per-

2097 1092 2336 1132 manere.
2367 1073 2708 1129 Manentibus
2754 1085 2885 1139 ergo
2933 1067 3183 1124 omnibus
3211 1079 3330 1134 qua:
3359 1063 3428 1118 de
3457 1063 3694 1132 epistola

2099 1171 2204 1225 Iba:
2233 1181 2571 1239 personaque
2617 1165 2733 1235 ejus
2782 1165 2834 1218 in
2875 1170 3186 1218 sanctorum
3216 1157 3436 1212 Patrum
3465 1164 3520 1210 et
3548 1154 3699 1210 sedis

2101 1261 2413 1333 apostolicae
2440 1259 2764 1315 vicariorum
2794 1251 3297 1310 interlocutionibus
3324 1248 3700 1314 continentur,

2103 1355 2232 1412 illud
2265 1353 2420 1409 nobis
2449 1349 2806 1416 omnibusque
2836 1343 3135 1404 catholicis,
3165 1340 3360 1410 arquali
3415 1337 3705 1393 voluntate

2103 1442 2369 1508 sufﬁciat,
2425 1439 2571 1510 quod
2617 1437 2728 1492 illic
2776 1435 2878 1490 sibi
2932 1439 3119 1488 sancta
3161 1429 3401 1502 synodus
3446 1427 3706 1483 sufﬁcere

2106 1548 2268 1606 posse
2313 1531 2598 1593 clamavit,
2631 1525 2863 1582 dicendo
2899 1543 2912 1578 :
2945 1522 3253 1578 Nestorium
3308 1528 3364 1574 et
3410 1518 3528 1588 ejus
3567 1517 3710 1585 dog-

2109 1633 2253 1680 mata
2304 1622 2466 1677 modo
2505 1618 2924 1675 anathematizet
2957 1633 2969 1668 :
3001 1630 3112 1685 quo
3135 1612 3483 1667 anathemate
3509 1608 3709 1664 nefan-

2109 1716 2453 1772 dissimorum
2495 1709 2727 1765 Nestorii
2753 1716 2811 1763 et
2838 1705 3154 1778 Eutychetis
3198 1703 3266 1758 ab
3309 1701 3399 1758 Iba
3444 1700 3714 1771 episcopo

1425 1831 1440 1867 :
1479 1809 1674 1880 quibus
1728 1803 2010 1870 diligenter
2040 1801 2085 1860 Β
2113 1808 2274 1864 toties
2326 1807 2551 1870 iterato,
2584 1802 2752 1862 totius
2803 1797 3135 1855 satisfactum
3187 1810 3308 1852 esae
3357 1793 3552 1866 synodi
3601 1807 3711 1848 vo-

2116 1901 2330 1958 luntati.

2189 2012 2285 2068 His
2314 2011 2475 2082 igitur
2495 2025 2524 2064 a
2546 2007 2704 2064 nobis
2718 2020 2840 2062 cum
2867 2003 3016 2060 omni
3045 2002 3282 2072 undique
3303 1998 3516 2055 cautela
3537 2005 3716 2068 atque

2121 2102 2397 2171 diligentia
2426 2107 2652 2169 propter
2691 2093 3016 2153 servandam
3058 2090 3424 2147 inviolabilem
3454 2103 3720 2144 reveren-

2125 2193 2252 2246 tiam
2280 2188 2652 2261 praedictarum
2667 2183 2999 2257 synodorum
3022 2188 3079 2236 et
3097 2178 3412 2236 earumdem
3431 2177 3726 2232 venerabi-

2125 2284 2196 2340 lia
2247 2281 2540 2338 constituta
2584 2277 2860 2348 dispositis
2882 2313 2899 2340 ,
2950 2288 3222 2330 memores
3282 2271 3541 2342 scriptum
3595 2283 3728 2324 esse

2129 2378 2310 2450 (Prov.
2341 2371 2502 2446 xm),
2531 2371 2791 2428 terminos
2816 2375 3034 2440 patrum
3063 2373 3370 2422 nostrorum
3417 2379 3517 2419 nos
3543 2370 3732 2417 trans-

2127 2467 2359 2525 cendere
2380 2481 2488 2520 non
2533 2463 2757 2530 debere,
2801 2459 3089 2516 statuimus
3117 2464 3175 2512 et
3195 2455 3556 2519 decernimus,
3587 2453 3731 2508 nulli

2128 2557 2198 2613 ad
2228 2555 2446 2612 ordines
2487 2560 2543 2608 et
2575 2550 2864 2622 dignitates
2890 2548 3288 2605 ecclesiasticas
3328 2546 3626 2610 pertinenti
3661 2545 3734 2600 Ii-

2131 2663 2254 2705 cere
2301 2645 2594 2715 quidquam
2634 2639 2964 2698 contrarium
3011 2639 3096 2694 bis
3125 2652 3242 2708 quae
3290 2635 3542 2706 praesenti
3572 2650 3736 2690 asse-

2131 2743 2339 2798 ruimus
2366 2739 2452 2794 vel
2482 2736 2767 2793 statuimus
2787 2734 3083 2790 constituto
3111 2731 3180 2786 de
3207 2744 3352 2800 saepe
3372 2728 3532 2785 dictis
3555 2729 3738 2786 tribus

2133 2833 2382 2906 capitulis
2430 2838 2524 2885 aut
2572 2827 2917 2885 conscribere
2944 2825 3030 2882 vel
3071 2821 3339 2896 proferre,
3371 2830 3467 2878 aut
3502 2837 3740 2890 compo-

2137 2943 2268 2984 nere
2315 2924 2401 2980 vel
2427 2923 2646 2989 docere,
2674 2929 2770 2976 aut
2815 2919 3049 2988 aliquam
3079 2923 3204 2988 post
3241 2922 3568 2987 pmentem
3591 2909 3742 2966 diffi-

2135 3020 2399 3076 nitionem
2426 3029 2646 3071 movere
2675 3012 2902 3068 ulterius
2928 3009 3302 3080 quzestionem.
3327 3005 3386 3062 Si
3429 3004 3558 3077 quid
3597 3019 3743 3058 vero

2137 3111 2204 3166 de
2231 3109 2421 3165 iisdem
2469 3105 2644 3162 tribus
2688 3104 2938 3176 capitulis
2961 3111 3154 3159 contra
3179 3100 3296 3156 haec
3317 3113 3438 3170 qua:
3466 3099 3554 3154 hic
3582 3111 3747 3152 asse-

451 3203 712 3274 scriptum
763 3193 940 3264 aliqua
986 3183 1290 3257 requirere,
1315 3175 1403 3234 vel
1454 3173 1679 3274 delinire
1707 3173 1908 3222 certius
2062 3175 2106 3237 ρ
2137 3202 2346 3259 mimus
2366 3199 2454 3257 vel
2481 3165 2789 3263 sumimus"
2833 3196 3054 3251 nomine
3097 3165 3470 3263 cujuscuﬁque
3489 3189 3556 3245 ad
3582 3189 3747 3245 ωδε,

454 3293 641 3356 misse’
671 3284 816 3360 (Ῑυθδ
855 3279 1011 3336 "oms
1057 3283 1188 3355 mne
1227 3276 1350 3363 P9?“
1396 3271 1548 3320 tanta
1597 3269 1841 3363 “’"“?°."‘
1892 3254 2042 3363 v.81?
2138 3309 2236 3350 nes
2267 3301 2325 3348 et
2363 3292 2653 3363 dignitates
2697 3254 3091 3346 ecclesiasticas
3131 3254 3452 3356 pertinentis
3499 3281 3744 3346 factm,

455 3389 640 3458 ἱεηοιει
685 3371 1146 3478 θδῖιεθξίάθθξίξξ
2141 3387 2364 3452 dictum,
2395 3345 2558 3457 alque
2585 3382 2954 3452 conscriptum
2985 3387 3090 3444 est,
3121 3345 3211 3433 vel
3255 3375 3440 3440 fuerit,
3463 3381 3520 3430 et
3539 3388 3570 3427 a
3593 3387 3744 3442 quo-

453 3445 606 3539 ratur
633 3467 951 3530 reverentiae
977 3457 1332 3534 synodorum,
1360 3458 1422 3506 ut
1449 3456 1504 3504 et
1533 3447 1589 3502 in
1607 3445 1693 3500 his
1712 3456 1834 3513 quae
1865 3445 2042 3493 minus

456 3537 850 3638 intelliguntur,
880 3571 1068 3614 earum
1115 3553 1338 3607 cedatur
1377 3539 1706 3618 auctoritati.
1739 3537 1872 3592 ltem
1919 3540 2045 3605 post

595 3625 814 3714 :vSalvis
834 3625 1088 3708 omnibus
1119 3650 1280 3711 atque
1302 3638 1356 3692 in
1382 3651 1476 3690 ~ua
1504 3639 1760 3704 perpetua
1795 3625 2045 3681 ﬁrmitate

460 3717 810 3812 durantibus,
861 3753 982 3812 qum
1029 3736 1082 3792 in
1133 3733 1388 3796 Nicamo,
1427 3717 2043 3788 Constantinopolitano,

458 3805 728 3918 Ephesino
774 3805 970 3907 primo,
1021 3834 1185 3896 atque
1230 3812 1678 3878 Cbalcedonensi,
1725 3805 2048 3865 venerandis

461 3903 714 3995 constant
733 3903 978 3984 conciliis
999 3915 1240 3979 deﬁnita,
1271 3918 1327 3966 et
1343 3905 1802 3979 praedecessorum
1831 3903 2049 3953 nostro-

459 4043 584 4087 rum
629 4019 953 4080 auctoritate
983 4009 1219 4074 ﬁrmata,
1245 4011 1304 4060 et
1342 3998 1551 4058 cunctis
1576 3997 1668 4065 qui
1701 3995 1753 4049 in
1778 4006 2050 4046 memora-

460 4082 758 4176 sanctis
800 4103 1045 4165 conciliis
1072 4094 1306 4154 abdicati
1353 4099 1498 4156 sunt,
1549 4087 1668 4142 sine
1715 4082 2052 4140 dubitatione

461 4205 747 4270 damnatis,
779 4207 834 4256 et
859 4197 946 4252 his
989 4187 1339 4248 nihilominus
1381 4177 1662 4242 absolutis,
1716 4175 1784 4231 de
1813 4187 2046 4246 quorum

572 4264 760 4352 iisdem
801 4285 1025 4362 synodis
1072 4275 1418 4336 absolutione
1447 4272 1724 4328 decretum
1771 4274 1874 4322 est.
1917 4264 2052 4320 Item

610 4385 714 4442 alia
747 4399 761 4436 :

610 4398 714 4442 alla
747 4399 761 4436 ζ

466 4398 910 4535 posAtuatbematis
955 4459 1239 4521 sententiae
1307 4470 1430 4513 eum
1483 4465 1697 4524 quoque
1742 4447 2052 4510 subdentes,

469 4573 560 4645 qui
589 4565 791 4640 quaevis
812 4567 1004 4618 contra
1031 4552 1346 4626 praedictam
1361 4545 1626 4620 synodum
1651 4539 2052 4641 Chalcedonen-
2080 4541 2129 4602 D

469 4630 624 4732 sem,-
637 4660 722 4716 vel
749 4649 1025 4729 praesenti,
1051 4645 1139 4702 vel
1182 4641 1436 4714 quaelibet
1471 4639 1524 4694 in
1567 4636 1669 4691 hac
1696 4646 1858 4688 causa
1885 4630 2000 4686 sive
2024 4642 2056 4682 a

473 4719 647 4819 nobis,
676 4719 791 4806 sive
819 4759 852 4799 a
871 4740 1280 4812 quibuscunque
1307 4736 1458 4800 gesta
1477 4727 1746 4796 scriptave
1773 4719 2057 4777 inveniun-

473 4811 578 4915 tur,
609 4811 709 4917 pro
738 4839 916 4909 aliqua
937 4827 1233 4901 susceperit
1262 4824 1515 4880 ﬁrmitate
1539 4837 1554 4887 ;
1581 4825 1639 4875 et
1683 4823 1868 4872 sancta
1897 4811 2056 4868 Chal-

472 4909 790 4996 cedonensis
816 4924 1074 5001 synodus,
1107 4919 1261 4990 cujus
1285 4927 1479 4984 magna
1527 4918 1584 4967 et
1630 4909 1950 4964 inconcussa
1972 4909 2056 4959 est

474 5029 716 5092 ﬁrmitas,
742 4995 1002 5094 perpetua
1031 5021 1086 5070 et
1123 5007 1454 5073 veneranda,
1484 5003 1623 5058 sicut
1651 4999 1884 5065 Niemna,
1913 4995 2056 5051 Con-

473 5089 950 5187 stantinopolitana
976 5115 1138 5176 atque
1157 5099 1428 5172 Ephesina
1453 5094 1624 5165 prima
1651 5089 1872 5150 habent,
1902 5099 2056 5185 suam

477 5175 729 5272 lubeant.
749 5175 1082 5260 ﬁrmitatem.
1112 5193 1247 5250 Item
1296 5195 1419 5260 post
1447 5183 1551 5240 alia
1585 5201 1598 5236 :
1627 5175 2060 5236 Anatbematiza-

477 5269 594 5360 nius
641 5308 696 5355 et
739 5309 864 5353 eum
909 5300 1126 5360 quoque
1166 5281 1474 5354 quicunque
1505 5281 1744 5330 sanctam
1767 5269 2060 5333 Niczenam,

475 5384 1153 5458 Constantinopolitanam,
1212 5371 1542 5445 Ephesinam
1587 5366 1849 5458 primam,
1900 5367 2063 5458 atque

477 5483 969 5544 Chalcedonensem
991 5467 1359 5528 sanctissimas
1386 5459 1625 5535 synodos
1653 5457 1706 5512 iu
1739 5468 1847 5510 una
1877 5460 1934 5508 et
1961 5451 2064 5506 im-

479 5578 744 5636 maculata
777 5571 880 5626 ﬁde
909 5562 1170 5636 apostolis
1207 5561 1594 5618 consonantes,
1624 5558 1682 5606 et
1730 5547 1798 5602 ab
1852 5550 2066 5615 aposto-

479 5676 595 5730 lica:
643 5667 786 5724 sedis
811 5657 1128 5734 prmsulibus
1152 5653 1457 5713 roboratas,
1483 5661 1592 5702 non
1639 5651 1694 5698 et
1723 5639 1950 5696 ﬁdeliter
1975 5651 2064 5691 se-

479 5769 685 5841 quitUr,
707 5768 761 5818 et
787 5727 1066 5828 aequaliter
1094 5751 1383 5807 veneratur
1415 5757 1428 5793 :
1461 5747 1516 5794 et
1553 5751 1645 5806 qut
1669 5749 1734 5790 ea
1763 5744 1882 5802 quae
1903 5730 1956 5784 in
1985 5727 2067 5841 ip—

481 5820 869 5916 Euadnen;
899 5856 1020 5916 qua:
1067 5835 1274 5912 praefati
1325 5844 1509 5892 sumus
1560 5835 1710 5897 gesta
1767 5829 1914 5888 sunt,
1956 5820 2069 5874 vult

2141 3481 2275 3536 libet
2329 3479 2634 3547 ubicunque
2681 3484 2976 3545 repertum,
3007 3472 3114 3528 hoc
3155 3469 3330 3525 modis
3377 3469 3629 3523 omnibus
3667 3483 3744 3522 ex

2145 3569 2468 3625 auctoritate
2520 3565 2669 3622 sedis
2717 3563 3049 3634 apostolicar,
3082 3562 3168 3618 cui
3213 3577 3310 3633 per
3361 3561 3591 3630 gratiam
3641 3559 3750 3614 Dei

2144 3661 2515 3734 prmsidemus,
2547 3657 2862 3714 refutamus.

2768 3807 3124 3852 SUBSCRIPTIO.

2219 3911 2450 3968 Juvante
2497 3909 2611 3966 Deo
2651 3915 2708 3964 et
2753 3923 2852 3978 per
2890 3905 3056 3976 ipsius
3092 3905 3320 3974 gratiam
3347 3903 3576 3973 Vigilius
3629 3901 3752 3974 epi-

2149 4021 2348 4078 scopus
2372 4012 2572 4062 sanctae
2600 4002 2857 4059 Ecclesia:
2901 3999 3184 4056 catholica:
3216 3999 3364 4055 urbis
3405 3999 3596 4055 Romae
3615 3999 3753 4056 huic

2150 4099 2446 4154 constituto
2469 4103 2656 4152 nostro
2674 4092 2986 4163 subscripsi.

2527 4249 2962 4292 SUBSCBIPTIONES
2998 4247 3382 4289 EPISCOPOBUI.

2226 4338 2461 4396 Joannes
2483 4336 2781 4408 Episcopus
2802 4334 3058 4390 Ecclesia:
3079 4332 3380 4388 Marsorum
3401 4329 3528 4387 huic
3547 4332 3755 4390 consti-

2158 4440 2276 4488 tuto
2306 4429 2653 4487 consentiens
2680 4427 2992 4498 subscripsi.

2227 4529 2513 4584 Zacclueus
2538 4525 2825 4598 episcopus
2845 4523 3098 4581 Ecclesia:
3117 4523 3446 4597 Scyllaceum
3471 4524 3597 4582 huic
3617 4541 3757 4582 con-

2164 4623 2353 4679 stituto
2375 4620 2722 4678 consentiens
2744 4617 3060 4688 subscripsi.

2233 4713 2426 4770 Pastor
2471 4708 2839 4766 misericordia
2873 4708 2972 4763 Dei
3019 4707 3304 4778 episcopus
3349 4705 3604 4761 Ecclesiae
3632 4705 3758 4760 Ico-

2161 4804 2363 4860 niensis
2392 4799 2711 4870 metropolis
2735 4799 2861 4854 huic
2901 4801 3196 4854 constituto
3251 4797 3600 4852 consentiens
3625 4797 3756 4852 sub-

2159 4894 2368 4965 scripsi.

2234 4986 2549 5040 Vincentius
2565 4983 2850 5054 episcopus
2871 4979 3369 5050 Claudiopolitanus
3389 4980 3762 5048 metropolcos

2165 5077 2292 5132 huic
2321 5074 2614 5131 constituto
2635 5073 2982 5128 consentiens
3008 5069 3317 5137 subscripsi.

2238 5168 2522 5224 Z.:cch:eus
2568 5166 2854 5236 episco,‘us
2896 5168 3118 5230 rogatus
3172 5176 3202 5214 a
3253 5160 3416 5215 fratre
3464 5159 3762 5216 Valentino

2168 5262 2425 5330 episcopo
2481 5257 2640 5314 Silva:
2670 5253 2949 5322 Candidas,
2976 5253 3094 5322 ipso
3145 5258 3410 5321 prmsente
3448 5259 3504 5305 et
3532 5266 3769 5306 consen-

2171 5357 2338 5410 tiente
2393 5361 2448 5407 et
2500 5349 2630 5404 mihi
2680 5347 2936 5410 dictante,
2979 5343 3106 5399 huic
3151 5341 3447 5398 constituto
3496 5357 3596 5411 pro
3635 5341 3762 5414 ipso

2171 5443 2480 5514 subscripsi.

2241 5536 2484 5592 Julianus
2535 5532 2752 5589 humilis
2798 5529 3088 5600 episcopus
3142 5522 3396 5580 Ecclesia:
3447 5520 3760 5593 Cingulaua'

2173 5629 2298 5684 huic
2320 5627 2614 5682 constituto
2641 5621 2989 5678 consentiens
3016 5613 3324 5686 subscripsi.

2247 5719 2442 5774 Paulus
2459 5717 2673 5772 humilis
2693 5713 2860 5782 gratia
2881 5711 2976 5765 Dei
2999 5709 3284 5778 episcopus
3306 5703 3562 5762 Ecclesia:
3578 5705 3755 5777 Ulpia-

2177 5813 2356 5869 ncusis
2403 5812 2526 5866 huic
2573 5807 2888 5871 constituto,
2917 5799 3063 5873 quod
3093 5797 3430 5856 beatissimus
3457 5811 3597 5868 papa
3623 5795 3772 5870 \‘igi—
