3986 6364
255 349 364 408 “3

1450 349 1802 404 EI’lS’l‘OL
1843 349 1928 403 ET
1970 349 2307 404 DECRETA.

3445 355 3544 410 ηδ

253 470 359 524 lius
387 470 442 523 in
487 485 650 525 causa
698 471 864 525 trium
917 472 1276 542 capitulorum
1299 470 1540 541 protulit,
1573 469 1640 524 ad
1667 471 1848 524 omnia
1881 488 1924 541 Α
2026 469 2269 524 Julianus
2297 471 2582 540 cpiscopus
2635 471 2889 527 Ecclesue
2935 472 3230 530 Melitensis
3252 473 3377 529 huic
3416 489 3546 530 cou-

251 559 618 630 suprascripta
645 563 1000 616 consentiens
1021 563 1338 632 subscripsi.

328 659 611 729 Projectus
652 663 944 733 episcopus
973 663 1269 718 Nassitana:
1297 662 1530 718 civitatis
1572 661 1698 717 huic
1725 677 1860 717 cou-

252 753 450 807 stituto
475 754 827 808 consentiens
855 754 1170 824 subscripsi.

327 852 598 908 Fabianus
623 854 799 922 gratia
851 854 948 908 Dei
993 853 1280 926 episcopus
1307 853 1636 923 Zapparenm
1665 851 1856 905 civita-

255 941 330 997 tis
366 943 491 998 nuit:
520 943 840 1006 constituto,
873 942 1016 1013 quod
1053 943 1397 996 beatissimus
1445 957 1583 1011 papa
1632 939 1856 1008 Vigilius

255 1033 309 1086 in
342 1049 504 1088 causa
529 1034 688 1088 trium
720 1034 1082 1104 capitulorum
1108 1033 1349 1104 protulit,
1376 1033 1441 1087 ad
1467 1033 1646 1086 omnia
1673 1045 1858 1102 supra-

253 1125 460 1193 scripta
487 1125 838 1180 consentiens
861 1125 1172 1196 subscripsi.

329 1235 626 1294 Primasius
654 1237 750 1293 Dei
780 1239 952 1308 gratia
979 1239 1266 1308 episcopus
1293 1236 1524 1292 civitatis
1552 1233 1855 1290 Adrumeti-

255 1343 361 1394 me,
393 1345 514 1399 qua:
539 1331 705 1385 etiam
732 1329 1179 1400 Justinianopolis
1207 1329 1421 1395 dicitur,
1446 1329 1661 1384 concilii
1696 1327 1856 1399 Byza-

252 1421 415 1486 ceni,
460 1420 586 1476 huic
633 1422 971 1486 constituto,
1001 1421 1146 1490 quod
1201 1420 1393 1475 beatus
1440 1433 1579 1490 papa
1632 1417 1856 1486 Vigilius

256 1515 312 1569 in
364 1529 527 1570 causa
583 1514 754 1569 trium
810 1513 1169 1584 capitulorum
1211 1511 1467 1583 protulit,
1509 1510 1855 1565 consentiens

251 1604 572 1676 subscripsi.

325 1715 638 1784 Stephanus
690 1713 980 1786 episcopus
1025 1713 1276 1770 Ecclesiae
1329 1712 1701 1770 Ariminensis'
1727 1712 1856 1768 huic

255 1807 552 1860 constituto
573 1807 926 1862 consentiens
953 1805 1265 1877 subscripsi.

1959 560 2149 616 stituto
2170 560 2514 615 consentiens
2539 560 2856 630 subscripsi.

2032 651 2362 720 Redemptus
2392 651 2678 720 episcopus
2723 650 2978 706 Ecclesia:
3026 651 3374 708 Nomentana:
3421 651 3548 708 huic

1959 740 2253 795 constituto
2273 741 2617 795 consentiens
2640 740 2952 810 subscripsi.

2034 830 2325 887 Venantius
2353 832 2638 902 episcopus
2663 829 2914 886 Ecclesiae
2942 831 3241 902 Lippiensis
3267 831 3548 907 [Liparen-

1958 919 2054 992 sis]
2085 921 2211 977 huic
2235 923 2530 977 constituto
2559 925 2906 977 consentiens
2926 923 3240 992 subscripsi.

2031 1011 2434 1079 Quodvultdeus
2457 1014 2744 1084 episcOpus
2773 1013 3024 1070 Ecclesia:
3052 1014 3309 1070 Numanus
3342 1015 3538 1088 [Nuce-

1959 1101 2124 1176 rame]
2156 1103 2279 1158 huic
2305 1105 2602 1160 constituto
2632 1106 2980 1160 consentiens
3003 1106 3324 1176 subscripsi.

2033 1193 2414 1264 Theophanius
2462 1195 2878 1251 archidiaconus
2927 1205 3129 1252 sancta:
3160 1196 3415 1253 Ecclesia:
3445 1195 3547 1251 Ro-

1959 1302 2132 1340 manae
2153 1287 2277 1341 huic
2303 1287 2600 1342 constituto
2629 1289 2973 1344 consentiens
2995 1289 3305 1360 subscripsi.

2029 1374 2275 1446 Pelagius
2303 1377 2596 1432 miserante
2627 1377 2740 1433 Deo
2766 1379 3027 1434 diaconus
3055 1387 3260 1435 sancta:
3288 1377 3554 1434 Ecclesia:-

1961 1465 2218 1521 Romana:
2247 1466 2372 1522 huic
2395 1467 2692 1522 constituto
2719 1469 3065 1524 consentiens
3093 1469 3408 1538 subscripsi.

2031 1555 2225 1612 Petrus
2272 1556 2562 1610 miserante
2601 1557 2712 1612 Dco
2759 1567 2958 1613 sancte.
3003 1558 3260 1615 Ecclesia:
3287 1557 3548 1614 Romana:

1959 1645 2219 1702 diaconus
2243 1645 2369 1702 huic
2397 1647 2693 1701 constituto
2722 1648 3069 1703 consentiens
3095 1647 3412 1718 subscripsi.

2045 1737 2238 1793 Datum
2265 1737 2439 1806 pridie
2469 1737 2584 1793 idus
2617 1736 2758 1801 Maii,
2788 1739 3086 1808 imperante
3111 1739 3334 1794 domino
3361 1745 3556 1793 nostra

1958 1827 2261 1884 Justiniano
2298 1837 2560 1898 perpetuo
2600 1826 2841 1898 Augusto
2885 1845 3030 1885 anno
3071 1828 3141 1882 27
3189 1836 3316 1900 post
3352 1843 3548 1885 consuo

323 1921 640 1977 Alexander
659 1921 949 1992 episcopus
989 1920 1245 1976 Ecclesia:
1283 1919 1549 1976 Melitenen
1574 1919 1700 1974 huic
1724 1934 1856 1975 con-
1886 1889 1934 1950 Β
1961 1919 2131 1974 latum
2160 1889 2340 1975 Basilii
2365 1889 2465 1972 viri
2487 1889 2771 1972 clarissimi
2793 1933 2935 1974 anno
2965 1917 3036 1972 l2
3080 1919 3135 1973 in
3161 1889 3551 1974 Constantino-

254 2015 438 2070 stituto
469 2017 829 2072 consentiens
849 2015 1160 2085 subscripsi.

1961 2012 2204 2082 politam
2229 2010 2446 2067 civitate
2469 2009 2642 2080 (Anno
2664 2010 2858 2066 Christi
2879 2008 3028 2082 555).

1233 2261 1622 2324 EPISTOLA
1669 2260 2011 2322 LEGATIS
2054 2259 2571 2334 FRANCORUM,

618 2400 729 2454 ρυι
773 2399 1409 2446 οοπςτικτιηοιιοιιιι
1453 2401 2103 2458 PROFICISCEBANTUB,
2149 2403 2230 2445 AB
2273 2381 2504 2444 iTALIB
2547 2400 2833 2444 CLERICIS
2879 2401 3176 2456 DIBBCTA,

259 2503 392 2582 Qua
418 2512 777 2588 suggerunt
809 2512 882 2566 ut
919 2505 1158 2585 Vigilio
1193 2523 1371 2588 papa:
1407 2515 1460 2588 et
1504 2505 1696 2588 _Dacio
1729 2507 2014 2588 episcopo
2055 2507 2543 2588 Mediolanensi,
2571 2506 2686 2584 qui
2736 2507 2806 2568 in
2841 2507 3048 2588 eadem
3079 2507 3231 2568 urbe
3257 2507 3332 2570 ob
3357 2510 3556 2572 trium

341 2584 781 2668 capitulorum
829 2583 1320 2647 controversiam
1365 2583 1440 2646 ab
1495 2583 1865 2664 imperatore
1903 2583 2280 2651 Iustiniano
2328 2583 2746 2661 curabuntur,
2819 2587 3044 2649 solatio
3087 2596 3269 2668 atque
3304 2589 3552 2651 auxilio

340 2683 464 2725 esse
490 2662 819 2725 studeant.

798 2873 938 2930 JAC.
979 2873 1304 2929 Sll'lllltle

565 2981 861 3023 ADIONITIO
891 2983 958 3021 DE
990 2981 1248 3020 EPIS'I'OLA
1279 2981 1558 3030 SEQUENTI.

343 3058 412 3115 Ut
440 3065 734 3130 sequentem
764 3055 1035 3123 epistolam
1065 3055 1160 3108 hoc
1189 3054 1301 3108 loco
1330 3055 1726 3125 subjiccrcmus,
1759 3069 1862 3108 non

268 3152 321 3205 id
348 3150 518 3206 soluat
533 3147 720 3212 suasit,
747 3145 882 3218 quod
909 3145 1217 3199 mentionem
1244 3145 1406 3216 faciat
1433 3145 1665 3214 epistolae
1686 3144 1864 3216 l’igilii

269 3259 421 3312 papa
457 3240 527 3295 ad
569 3239 908 3293 Aurelianum
945 3237 1298 3291 Arelatensem
1321 3276 1335 3300 ,
1377 3253 1530 3307 quam
1561 3237 1714 3306 paulo
1744 3247 1864 3289 ante

269 3334 633 3404 produximus,
659 3329 893 3403 quodque
921 3346 1034 3383 cum
1063 3328 1133 3382 ad
1155 3327 1480 3382 Francorum
1509 3327 1702 3398 legatos
1733 3328 1864 3381 scri-

271 3435 360 3497 pta
381 3427 471 3489 sit,
497 3423 562 3478 ab
583 3425 818 3478 instituto
846 3433 1024 3476 nostro
1046 3421 1218 3474 aliena
1242 3421 1454 3474 minime
1475 3419 1708 3474 videatur
1730 3436 1748 3474 :
1773 3420 1866 3473 sed

274 3522 368 3574 hoc
405 3520 566 3572 etiam
605 3517 860 3587 imprimis
894 3513 1144 3585 permovit
1167 3551 1182 3576 ,
1227 3511 1363 3584 quod
1402 3510 1471 3564 ad
1499 3511 1864 3564 illustrandum

282 3609 464 3682 l’igilii
493 3625 665 3663 rerum
694 3607 966 3661 historiam
996 3607 1157 3660 multa
1201 3603 1461 3658 contineat
1491 3618 1606 3673 qua:
1629 3603 1754 3656 alibi
1782 3604 1865 3656 vix

273 3709 551 3755 occurrant
579 3715 598 3754 :
625 3699 722 3753 etsi
767 3696 904 3770 quod
948 3696 1017 3751 ad
1061 3695 1154 3750 illa
1192 3704 1387 3766 spectat
1431 3708 1546 3766 qua:
1587 3695 1639 3748 in
1683 3695 1869 3750 Sancti

344 3895 370 3922 ι
418 3881 536 3938 Etsi
598 3883 922 3954 subscriptio
985 3883 1298 3954 nullauest,
1355 3889 1533 3938 tamen
1573 3898 1681 3952 quo
1721 3899 1864 3938 anno

273 3955 472 4024 scripta
500 3951 825 4024 sitfepistola
859 3955 971 4024 ipsa
1017 3951 1222 4024 prodit,
1271 3967 1390 4024 qua:
1421 3951 1635 4024 sextum
1664 3968 1862 4008 annum

273 4021 524 4078 numerat
551 4023 616 4078 ab
637 4021 890 4091 ingressu
921 4023 1096 4090 Vigilii
1128 4038 1278 4092 papa:
1305 4023 1356 4076 in
1386 4023 1570 4077 urbem
1599 4021 1866 4077 Constan-

274 4094 686 4162 tinopolitanam
709 4132 724 4156 ,
752 4093 1047 4148 secundum
1089 4108 1157 4146 ex
1191 4107 1300 4160 quo
1331 4092 1640 4146 Anastasius
1667 4093 1734 4146 ab
1765 4095 1866 4148 Au-

273 4161 565 4218 relianensi
613 4164 807 4218 missus
854 4163 1028 4216 fuerat
1075 4161 1142 4215 ad
1189 4162 1459 4229 Vigilium.
1522 4163 1863 4216 Anastasium

273 4234 416 4288 cnim
445 4248 589 4287 anno
618 4232 814 4287 Christi
845 4231 948 4285 550
977 4231 1043 4286 ad
1075 4231 1322 4302 Vigilium
1355 4231 1524 4302 pridie
1556 4232 1672 4287 idus
1697 4229 1866 4287 Julias

275 4303 588 4372 pervenisse
623 4303 808 4358 docuit
843 4301 1130 4372 epistola}
1173 4300 1368 4372 Vigilii.
1411 4300 1654 4368 Vigiliom
1697 4317 1863 4371 porro

273 4370 804 4440 Constantinopolim
843 4370 986 4426 anno
1023 4370 1124 4424 547
1168 4371 1386 4440 ineunte
1417 4370 1712 4438 ingreSsum
1743 4387 1864 4426 esse

274 4451 464 4511 auctor
484 4449 572 4496 est
598 4439 651 4496 in
673 4441 942 4496 Chronico
971 4441 1328 4511 Marcellinus.
1361 4439 1708 4511 Consequens
1735 4456 1864 4511 ergo

227 4579 231 4582 .
277 4510 373 4566 fuit
401 4519 461 4566 ut
489 4512 775 4582 epistolam
813 4526 971 4582 anno“
993 4510 1100 4564 552
1126 4509 1568 4582 ascribercmusﬁ
1591 4509 1707 4582 Jac.
1751 4510 1866 4565 Sta-

273 4579 610 4637 IONDUS._--
634 4580 790 4637 Hunc
836 4581 1070 4635 libellum
1096 4579 1436 4650 MSAirmondus
1479 4589 1598 4650 post
1647 4581 1860 4636 Baronii

275 4661 504 4707 mortem
536 4651 792 4720 vulgavit,
815 4665 1062 4719 annoque
1091 4648 1198 4720 552
1221 4648 1490 4718 scriptum
1510 4650 1754 4720 credidit,
1783 4653 1860 4706 uti

272 4722 436 4777 etiam
466 4717 709 4778 Cointius
732 4721 800 4775 ad
829 4717 1025 4775 annum
1053 4719 1177 4774 552.
1209 4717 1407 4774 Verum
1438 4735 1580 4774 anno
1611 4717 1704 4773 551
1740 4736 1863 4775 exa-

277 4801 455 4846 ratum
509 4790 850 4848 demonstrat
917 4790 1065 4844 card.
1109 4790 1349 4844 Norisios
1409 4788 1472 4843 in'
1521 4790 1734 4844 dissert.
1793 4791 1862 4847 de

273 4877 306 4918 ν
333 4861 544 4932 synodo
567 4901 583 4926 ,
617 4877 693 4932 ex
721 4876 788 4932 eo
816 4861 958 4932 quod
987 4860 1040 4914 in
1087 4875 1155 4915 eo
1203 4861 1345 4914 nulla
1368 4859 1566 4932 rVigrilii
1591 4858 1744 4932 fugae
1784 4860 1858 4932 ad

273 4929 575 5001 proximam
604 4929 962 5001 Chalcedonis
991 4932 1179 4985 urbem
1213 4931 1418 5001 mentio
1457 4931 1545 5001 sit.
1585 4929 1855 4995 Secundo,

271 4999 397 5070 quia
425 5002 480 5056 in
507 5014 574 5056 eo
600 4999 783 5072 libello
811 5001 1088 5064 scribitur,
1116 4999 1263 5072 quod
1290 5000 1599 5054 Anastasius
1629 5001 1856 5072 quidam,

273 5088 420 5144 quem
449 5079 659 5144 sanctus
678 5070 948 5142 episcopus
970 5070 1276 5144 Aurelianus
1293 5070 1862 5144 Arelatensis'civitatis

273 5138 344 5212 ad
368 5138 733 5212 beatissimum
763 5138 954 5212 papam
997 5151 1117 5194 ante
1154 5140 1249 5212 hoc
1287 5138 1543 5212 biennium
1581 5139 1862 5212 direxerat,

1967 2875 2112 2930 Petri
2143 2877 2196 2930 in
2230 2876 2516 2932 llormisda
2545 2877 2762 2931 basilica
2787 2894 2880 2949 per
2904 2879 3005 2934 vim
3031 2887 3212 2934 contra
3238 2879 3385 2934 illum
3410 2889 3554 2952 gesta

1965 2976 2350 3032 commemorat,
2383 2968 2564 3022 cadent
2589 2968 2705 3038 ipsa
2733 2969 3106 3039 conﬁrmantur
3133 2970 3189 3024 in
3215 2970 3377 3041 ips'us
3409 2970 3554 3040 Vigi-

1964 3058 2022 3112 lii
2049 3058 2266 3126 epistola
2298 3055 2388 3123 15,
2419 3073 2535 3128 qua:
2573 3075 2689 3112 cum
2731 3059 2913 3113 mutila
2945 3061 3014 3114 sit
3040 3061 3094 3114 in
3124 3061 3343 3131 vulgatis
3373 3077 3550 3116 exem-

1965 3148 2214 3219 plaribus,
2246 3151 2449 3218 integra
2477 3156 2648 3202 exstat
2673 3149 2727 3201 in
2757 3148 2932 3202 codice
2959 3151 3312 3220 manuscripto
3345 3149 3555 3205 Sanctae

1969 3238 2026 3292 Μ
2029 3241 2158 3294 ariae
2185 3238 2508 3307 Rhemensis,
2540 3254 2606 3292 ex
2625 3255 2724 3309 quo
2751 3247 2802 3294 et
2829 3239 2964 3293 lianc
2992 3257 3190 3312 quoque
3215 3251 3445 3296 nostram
3465 3242 3555 3296 de-

1968 3333 2328 3404 prompsimus.

2347 3504 2374 3533 ι
2399 3493 2734 3552 EPISTOLA
2761 3495 3194 3553 LEGATARIIS.

2039 3605 2116 3660 Ita
2144 3621 2202 3660 se
2230 3605 2285 3660 in
2314 3606 2564 3663 omnibus
2603 3607 2852 3676 gentibus
2879 3607 3182 3664 Christiana
3221 3605 3352 3664 lides
3385 3607 3555 3677 gratia

1969 3697 2149 3752 divina
2191 3704 2455 3766 operante
2495 3693 2783 3763 dili'undit,
2821 3703 2884 3752 ut
2910 3697 3308 3768 quantumlibet
3352 3698 3474 3768 quis
3501 3699 3554 3756 in

1974 3882 2078 3937 line
2107 3897 2292 3936 earum
2320 3881 2545 3950 legitur;
2593 3897 2760 3952 quare
2789 3899 2910 3940 cum
2949 3891 3074 3940 ante
3109 3883 3386 3939 biennium
3415 3885 3558 3940 idem

1972 3953 2040 4024 ad
2070 3952 2320 4024 Vigilium
2350 3953 2601 4024 venerit,
2625 3953 2836 4007 libellus
2865 3954 2966 4024 iste
2995 3969 3136 4009 anno
3165 3953 3262 4007 551
3299 3955 3553 4024 scriptus.

1973 4021 2238 4076 Pratterea
2268 4022 2383 4077 hmc
2410 4023 2461 4076 in
2492 4037 2559 4078 eo
2589 4021 2837 4090 leguntur
2868 4040 2881 4076 :
2921 4022 3142 4077 Veniens
3171 4024 3310 4077 enim
3335 4021 3558 4078 ibi’ante

1971 4110 2064 4147 sea:
2099 4108 2266 4146 annos
2305 4094 2432 4164 istos
2462 4091 2786 4164 beatissimus
2814 4109 2951 4162 papa
2989 4092 3244 4164 Vigilius,
3276 4095 3440 4164 magis
3468 4110 3556 4164 au-

1973 4172 2103 4224 tem,
2134 4173 2189 4233 ut
2218 4162 2354 4233 quod
2384 4165 2548 4216 verius
2577 4171 2650 4216 est
2678 4163 2909 4226 dicatur,
2939 4162 3100 4233 prope
3128 4162 3374 4233 violenter
3401 4163 3555 4216 dedu-

1973 4179 2103 4224 tem,
2135 4179 2189 4214 ut
2251 4179 2354 4216 noa
2384 4179 2548 4216 verius
2577 4179 2650 4216 est
2678 4179 2909 4226 azcamr,
2939 4179 3100 4233 prope
3128 4179 3374 4217 ualenter
3401 4179 3555 4216 aeau-

1969 4242 2098 4304 ctus.
2133 4179 2444 4304 Etgligilius
2471 4233 2522 4286 in
2547 4249 2642 4287 sua
2671 4233 3092 4304 encyclicaAdata
3121 4232 3204 4286 die
3223 4231 3556 4304 5_Febmarii

1969 4303 2095 4356 anni
2140 4300 2444 4372 552,_’ante
2485 4313 2676 4372 septem
2718 4300 2886 4372 annos
2931 4302 3100 4356 Roma
3143 4317 3202 4358 se
3243 4301 3556 4358 discessisse

1971 4379 2220 4443 testatur.
2231 4441 2239 4443 _
2267 4370 2324 4443 Si
2353 4370 2549 4441 itaque
2567 4388 2751 4443 annos
2792 4371 2899 4426 552
2929 4373 3192 4443 septimus
3210 4380 3296 4443 est
3325 4387 3356 4426 a
3386 4372 3556 4443 prole-

1971 4443 2150 4496 ctione
2179 4441 2356 4510 Vigilii
2393 4440 2462 4497 es
2501 4442 2633 4498 urbe
2673 4442 2844 4498 Roma
2867 4485 2882 4510 ,
2917 4440 3090 4497 annus
3129 4440 3223 4495 551
3259 4440 3445 4497 sextus
3472 4454 3556 4497 est

1971 4513 2039 4581 ab
2081 4511 2268 4581 eadem
2317 4511 2650 4581 profectione
2681 4529 2695 4565 :
2729 4528 2836 4566 non
2886 4528 3017 4566 vero
3055 4513 3124 4566 ab
3160 4513 3278 4579 ejus
3319 4511 3553 4566 adventu

1969 4579 2522 4661 Constantinopolim,
2554 4582 2622 4636 ad
2655 4596 2815 4652 quem
2849 4581 3032 4638 clerici
3061 4581 3228 4636 Italia:
3255 4598 3363 4638 non
3392 4583 3563 4653 respi—

1967 4659 2133 4706 ciunt.

2040 4721 2225 4791 Neque
2272 4721 2392 4791 quis
2439 4722 2586 4776 dicat
2630 4737 2750 4776 cum
2795 4721 3083 4778 Sirmondo
3125 4721 3176 4776 in
3207 4720 3435 4788 epistola
3465 4720 3554 4777 illa

1969 4793 2238 4847 numerari
2265 4800 2474 4847 sextum
2505 4805 2702 4845 annum
2728 4793 2795 4846 ab
2822 4793 3061 4860 ingressu
3092 4791 3266 4860 Vigilii
3295 4791 3554 4846 Constan-

1969 4861 2274 4932 tin0polim,
2303 4861 2597 4932 secundum
2623 4875 2754 4932 vero
2776 4877 2843 4916 ex
2866 4876 2974 4930 quo
3003 4863 3314 4932 Anastasius
3339 4862 3406 4915 ab
3429 4861 3556 4932 Are-

1969 4930 2164 4986 latensi
2193 4930 2884 5002 episeopo_missusnluerat
2921 4931 2987 4986 ad
3021 4931 3302 4998 Vigilium;
3334 4939 3388 5002 et
3418 4931 3556 5002 Ana-

1969 5003 2193 5072 stasium
2231 4998 2391 5072 anno
2429 4999 2630 5072 Christi
2673 4998 2777 5054 550
2815 5000 2883 5072 ad
2925 5001 3176 5070 Vigilium
3222 5001 3390 5072 pridie
3435 5001 3552 5054 idus

1966 5071 2138 5141 Iulias
2166 5071 2476 5141 pervenisse
2497 5108 2512 5132 ,
2563 5071 2813 5141 huncque
2839 5069 3360 5140 Constantinopolim
3409 5085 3550 5141 anno

1967 5140 2068 5195 547
2091 5139 2310 5196 ineunte
2333 5141 2602 5195 introisse.
2640 5139 2774 5196 Nam
2796 5142 3124 5206 Anastasius,
3150 5139 3256 5194 non
3287 5139 3550 5208 superiori

272 5211 465 5282 ibidem
508 5211 564 5282 in
613 5209 800 5282 Galliis
821 5209 1022 5282 faliqua
1066 5211 1372 5282 mentiatur,
1401 5211 1522 5280 quia
1559 5219 1627 5282 et,
1647 5211 1787 5282 ipse,
1806 5219 1865 5282 ut
1966 5227 2128 5282 anno,
2157 5211 2252 5266 sed
2277 5225 2418 5266 anno
2448 5209 2569 5282 549,
2593 5210 3112 5282 Constantinpolim
3139 5211 3402 5282 pervenit,
3430 5210 3549 5282 ipso

273 5279 726 5349 Constantinopoli
755 5281 900 5334 exire
919 5279 1115 5351 posset,
1143 5279 1464 5351 promisitse
1489 5279 1719 5351 omnium
1745 5279 1868 5336 ϐαι·
1967 5281 2162 5351 Vigilio
2185 5290 2323 5336 teste
2351 5283 2404 5336 in
2432 5281 2660 5351 epistola
2688 5296 2815 5335 mox
2837 5279 3021 5351 citata,
3050 5279 3155 5351 θεέ
3177 5279 3406 5351 Barouio
3430 5280 3550 5336 loco

273 5351 564 5422 lica‘norum
609 5351 968 5422 episcoporum
1016 5349 1086 5403 ad
1133 5349 1435 5422 damnanda
1471 5350 1729 5422 Acapitula'
1768 5368 1863 5422 pro

271 5419 454 5492 quibus
483 5420 592 5475 lucc
619 5419 874 5492 scandala
903 5427 1018 5473 orta
1046 5427 1199 5492 sunt,
1229 5419 1429 5492 animos
1465 5419 1734 5492 inclinare.
1767 5419 1862 5477 Cui

273 5487 322 5545 et
341 5492 558 5561 prwmia
579 5491 807 5558 plurima
835 5487 1014 5561 dantes
1041 5489 1272 5544 districte
1294 5488 1364 5542 ibi
1390 5489 1454 5542 de
1481 5491 1577 5544 hoc
1597 5489 1860 5558 implendo

270 5559 600 5614 sacramenta
621 5567 878 5631 privatam
904 5559 1166 5631 (xerunt;
1197 5567 1371 5612 etnon
1399 5561 1742 5631 permiserunt
1769 5577 1860 5631 per

269 5631 509 5685 eumdem
537 5627 1266 5700 Anastasium_;beatissimum
1295 5627 1482 5700 papam
1511 5630 1633 5700 quid
1661 5631 1714 5683 in
1744 5627 1859 5698 ipsa

270 5717 432 5755 causa
457 5709 699 5772 ageretur
727 5695 980 5772 fratribus
1009 5700 1112 5752 suis
1130 5695 1393 5772 episcopis
1411 5695 1720 5772 Callicanis
1737 5695 1863 5772 seri;

269 5772 404 5836 bere,
437 5766 544 5826 etc.
605 5769 678 5822 At
717 5766 1034 5838 Anastasius
1061 5766 1248 5838 pridie;
1259 5766 1376 5838 idus
1403 5766 1569 5838 Julias
1590 5768 1724 5838 anni
1754 5766 1858 5822 549

265 5839 476 5900 litteras
501 5835 917 5898 Aurelianensis
943 5835 1180 5910 episcopi
1207 5836 1401 5906 Vistilio
1429 5835 1684 5907 tradidit,
1717 5846 1774 5896 ut
1802 5839 1856 5896 in

1963 5347 2064 5408 suo
2091 5351 2335 5407 recitata.
2368 5351 2443 5406 Ea
2470 5347 2615 5405 enim
2646 5352 2794 5404 tertio
2819 5349 3064 5402 calendas
3092 5347 3227 5402 Maii
3249 5350 3377 5403 anui
3401 5352 3548 5418 quin-

1951 5422 2248 5491 gentesimi
2289 5421 2713 5490 quinquagesimi
2757 5419 2953 5491 scripta
2979 5459 2994 5482 ,
3028 5419 3080 5474 in
3108 5433 3213 5486 qua
3245 5421 3436 5491 asserit
3466 5419 3548 5491 Vi-

2001 5493 2120 5548 ilius
2145 5507 2206 5547 se
2233 5487 2327 5546 eas
2353 5487 2558 5546 litteras
2597 5487 2875 5543 Anastasio
2910 5487 3202 5559 deferente,
3224 5489 3400 5559 pridie
3426 5490 3547 5545 idus

1999 5563 2136 5616 ulias
2169 5561 2469 5632 suscepisse
2490 5601 2506 5625 ,
2535 5561 2785 5632 ideoque
2835 5559 3379 5632 pridie__idus___.lulias
3421 5563 3547 5632 anni

1963 5629 2377 5701 quingentesimi
2422 5630 2568 5686 noui.
2617 5629 2856 5698 Denique
2903 5629 3112 5701 libellus
3149 5629 3238 5701 ille
3268 5643 3412 5682 anno
3444 5629 3548 5683 552

1961 5698 2194 5772 scrip—tus
2230 5715 2509 5772 essenon
2533 5700 2735 5772 potuit,
2785 5715 2906 5772 c_um
2931 5741 2946 5765 ,
2976 5707 3035 5752 ut
3062 5698 3390 5772 titulus‘eLos
3421 5710 3548 5769 prte-

1961 5767 2095 5836 fert,
2125 5771 2352 5826 traditus
2383 5767 2550 5826 fuerit
2580 5767 3118 5841 legatis__Francorum
3137 5807 3151 5829 ,
3179 5769 3274 5841 qui.
3289 5767 3545 5841 Constan-

1961 5835 2230 5915 tinopolim
2252 5835 2708 5916 proﬁciscebantur
2755 5837 2821 5894 Hi
2843 5847 3019 5894 autem
3043 5835 3305 5892 annoiib'l
3334 5854 3364 5894 a
3389 5839 3547 5893 Theo-
