  <div class='ocr_page' id='page_1' title='image "/cluster/home/n/w/nwhite01/storage/ocr_20150623/69/umn.31951002477362u/065.png"; bbox 0 0 3986 6428; ppageno 0'>
   <div class='ocr_carea' id='block_1_1' title="bbox 412 348 512 405">
    <p class='ocr_par' dir='ltr' id='par_1_1' title="bbox 412 348 512 405">
     <span class='ocr_line' id='line_1_1' title="bbox 412 348 512 405; baseline 0 -1"><span class='ocrx_word' id='word_1_1' title='bbox 412 348 512 405; x_wconf 78' lang='lat'><strong>“5</strong></span> 
     </span>
    </p>
   </div>
   <div class='ocr_carea' id='block_1_2' title="bbox 1814 343 2282 403">
    <p class='ocr_par' dir='ltr' id='par_1_2' title="bbox 1814 343 2282 403">
     <span class='ocr_line' id='line_1_2' title="bbox 1814 343 2282 403; baseline -0.009 0"><span class='ocrx_word' id='word_1_2' title='bbox 1814 345 2037 403; x_wconf 73' lang='lat' dir='ltr'><strong>ViGlLll</strong></span> <span class='ocrx_word' id='word_1_3' title='bbox 2079 343 2282 401; x_wconf 68' lang='grc' dir='ltr'><strong>ΡΛΡΑΞ</strong></span> 
     </span>
    </p>
   </div>
   <div class='ocr_carea' id='block_1_3' title="bbox 3590 354 3694 404">
    <p class='ocr_par' dir='ltr' id='par_1_3' title="bbox 3590 354 3694 404">
     <span class='ocr_line' id='line_1_3' title="bbox 3590 354 3694 404; baseline 0.019 -2"><span class='ocrx_word' id='word_1_4' title='bbox 3590 354 3694 404; x_wconf 73' lang='grc' dir='ltr'><strong>τευ</strong></span> 
     </span>
    </p>
   </div>
   <div class='ocr_carea' id='block_1_4' title="bbox 408 457 3691 532">
    <p class='ocr_par' dir='ltr' id='par_1_4' title="bbox 408 457 3691 532">
     <span class='ocr_line' id='line_1_4' title="bbox 408 457 3691 532; baseline -0.001 -14"><span class='ocrx_word' id='word_1_5' title='bbox 408 463 512 519; x_wconf 87' lang='lat' dir='ltr'><strong>isto</strong></span> <span class='ocrx_word' id='word_1_6' title='bbox 536 463 733 518; x_wconf 63' lang='lat' dir='ltr'><strong>saeculo</strong></span> <span class='ocrx_word' id='word_1_7' title='bbox 762 459 1024 532; x_wconf 83' lang='lat' dir='ltr'><strong>proﬁciat,</strong></span> <span class='ocrx_word' id='word_1_8' title='bbox 1057 461 1144 519; x_wconf 88' lang='lat' dir='ltr'><strong>illa</strong></span> <span class='ocrx_word' id='word_1_9' title='bbox 1177 462 1346 532; x_wconf 86' lang='lat' dir='ltr'><strong>magis</strong></span> <span class='ocrx_word' id='word_1_10' title='bbox 1371 476 1492 531; x_wconf 62' lang='lat' dir='ltr'><strong>quae</strong></span> <span class='ocrx_word' id='word_1_11' title='bbox 1519 469 1718 517; x_wconf 79' lang='lat' dir='ltr'><strong>:eterna</strong></span> <span class='ocrx_word' id='word_1_12' title='bbox 1745 469 1871 517; x_wconf 87' lang='lat' dir='ltr'><strong>sunt</strong></span> <span class='ocrx_word' id='word_1_13' title='bbox 1896 474 1992 530; x_wconf 78' lang='lat' dir='ltr'><strong>per</strong></span> <span class='ocrx_word' id='word_1_14' title='bbox 2023 462 2068 520; x_wconf 81' lang='grc' dir='ltr'><strong>Α</strong></span> <span class='ocrx_word' id='word_1_15' title='bbox 2099 465 2158 513; x_wconf 91' lang='lat' dir='ltr'><strong>ut</strong></span> <span class='ocrx_word' id='word_1_16' title='bbox 2213 457 2316 513; x_wconf 89' lang='lat' dir='ltr'><strong>hac</strong></span> <span class='ocrx_word' id='word_1_17' title='bbox 2357 461 2566 515; x_wconf 78' lang='lat' dir='ltr'><strong>ratione</strong></span> <span class='ocrx_word' id='word_1_18' title='bbox 2609 467 2826 514; x_wconf 81' lang='lat' dir='ltr'><strong>sanctus</strong></span> <span class='ocrx_word' id='word_1_19' title='bbox 2881 475 3018 531; x_wconf 85' lang='lat' dir='ltr'><strong>papa</strong></span> <span class='ocrx_word' id='word_1_20' title='bbox 3065 460 3288 531; x_wconf 75' lang='lat' dir='ltr'><strong>Vigilius</strong></span> <span class='ocrx_word' id='word_1_21' title='bbox 3335 465 3691 517; x_wconf 68' lang='lat' dir='ltr'><strong>constitutum</strong></span> 
     </span>
    </p>
   </div>
   <div class='ocr_carea' id='block_1_5' title="bbox 407 552 1996 624">
    <p class='ocr_par' dir='ltr' id='par_1_5' title="bbox 407 552 1996 624">
     <span class='ocr_line' id='line_1_5' title="bbox 407 552 1996 624; baseline -0.001 -16"><span class='ocrx_word' id='word_1_22' title='bbox 407 552 576 624; x_wconf 83' lang='lat' dir='ltr'><strong>ipsius</strong></span> <span class='ocrx_word' id='word_1_23' title='bbox 607 554 765 609; x_wconf 84' lang='lat' dir='ltr'><strong>ﬁdem</strong></span> <span class='ocrx_word' id='word_1_24' title='bbox 795 563 850 608; x_wconf 90' lang='lat' dir='ltr'><strong>et</strong></span> <span class='ocrx_word' id='word_1_25' title='bbox 879 567 1118 607; x_wconf 88' lang='lat' dir='ltr'><strong>amorem</strong></span> <span class='ocrx_word' id='word_1_26' title='bbox 1147 553 1330 624; x_wconf 91' lang='lat' dir='ltr'><strong>cupiat</strong></span> <span class='ocrx_word' id='word_1_27' title='bbox 1367 553 1633 618; x_wconf 89' lang='lat' dir='ltr'><strong>obtinere,</strong></span> <span class='ocrx_word' id='word_1_28' title='bbox 1665 553 1841 608; x_wconf 87' lang='lat' dir='ltr'><strong>sciens</strong></span> <span class='ocrx_word' id='word_1_29' title='bbox 1869 553 1996 620; x_wconf 85' lang='lat' dir='ltr'><strong>quia</strong></span> 
     </span>
    </p>
   </div>
   <div class='ocr_carea' id='block_1_6' title="bbox 409 645 1993 716">
    <p class='ocr_par' dir='ltr' id='par_1_6' title="bbox 409 645 1993 716">
     <span class='ocr_line' id='line_1_6' title="bbox 409 645 1993 716; baseline -0.003 -14"><span class='ocrx_word' id='word_1_30' title='bbox 409 649 460 702; x_wconf 89' lang='lat' dir='ltr'><strong>in</strong></span> <span class='ocrx_word' id='word_1_31' title='bbox 485 647 586 702; x_wconf 90' lang='lat' dir='ltr'><strong>hac</strong></span> <span class='ocrx_word' id='word_1_32' title='bbox 613 647 722 701; x_wconf 80' lang='lat' dir='ltr'><strong>vita</strong></span> <span class='ocrx_word' id='word_1_33' title='bbox 741 659 904 701; x_wconf 87' lang='lat' dir='ltr'><strong>nemo</strong></span> <span class='ocrx_word' id='word_1_34' title='bbox 925 659 1045 700; x_wconf 89' lang='lat' dir='ltr'><strong>esse</strong></span> <span class='ocrx_word' id='word_1_35' title='bbox 1073 653 1337 716; x_wconf 87' lang='lat' dir='ltr'><strong>perpetuo</strong></span> <span class='ocrx_word' id='word_1_36' title='bbox 1366 652 1564 716; x_wconf 90' lang='lat' dir='ltr'><strong>potest,</strong></span> <span class='ocrx_word' id='word_1_37' title='bbox 1589 645 1642 699; x_wconf 94' lang='lat' dir='ltr'><strong>in</strong></span> <span class='ocrx_word' id='word_1_38' title='bbox 1673 645 1762 699; x_wconf 88' lang='lat' dir='ltr'><strong>illa</strong></span> <span class='ocrx_word' id='word_1_39' title='bbox 1791 655 1993 711; x_wconf 87' lang='lat' dir='ltr'><strong>autem,</strong></span> 
     </span>
    </p>
   </div>
   <div class='ocr_carea' id='block_1_7' title="bbox 406 735 2000 810">
    <p class='ocr_par' dir='ltr' id='par_1_7' title="bbox 406 735 2000 810">
     <span class='ocr_line' id='line_1_7' title="bbox 406 735 2000 810; baseline -0.003 -16"><span class='ocrx_word' id='word_1_40' title='bbox 406 748 502 794; x_wconf 88' lang='lat' dir='ltr'><strong>aut</strong></span> <span class='ocrx_word' id='word_1_41' title='bbox 531 740 584 794; x_wconf 94' lang='lat' dir='ltr'><strong>in</strong></span> <span class='ocrx_word' id='word_1_42' title='bbox 611 739 823 810; x_wconf 79' lang='lat' dir='ltr'><strong>requie,</strong></span> <span class='ocrx_word' id='word_1_43' title='bbox 855 745 950 792; x_wconf 90' lang='lat' dir='ltr'><strong>aut</strong></span> <span class='ocrx_word' id='word_1_44' title='bbox 978 737 1031 792; x_wconf 91' lang='lat' dir='ltr'><strong>in</strong></span> <span class='ocrx_word' id='word_1_45' title='bbox 1063 737 1236 806; x_wconf 65' lang='lat' dir='ltr'><strong>poenis</strong></span> <span class='ocrx_word' id='word_1_46' title='bbox 1261 737 1542 808; x_wconf 73' lang='lat' dir='ltr'><strong>perpetuis</strong></span> <span class='ocrx_word' id='word_1_47' title='bbox 1569 737 1638 792; x_wconf 93' lang='lat' dir='ltr'><strong>sit</strong></span> <span class='ocrx_word' id='word_1_48' title='bbox 1671 737 1900 792; x_wconf 80' lang='lat' dir='ltr'><strong>futurus.</strong></span> <span class='ocrx_word' id='word_1_49' title='bbox 1929 735 2000 790; x_wconf 85' lang='lat' dir='ltr'><strong>Et</strong></span> 
     </span>
    </p>
   </div>
   <div class='ocr_carea' id='block_1_8' title="bbox 406 827 1999 900">
    <p class='ocr_par' dir='ltr' id='par_1_8' title="bbox 406 827 1999 900">
     <span class='ocr_line' id='line_1_8' title="bbox 406 827 1999 900; baseline -0.001 -17"><span class='ocrx_word' id='word_1_50' title='bbox 406 838 692 900; x_wconf 86' lang='lat' dir='ltr'><strong>propterea</strong></span> <span class='ocrx_word' id='word_1_51' title='bbox 721 827 1002 884; x_wconf 77' lang='lat' dir='ltr'><strong>audientes</strong></span> <span class='ocrx_word' id='word_1_52' title='bbox 1033 837 1262 882; x_wconf 88' lang='lat' dir='ltr'><strong>vestram</strong></span> <span class='ocrx_word' id='word_1_53' title='bbox 1303 828 1530 898; x_wconf 83' lang='lat' dir='ltr'><strong>gloriam</strong></span> <span class='ocrx_word' id='word_1_54' title='bbox 1569 827 1636 882; x_wconf 92' lang='lat' dir='ltr'><strong>ad</strong></span> <span class='ocrx_word' id='word_1_55' title='bbox 1664 828 1866 897; x_wconf 85' lang='lat' dir='ltr'><strong>regiam</strong></span> <span class='ocrx_word' id='word_1_56' title='bbox 1907 843 1999 882; x_wconf 90' lang='lat' dir='ltr'><strong>ur-</strong></span> 
     </span>
    </p>
   </div>
   <div class='ocr_carea' id='block_1_9' title="bbox 405 920 1995 990">
    <p class='ocr_par' dir='ltr' id='par_1_9' title="bbox 405 920 1995 990">
     <span class='ocr_line' id='line_1_9' title="bbox 405 920 1995 990; baseline -0.001 -13"><span class='ocrx_word' id='word_1_57' title='bbox 405 921 528 977; x_wconf 85' lang='lat' dir='ltr'><strong>bem</strong></span> <span class='ocrx_word' id='word_1_58' title='bbox 553 922 605 976; x_wconf 91' lang='lat' dir='ltr'><strong>in</strong></span> <span class='ocrx_word' id='word_1_59' title='bbox 629 920 958 990; x_wconf 87' lang='lat' dir='ltr'><strong>legationem</strong></span> <span class='ocrx_word' id='word_1_60' title='bbox 981 936 1100 976; x_wconf 85' lang='lat' dir='ltr'><strong>esse</strong></span> <span class='ocrx_word' id='word_1_61' title='bbox 1122 921 1400 986; x_wconf 88' lang='lat' dir='ltr'><strong>directam,</strong></span> <span class='ocrx_word' id='word_1_62' title='bbox 1420 931 1811 990; x_wconf 74' lang='lat' dir='ltr'><strong>cognoscentes</strong></span> <span class='ocrx_word' id='word_1_63' title='bbox 1832 923 1995 978; x_wconf 88' lang='lat' dir='ltr'><strong>etiam</strong></span> 
     </span>
    </p>
   </div>
   <div class='ocr_carea' id='block_1_10' title="bbox 403 1012 1992 1084">
    <p class='ocr_par' dir='ltr' id='par_1_10' title="bbox 403 1012 1992 1084">
     <span class='ocr_line' id='line_1_10' title="bbox 403 1012 1992 1084; baseline 0.003 -21"><span class='ocrx_word' id='word_1_64' title='bbox 403 1028 504 1084; x_wconf 87' lang='lat' dir='ltr'><strong>per</strong></span> <span class='ocrx_word' id='word_1_65' title='bbox 541 1012 780 1082; x_wconf 88' lang='lat' dir='ltr'><strong>aliquos,</strong></span> <span class='ocrx_word' id='word_1_66' title='bbox 811 1013 904 1082; x_wconf 85' lang='lat' dir='ltr'><strong>qui</strong></span> <span class='ocrx_word' id='word_1_67' title='bbox 931 1028 990 1067; x_wconf 89' lang='lat' dir='ltr'><strong>se</strong></span> <span class='ocrx_word' id='word_1_68' title='bbox 1019 1012 1183 1068; x_wconf 87' lang='lat' dir='ltr'><strong>vestri</strong></span> <span class='ocrx_word' id='word_1_69' title='bbox 1213 1013 1461 1068; x_wconf 75' lang='lat' dir='ltr'><strong>notitiam</strong></span> <span class='ocrx_word' id='word_1_70' title='bbox 1492 1013 1693 1068; x_wconf 87' lang='lat' dir='ltr'><strong>habere</strong></span> <span class='ocrx_word' id='word_1_71' title='bbox 1720 1013 1992 1076; x_wconf 80' lang='lat' dir='ltr'><strong>dixerunt,</strong></span> 
     </span>
    </p>
   </div>
   <div class='ocr_carea' id='block_1_11' title="bbox 404 1103 1998 1174">
    <p class='ocr_par' dir='ltr' id='par_1_11' title="bbox 404 1103 1998 1174">
     <span class='ocr_line' id='line_1_11' title="bbox 404 1103 1998 1174; baseline 0.001 -17"><span class='ocrx_word' id='word_1_72' title='bbox 404 1103 601 1158; x_wconf 73' lang='lat' dir='ltr'><strong>tamam</strong></span> <span class='ocrx_word' id='word_1_73' title='bbox 631 1111 686 1160; x_wconf 91' lang='lat' dir='ltr'><strong>et</strong></span> <span class='ocrx_word' id='word_1_74' title='bbox 714 1104 1032 1174; x_wconf 86' lang='lat' dir='ltr'><strong>sapientiam</strong></span> <span class='ocrx_word' id='word_1_75' title='bbox 1064 1113 1298 1159; x_wconf 79' lang='lat' dir='ltr'><strong>vestram</strong></span> <span class='ocrx_word' id='word_1_76' title='bbox 1324 1145 1338 1168; x_wconf 93' lang='lat'><strong>,</strong></span> <span class='ocrx_word' id='word_1_77' title='bbox 1380 1104 1496 1160; x_wconf 65' lang='lat' dir='ltr'><strong>haec</strong></span> <span class='ocrx_word' id='word_1_78' title='bbox 1521 1105 1676 1160; x_wconf 81' lang='lat' dir='ltr'><strong>vobis</strong></span> <span class='ocrx_word' id='word_1_79' title='bbox 1717 1105 1786 1160; x_wconf 91' lang='lat' dir='ltr'><strong>de</strong></span> <span class='ocrx_word' id='word_1_80' title='bbox 1814 1105 1998 1160; x_wconf 89' lang='lat' dir='ltr'><strong>multis</strong></span> 
     </span>
    </p>
   </div>
   <div class='ocr_carea' id='block_1_12' title="bbox 403 1195 1997 1268">
    <p class='ocr_par' dir='ltr' id='par_1_12' title="bbox 403 1195 1997 1268">
     <span class='ocr_line' id='line_1_12' title="bbox 403 1195 1997 1268; baseline 0.001 -18"><span class='ocrx_word' id='word_1_81' title='bbox 403 1211 524 1264; x_wconf 82' lang='lat' dir='ltr'><strong>quae</strong></span> <span class='ocrx_word' id='word_1_82' title='bbox 553 1205 672 1250; x_wconf 89' lang='lat' dir='ltr'><strong>acta</strong></span> <span class='ocrx_word' id='word_1_83' title='bbox 703 1204 864 1261; x_wconf 90' lang='lat' dir='ltr'><strong>sunt,</strong></span> <span class='ocrx_word' id='word_1_84' title='bbox 909 1212 1081 1266; x_wconf 87' lang='lat' dir='ltr'><strong>pauca</strong></span> <span class='ocrx_word' id='word_1_85' title='bbox 1121 1195 1186 1250; x_wconf 88' lang='lat' dir='ltr'><strong>ad</strong></span> <span class='ocrx_word' id='word_1_86' title='bbox 1219 1196 1627 1252; x_wconf 83' lang='lat' dir='ltr'><strong>instructionem</strong></span> <span class='ocrx_word' id='word_1_87' title='bbox 1675 1213 1997 1268; x_wconf 90' lang='lat' dir='ltr'><strong>quacunque</strong></span> 
     </span>
    </p>
   </div>
   <div class='ocr_carea' id='block_1_13' title="bbox 405 1288 1996 1360">
    <p class='ocr_par' dir='ltr' id='par_1_13' title="bbox 405 1288 1996 1360">
     <span class='ocr_line' id='line_1_13' title="bbox 405 1288 1996 1360; baseline 0.001 -18"><span class='ocrx_word' id='word_1_88' title='bbox 405 1289 694 1348; x_wconf 83' lang='lat' dir='ltr'><strong>occasione</strong></span> <span class='ocrx_word' id='word_1_89' title='bbox 721 1288 1004 1344; x_wconf 82' lang='lat' dir='ltr'><strong>referenda</strong></span> <span class='ocrx_word' id='word_1_90' title='bbox 1044 1289 1441 1344; x_wconf 87' lang='lat' dir='ltr'><strong>transmisimus</strong></span> <span class='ocrx_word' id='word_1_91' title='bbox 1473 1307 1487 1344; x_wconf 93' lang='lat'><strong>:</strong></span> <span class='ocrx_word' id='word_1_92' title='bbox 1520 1304 1618 1360; x_wconf 88' lang='lat' dir='ltr'><strong>per</strong></span> <span class='ocrx_word' id='word_1_93' title='bbox 1641 1305 1762 1360; x_wconf 76' lang='lat' dir='ltr'><strong>qua:</strong></span> <span class='ocrx_word' id='word_1_94' title='bbox 1789 1303 1996 1358; x_wconf 85' lang='lat' dir='ltr'><strong>cogno-</strong></span> 
     </span>
    </p>
   </div>
   <div class='ocr_carea' id='block_1_14' title="bbox 403 1377 1992 1448">
    <p class='ocr_par' dir='ltr' id='par_1_14' title="bbox 403 1377 1992 1448">
     <span class='ocr_line' id='line_1_14' title="bbox 403 1377 1992 1448; baseline 0.003 -18"><span class='ocrx_word' id='word_1_95' title='bbox 403 1377 570 1432; x_wconf 85' lang='lat' dir='ltr'><strong>scatis</strong></span> <span class='ocrx_word' id='word_1_96' title='bbox 597 1379 1002 1448; x_wconf 86' lang='lat' dir='ltr'><strong>persecutiones</strong></span> <span class='ocrx_word' id='word_1_97' title='bbox 1029 1386 1083 1432; x_wconf 90' lang='lat' dir='ltr'><strong>et</strong></span> <span class='ocrx_word' id='word_1_98' title='bbox 1110 1378 1419 1448; x_wconf 82' lang='lat' dir='ltr'><strong>violentias,</strong></span> <span class='ocrx_word' id='word_1_99' title='bbox 1441 1393 1576 1448; x_wconf 88' lang='lat' dir='ltr'><strong>quas</strong></span> <span class='ocrx_word' id='word_1_100' title='bbox 1604 1379 1714 1435; x_wconf 91' lang='lat' dir='ltr'><strong>illic</strong></span> <span class='ocrx_word' id='word_1_101' title='bbox 1741 1379 1992 1435; x_wconf 89' lang='lat' dir='ltr'><strong>sacerdo—</strong></span> 
     </span>
    </p>
   </div>
   <div class='ocr_carea' id='block_1_15' title="bbox 404 1471 1996 1543">
    <p class='ocr_par' dir='ltr' id='par_1_15' title="bbox 404 1471 1996 1543">
     <span class='ocr_line' id='line_1_15' title="bbox 404 1471 1996 1543; baseline 0.003 -20"><span class='ocrx_word' id='word_1_102' title='bbox 404 1477 487 1524; x_wconf 86' lang='lat' dir='ltr'><strong>tes</strong></span> <span class='ocrx_word' id='word_1_103' title='bbox 536 1471 829 1536; x_wconf 81' lang='lat' dir='ltr'><strong>catholici,</strong></span> <span class='ocrx_word' id='word_1_104' title='bbox 882 1481 937 1526; x_wconf 81' lang='lat' dir='ltr'><strong>et</strong></span> <span class='ocrx_word' id='word_1_105' title='bbox 984 1471 1294 1540; x_wconf 88' lang='lat' dir='ltr'><strong>quicunque</strong></span> <span class='ocrx_word' id='word_1_106' title='bbox 1340 1473 1738 1529; x_wconf 86' lang='lat' dir='ltr'><strong>ecclesiasticas</strong></span> <span class='ocrx_word' id='word_1_107' title='bbox 1783 1474 1996 1543; x_wconf 86' lang='lat' dir='ltr'><strong>regulas</strong></span> 
     </span>
    </p>
   </div>
   <div class='ocr_carea' id='block_1_16' title="bbox 403 1563 1996 1634">
    <p class='ocr_par' dir='ltr' id='par_1_16' title="bbox 403 1563 1996 1634">
     <span class='ocr_line' id='line_1_16' title="bbox 403 1563 1996 1634; baseline 0.003 -17"><span class='ocrx_word' id='word_1_108' title='bbox 403 1575 623 1618; x_wconf 86' lang='lat' dir='ltr'><strong>servare</strong></span> <span class='ocrx_word' id='word_1_109' title='bbox 651 1563 950 1632; x_wconf 88' lang='lat' dir='ltr'><strong>voluerint,</strong></span> <span class='ocrx_word' id='word_1_110' title='bbox 981 1565 1277 1634; x_wconf 85' lang='lat' dir='ltr'><strong>patiuntur.</strong></span> <span class='ocrx_word' id='word_1_111' title='bbox 1320 1565 1557 1622; x_wconf 83' lang='lat' dir='ltr'><strong>Veniens</strong></span> <span class='ocrx_word' id='word_1_112' title='bbox 1593 1567 1736 1622; x_wconf 91' lang='lat' dir='ltr'><strong>enim</strong></span> <span class='ocrx_word' id='word_1_113' title='bbox 1769 1568 1840 1623; x_wconf 88' lang='lat' dir='ltr'><strong>ibi</strong></span> <span class='ocrx_word' id='word_1_114' title='bbox 1869 1577 1996 1622; x_wconf 83' lang='lat' dir='ltr'><strong>ante</strong></span> 
     </span>
    </p>
   </div>
   <div class='ocr_carea' id='block_1_17' title="bbox 402 1655 1992 1732">
    <p class='ocr_par' dir='ltr' id='par_1_17' title="bbox 402 1655 1992 1732">
     <span class='ocr_line' id='line_1_17' title="bbox 402 1655 1992 1732; baseline 0.003 -23"><span class='ocrx_word' id='word_1_115' title='bbox 402 1668 499 1709; x_wconf 79' lang='lat' dir='ltr'><strong>sex</strong></span> <span class='ocrx_word' id='word_1_116' title='bbox 525 1669 694 1710; x_wconf 88' lang='lat' dir='ltr'><strong>annos</strong></span> <span class='ocrx_word' id='word_1_117' title='bbox 724 1655 899 1728; x_wconf 78' lang='lat' dir='ltr'><strong>[Anno</strong></span> <span class='ocrx_word' id='word_1_118' title='bbox 933 1655 1040 1710; x_wconf 72' lang='lat'><strong>547</strong></span> <span class='ocrx_word' id='word_1_119' title='bbox 1063 1698 1078 1722; x_wconf 96' lang='lat'><strong>,</strong></span> <span class='ocrx_word' id='word_1_120' title='bbox 1109 1674 1284 1712; x_wconf 75' lang='lat' dir='ltr'><strong>mense</strong></span> <span class='ocrx_word' id='word_1_121' title='bbox 1311 1656 1593 1732; x_wconf 80' lang='lat' dir='ltr'><strong>Januario]</strong></span> <span class='ocrx_word' id='word_1_122' title='bbox 1623 1661 1756 1716; x_wconf 83' lang='lat' dir='ltr'><strong>istos</strong></span> <span class='ocrx_word' id='word_1_123' title='bbox 1786 1660 1992 1714; x_wconf 83' lang='lat' dir='ltr'><strong>beatis-</strong></span> 
     </span>
    </p>
   </div>
   <div class='ocr_carea' id='block_1_18' title="bbox 403 1744 1996 1822">
    <p class='ocr_par' dir='ltr' id='par_1_18' title="bbox 403 1744 1996 1822">
     <span class='ocr_line' id='line_1_18' title="bbox 403 1744 1996 1822; baseline 0.005 -22"><span class='ocrx_word' id='word_1_124' title='bbox 403 1744 574 1800; x_wconf 85' lang='lat' dir='ltr'><strong>simus</strong></span> <span class='ocrx_word' id='word_1_125' title='bbox 598 1760 739 1816; x_wconf 88' lang='lat' dir='ltr'><strong>papa</strong></span> <span class='ocrx_word' id='word_1_126' title='bbox 765 1745 1009 1816; x_wconf 80' lang='lat' dir='ltr'><strong>Vigilius,</strong></span> <span class='ocrx_word' id='word_1_127' title='bbox 1033 1749 1202 1817; x_wconf 86' lang='lat' dir='ltr'><strong>magis</strong></span> <span class='ocrx_word' id='word_1_128' title='bbox 1232 1758 1434 1816; x_wconf 89' lang='lat' dir='ltr'><strong>autem,</strong></span> <span class='ocrx_word' id='word_1_129' title='bbox 1459 1758 1518 1805; x_wconf 91' lang='lat' dir='ltr'><strong>ut</strong></span> <span class='ocrx_word' id='word_1_130' title='bbox 1537 1751 1682 1822; x_wconf 91' lang='lat' dir='ltr'><strong>quod</strong></span> <span class='ocrx_word' id='word_1_131' title='bbox 1703 1753 1886 1808; x_wconf 90' lang='lat' dir='ltr'><strong>verius</strong></span> <span class='ocrx_word' id='word_1_132' title='bbox 1913 1762 1996 1808; x_wconf 91' lang='lat' dir='ltr'><strong>est</strong></span> 
     </span>
    </p>
   </div>
   <div class='ocr_carea' id='block_1_19' title="bbox 2098 547 3687 621">
    <p class='ocr_par' dir='ltr' id='par_1_19' title="bbox 2098 547 3687 621">
     <span class='ocr_line' id='line_1_19' title="bbox 2098 547 3687 621; baseline 0.003 -20"><span class='ocrx_word' id='word_1_133' title='bbox 2098 549 2244 617; x_wconf 91' lang='lat' dir='ltr'><strong>quod</strong></span> <span class='ocrx_word' id='word_1_134' title='bbox 2275 547 2328 603; x_wconf 89' lang='lat' dir='ltr'><strong>in</strong></span> <span class='ocrx_word' id='word_1_135' title='bbox 2358 549 2470 620; x_wconf 89' lang='lat' dir='ltr'><strong>ipsa</strong></span> <span class='ocrx_word' id='word_1_136' title='bbox 2501 565 2663 605; x_wconf 88' lang='lat' dir='ltr'><strong>causa</strong></span> <span class='ocrx_word' id='word_1_137' title='bbox 2695 550 2915 612; x_wconf 80' lang='lat' dir='ltr'><strong>iecerat,</strong></span> <span class='ocrx_word' id='word_1_138' title='bbox 2942 551 3153 621; x_wconf 84' lang='lat' dir='ltr'><strong>publice</strong></span> <span class='ocrx_word' id='word_1_139' title='bbox 3178 555 3229 608; x_wconf 91' lang='lat' dir='ltr'><strong>in</strong></span> <span class='ocrx_word' id='word_1_140' title='bbox 3251 565 3524 610; x_wconf 85' lang='lat' dir='ltr'><strong>conventu</strong></span> <span class='ocrx_word' id='word_1_141' title='bbox 3547 571 3687 610; x_wconf 60' lang='lat' dir='ltr'><strong>rec-</strong></span> 
     </span>
    </p>
   </div>
   <div class='ocr_carea' id='block_1_20' title="bbox 2098 641 3691 716">
    <p class='ocr_par' dir='ltr' id='par_1_20' title="bbox 2098 641 3691 716">
     <span class='ocr_line' id='line_1_20' title="bbox 2098 641 3691 716; baseline 0.001 -19"><span class='ocrx_word' id='word_1_142' title='bbox 2098 649 2271 712; x_wconf 90' lang='lat' dir='ltr'><strong>peret,</strong></span> <span class='ocrx_word' id='word_1_143' title='bbox 2287 641 2609 699; x_wconf 87' lang='lat' dir='ltr'><strong>denuntians</strong></span> <span class='ocrx_word' id='word_1_144' title='bbox 2621 643 2743 712; x_wconf 87' lang='lat' dir='ltr'><strong>quia</strong></span> <span class='ocrx_word' id='word_1_145' title='bbox 2760 644 2804 698; x_wconf 88' lang='lat' dir='ltr'><strong>si</strong></span> <span class='ocrx_word' id='word_1_146' title='bbox 2824 645 2943 712; x_wconf 82' lang='lat' dir='ltr'><strong>quis</strong></span> <span class='ocrx_word' id='word_1_147' title='bbox 2955 643 3264 700; x_wconf 71' lang='lat' dir='ltr'><strong>Gimcorum</strong></span> <span class='ocrx_word' id='word_1_148' title='bbox 3287 647 3691 716; x_wconf 75' lang='lat' dir='ltr'><strong>episcoporum,</strong></span> 
     </span>
    </p>
   </div>
   <div class='ocr_carea' id='block_1_21' title="bbox 2099 734 3692 802">
    <p class='ocr_par' dir='ltr' id='par_1_21' title="bbox 2099 734 3692 802">
     <span class='ocr_line' id='line_1_21' title="bbox 2099 734 3692 802; baseline 0.006 -14"><span class='ocrx_word' id='word_1_149' title='bbox 2099 749 2270 802; x_wconf 86' lang='lat' dir='ltr'><strong>usque</strong></span> <span class='ocrx_word' id='word_1_150' title='bbox 2297 734 2364 790; x_wconf 92' lang='lat' dir='ltr'><strong>ad</strong></span> <span class='ocrx_word' id='word_1_151' title='bbox 2395 735 2710 790; x_wconf 80' lang='lat' dir='ltr'><strong>universalis</strong></span> <span class='ocrx_word' id='word_1_152' title='bbox 2745 737 2957 791; x_wconf 88' lang='lat' dir='ltr'><strong>concilii</strong></span> <span class='ocrx_word' id='word_1_153' title='bbox 2999 745 3320 802; x_wconf 77' lang='lat' dir='ltr'><strong>tractatum,</strong></span> <span class='ocrx_word' id='word_1_154' title='bbox 3353 737 3421 794; x_wconf 89' lang='lat' dir='ltr'><strong>de</strong></span> <span class='ocrx_word' id='word_1_155' title='bbox 3450 739 3566 796; x_wconf 89' lang='lat' dir='ltr'><strong>istis</strong></span> <span class='ocrx_word' id='word_1_156' title='bbox 3592 757 3692 797; x_wconf 77' lang='lat' dir='ltr'><strong>ca—</strong></span> 
     </span>
    </p>
   </div>
   <div class='ocr_carea' id='block_1_22' title="bbox 2099 823 3689 897">
    <p class='ocr_par' dir='ltr' id='par_1_22' title="bbox 2099 823 3689 897">
     <span class='ocr_line' id='line_1_22' title="bbox 2099 823 3689 897; baseline 0.008 -19"><span class='ocrx_word' id='word_1_157' title='bbox 2099 823 2283 894; x_wconf 91' lang='lat' dir='ltr'><strong>pitulis</strong></span> <span class='ocrx_word' id='word_1_158' title='bbox 2311 825 2510 894; x_wconf 90' lang='lat' dir='ltr'><strong>aliquid</strong></span> <span class='ocrx_word' id='word_1_159' title='bbox 2537 823 2792 891; x_wconf 80' lang='lat' dir='ltr'><strong>fecisset,</strong></span> <span class='ocrx_word' id='word_1_160' title='bbox 2834 835 2926 880; x_wconf 89' lang='lat' dir='ltr'><strong>aut</strong></span> <span class='ocrx_word' id='word_1_161' title='bbox 2955 826 3275 884; x_wconf 77' lang='lat' dir='ltr'><strong>facientibus</strong></span> <span class='ocrx_word' id='word_1_162' title='bbox 3306 832 3689 897; x_wconf 77' lang='lat' dir='ltr'><strong>acquievisset,</strong></span> 
     </span>
    </p>
   </div>
   <div class='ocr_carea' id='block_1_23' title="bbox 2099 918 3687 990">
    <p class='ocr_par' dir='ltr' id='par_1_23' title="bbox 2099 918 3687 990">
     <span class='ocr_line' id='line_1_23' title="bbox 2099 918 3687 990; baseline 0.005 -18"><span class='ocrx_word' id='word_1_163' title='bbox 2099 932 2132 972; x_wconf 88' lang='lat' dir='ltr'><strong>a</strong></span> <span class='ocrx_word' id='word_1_164' title='bbox 2169 918 2548 973; x_wconf 88' lang='lat' dir='ltr'><strong>communione</strong></span> <span class='ocrx_word' id='word_1_165' title='bbox 2591 918 2734 974; x_wconf 86' lang='lat' dir='ltr'><strong>sedis</strong></span> <span class='ocrx_word' id='word_1_166' title='bbox 2776 919 3087 990; x_wconf 78' lang='lat' dir='ltr'><strong>apostolica:</strong></span> <span class='ocrx_word' id='word_1_167' title='bbox 3131 920 3340 977; x_wconf 90' lang='lat' dir='ltr'><strong>alienus</strong></span> <span class='ocrx_word' id='word_1_168' title='bbox 3377 923 3639 980; x_wconf 79' lang='lat' dir='ltr'><strong>existeret</strong></span> <span class='ocrx_word' id='word_1_169' title='bbox 3671 942 3687 979; x_wconf 88' lang='lat'><strong>:</strong></span> 
     </span>
    </p>
   </div>
   <div class='ocr_carea' id='block_1_24' title="bbox 2099 1008 3692 1082">
    <p class='ocr_par' dir='ltr' id='par_1_24' title="bbox 2099 1008 3692 1082">
     <span class='ocr_line' id='line_1_24' title="bbox 2099 1008 3692 1082; baseline 0.001 -20"><span class='ocrx_word' id='word_1_170' title='bbox 2099 1009 2358 1080; x_wconf 87' lang='lat' dir='ltr'><strong>quoniam</strong></span> <span class='ocrx_word' id='word_1_171' title='bbox 2387 1008 2698 1078; x_wconf 82' lang='lat' dir='ltr'><strong>frequenter</strong></span> <span class='ocrx_word' id='word_1_172' title='bbox 2725 1010 2825 1081; x_wconf 87' lang='lat' dir='ltr'><strong>ipsi</strong></span> <span class='ocrx_word' id='word_1_173' title='bbox 2855 1011 3096 1082; x_wconf 78' lang='lat' dir='ltr'><strong>episcopi</strong></span> <span class='ocrx_word' id='word_1_174' title='bbox 3142 1010 3317 1068; x_wconf 68' lang='lat' dir='ltr'><strong>Graeci</strong></span> <span class='ocrx_word' id='word_1_175' title='bbox 3345 1014 3409 1068; x_wconf 88' lang='lat' dir='ltr'><strong>ad</strong></span> <span class='ocrx_word' id='word_1_176' title='bbox 3440 1015 3692 1069; x_wconf 75' lang='lat' dir='ltr'><strong>volunta-</strong></span> 
     </span>
    </p>
   </div>
   <div class='ocr_carea' id='block_1_25' title="bbox 2099 1100 3690 1173">
    <p class='ocr_par' dir='ltr' id='par_1_25' title="bbox 2099 1100 3690 1173">
     <span class='ocr_line' id='line_1_25' title="bbox 2099 1100 3690 1173; baseline 0.001 -17"><span class='ocrx_word' id='word_1_177' title='bbox 2099 1109 2208 1156; x_wconf 90' lang='lat' dir='ltr'><strong>tem</strong></span> <span class='ocrx_word' id='word_1_178' title='bbox 2239 1100 2496 1170; x_wconf 85' lang='lat' dir='ltr'><strong>principis</strong></span> <span class='ocrx_word' id='word_1_179' title='bbox 2521 1101 2905 1156; x_wconf 87' lang='lat' dir='ltr'><strong>damnaverant</strong></span> <span class='ocrx_word' id='word_1_180' title='bbox 2934 1102 3166 1172; x_wconf 90' lang='lat' dir='ltr'><strong>capitula</strong></span> <span class='ocrx_word' id='word_1_181' title='bbox 3198 1103 3332 1173; x_wconf 88' lang='lat' dir='ltr'><strong>ipsa,</strong></span> <span class='ocrx_word' id='word_1_182' title='bbox 3357 1105 3496 1160; x_wconf 88' lang='lat' dir='ltr'><strong>unde</strong></span> <span class='ocrx_word' id='word_1_183' title='bbox 3525 1121 3690 1160; x_wconf 81' lang='lat' dir='ltr'><strong>causa</strong></span> 
     </span>
    </p>
   </div>
   <div class='ocr_carea' id='block_1_26' title="bbox 2098 1189 3692 1262">
    <p class='ocr_par' dir='ltr' id='par_1_26' title="bbox 2098 1189 3692 1262">
     <span class='ocr_line' id='line_1_26' title="bbox 2098 1189 3692 1262; baseline 0.001 -16"><span class='ocrx_word' id='word_1_184' title='bbox 2098 1199 2244 1246; x_wconf 90' lang='lat' dir='ltr'><strong>mota</strong></span> <span class='ocrx_word' id='word_1_185' title='bbox 2275 1198 2386 1255; x_wconf 89' lang='lat' dir='ltr'><strong>est,</strong></span> <span class='ocrx_word' id='word_1_186' title='bbox 2417 1189 2511 1246; x_wconf 89' lang='lat' dir='ltr'><strong>sed</strong></span> <span class='ocrx_word' id='word_1_187' title='bbox 2549 1191 2890 1246; x_wconf 84' lang='lat' dir='ltr'><strong>beatissimus</strong></span> <span class='ocrx_word' id='word_1_188' title='bbox 2928 1207 3064 1262; x_wconf 88' lang='lat' dir='ltr'><strong>papa</strong></span> <span class='ocrx_word' id='word_1_189' title='bbox 3105 1208 3297 1247; x_wconf 92' lang='lat' dir='ltr'><strong>manus</strong></span> <span class='ocrx_word' id='word_1_190' title='bbox 3324 1209 3511 1248; x_wconf 90' lang='lat' dir='ltr'><strong>eorum</strong></span> <span class='ocrx_word' id='word_1_191' title='bbox 3542 1209 3571 1246; x_wconf 91' lang='lat' dir='ltr'><strong>a</strong></span> <span class='ocrx_word' id='word_1_192' title='bbox 3603 1210 3692 1248; x_wconf 76' lang='lat' dir='ltr'><strong>se-</strong></span> 
     </span>
    </p>
   </div>
   <div class='ocr_carea' id='block_1_27' title="bbox 2099 1281 3689 1355">
    <p class='ocr_par' dir='ltr' id='par_1_27' title="bbox 2099 1281 3689 1355">
     <span class='ocr_line' id='line_1_27' title="bbox 2099 1281 3689 1355; baseline 0.002 -19"><span class='ocrx_word' id='word_1_193' title='bbox 2099 1281 2384 1336; x_wconf 78' lang='lat' dir='ltr'><strong>reniSsimo</strong></span> <span class='ocrx_word' id='word_1_194' title='bbox 2410 1281 2737 1351; x_wconf 86' lang='lat' dir='ltr'><strong>imperatore</strong></span> <span class='ocrx_word' id='word_1_195' title='bbox 2761 1289 3064 1352; x_wconf 87' lang='lat' dir='ltr'><strong>receperat.</strong></span> <span class='ocrx_word' id='word_1_196' title='bbox 3093 1281 3231 1338; x_wconf 87' lang='lat' dir='ltr'><strong>Sunt</strong></span> <span class='ocrx_word' id='word_1_197' title='bbox 3256 1281 3425 1339; x_wconf 74' lang='lat' dir='ltr'><strong>Crteci</strong></span> <span class='ocrx_word' id='word_1_198' title='bbox 3448 1284 3689 1355; x_wconf 79' lang='lat' dir='ltr'><strong>episcopi</strong></span> 
     </span>
    </p>
   </div>
   <div class='ocr_carea' id='block_1_28' title="bbox 2098 1371 3692 1446">
    <p class='ocr_par' dir='ltr' id='par_1_28' title="bbox 2098 1371 3692 1446">
     <span class='ocr_line' id='line_1_28' title="bbox 2098 1371 3692 1446; baseline 0.001 -20"><span class='ocrx_word' id='word_1_199' title='bbox 2098 1371 2361 1426; x_wconf 88' lang='lat' dir='ltr'><strong>habentes</strong></span> <span class='ocrx_word' id='word_1_200' title='bbox 2388 1371 2583 1426; x_wconf 88' lang='lat' dir='ltr'><strong>divites</strong></span> <span class='ocrx_word' id='word_1_201' title='bbox 2630 1378 2686 1426; x_wconf 92' lang='lat' dir='ltr'><strong>et</strong></span> <span class='ocrx_word' id='word_1_202' title='bbox 2714 1372 2999 1442; x_wconf 81' lang='lat' dir='ltr'><strong>Opulentas</strong></span> <span class='ocrx_word' id='word_1_203' title='bbox 3029 1373 3283 1428; x_wconf 90' lang='lat' dir='ltr'><strong>ecclesias</strong></span> <span class='ocrx_word' id='word_1_204' title='bbox 3307 1413 3322 1436; x_wconf 88' lang='lat'><strong>,</strong></span> <span class='ocrx_word' id='word_1_205' title='bbox 3371 1383 3427 1428; x_wconf 91' lang='lat' dir='ltr'><strong>et</strong></span> <span class='ocrx_word' id='word_1_206' title='bbox 3458 1390 3564 1430; x_wconf 91' lang='lat' dir='ltr'><strong>non</strong></span> <span class='ocrx_word' id='word_1_207' title='bbox 3593 1391 3692 1446; x_wconf 83' lang='lat' dir='ltr'><strong>pa-</strong></span> 
     </span>
    </p>
   </div>
   <div class='ocr_carea' id='block_1_29' title="bbox 2098 1463 3692 1522">
    <p class='ocr_par' dir='ltr' id='par_1_29' title="bbox 2098 1463 3692 1522">
     <span class='ocr_line' id='line_1_29' title="bbox 2098 1463 3692 1522; baseline 0.001 -4"><span class='ocrx_word' id='word_1_208' title='bbox 2098 1464 2306 1518; x_wconf 90' lang='lat' dir='ltr'><strong>tiuntur</strong></span> <span class='ocrx_word' id='word_1_209' title='bbox 2329 1463 2465 1518; x_wconf 90' lang='lat' dir='ltr'><strong>duos</strong></span> <span class='ocrx_word' id='word_1_210' title='bbox 2495 1478 2707 1520; x_wconf 81' lang='lat' dir='ltr'><strong>menses</strong></span> <span class='ocrx_word' id='word_1_211' title='bbox 2732 1479 2762 1518; x_wconf 92' lang='lat' dir='ltr'><strong>a</strong></span> <span class='ocrx_word' id='word_1_212' title='bbox 2792 1479 2970 1518; x_wconf 87' lang='lat' dir='ltr'><strong>rerum</strong></span> <span class='ocrx_word' id='word_1_213' title='bbox 2999 1466 3487 1520; x_wconf 87' lang='lat' dir='ltr'><strong>ecclesiasticarum</strong></span> <span class='ocrx_word' id='word_1_214' title='bbox 3514 1467 3692 1522; x_wconf 84' lang='lat' dir='ltr'><strong>domi-</strong></span> 
     </span>
    </p>
   </div>
   <div class='ocr_carea' id='block_1_30' title="bbox 2098 1554 3694 1628">
    <p class='ocr_par' dir='ltr' id='par_1_30' title="bbox 2098 1554 3694 1628">
     <span class='ocr_line' id='line_1_30' title="bbox 2098 1554 3694 1628; baseline 0.001 -18"><span class='ocrx_word' id='word_1_215' title='bbox 2098 1555 2318 1610; x_wconf 87' lang='lat' dir='ltr'><strong>natione</strong></span> <span class='ocrx_word' id='word_1_216' title='bbox 2346 1554 2600 1626; x_wconf 84' lang='lat' dir='ltr'><strong>suspendi</strong></span> <span class='ocrx_word' id='word_1_217' title='bbox 2631 1573 2645 1609; x_wconf 90' lang='lat'><strong>:</strong></span> <span class='ocrx_word' id='word_1_218' title='bbox 2679 1570 2777 1625; x_wconf 86' lang='lat' dir='ltr'><strong>pro</strong></span> <span class='ocrx_word' id='word_1_219' title='bbox 2805 1570 2911 1625; x_wconf 88' lang='lat' dir='ltr'><strong>qua</strong></span> <span class='ocrx_word' id='word_1_220' title='bbox 2945 1570 3006 1610; x_wconf 91' lang='lat' dir='ltr'><strong>re</strong></span> <span class='ocrx_word' id='word_1_221' title='bbox 3034 1556 3330 1610; x_wconf 84' lang='lat' dir='ltr'><strong>secundum</strong></span> <span class='ocrx_word' id='word_1_222' title='bbox 3371 1565 3585 1628; x_wconf 87' lang='lat' dir='ltr'><strong>tempus</strong></span> <span class='ocrx_word' id='word_1_223' title='bbox 3636 1568 3694 1611; x_wconf 76' lang='lat' dir='ltr'><strong>et</strong></span> 
     </span>
    </p>
   </div>
   <div class='ocr_carea' id='block_1_31' title="bbox 2097 1645 3694 1718">
    <p class='ocr_par' dir='ltr' id='par_1_31' title="bbox 2097 1645 3694 1718">
     <span class='ocr_line' id='line_1_31' title="bbox 2097 1645 3694 1718; baseline -0.001 -15"><span class='ocrx_word' id='word_1_224' title='bbox 2097 1645 2395 1704; x_wconf 90' lang='lat' dir='ltr'><strong>secundum</strong></span> <span class='ocrx_word' id='word_1_225' title='bbox 2439 1647 2772 1702; x_wconf 87' lang='lat' dir='ltr'><strong>voluntatem</strong></span> <span class='ocrx_word' id='word_1_226' title='bbox 2823 1647 3154 1718; x_wconf 89' lang='lat' dir='ltr'><strong>principum,</strong></span> <span class='ocrx_word' id='word_1_227' title='bbox 3194 1647 3454 1717; x_wconf 86' lang='lat' dir='ltr'><strong>quidquid</strong></span> <span class='ocrx_word' id='word_1_228' title='bbox 3503 1650 3572 1703; x_wconf 88' lang='lat' dir='ltr'><strong>ab</strong></span> <span class='ocrx_word' id='word_1_229' title='bbox 3611 1650 3694 1704; x_wconf 89' lang='lat' dir='ltr'><strong>eis</strong></span> 
     </span>
    </p>
   </div>
   <div class='ocr_carea' id='block_1_32' title="bbox 2099 1735 3693 1807">
    <p class='ocr_par' dir='ltr' id='par_1_32' title="bbox 2099 1735 3693 1807">
     <span class='ocr_line' id='line_1_32' title="bbox 2099 1735 3693 1807; baseline 0.001 -15"><span class='ocrx_word' id='word_1_230' title='bbox 2099 1739 2382 1807; x_wconf 72' lang='lat' dir='ltr'><strong>qutesitum</strong></span> <span class='ocrx_word' id='word_1_231' title='bbox 2413 1735 2575 1791; x_wconf 83' lang='lat' dir='ltr'><strong>fuerit</strong></span> <span class='ocrx_word' id='word_1_232' title='bbox 2601 1737 2719 1792; x_wconf 83' lang='lat' dir='ltr'><strong>sine</strong></span> <span class='ocrx_word' id='word_1_233' title='bbox 2747 1737 3102 1794; x_wconf 86' lang='lat' dir='ltr'><strong>altercatione</strong></span> <span class='ocrx_word' id='word_1_234' title='bbox 3145 1740 3510 1794; x_wconf 89' lang='lat' dir='ltr'><strong>consentiunt.</strong></span> <span class='ocrx_word' id='word_1_235' title='bbox 3549 1739 3693 1794; x_wconf 85' lang='lat' dir='ltr'><strong>Cum</strong></span> 
     </span>
    </p>
   </div>
   <div class='ocr_carea' id='block_1_33' title="bbox 401 1829 3696 1912">
    <p class='ocr_par' dir='ltr' id='par_1_33' title="bbox 401 1829 3696 1912">
     <span class='ocr_line' id='line_1_33' title="bbox 401 1829 3696 1912; baseline 0 -26"><span class='ocrx_word' id='word_1_236' title='bbox 401 1837 612 1894; x_wconf 81' lang='lat' dir='ltr'><strong>dicatur</strong></span> <span class='ocrx_word' id='word_1_237' title='bbox 632 1876 648 1901; x_wconf 91' lang='lat'><strong>,</strong></span> <span class='ocrx_word' id='word_1_238' title='bbox 697 1853 868 1908; x_wconf 81' lang='lat' dir='ltr'><strong>prope</strong></span> <span class='ocrx_word' id='word_1_239' title='bbox 915 1840 1183 1894; x_wconf 81' lang='lat' dir='ltr'><strong>violenter</strong></span> <span class='ocrx_word' id='word_1_240' title='bbox 1237 1839 1500 1896; x_wconf 85' lang='lat' dir='ltr'><strong>deductus</strong></span> <span class='ocrx_word' id='word_1_241' title='bbox 1521 1882 1536 1905; x_wconf 90' lang='lat'><strong>,</strong></span> <span class='ocrx_word' id='word_1_242' title='bbox 1591 1852 1874 1912; x_wconf 69' lang='lat' dir='ltr'><strong>cmperunt</strong></span> <span class='ocrx_word' id='word_1_243' title='bbox 1919 1845 1990 1900; x_wconf 80' lang='lat' dir='ltr'><strong>ibi</strong></span> <span class='ocrx_word' id='word_1_244' title='bbox 2027 1833 2071 1891; x_wconf 83' lang='grc' dir='ltr'><strong><em>Β</em></strong></span> <span class='ocrx_word' id='word_1_245' title='bbox 2105 1833 2216 1888; x_wconf 71' lang='lat' dir='ltr'><strong>Afri</strong></span> <span class='ocrx_word' id='word_1_246' title='bbox 2247 1831 2518 1902; x_wconf 84' lang='lat' dir='ltr'><strong>episcopi,</strong></span> <span class='ocrx_word' id='word_1_247' title='bbox 2544 1829 2613 1886; x_wconf 91' lang='lat' dir='ltr'><strong>de</strong></span> <span class='ocrx_word' id='word_1_248' title='bbox 2641 1831 2836 1900; x_wconf 82' lang='lat' dir='ltr'><strong>quibus</strong></span> <span class='ocrx_word' id='word_1_249' title='bbox 2871 1831 3067 1900; x_wconf 62' lang='lat' dir='ltr'><strong>saepius</strong></span> <span class='ocrx_word' id='word_1_250' title='bbox 3097 1831 3301 1887; x_wconf 88' lang='lat' dir='ltr'><strong>dictum</strong></span> <span class='ocrx_word' id='word_1_251' title='bbox 3331 1840 3444 1900; x_wconf 89' lang='lat' dir='ltr'><strong>est,</strong></span> <span class='ocrx_word' id='word_1_252' title='bbox 3473 1833 3524 1887; x_wconf 88' lang='lat' dir='ltr'><strong>in</strong></span> <span class='ocrx_word' id='word_1_253' title='bbox 3556 1834 3696 1887; x_wconf 84' lang='lat' dir='ltr'><strong>civi—</strong></span> 
     </span>
    </p>
   </div>
   <div class='ocr_carea' id='block_1_34' title="bbox 402 1929 1995 2008">
    <p class='ocr_par' dir='ltr' id='par_1_34' title="bbox 402 1929 1995 2008">
     <span class='ocr_line' id='line_1_34' title="bbox 402 1929 1995 2008; baseline 0.006 -26"><span class='ocrx_word' id='word_1_254' title='bbox 402 1929 577 1999; x_wconf 89' lang='lat' dir='ltr'><strong>ipsum</strong></span> <span class='ocrx_word' id='word_1_255' title='bbox 607 1937 957 2000; x_wconf 82' lang='lat' dir='ltr'><strong>exspectare,</strong></span> <span class='ocrx_word' id='word_1_256' title='bbox 991 1939 1049 1984; x_wconf 94' lang='lat' dir='ltr'><strong>ut</strong></span> <span class='ocrx_word' id='word_1_257' title='bbox 1076 1931 1476 1988; x_wconf 86' lang='lat' dir='ltr'><strong>damnationem</strong></span> <span class='ocrx_word' id='word_1_258' title='bbox 1515 1933 1816 2002; x_wconf 89' lang='lat' dir='ltr'><strong>aliquorum</strong></span> <span class='ocrx_word' id='word_1_259' title='bbox 1847 1938 1995 2008; x_wconf 87' lang='lat' dir='ltr'><strong>capi-</strong></span> 
     </span>
    </p>
   </div>
   <div class='ocr_carea' id='block_1_35' title="bbox 403 2017 1994 2094">
    <p class='ocr_par' dir='ltr' id='par_1_35' title="bbox 403 2017 1994 2094">
     <span class='ocr_line' id='line_1_35' title="bbox 403 2017 1994 2094; baseline 0.006 -22"><span class='ocrx_word' id='word_1_260' title='bbox 403 2019 639 2074; x_wconf 90' lang='lat' dir='ltr'><strong>tulorum</strong></span> <span class='ocrx_word' id='word_1_261' title='bbox 669 2017 874 2076; x_wconf 82' lang='lat' dir='ltr'><strong>faceret</strong></span> <span class='ocrx_word' id='word_1_262' title='bbox 899 2063 915 2088; x_wconf 91' lang='lat'><strong>,</strong></span> <span class='ocrx_word' id='word_1_263' title='bbox 956 2037 1052 2090; x_wconf 84' lang='lat' dir='ltr'><strong>per</strong></span> <span class='ocrx_word' id='word_1_264' title='bbox 1079 2036 1240 2090; x_wconf 89' lang='lat' dir='ltr'><strong>quam</strong></span> <span class='ocrx_word' id='word_1_265' title='bbox 1270 2032 1454 2078; x_wconf 87' lang='lat' dir='ltr'><strong>sancta</strong></span> <span class='ocrx_word' id='word_1_266' title='bbox 1485 2024 1720 2094; x_wconf 84' lang='lat' dir='ltr'><strong>synodus</strong></span> <span class='ocrx_word' id='word_1_267' title='bbox 1766 2024 1994 2082; x_wconf 83' lang='lat' dir='ltr'><strong>Chalce-</strong></span> 
     </span>
    </p>
   </div>
   <div class='ocr_carea' id='block_1_36' title="bbox 399 2111 1990 2180">
    <p class='ocr_par' dir='ltr' id='par_1_36' title="bbox 399 2111 1990 2180">
     <span class='ocr_line' id='line_1_36' title="bbox 399 2111 1990 2180; baseline 0.003 -12"><span class='ocrx_word' id='word_1_268' title='bbox 399 2111 672 2178; x_wconf 83' lang='lat' dir='ltr'><strong>doncnsis,</strong></span> <span class='ocrx_word' id='word_1_269' title='bbox 699 2125 818 2180; x_wconf 63' lang='lat' dir='ltr'><strong>qua:</strong></span> <span class='ocrx_word' id='word_1_270' title='bbox 845 2111 1003 2166; x_wconf 87' lang='lat' dir='ltr'><strong>tidem</strong></span> <span class='ocrx_word' id='word_1_271' title='bbox 1031 2113 1372 2179; x_wconf 88' lang='lat' dir='ltr'><strong>catholicam,</strong></span> <span class='ocrx_word' id='word_1_272' title='bbox 1401 2113 1680 2172; x_wconf 87' lang='lat' dir='ltr'><strong>insistente</strong></span> <span class='ocrx_word' id='word_1_273' title='bbox 1710 2125 1836 2172; x_wconf 88' lang='lat' dir='ltr'><strong>tunc</strong></span> <span class='ocrx_word' id='word_1_274' title='bbox 1861 2118 1990 2173; x_wconf 85' lang='lat' dir='ltr'><strong>hea-</strong></span> 
     </span>
    </p>
   </div>
   <div class='ocr_carea' id='block_1_37' title="bbox 402 2201 1992 2275">
    <p class='ocr_par' dir='ltr' id='par_1_37' title="bbox 402 2201 1992 2275">
     <span class='ocr_line' id='line_1_37' title="bbox 402 2201 1992 2275; baseline 0.005 -19"><span class='ocrx_word' id='word_1_275' title='bbox 402 2204 610 2259; x_wconf 89' lang='lat' dir='ltr'><strong>tissimo</strong></span> <span class='ocrx_word' id='word_1_276' title='bbox 638 2217 777 2275; x_wconf 89' lang='lat' dir='ltr'><strong>papa</strong></span> <span class='ocrx_word' id='word_1_277' title='bbox 810 2201 1024 2271; x_wconf 84' lang='lat' dir='ltr'><strong>Leone,</strong></span> <span class='ocrx_word' id='word_1_278' title='bbox 1057 2212 1247 2258; x_wconf 89' lang='lat' dir='ltr'><strong>contra</strong></span> <span class='ocrx_word' id='word_1_279' title='bbox 1285 2205 1526 2260; x_wconf 88' lang='lat' dir='ltr'><strong>diversas</strong></span> <span class='ocrx_word' id='word_1_280' title='bbox 1557 2206 1789 2262; x_wconf 63' lang='lat' dir='ltr'><strong>haereses</strong></span> <span class='ocrx_word' id='word_1_281' title='bbox 1819 2209 1992 2264; x_wconf 82' lang='lat' dir='ltr'><strong>vindi-</strong></span> 
     </span>
    </p>
   </div>
   <div class='ocr_carea' id='block_1_38' title="bbox 398 2295 1988 2370">
    <p class='ocr_par' dir='ltr' id='par_1_38' title="bbox 398 2295 1988 2370">
     <span class='ocr_line' id='line_1_38' title="bbox 398 2295 1988 2370; baseline 0.002 -20"><span class='ocrx_word' id='word_1_282' title='bbox 398 2295 574 2360; x_wconf 86' lang='lat' dir='ltr'><strong>cavit,</strong></span> <span class='ocrx_word' id='word_1_283' title='bbox 623 2295 797 2350; x_wconf 89' lang='lat' dir='ltr'><strong>modis</strong></span> <span class='ocrx_word' id='word_1_284' title='bbox 847 2295 1096 2349; x_wconf 89' lang='lat' dir='ltr'><strong>omnibus</strong></span> <span class='ocrx_word' id='word_1_285' title='bbox 1143 2295 1461 2350; x_wconf 87' lang='lat' dir='ltr'><strong>solveretur.</strong></span> <span class='ocrx_word' id='word_1_286' title='bbox 1523 2295 1630 2352; x_wconf 90' lang='lat' dir='ltr'><strong>Sed</strong></span> <span class='ocrx_word' id='word_1_287' title='bbox 1679 2313 1800 2354; x_wconf 86' lang='lat' dir='ltr'><strong>enm</strong></span> <span class='ocrx_word' id='word_1_288' title='bbox 1852 2315 1988 2370; x_wconf 86' lang='lat' dir='ltr'><strong>papa</strong></span> 
     </span>
    </p>
   </div>
   <div class='ocr_carea' id='block_1_39' title="bbox 397 2385 1986 2458">
    <p class='ocr_par' dir='ltr' id='par_1_39' title="bbox 397 2385 1986 2458">
     <span class='ocr_line' id='line_1_39' title="bbox 397 2385 1986 2458; baseline 0.003 -19"><span class='ocrx_word' id='word_1_289' title='bbox 397 2385 624 2454; x_wconf 72' lang='lat' dir='ltr'><strong>Vigilius</strong></span> <span class='ocrx_word' id='word_1_290' title='bbox 645 2385 699 2439; x_wconf 91' lang='lat' dir='ltr'><strong>in</strong></span> <span class='ocrx_word' id='word_1_291' title='bbox 723 2385 828 2440; x_wconf 90' lang='lat' dir='ltr'><strong>bac</strong></span> <span class='ocrx_word' id='word_1_292' title='bbox 851 2393 1006 2456; x_wconf 87' lang='lat' dir='ltr'><strong>parte</strong></span> <span class='ocrx_word' id='word_1_293' title='bbox 1034 2401 1143 2440; x_wconf 88' lang='lat' dir='ltr'><strong>non</strong></span> <span class='ocrx_word' id='word_1_294' title='bbox 1172 2385 1337 2442; x_wconf 85' lang='lat' dir='ltr'><strong>vellet</strong></span> <span class='ocrx_word' id='word_1_295' title='bbox 1357 2387 1613 2444; x_wconf 88' lang='lat' dir='ltr'><strong>adhibere</strong></span> <span class='ocrx_word' id='word_1_296' title='bbox 1643 2404 1986 2458; x_wconf 77' lang='lat' dir='ltr'><strong>consensum,</strong></span> 
     </span>
    </p>
   </div>
   <div class='ocr_carea' id='block_1_40' title="bbox 393 2475 1992 2548">
    <p class='ocr_par' dir='ltr' id='par_1_40' title="bbox 393 2475 1992 2548">
     <span class='ocr_line' id='line_1_40' title="bbox 393 2475 1992 2548; baseline 0.003 -16"><span class='ocrx_word' id='word_1_297' title='bbox 393 2475 502 2546; x_wconf 71' lang='lat' dir='ltr'><strong>iam</strong></span> <span class='ocrx_word' id='word_1_298' title='bbox 534 2487 660 2532; x_wconf 89' lang='lat' dir='ltr'><strong>tunc</strong></span> <span class='ocrx_word' id='word_1_299' title='bbox 688 2476 812 2532; x_wconf 88' lang='lat' dir='ltr'><strong>talis</strong></span> <span class='ocrx_word' id='word_1_300' title='bbox 840 2477 1097 2532; x_wconf 88' lang='lat' dir='ltr'><strong>violentia</strong></span> <span class='ocrx_word' id='word_1_301' title='bbox 1125 2476 1266 2532; x_wconf 77' lang='lat' dir='ltr'><strong>facta</strong></span> <span class='ocrx_word' id='word_1_302' title='bbox 1297 2485 1414 2545; x_wconf 92' lang='lat' dir='ltr'><strong>est,</strong></span> <span class='ocrx_word' id='word_1_303' title='bbox 1448 2487 1505 2533; x_wconf 91' lang='lat' dir='ltr'><strong>ut</strong></span> <span class='ocrx_word' id='word_1_304' title='bbox 1533 2479 1746 2548; x_wconf 85' lang='lat' dir='ltr'><strong>publice</strong></span> <span class='ocrx_word' id='word_1_305' title='bbox 1775 2482 1828 2536; x_wconf 89' lang='lat' dir='ltr'><strong>in</strong></span> <span class='ocrx_word' id='word_1_306' title='bbox 1859 2499 1992 2538; x_wconf 89' lang='lat' dir='ltr'><strong>con-</strong></span> 
     </span>
    </p>
   </div>
   <div class='ocr_carea' id='block_1_41' title="bbox 394 2565 1988 2642">
    <p class='ocr_par' dir='ltr' id='par_1_41' title="bbox 394 2565 1988 2642">
     <span class='ocr_line' id='line_1_41' title="bbox 394 2565 1988 2642; baseline 0.004 -20"><span class='ocrx_word' id='word_1_307' title='bbox 394 2574 563 2622; x_wconf 79' lang='lat' dir='ltr'><strong>ventu</strong></span> <span class='ocrx_word' id='word_1_308' title='bbox 606 2567 855 2622; x_wconf 86' lang='lat' dir='ltr'><strong>clamarit</strong></span> <span class='ocrx_word' id='word_1_309' title='bbox 887 2565 1216 2622; x_wconf 89' lang='lat' dir='ltr'><strong>:Contestor</strong></span> <span class='ocrx_word' id='word_1_310' title='bbox 1259 2569 1408 2637; x_wconf 87' lang='lat' dir='ltr'><strong>quia,</strong></span> <span class='ocrx_word' id='word_1_311' title='bbox 1443 2571 1545 2625; x_wconf 85' lang='lat' dir='ltr'><strong>etsi</strong></span> <span class='ocrx_word' id='word_1_312' title='bbox 1592 2585 1681 2625; x_wconf 89' lang='lat' dir='ltr'><strong>me</strong></span> <span class='ocrx_word' id='word_1_313' title='bbox 1717 2573 1988 2642; x_wconf 88' lang='lat' dir='ltr'><strong>captivum</strong></span> 
     </span>
    </p>
   </div>
   <div class='ocr_carea' id='block_1_42' title="bbox 396 2657 1990 2731">
    <p class='ocr_par' dir='ltr' id='par_1_42' title="bbox 396 2657 1990 2731">
     <span class='ocr_line' id='line_1_42' title="bbox 396 2657 1990 2731; baseline 0.004 -18"><span class='ocrx_word' id='word_1_314' title='bbox 396 2658 627 2724; x_wconf 85' lang='lat' dir='ltr'><strong>tenetis,</strong></span> <span class='ocrx_word' id='word_1_315' title='bbox 660 2658 878 2712; x_wconf 89' lang='lat' dir='ltr'><strong>beatum</strong></span> <span class='ocrx_word' id='word_1_316' title='bbox 910 2657 1130 2713; x_wconf 87' lang='lat' dir='ltr'><strong>Petrqu</strong></span> <span class='ocrx_word' id='word_1_317' title='bbox 1167 2660 1470 2729; x_wconf 75' lang='lat' dir='ltr'><strong>apostolum</strong></span> <span class='ocrx_word' id='word_1_318' title='bbox 1509 2663 1781 2731; x_wconf 87' lang='lat' dir='ltr'><strong>captivum</strong></span> <span class='ocrx_word' id='word_1_319' title='bbox 1809 2663 1990 2720; x_wconf 78' lang='lat' dir='ltr'><strong>facere</strong></span> 
     </span>
    </p>
   </div>
   <div class='ocr_carea' id='block_1_43' title="bbox 393 2749 1989 2824">
    <p class='ocr_par' dir='ltr' id='par_1_43' title="bbox 393 2749 1989 2824">
     <span class='ocr_line' id='line_1_43' title="bbox 393 2749 1989 2824; baseline 0.005 -20"><span class='ocrx_word' id='word_1_320' title='bbox 393 2765 502 2804; x_wconf 88' lang='lat' dir='ltr'><strong>non</strong></span> <span class='ocrx_word' id='word_1_321' title='bbox 528 2750 778 2820; x_wconf 86' lang='lat' dir='ltr'><strong>potestis.</strong></span> <span class='ocrx_word' id='word_1_322' title='bbox 813 2749 1004 2804; x_wconf 84' lang='lat' dir='ltr'><strong>Postea</strong></span> <span class='ocrx_word' id='word_1_323' title='bbox 1035 2757 1213 2804; x_wconf 82' lang='lat' dir='ltr'><strong>tamen</strong></span> <span class='ocrx_word' id='word_1_324' title='bbox 1239 2759 1470 2806; x_wconf 86' lang='lat' dir='ltr'><strong>tractatu</strong></span> <span class='ocrx_word' id='word_1_325' title='bbox 1497 2752 1680 2809; x_wconf 89' lang='lat' dir='ltr'><strong>habito</strong></span> <span class='ocrx_word' id='word_1_326' title='bbox 1705 2755 1989 2824; x_wconf 77' lang='lat' dir='ltr'><strong>przedietus</strong></span> 
     </span>
    </p>
   </div>
   <div class='ocr_carea' id='block_1_44' title="bbox 392 2839 1988 2917">
    <p class='ocr_par' dir='ltr' id='par_1_44' title="bbox 392 2839 1988 2917">
     <span class='ocr_line' id='line_1_44' title="bbox 392 2839 1988 2917; baseline 0.004 -21"><span class='ocrx_word' id='word_1_327' title='bbox 392 2847 611 2897; x_wconf 87' lang='lat' dir='ltr'><strong>sanctus</strong></span> <span class='ocrx_word' id='word_1_328' title='bbox 637 2855 778 2910; x_wconf 87' lang='lat' dir='ltr'><strong>papa</strong></span> <span class='ocrx_word' id='word_1_329' title='bbox 809 2839 1029 2909; x_wconf 71' lang='lat' dir='ltr'><strong>Vigilius</strong></span> <span class='ocrx_word' id='word_1_330' title='bbox 1057 2841 1156 2896; x_wconf 87' lang='lat' dir='ltr'><strong>sub</strong></span> <span class='ocrx_word' id='word_1_331' title='bbox 1183 2841 1360 2912; x_wconf 89' lang='lat' dir='ltr'><strong>aliqua</strong></span> <span class='ocrx_word' id='word_1_332' title='bbox 1391 2843 1786 2913; x_wconf 70' lang='lat' dir='ltr'><strong>diSpensatione</strong></span> <span class='ocrx_word' id='word_1_333' title='bbox 1819 2847 1988 2917; x_wconf 86' lang='lat' dir='ltr'><strong>ipsam</strong></span> 
     </span>
    </p>
   </div>
   <div class='ocr_carea' id='block_1_45' title="bbox 391 2931 1988 3008">
    <p class='ocr_par' dir='ltr' id='par_1_45' title="bbox 391 2931 1988 3008">
     <span class='ocr_line' id='line_1_45' title="bbox 391 2931 1988 3008; baseline 0.003 -21"><span class='ocrx_word' id='word_1_334' title='bbox 391 2947 613 2988; x_wconf 85' lang='lat' dir='ltr'><strong>causam</strong></span> <span class='ocrx_word' id='word_1_335' title='bbox 651 2931 1015 3000; x_wconf 87' lang='lat' dir='ltr'><strong>ordinaverit,</strong></span> <span class='ocrx_word' id='word_1_336' title='bbox 1046 2933 1278 2989; x_wconf 88' lang='lat' dir='ltr'><strong>sollicite</strong></span> <span class='ocrx_word' id='word_1_337' title='bbox 1309 2935 1578 2990; x_wconf 81' lang='lat' dir='ltr'><strong>monendo</strong></span> <span class='ocrx_word' id='word_1_338' title='bbox 1610 2952 1802 3008; x_wconf 86' lang='lat' dir='ltr'><strong>neper</strong></span> <span class='ocrx_word' id='word_1_339' title='bbox 1830 2954 1988 2994; x_wconf 78' lang='lat' dir='ltr'><strong>occa-</strong></span> 
     </span>
    </p>
   </div>
   <div class='ocr_carea' id='block_1_46' title="bbox 391 3023 1985 3101">
    <p class='ocr_par' dir='ltr' id='par_1_46' title="bbox 391 3023 1985 3101">
     <span class='ocr_line' id='line_1_46' title="bbox 391 3023 1985 3101; baseline 0.005 -22"><span class='ocrx_word' id='word_1_340' title='bbox 391 3023 600 3080; x_wconf 86' lang='lat' dir='ltr'><strong>sionem</strong></span> <span class='ocrx_word' id='word_1_341' title='bbox 641 3023 873 3094; x_wconf 89' lang='lat' dir='ltr'><strong>aliquam</strong></span> <span class='ocrx_word' id='word_1_342' title='bbox 913 3023 1224 3095; x_wconf 86' lang='lat' dir='ltr'><strong>supradicta</strong></span> <span class='ocrx_word' id='word_1_343' title='bbox 1266 3027 1504 3098; x_wconf 84' lang='lat' dir='ltr'><strong>synodus</strong></span> <span class='ocrx_word' id='word_1_344' title='bbox 1529 3039 1808 3098; x_wconf 86' lang='lat' dir='ltr'><strong>pateretur</strong></span> <span class='ocrx_word' id='word_1_345' title='bbox 1843 3032 1985 3101; x_wconf 87' lang='lat' dir='ltr'><strong>inju-</strong></span> 
     </span>
    </p>
   </div>
   <div class='ocr_carea' id='block_1_47' title="bbox 389 3114 1983 3194">
    <p class='ocr_par' dir='ltr' id='par_1_47' title="bbox 389 3114 1983 3194">
     <span class='ocr_line' id='line_1_47' title="bbox 389 3114 1983 3194; baseline 0.007 -23"><span class='ocrx_word' id='word_1_346' title='bbox 389 3115 547 3171; x_wconf 89' lang='lat' dir='ltr'><strong>riam.</strong></span> <span class='ocrx_word' id='word_1_347' title='bbox 580 3114 648 3170; x_wconf 89' lang='lat' dir='ltr'><strong>Et</strong></span> <span class='ocrx_word' id='word_1_348' title='bbox 667 3117 912 3186; x_wconf 89' lang='lat' dir='ltr'><strong>quamvis</strong></span> <span class='ocrx_word' id='word_1_349' title='bbox 939 3133 1040 3174; x_wconf 90' lang='lat' dir='ltr'><strong>nec</strong></span> <span class='ocrx_word' id='word_1_350' title='bbox 1066 3119 1167 3172; x_wconf 91' lang='lat' dir='ltr'><strong>hoc</strong></span> <span class='ocrx_word' id='word_1_351' title='bbox 1189 3119 1334 3188; x_wconf 85' lang='lat' dir='ltr'><strong>quod</strong></span> <span class='ocrx_word' id='word_1_352' title='bbox 1363 3136 1498 3192; x_wconf 86' lang='lat' dir='ltr'><strong>papa</strong></span> <span class='ocrx_word' id='word_1_353' title='bbox 1531 3122 1734 3178; x_wconf 78' lang='lat' dir='ltr'><strong>fecerat</strong></span> <span class='ocrx_word' id='word_1_354' title='bbox 1761 3126 1983 3194; x_wconf 90' lang='lat' dir='ltr'><strong>acquie-</strong></span> 
     </span>
    </p>
   </div>
   <div class='ocr_carea' id='block_1_48' title="bbox 2098 1923 3696 1992">
    <p class='ocr_par' dir='ltr' id='par_1_48' title="bbox 2098 1923 3696 1992">
     <span class='ocr_line' id='line_1_48' title="bbox 2098 1923 3696 1992; baseline -0.001 -14"><span class='ocrx_word' id='word_1_355' title='bbox 2098 1933 2264 1978; x_wconf 88' lang='lat' dir='ltr'><strong>tatem</strong></span> <span class='ocrx_word' id='word_1_356' title='bbox 2291 1923 2493 1992; x_wconf 83' lang='lat' dir='ltr'><strong>regiam</strong></span> <span class='ocrx_word' id='word_1_357' title='bbox 2527 1923 2918 1992; x_wconf 86' lang='lat' dir='ltr'><strong>pervenissent,</strong></span> <span class='ocrx_word' id='word_1_358' title='bbox 2952 1933 3232 1992; x_wconf 84' lang='lat' dir='ltr'><strong>coeperunt</strong></span> <span class='ocrx_word' id='word_1_359' title='bbox 3262 1923 3340 1978; x_wconf 77' lang='lat' dir='ltr'><strong>eis</strong></span> <span class='ocrx_word' id='word_1_360' title='bbox 3366 1939 3508 1978; x_wconf 87' lang='lat' dir='ltr'><strong>nunc</strong></span> <span class='ocrx_word' id='word_1_361' title='bbox 3535 1925 3696 1979; x_wconf 81' lang='lat' dir='ltr'><strong>blan-</strong></span> 
     </span>
    </p>
   </div>
   <div class='ocr_carea' id='block_1_49' title="bbox 2095 2013 3696 2084">
    <p class='ocr_par' dir='ltr' id='par_1_49' title="bbox 2095 2013 3696 2084">
     <span class='ocr_line' id='line_1_49' title="bbox 2095 2013 3696 2084; baseline 0.001 -15"><span class='ocrx_word' id='word_1_362' title='bbox 2095 2013 2378 2080; x_wconf 87' lang='lat' dir='ltr'><strong>dimentis,</strong></span> <span class='ocrx_word' id='word_1_363' title='bbox 2407 2028 2550 2068; x_wconf 89' lang='lat' dir='ltr'><strong>nunc</strong></span> <span class='ocrx_word' id='word_1_364' title='bbox 2578 2013 2874 2067; x_wconf 84' lang='lat' dir='ltr'><strong>terroribus</strong></span> <span class='ocrx_word' id='word_1_365' title='bbox 2903 2021 3230 2082; x_wconf 73' lang='lat' dir='ltr'><strong>extorquere</strong></span> <span class='ocrx_word' id='word_1_366' title='bbox 3248 2055 3264 2082; x_wconf 92' lang='lat'><strong>,</strong></span> <span class='ocrx_word' id='word_1_367' title='bbox 3299 2023 3354 2070; x_wconf 92' lang='lat' dir='ltr'><strong>ut</strong></span> <span class='ocrx_word' id='word_1_368' title='bbox 3384 2014 3696 2084; x_wconf 73' lang='lat' dir='ltr'><strong>prmberent</strong></span> 
     </span>
    </p>
   </div>
   <div class='ocr_carea' id='block_1_50' title="bbox 2094 2104 3692 2176">
    <p class='ocr_par' dir='ltr' id='par_1_50' title="bbox 2094 2104 3692 2176">
     <span class='ocr_line' id='line_1_50' title="bbox 2094 2104 3692 2176; baseline -0.002 -14"><span class='ocrx_word' id='word_1_369' title='bbox 2094 2107 2150 2163; x_wconf 91' lang='lat' dir='ltr'><strong>in</strong></span> <span class='ocrx_word' id='word_1_370' title='bbox 2197 2106 2560 2176; x_wconf 89' lang='lat' dir='ltr'><strong>capitulorum</strong></span> <span class='ocrx_word' id='word_1_371' title='bbox 2606 2104 2954 2160; x_wconf 88' lang='lat' dir='ltr'><strong>damnatione</strong></span> <span class='ocrx_word' id='word_1_372' title='bbox 3002 2122 3349 2161; x_wconf 89' lang='lat' dir='ltr'><strong>consensum.</strong></span> <span class='ocrx_word' id='word_1_373' title='bbox 3407 2105 3512 2161; x_wconf 81' lang='lat' dir='ltr'><strong>Sed</strong></span> <span class='ocrx_word' id='word_1_374' title='bbox 3560 2121 3692 2160; x_wconf 86' lang='lat' dir='ltr'><strong>cum</strong></span> 
     </span>
    </p>
   </div>
   <div class='ocr_carea' id='block_1_51' title="bbox 2094 2196 3694 2272">
    <p class='ocr_par' dir='ltr' id='par_1_51' title="bbox 2094 2196 3694 2272">
     <span class='ocr_line' id='line_1_51' title="bbox 2094 2196 3694 2272; baseline -0.001 -19"><span class='ocrx_word' id='word_1_375' title='bbox 2094 2198 2402 2254; x_wconf 88' lang='lat' dir='ltr'><strong>nullatenus</strong></span> <span class='ocrx_word' id='word_1_376' title='bbox 2429 2196 2509 2252; x_wconf 90' lang='lat' dir='ltr'><strong>eis</strong></span> <span class='ocrx_word' id='word_1_377' title='bbox 2536 2205 2863 2266; x_wconf 79' lang='lat' dir='ltr'><strong>extorquere</strong></span> <span class='ocrx_word' id='word_1_378' title='bbox 2895 2197 3218 2266; x_wconf 77' lang='lat' dir='ltr'><strong>potuissent,</strong></span> <span class='ocrx_word' id='word_1_379' title='bbox 3249 2198 3573 2272; x_wconf 83' lang='lat' dir='ltr'><strong>concinnata</strong></span> <span class='ocrx_word' id='word_1_380' title='bbox 3604 2205 3694 2252; x_wconf 85' lang='lat' dir='ltr'><strong>est</strong></span> 
     </span>
    </p>
   </div>
   <div class='ocr_carea' id='block_1_52' title="bbox 2093 2287 3696 2360">
    <p class='ocr_par' dir='ltr' id='par_1_52' title="bbox 2093 2287 3696 2360">
     <span class='ocr_line' id='line_1_52' title="bbox 2093 2287 3696 2360; baseline 0.001 -16"><span class='ocrx_word' id='word_1_381' title='bbox 2093 2305 2255 2344; x_wconf 88' lang='lat' dir='ltr'><strong>causa</strong></span> <span class='ocrx_word' id='word_1_382' title='bbox 2275 2297 2467 2345; x_wconf 87' lang='lat' dir='ltr'><strong>sancto</strong></span> <span class='ocrx_word' id='word_1_383' title='bbox 2489 2287 2760 2358; x_wconf 80' lang='lat' dir='ltr'><strong>Reparato</strong></span> <span class='ocrx_word' id='word_1_384' title='bbox 2786 2288 3042 2358; x_wconf 89' lang='lat' dir='ltr'><strong>episcopo</strong></span> <span class='ocrx_word' id='word_1_385' title='bbox 3057 2287 3507 2358; x_wconf 70' lang='lat' dir='ltr'><strong>Carthaginiensi,</strong></span> <span class='ocrx_word' id='word_1_386' title='bbox 3532 2290 3696 2360; x_wconf 62' lang='lat' dir='ltr'><strong>quasi</strong></span> 
     </span>
    </p>
   </div>
   <div class='ocr_carea' id='block_1_53' title="bbox 2093 2375 3695 2450">
    <p class='ocr_par' dir='ltr' id='par_1_53' title="bbox 2093 2375 3695 2450">
     <span class='ocr_line' id='line_1_53' title="bbox 2093 2375 3695 2450; baseline -0.001 -16"><span class='ocrx_word' id='word_1_387' title='bbox 2093 2378 2458 2434; x_wconf 80' lang='lat' dir='ltr'><strong>Areobindam</strong></span> <span class='ocrx_word' id='word_1_388' title='bbox 2487 2379 2807 2448; x_wconf 88' lang='lat' dir='ltr'><strong>magistrum</strong></span> <span class='ocrx_word' id='word_1_389' title='bbox 2840 2379 3068 2440; x_wconf 85' lang='lat' dir='ltr'><strong>militum</strong></span> <span class='ocrx_word' id='word_1_390' title='bbox 3106 2393 3136 2432; x_wconf 91' lang='lat' dir='ltr'><strong>a</strong></span> <span class='ocrx_word' id='word_1_391' title='bbox 3175 2375 3427 2432; x_wconf 92' lang='lat' dir='ltr'><strong>Guntarit</strong></span> <span class='ocrx_word' id='word_1_392' title='bbox 3455 2386 3695 2450; x_wconf 71' lang='lat' dir='ltr'><strong>tyranno</strong></span> 
     </span>
    </p>
   </div>
   <div class='ocr_carea' id='block_1_54' title="bbox 2095 2467 3694 2534">
    <p class='ocr_par' dir='ltr' id='par_1_54' title="bbox 2095 2467 3694 2534">
     <span class='ocr_line' id='line_1_54' title="bbox 2095 2467 3694 2534; baseline 0 -10"><span class='ocrx_word' id='word_1_393' title='bbox 2095 2469 2148 2526; x_wconf 89' lang='lat' dir='ltr'><strong>in</strong></span> <span class='ocrx_word' id='word_1_394' title='bbox 2179 2469 2357 2524; x_wconf 79' lang='lat' dir='ltr'><strong>Africa</strong></span> <span class='ocrx_word' id='word_1_395' title='bbox 2390 2467 2606 2526; x_wconf 80' lang='lat' dir='ltr'><strong>fecisset</strong></span> <span class='ocrx_word' id='word_1_396' title='bbox 2628 2470 2822 2534; x_wconf 79' lang='lat' dir='ltr'><strong>occidi,</strong></span> <span class='ocrx_word' id='word_1_397' title='bbox 2855 2480 2911 2524; x_wconf 91' lang='lat' dir='ltr'><strong>et</strong></span> <span class='ocrx_word' id='word_1_398' title='bbox 2937 2471 3036 2526; x_wconf 62' lang='lat' dir='ltr'><strong>sub</strong></span> <span class='ocrx_word' id='word_1_399' title='bbox 3067 2471 3170 2525; x_wconf 92' lang='lat' dir='ltr'><strong>hoc</strong></span> <span class='ocrx_word' id='word_1_400' title='bbox 3198 2468 3382 2525; x_wconf 89' lang='lat' dir='ltr'><strong>colore</strong></span> <span class='ocrx_word' id='word_1_401' title='bbox 3411 2470 3462 2523; x_wconf 92' lang='lat' dir='ltr'><strong>in</strong></span> <span class='ocrx_word' id='word_1_402' title='bbox 3493 2471 3694 2525; x_wconf 71' lang='lat' dir='ltr'><strong>exsilio</strong></span> 
     </span>
    </p>
   </div>
   <div class='ocr_carea' id='block_1_55' title="bbox 2093 2562 3694 2634">
    <p class='ocr_par' dir='ltr' id='par_1_55' title="bbox 2093 2562 3694 2634">
     <span class='ocr_line' id='line_1_55' title="bbox 2093 2562 3694 2634; baseline 0 -16"><span class='ocrx_word' id='word_1_403' title='bbox 2093 2563 2410 2633; x_wconf 86' lang='lat' dir='ltr'><strong>deportatus</strong></span> <span class='ocrx_word' id='word_1_404' title='bbox 2437 2571 2540 2618; x_wconf 90' lang='lat' dir='ltr'><strong>est.</strong></span> <span class='ocrx_word' id='word_1_405' title='bbox 2572 2562 2688 2619; x_wconf 83' lang='lat' dir='ltr'><strong>Hoc</strong></span> <span class='ocrx_word' id='word_1_406' title='bbox 2716 2563 2958 2618; x_wconf 84' lang='lat' dir='ltr'><strong>videntes</strong></span> <span class='ocrx_word' id='word_1_407' title='bbox 2983 2563 3070 2616; x_wconf 90' lang='lat' dir='ltr'><strong>alii</strong></span> <span class='ocrx_word' id='word_1_408' title='bbox 3101 2563 3226 2624; x_wconf 87' lang='lat' dir='ltr'><strong>duo,</strong></span> <span class='ocrx_word' id='word_1_409' title='bbox 3252 2563 3344 2634; x_wconf 88' lang='lat' dir='ltr'><strong>qui</strong></span> <span class='ocrx_word' id='word_1_410' title='bbox 3367 2563 3509 2618; x_wconf 90' lang='lat' dir='ltr'><strong>inter</strong></span> <span class='ocrx_word' id='word_1_411' title='bbox 3537 2562 3694 2632; x_wconf 82' lang='lat' dir='ltr'><strong>ipsos</strong></span> 
     </span>
    </p>
   </div>
   <div class='ocr_carea' id='block_1_56' title="bbox 2092 2653 3693 2725">
    <p class='ocr_par' dir='ltr' id='par_1_56' title="bbox 2092 2653 3693 2725">
     <span class='ocr_line' id='line_1_56' title="bbox 2092 2653 3693 2725; baseline -0.001 -15"><span class='ocrx_word' id='word_1_412' title='bbox 2092 2663 2148 2710; x_wconf 88' lang='lat' dir='ltr'><strong>et</strong></span> <span class='ocrx_word' id='word_1_413' title='bbox 2173 2655 2457 2709; x_wconf 82' lang='lat' dir='ltr'><strong>sanctitate</strong></span> <span class='ocrx_word' id='word_1_414' title='bbox 2477 2653 2600 2709; x_wconf 62' lang='lat' dir='ltr'><strong>vita:</strong></span> <span class='ocrx_word' id='word_1_415' title='bbox 2629 2663 2684 2709; x_wconf 92' lang='lat' dir='ltr'><strong>et</strong></span> <span class='ocrx_word' id='word_1_416' title='bbox 2704 2655 3002 2709; x_wconf 85' lang='lat' dir='ltr'><strong>divinarum</strong></span> <span class='ocrx_word' id='word_1_417' title='bbox 3033 2653 3430 2725; x_wconf 86' lang='lat' dir='ltr'><strong>Scripturarutu</strong></span> <span class='ocrx_word' id='word_1_418' title='bbox 3455 2655 3693 2710; x_wconf 80' lang='lat' dir='ltr'><strong>scientia</strong></span> 
     </span>
    </p>
   </div>
   <div class='ocr_carea' id='block_1_57' title="bbox 2091 2743 3691 2816">
    <p class='ocr_par' dir='ltr' id='par_1_57' title="bbox 2091 2743 3691 2816">
     <span class='ocr_line' id='line_1_57' title="bbox 2091 2743 3691 2816; baseline 0.001 -15"><span class='ocrx_word' id='word_1_419' title='bbox 2091 2755 2218 2801; x_wconf 86' lang='lat' dir='ltr'><strong>sunt</strong></span> <span class='ocrx_word' id='word_1_420' title='bbox 2246 2746 2464 2810; x_wconf 88' lang='lat' dir='ltr'><strong>ornati,</strong></span> <span class='ocrx_word' id='word_1_421' title='bbox 2515 2745 2584 2800; x_wconf 90' lang='lat' dir='ltr'><strong>ad</strong></span> <span class='ocrx_word' id='word_1_422' title='bbox 2609 2753 2852 2802; x_wconf 89' lang='lat' dir='ltr'><strong>sanctam</strong></span> <span class='ocrx_word' id='word_1_423' title='bbox 2881 2745 3234 2816; x_wconf 76' lang='lat' dir='ltr'><strong>Euphemiam</strong></span> <span class='ocrx_word' id='word_1_424' title='bbox 3282 2743 3691 2802; x_wconf 71' lang='lat' dir='ltr'><strong>Chalcelonrm</strong></span> 
     </span>
    </p>
   </div>
   <div class='ocr_carea' id='block_1_58' title="bbox 2093 2836 3693 2906">
    <p class='ocr_par' dir='ltr' id='par_1_58' title="bbox 2093 2836 3693 2906">
     <span class='ocr_line' id='line_1_58' title="bbox 2093 2836 3693 2906; baseline 0.001 -16"><span class='ocrx_word' id='word_1_425' title='bbox 2093 2837 2364 2906; x_wconf 74' lang='lat' dir='ltr'><strong>fugerunt,</strong></span> <span class='ocrx_word' id='word_1_426' title='bbox 2404 2843 2462 2892; x_wconf 88' lang='lat' dir='ltr'><strong>et</strong></span> <span class='ocrx_word' id='word_1_427' title='bbox 2488 2836 2562 2892; x_wconf 91' lang='lat' dir='ltr'><strong>ibi</strong></span> <span class='ocrx_word' id='word_1_428' title='bbox 2613 2852 2784 2906; x_wconf 90' lang='lat' dir='ltr'><strong>usque</strong></span> <span class='ocrx_word' id='word_1_429' title='bbox 2830 2837 2993 2894; x_wconf 88' lang='lat' dir='ltr'><strong>hodie</strong></span> <span class='ocrx_word' id='word_1_430' title='bbox 3027 2837 3127 2893; x_wconf 90' lang='lat' dir='ltr'><strong>sub</strong></span> <span class='ocrx_word' id='word_1_431' title='bbox 3175 2846 3326 2892; x_wconf 90' lang='lat' dir='ltr'><strong>tanta</strong></span> <span class='ocrx_word' id='word_1_432' title='bbox 3360 2838 3693 2892; x_wconf 80' lang='lat' dir='ltr'><strong>necessitate</strong></span> 
     </span>
    </p>
   </div>
   <div class='ocr_carea' id='block_1_59' title="bbox 2085 2928 3693 3000">
    <p class='ocr_par' dir='ltr' id='par_1_59' title="bbox 2085 2928 3693 3000">
     <span class='ocr_line' id='line_1_59' title="bbox 2085 2928 3693 3000; baseline 0.001 -16"><span class='ocrx_word' id='word_1_433' title='bbox 2085 2930 2272 3000; x_wconf 88' lang='lat' dir='ltr'><strong>jacent</strong></span> <span class='ocrx_word' id='word_1_434' title='bbox 2293 2970 2309 2996; x_wconf 89' lang='lat'><strong>,</strong></span> <span class='ocrx_word' id='word_1_435' title='bbox 2341 2937 2400 2984; x_wconf 90' lang='lat' dir='ltr'><strong>nt</strong></span> <span class='ocrx_word' id='word_1_436' title='bbox 2421 2969 2436 2994; x_wconf 95' lang='lat'><strong>,</strong></span> <span class='ocrx_word' id='word_1_437' title='bbox 2477 2945 2600 2984; x_wconf 91' lang='lat' dir='ltr'><strong>cum</strong></span> <span class='ocrx_word' id='word_1_438' title='bbox 2632 2928 2943 2984; x_wconf 81' lang='lat' dir='ltr'><strong>inﬁrmitate</strong></span> <span class='ocrx_word' id='word_1_439' title='bbox 2973 2931 3217 3000; x_wconf 88' lang='lat' dir='ltr'><strong>corporis</strong></span> <span class='ocrx_word' id='word_1_440' title='bbox 3245 2930 3554 2986; x_wconf 86' lang='lat' dir='ltr'><strong>laborantes</strong></span> <span class='ocrx_word' id='word_1_441' title='bbox 3583 2947 3693 2986; x_wconf 87' lang='lat' dir='ltr'><strong>nec</strong></span> 
     </span>
    </p>
   </div>
   <div class='ocr_carea' id='block_1_60' title="bbox 2091 3020 3691 3093">
    <p class='ocr_par' dir='ltr' id='par_1_60' title="bbox 2091 3020 3691 3093">
     <span class='ocr_line' id='line_1_60' title="bbox 2091 3020 3691 3093; baseline 0.002 -19"><span class='ocrx_word' id='word_1_442' title='bbox 2091 3020 2357 3076; x_wconf 91' lang='lat' dir='ltr'><strong>medicum</strong></span> <span class='ocrx_word' id='word_1_443' title='bbox 2389 3021 2631 3076; x_wconf 89' lang='lat' dir='ltr'><strong>invenire</strong></span> <span class='ocrx_word' id='word_1_444' title='bbox 2656 3030 2986 3090; x_wconf 89' lang='lat' dir='ltr'><strong>mereantur,</strong></span> <span class='ocrx_word' id='word_1_445' title='bbox 3011 3022 3244 3093; x_wconf 90' lang='lat' dir='ltr'><strong>pericula</strong></span> <span class='ocrx_word' id='word_1_446' title='bbox 3270 3025 3527 3080; x_wconf 85' lang='lat' dir='ltr'><strong>immensa</strong></span> <span class='ocrx_word' id='word_1_447' title='bbox 3558 3039 3691 3079; x_wconf 89' lang='lat' dir='ltr'><strong>sus-</strong></span> 
     </span>
    </p>
   </div>
   <div class='ocr_carea' id='block_1_61' title="bbox 2091 3112 3691 3186">
    <p class='ocr_par' dir='ltr' id='par_1_61' title="bbox 2091 3112 3691 3186">
     <span class='ocr_line' id='line_1_61' title="bbox 2091 3112 3691 3186; baseline 0.001 -19"><span class='ocrx_word' id='word_1_448' title='bbox 2091 3114 2320 3169; x_wconf 87' lang='lat' dir='ltr'><strong>tineant.</strong></span> <span class='ocrx_word' id='word_1_449' title='bbox 2361 3112 2649 3170; x_wconf 66' lang='lat' dir='ltr'><strong>Prtel‘ectus</strong></span> <span class='ocrx_word' id='word_1_450' title='bbox 2693 3129 2820 3169; x_wconf 91' lang='lat' dir='ltr'><strong>vero</strong></span> <span class='ocrx_word' id='word_1_451' title='bbox 2859 3113 3086 3182; x_wconf 65' lang='lat' dir='ltr'><strong>Arriae,</strong></span> <span class='ocrx_word' id='word_1_452' title='bbox 3129 3115 3173 3168; x_wconf 88' lang='lat' dir='ltr'><strong>si</strong></span> <span class='ocrx_word' id='word_1_453' title='bbox 3219 3131 3354 3186; x_wconf 83' lang='lat' dir='ltr'><strong>quos</strong></span> <span class='ocrx_word' id='word_1_454' title='bbox 3392 3115 3600 3170; x_wconf 89' lang='lat' dir='ltr'><strong>invenit</strong></span> <span class='ocrx_word' id='word_1_455' title='bbox 3631 3115 3691 3168; x_wconf 72' lang='lat' dir='ltr'><strong>in</strong></span> 
     </span>
    </p>
   </div>
   <div class='ocr_carea' id='block_1_62' title="bbox 390 3205 1983 3287">
    <p class='ocr_par' dir='ltr' id='par_1_62' title="bbox 390 3207 1982 3287">
     <span class='ocr_line' id='line_1_62' title="bbox 390 3207 1982 3287; baseline 0.008 -27"><span class='ocrx_word' id='word_1_456' title='bbox 390 3215 584 3262; x_wconf 84' lang='lat' dir='ltr'><strong>verunt</strong></span> <span class='ocrx_word' id='word_1_457' title='bbox 609 3207 848 3262; x_wconf 81' lang='lat' dir='ltr'><strong>Africani</strong></span> <span class='ocrx_word' id='word_1_458' title='bbox 877 3215 1041 3278; x_wconf 89' lang='lat' dir='ltr'><strong>atque</strong></span> <span class='ocrx_word' id='word_1_459' title='bbox 1083 3207 1340 3264; x_wconf 54' lang='lat' dir='ltr'><strong>Dalmata</strong></span> <span class='ocrx_word' id='word_1_460' title='bbox 1369 3213 1676 3270; x_wconf 88' lang='lat' dir='ltr'><strong>sacerdotes</strong></span> <span class='ocrx_word' id='word_1_461' title='bbox 1701 3216 1982 3287; x_wconf 87' lang='lat' dir='ltr'><strong>recipere;</strong></span> 
     </span>
    </p>
   </div>
   <div class='ocr_carea' id='block_1_63' title="bbox 2088 3205 3692 3287">
    <p class='ocr_par' dir='ltr' id='par_1_63' title="bbox 2092 3205 3692 3278">
     <span class='ocr_line' id='line_1_63' title="bbox 2092 3205 3692 3278; baseline 0.001 -19"><span class='ocrx_word' id='word_1_462' title='bbox 2092 3205 2272 3262; x_wconf 81' lang='lat' dir='ltr'><strong>Africa</strong></span> <span class='ocrx_word' id='word_1_463' title='bbox 2301 3207 2619 3276; x_wconf 81' lang='lat' dir='ltr'><strong>episcOpos,</strong></span> <span class='ocrx_word' id='word_1_464' title='bbox 2651 3222 2682 3260; x_wconf 87' lang='lat' dir='ltr'><strong>a</strong></span> <span class='ocrx_word' id='word_1_465' title='bbox 2725 3216 2745 3259; x_wconf 93' lang='lat' dir='ltr'><strong>t</strong></span> <span class='ocrx_word' id='word_1_466' title='bbox 2771 3222 2964 3262; x_wconf 86' lang='lat' dir='ltr'><strong>causas</strong></span> <span class='ocrx_word' id='word_1_467' title='bbox 2989 3207 3234 3278; x_wconf 85' lang='lat' dir='ltr'><strong>proprias</strong></span> <span class='ocrx_word' id='word_1_468' title='bbox 3265 3207 3524 3263; x_wconf 84' lang='lat' dir='ltr'><strong>habentes</strong></span> <span class='ocrx_word' id='word_1_469' title='bbox 3543 3249 3560 3274; x_wconf 92' lang='lat'><strong>,</strong></span> <span class='ocrx_word' id='word_1_470' title='bbox 3591 3215 3692 3260; x_wconf 87' lang='lat' dir='ltr'><strong>aut</strong></span> 
     </span>
    </p>
   </div>
   <div class='ocr_carea' id='block_1_64' title="bbox 390 3299 1986 3378">
    <p class='ocr_par' dir='ltr' id='par_1_64' title="bbox 390 3299 1986 3378">
     <span class='ocr_line' id='line_1_64' title="bbox 390 3299 1986 3378; baseline 0.007 -27"><span class='ocrx_word' id='word_1_471' title='bbox 390 3303 573 3353; x_wconf 88' lang='lat' dir='ltr'><strong>tamen</strong></span> <span class='ocrx_word' id='word_1_472' title='bbox 620 3299 786 3369; x_wconf 76' lang='lat' dir='ltr'><strong>ccepit</strong></span> <span class='ocrx_word' id='word_1_473' title='bbox 829 3299 1025 3355; x_wconf 87' lang='lat' dir='ltr'><strong>iterum</strong></span> <span class='ocrx_word' id='word_1_474' title='bbox 1083 3303 1403 3370; x_wconf 71' lang='lat' dir='ltr'><strong>saepedictus</strong></span> <span class='ocrx_word' id='word_1_475' title='bbox 1457 3303 1802 3362; x_wconf 87' lang='lat' dir='ltr'><strong>beatissimus</strong></span> <span class='ocrx_word' id='word_1_476' title='bbox 1847 3324 1986 3378; x_wconf 87' lang='lat' dir='ltr'><strong>papa</strong></span> 
     </span>
    </p>
   </div>
   <div class='ocr_carea' id='block_1_65' title="bbox 389 3383 1982 3466">
    <p class='ocr_par' dir='ltr' id='par_1_65' title="bbox 389 3383 1982 3466">
     <span class='ocr_line' id='line_1_65' title="bbox 389 3383 1982 3466; baseline 0.008 -27"><span class='ocrx_word' id='word_1_477' title='bbox 389 3383 613 3455; x_wconf 83' lang='lat' dir='ltr'><strong>Vigilius</strong></span> <span class='ocrx_word' id='word_1_478' title='bbox 641 3387 708 3442; x_wconf 91' lang='lat' dir='ltr'><strong>ad</strong></span> <span class='ocrx_word' id='word_1_479' title='bbox 738 3389 844 3444; x_wconf 91' lang='lat' dir='ltr'><strong>hoc</strong></span> <span class='ocrx_word' id='word_1_480' title='bbox 869 3390 1122 3459; x_wconf 89' lang='lat' dir='ltr'><strong>compelli</strong></span> <span class='ocrx_word' id='word_1_481' title='bbox 1147 3430 1162 3454; x_wconf 96' lang='lat'><strong>,</strong></span> <span class='ocrx_word' id='word_1_482' title='bbox 1205 3398 1263 3446; x_wconf 90' lang='lat' dir='ltr'><strong>ut</strong></span> <span class='ocrx_word' id='word_1_483' title='bbox 1311 3392 1556 3448; x_wconf 87' lang='lat' dir='ltr'><strong>absolute</strong></span> <span class='ocrx_word' id='word_1_484' title='bbox 1607 3395 1720 3464; x_wconf 91' lang='lat' dir='ltr'><strong>ipsa</strong></span> <span class='ocrx_word' id='word_1_485' title='bbox 1750 3397 1982 3466; x_wconf 89' lang='lat' dir='ltr'><strong>capitula</strong></span> 
     </span>
    </p>
   </div>
   <div class='ocr_carea' id='block_1_66' title="bbox 387 3476 1983 3549">
    <p class='ocr_par' dir='ltr' id='par_1_66' title="bbox 387 3476 1983 3549">
     <span class='ocr_line' id='line_1_66' title="bbox 387 3476 1983 3549; baseline 0.006 -15"><span class='ocrx_word' id='word_1_486' title='bbox 387 3476 504 3534; x_wconf 82' lang='lat' dir='ltr'><strong>sine</strong></span> <span class='ocrx_word' id='word_1_487' title='bbox 533 3477 728 3549; x_wconf 88' lang='lat' dir='ltr'><strong>synodi</strong></span> <span class='ocrx_word' id='word_1_488' title='bbox 751 3477 1209 3536; x_wconf 85' lang='lat' dir='ltr'><strong>Chalcedonensis</strong></span> <span class='ocrx_word' id='word_1_489' title='bbox 1234 3483 1511 3539; x_wconf 89' lang='lat' dir='ltr'><strong>mentione</strong></span> <span class='ocrx_word' id='word_1_490' title='bbox 1539 3484 1841 3542; x_wconf 84' lang='lat' dir='ltr'><strong>damnaret.</strong></span> <span class='ocrx_word' id='word_1_491' title='bbox 1874 3487 1983 3543; x_wconf 84' lang='lat' dir='ltr'><strong>Sed</strong></span> 
     </span>
    </p>
   </div>
   <div class='ocr_carea' id='block_1_67' title="bbox 389 3570 1982 3640">
    <p class='ocr_par' dir='ltr' id='par_1_67' title="bbox 389 3570 1982 3640">
     <span class='ocr_line' id='line_1_67' title="bbox 389 3570 1982 3640; baseline 0.006 -16"><span class='ocrx_word' id='word_1_492' title='bbox 389 3583 528 3640; x_wconf 88' lang='lat' dir='ltr'><strong>papa</strong></span> <span class='ocrx_word' id='word_1_493' title='bbox 558 3584 667 3624; x_wconf 92' lang='lat' dir='ltr'><strong>non</strong></span> <span class='ocrx_word' id='word_1_494' title='bbox 697 3570 1047 3639; x_wconf 74' lang='lat' dir='ltr'><strong>acquieseens</strong></span> <span class='ocrx_word' id='word_1_495' title='bbox 1075 3571 1179 3628; x_wconf 90' lang='lat' dir='ltr'><strong>hoc</strong></span> <span class='ocrx_word' id='word_1_496' title='bbox 1209 3572 1389 3628; x_wconf 80' lang='lat' dir='ltr'><strong>facere</strong></span> <span class='ocrx_word' id='word_1_497' title='bbox 1411 3614 1426 3640; x_wconf 94' lang='lat'><strong>,</strong></span> <span class='ocrx_word' id='word_1_498' title='bbox 1475 3581 1530 3630; x_wconf 90' lang='lat' dir='ltr'><strong>et</strong></span> <span class='ocrx_word' id='word_1_499' title='bbox 1573 3575 1758 3632; x_wconf 87' lang='lat' dir='ltr'><strong>videns</strong></span> <span class='ocrx_word' id='word_1_500' title='bbox 1795 3593 1855 3634; x_wconf 90' lang='lat' dir='ltr'><strong>se</strong></span> <span class='ocrx_word' id='word_1_501' title='bbox 1899 3580 1982 3634; x_wconf 91' lang='lat' dir='ltr'><strong>ni-</strong></span> 
     </span>
    </p>
   </div>
   <div class='ocr_carea' id='block_1_68' title="bbox 389 3661 1976 3740">
    <p class='ocr_par' dir='ltr' id='par_1_68' title="bbox 389 3661 1976 3740">
     <span class='ocr_line' id='line_1_68' title="bbox 389 3661 1976 3740; baseline 0.006 -26"><span class='ocrx_word' id='word_1_502' title='bbox 389 3661 553 3716; x_wconf 90' lang='lat' dir='ltr'><strong>mium</strong></span> <span class='ocrx_word' id='word_1_503' title='bbox 603 3661 901 3730; x_wconf 82' lang='lat' dir='ltr'><strong>ingravari,</strong></span> <span class='ocrx_word' id='word_1_504' title='bbox 943 3662 1077 3718; x_wconf 80' lang='lat' dir='ltr'><strong>dixit</strong></span> <span class='ocrx_word' id='word_1_505' title='bbox 1124 3671 1254 3718; x_wconf 89' lang='lat' dir='ltr'><strong>tunc</strong></span> <span class='ocrx_word' id='word_1_506' title='bbox 1306 3666 1653 3724; x_wconf 84' lang='lat' dir='ltr'><strong>serenissimo</strong></span> <span class='ocrx_word' id='word_1_507' title='bbox 1702 3669 1976 3740; x_wconf 88' lang='lat' dir='ltr'><strong>principi:</strong></span> 
     </span>
    </p>
   </div>
   <div class='ocr_carea' id='block_1_69' title="bbox 389 3751 1981 3827">
    <p class='ocr_par' dir='ltr' id='par_1_69' title="bbox 389 3751 1981 3827">
     <span class='ocr_line' id='line_1_69' title="bbox 389 3751 1981 3827; baseline 0.004 -19"><span class='ocrx_word' id='word_1_508' title='bbox 389 3751 946 3808; x_wconf 78' lang='lat' dir='ltr'><strong>Venianthucl‘ratres</strong></span> <span class='ocrx_word' id='word_1_509' title='bbox 970 3753 1137 3807; x_wconf 86' lang='lat' dir='ltr'><strong>nostri</strong></span> <span class='ocrx_word' id='word_1_510' title='bbox 1159 3769 1225 3808; x_wconf 78' lang='lat' dir='ltr'><strong>ex</strong></span> <span class='ocrx_word' id='word_1_511' title='bbox 1251 3755 1500 3810; x_wconf 82' lang='lat' dir='ltr'><strong>omnibus</strong></span> <span class='ocrx_word' id='word_1_512' title='bbox 1525 3756 1818 3824; x_wconf 88' lang='lat' dir='ltr'><strong>provinciis</strong></span> <span class='ocrx_word' id='word_1_513' title='bbox 1830 3759 1981 3827; x_wconf 90' lang='lat' dir='ltr'><strong>quini</strong></span> 
     </span>
    </p>
   </div>
   <div class='ocr_carea' id='block_1_70' title="bbox 387 3843 1982 3918">
    <p class='ocr_par' dir='ltr' id='par_1_70' title="bbox 387 3843 1982 3918">
     <span class='ocr_line' id='line_1_70' title="bbox 387 3843 1982 3918; baseline 0.003 -18"><span class='ocrx_word' id='word_1_514' title='bbox 387 3852 480 3900; x_wconf 81' lang='lat' dir='ltr'><strong>aut</strong></span> <span class='ocrx_word' id='word_1_515' title='bbox 507 3843 625 3900; x_wconf 90' lang='lat' dir='ltr'><strong>seni</strong></span> <span class='ocrx_word' id='word_1_516' title='bbox 652 3844 910 3914; x_wconf 86' lang='lat' dir='ltr'><strong>episcopi,</strong></span> <span class='ocrx_word' id='word_1_517' title='bbox 937 3852 994 3898; x_wconf 92' lang='lat' dir='ltr'><strong>et</strong></span> <span class='ocrx_word' id='word_1_518' title='bbox 1016 3843 1276 3914; x_wconf 87' lang='lat' dir='ltr'><strong>quidquid</strong></span> <span class='ocrx_word' id='word_1_519' title='bbox 1303 3847 1404 3900; x_wconf 92' lang='lat' dir='ltr'><strong>sub</strong></span> <span class='ocrx_word' id='word_1_520' title='bbox 1429 3847 1840 3918; x_wconf 83' lang='lat' dir='ltr'><strong>tranquillitate,</strong></span> <span class='ocrx_word' id='word_1_521' title='bbox 1871 3857 1982 3904; x_wconf 90' lang='lat' dir='ltr'><strong>tra-</strong></span> 
     </span>
    </p>
   </div>
   <div class='ocr_carea' id='block_1_71' title="bbox 387 3936 1980 4012">
    <p class='ocr_par' dir='ltr' id='par_1_71' title="bbox 387 3936 1980 4012">
     <span class='ocr_line' id='line_1_71' title="bbox 387 3936 1980 4012; baseline 0.003 -19"><span class='ocrx_word' id='word_1_522' title='bbox 387 3945 535 3993; x_wconf 85' lang='lat' dir='ltr'><strong>ctatu</strong></span> <span class='ocrx_word' id='word_1_523' title='bbox 555 3936 761 4002; x_wconf 87' lang='lat' dir='ltr'><strong>habito,</strong></span> <span class='ocrx_word' id='word_1_524' title='bbox 793 3937 1044 3994; x_wconf 88' lang='lat' dir='ltr'><strong>omnibus</strong></span> <span class='ocrx_word' id='word_1_525' title='bbox 1070 3939 1242 3994; x_wconf 89' lang='lat' dir='ltr'><strong>visum</strong></span> <span class='ocrx_word' id='word_1_526' title='bbox 1268 3937 1448 4003; x_wconf 76' lang='lat' dir='ltr'><strong>fuerit,</strong></span> <span class='ocrx_word' id='word_1_527' title='bbox 1479 3953 1602 3996; x_wconf 90' lang='lat' dir='ltr'><strong>cum</strong></span> <span class='ocrx_word' id='word_1_528' title='bbox 1633 3955 1766 4010; x_wconf 88' lang='lat' dir='ltr'><strong>pace</strong></span> <span class='ocrx_word' id='word_1_529' title='bbox 1795 3941 1980 4012; x_wconf 89' lang='lat' dir='ltr'><strong>dispo-</strong></span> 
     </span>
    </p>
   </div>
   <div class='ocr_carea' id='block_1_72' title="bbox 387 4026 1982 4101">
    <p class='ocr_par' dir='ltr' id='par_1_72' title="bbox 387 4026 1982 4101">
     <span class='ocr_line' id='line_1_72' title="bbox 387 4026 1982 4101; baseline 0.004 -20"><span class='ocrx_word' id='word_1_530' title='bbox 387 4041 578 4082; x_wconf 86' lang='lat' dir='ltr'><strong>nemus</strong></span> <span class='ocrx_word' id='word_1_531' title='bbox 613 4045 625 4079; x_wconf 93' lang='lat'>:</span> <span class='ocrx_word' id='word_1_532' title='bbox 657 4026 783 4096; x_wconf 88' lang='lat' dir='ltr'><strong>quia</strong></span> <span class='ocrx_word' id='word_1_533' title='bbox 825 4027 944 4082; x_wconf 82' lang='lat' dir='ltr'><strong>sine</strong></span> <span class='ocrx_word' id='word_1_534' title='bbox 985 4043 1256 4082; x_wconf 83' lang='lat' dir='ltr'><strong>consensu</strong></span> <span class='ocrx_word' id='word_1_535' title='bbox 1295 4029 1534 4083; x_wconf 90' lang='lat' dir='ltr'><strong>omnium</strong></span> <span class='ocrx_word' id='word_1_536' title='bbox 1563 4029 1664 4084; x_wconf 89' lang='lat' dir='ltr'><strong>ista</strong></span> <span class='ocrx_word' id='word_1_537' title='bbox 1691 4070 1706 4096; x_wconf 96' lang='lat'><strong>,</strong></span> <span class='ocrx_word' id='word_1_538' title='bbox 1759 4046 1880 4101; x_wconf 65' lang='lat' dir='ltr'><strong>quae</strong></span> <span class='ocrx_word' id='word_1_539' title='bbox 1925 4041 1982 4089; x_wconf 93' lang='lat' dir='ltr'><strong>et</strong></span> 
     </span>
    </p>
   </div>
   <div class='ocr_carea' id='block_1_73' title="bbox 385 4117 1979 4192">
    <p class='ocr_par' dir='ltr' id='par_1_73' title="bbox 385 4117 1979 4192">
     <span class='ocr_line' id='line_1_73' title="bbox 385 4117 1979 4192; baseline 0.003 -18"><span class='ocrx_word' id='word_1_540' title='bbox 385 4118 644 4190; x_wconf 74' lang='lat' dir='ltr'><strong>synodum</strong></span> <span class='ocrx_word' id='word_1_541' title='bbox 670 4117 1171 4175; x_wconf 85' lang='lat' dir='ltr'><strong>Chalcedonensem</strong></span> <span class='ocrx_word' id='word_1_542' title='bbox 1201 4120 1254 4174; x_wconf 88' lang='lat' dir='ltr'><strong>in</strong></span> <span class='ocrx_word' id='word_1_543' title='bbox 1286 4119 1506 4174; x_wconf 89' lang='lat' dir='ltr'><strong>dubium</strong></span> <span class='ocrx_word' id='word_1_544' title='bbox 1535 4122 1723 4176; x_wconf 86' lang='lat' dir='ltr'><strong>venire</strong></span> <span class='ocrx_word' id='word_1_545' title='bbox 1753 4122 1979 4192; x_wconf 79' lang='lat' dir='ltr'><strong>faciunt,</strong></span> 
     </span>
    </p>
   </div>
   <div class='ocr_carea' id='block_1_74' title="bbox 384 4206 1980 4278">
    <p class='ocr_par' dir='ltr' id='par_1_74' title="bbox 384 4206 1980 4278">
     <span class='ocr_line' id='line_1_74' title="bbox 384 4206 1980 4278; baseline 0.004 -15"><span class='ocrx_word' id='word_1_546' title='bbox 384 4216 440 4263; x_wconf 82' lang='lat' dir='ltr'><strong>et</strong></span> <span class='ocrx_word' id='word_1_547' title='bbox 466 4207 778 4264; x_wconf 80' lang='lat' dir='ltr'><strong>scandalum</strong></span> <span class='ocrx_word' id='word_1_548' title='bbox 809 4206 1064 4264; x_wconf 86' lang='lat' dir='ltr'><strong>fratribus</strong></span> <span class='ocrx_word' id='word_1_549' title='bbox 1100 4209 1236 4264; x_wconf 85' lang='lat' dir='ltr'><strong>meis</strong></span> <span class='ocrx_word' id='word_1_550' title='bbox 1271 4218 1569 4278; x_wconf 85' lang='lat' dir='ltr'><strong>generant,</strong></span> <span class='ocrx_word' id='word_1_551' title='bbox 1619 4213 1767 4268; x_wconf 92' lang='lat' dir='ltr'><strong>solus</strong></span> <span class='ocrx_word' id='word_1_552' title='bbox 1805 4213 1980 4270; x_wconf 81' lang='lat' dir='ltr'><strong>facere</strong></span> 
     </span>
    </p>
   </div>
   <div class='ocr_carea' id='block_1_75' title="bbox 383 4299 1978 4372">
    <p class='ocr_par' dir='ltr' id='par_1_75' title="bbox 383 4299 1978 4372">
     <span class='ocr_line' id='line_1_75' title="bbox 383 4299 1978 4372; baseline 0.005 -18"><span class='ocrx_word' id='word_1_553' title='bbox 383 4299 694 4354; x_wconf 73' lang='lat' dir='ltr'><strong>nullatenus</strong></span> <span class='ocrx_word' id='word_1_554' title='bbox 727 4301 1090 4370; x_wconf 88' lang='lat' dir='ltr'><strong>acquiescam.</strong></span> <span class='ocrx_word' id='word_1_555' title='bbox 1122 4300 1267 4358; x_wconf 79' lang='lat' dir='ltr'><strong>Missi</strong></span> <span class='ocrx_word' id='word_1_556' title='bbox 1297 4311 1426 4358; x_wconf 90' lang='lat' dir='ltr'><strong>sunt</strong></span> <span class='ocrx_word' id='word_1_557' title='bbox 1453 4318 1584 4372; x_wconf 85' lang='lat' dir='ltr'><strong>ergo</strong></span> <span class='ocrx_word' id='word_1_558' title='bbox 1608 4319 1640 4358; x_wconf 91' lang='lat' dir='ltr'><strong>a</strong></span> <span class='ocrx_word' id='word_1_559' title='bbox 1667 4306 1978 4362; x_wconf 89' lang='lat' dir='ltr'><strong>clementis-</strong></span> 
     </span>
    </p>
   </div>
   <div class='ocr_carea' id='block_1_76' title="bbox 383 4389 1980 4466">
    <p class='ocr_par' dir='ltr' id='par_1_76' title="bbox 383 4389 1980 4466">
     <span class='ocr_line' id='line_1_76' title="bbox 383 4389 1980 4466; baseline 0.007 -22"><span class='ocrx_word' id='word_1_560' title='bbox 383 4389 521 4444; x_wconf 79' lang='lat' dir='ltr'><strong>simo</strong></span> <span class='ocrx_word' id='word_1_561' title='bbox 569 4390 810 4461; x_wconf 86' lang='lat' dir='ltr'><strong>principe</strong></span> <span class='ocrx_word' id='word_1_562' title='bbox 858 4390 928 4445; x_wconf 90' lang='lat' dir='ltr'><strong>ad</strong></span> <span class='ocrx_word' id='word_1_563' title='bbox 976 4389 1204 4450; x_wconf 76' lang='lat' dir='ltr'><strong>Africam</strong></span> <span class='ocrx_word' id='word_1_564' title='bbox 1255 4402 1310 4448; x_wconf 90' lang='lat' dir='ltr'><strong>et</strong></span> <span class='ocrx_word' id='word_1_565' title='bbox 1354 4393 1664 4466; x_wconf 85' lang='lat' dir='ltr'><strong>Illyricum,</strong></span> <span class='ocrx_word' id='word_1_566' title='bbox 1704 4405 1763 4452; x_wconf 91' lang='lat' dir='ltr'><strong>ut</strong></span> <span class='ocrx_word' id='word_1_567' title='bbox 1795 4399 1980 4456; x_wconf 90' lang='lat' dir='ltr'><strong>venire</strong></span> 
     </span>
    </p>
   </div>
   <div class='ocr_carea' id='block_1_77' title="bbox 384 4478 1979 4556">
    <p class='ocr_par' dir='ltr' id='par_1_77' title="bbox 384 4478 1979 4556">
     <span class='ocr_line' id='line_1_77' title="bbox 384 4478 1979 4556; baseline 0.007 -22"><span class='ocrx_word' id='word_1_568' title='bbox 384 4478 628 4549; x_wconf 86' lang='lat' dir='ltr'><strong>episcopi</strong></span> <span class='ocrx_word' id='word_1_569' title='bbox 678 4480 1012 4536; x_wconf 88' lang='lat' dir='ltr'><strong>debuissent.</strong></span> <span class='ocrx_word' id='word_1_570' title='bbox 1063 4481 1170 4538; x_wconf 88' lang='lat' dir='ltr'><strong>Sed</strong></span> <span class='ocrx_word' id='word_1_571' title='bbox 1219 4483 1288 4539; x_wconf 90' lang='lat' dir='ltr'><strong>de</strong></span> <span class='ocrx_word' id='word_1_572' title='bbox 1334 4483 1546 4556; x_wconf 87' lang='lat' dir='ltr'><strong>lllyrico</strong></span> <span class='ocrx_word' id='word_1_573' title='bbox 1580 4487 1756 4542; x_wconf 90' lang='lat' dir='ltr'><strong>nullus</strong></span> <span class='ocrx_word' id='word_1_574' title='bbox 1793 4489 1979 4546; x_wconf 90' lang='lat' dir='ltr'><strong>venire</strong></span> 
     </span>
    </p>
   </div>
   <div class='ocr_carea' id='block_1_78' title="bbox 2087 3297 3687 3369">
    <p class='ocr_par' dir='ltr' id='par_1_78' title="bbox 2087 3297 3687 3369">
     <span class='ocr_line' id='line_1_78' title="bbox 2087 3297 3687 3369; baseline -0.001 -16"><span class='ocrx_word' id='word_1_575' title='bbox 2087 3299 2359 3368; x_wconf 59' lang='lat' dir='ltr'><strong>sitplices</strong></span> <span class='ocrx_word' id='word_1_576' title='bbox 2381 3298 2464 3352; x_wconf 88' lang='lat' dir='ltr'><strong>vel</strong></span> <span class='ocrx_word' id='word_1_577' title='bbox 2493 3298 2727 3369; x_wconf 87' lang='lat' dir='ltr'><strong>ignaros,</strong></span> <span class='ocrx_word' id='word_1_578' title='bbox 2751 3307 2845 3352; x_wconf 90' lang='lat' dir='ltr'><strong>aut</strong></span> <span class='ocrx_word' id='word_1_579' title='bbox 2870 3299 3088 3352; x_wconf 84' lang='lat' dir='ltr'><strong>venales</strong></span> <span class='ocrx_word' id='word_1_580' title='bbox 3115 3305 3170 3352; x_wconf 89' lang='lat' dir='ltr'><strong>et</strong></span> <span class='ocrx_word' id='word_1_581' title='bbox 3200 3307 3416 3367; x_wconf 89' lang='lat' dir='ltr'><strong>paratos</strong></span> <span class='ocrx_word' id='word_1_582' title='bbox 3444 3297 3511 3352; x_wconf 88' lang='lat' dir='ltr'><strong>ad</strong></span> <span class='ocrx_word' id='word_1_583' title='bbox 3540 3314 3687 3368; x_wconf 74' lang='lat' dir='ltr'><strong>prac-</strong></span> 
     </span>
    </p>
   </div>
   <div class='ocr_carea' id='block_1_79' title="bbox 2087 3389 3686 3460">
    <p class='ocr_par' dir='ltr' id='par_1_79' title="bbox 2087 3389 3686 3460">
     <span class='ocr_line' id='line_1_79' title="bbox 2087 3389 3686 3460; baseline 0.001 -16"><span class='ocrx_word' id='word_1_584' title='bbox 2087 3390 2274 3456; x_wconf 89' lang='lat' dir='ltr'><strong>mium,</strong></span> <span class='ocrx_word' id='word_1_585' title='bbox 2321 3390 2538 3460; x_wconf 82' lang='lat' dir='ltr'><strong>collegit</strong></span> <span class='ocrx_word' id='word_1_586' title='bbox 2580 3400 2635 3444; x_wconf 91' lang='lat' dir='ltr'><strong>et</strong></span> <span class='ocrx_word' id='word_1_587' title='bbox 2671 3390 2869 3445; x_wconf 82' lang='lat' dir='ltr'><strong>direxit</strong></span> <span class='ocrx_word' id='word_1_588' title='bbox 2917 3390 3042 3444; x_wconf 90' lang='lat' dir='ltr'><strong>inde</strong></span> <span class='ocrx_word' id='word_1_589' title='bbox 3091 3405 3544 3458; x_wconf 87' lang='lat' dir='ltr'><strong>unumquemque.</strong></span> <span class='ocrx_word' id='word_1_590' title='bbox 3600 3389 3686 3445; x_wconf 78' lang='lat' dir='ltr'><strong>Ex</strong></span> 
     </span>
    </p>
   </div>
   <div class='ocr_carea' id='block_1_80' title="bbox 2086 3483 3691 3556">
    <p class='ocr_par' dir='ltr' id='par_1_80' title="bbox 2086 3483 3691 3556">
     <span class='ocr_line' id='line_1_80' title="bbox 2086 3483 3691 3556; baseline -0.001 -19"><span class='ocrx_word' id='word_1_591' title='bbox 2086 3483 2280 3556; x_wconf 86' lang='lat' dir='ltr'><strong>quibus</strong></span> <span class='ocrx_word' id='word_1_592' title='bbox 2329 3492 2506 3538; x_wconf 88' lang='lat' dir='ltr'><strong>tamen</strong></span> <span class='ocrx_word' id='word_1_593' title='bbox 2555 3499 2694 3538; x_wconf 90' lang='lat' dir='ltr'><strong>unus</strong></span> <span class='ocrx_word' id='word_1_594' title='bbox 2746 3491 2870 3537; x_wconf 90' lang='lat' dir='ltr'><strong>ante</strong></span> <span class='ocrx_word' id='word_1_595' title='bbox 2919 3483 3051 3537; x_wconf 89' lang='lat' dir='ltr'><strong>istos</strong></span> <span class='ocrx_word' id='word_1_596' title='bbox 3103 3492 3308 3552; x_wconf 81' lang='lat' dir='ltr'><strong>septem</strong></span> <span class='ocrx_word' id='word_1_597' title='bbox 3359 3498 3532 3538; x_wconf 89' lang='lat' dir='ltr'><strong>annos</strong></span> <span class='ocrx_word' id='word_1_598' title='bbox 3580 3498 3691 3552; x_wconf 77' lang='lat' dir='ltr'><strong>pro</strong></span> 
     </span>
    </p>
   </div>
   <div class='ocr_carea' id='block_1_81' title="bbox 2086 3575 3689 3646">
    <p class='ocr_par' dir='ltr' id='par_1_81' title="bbox 2086 3575 3689 3646">
     <span class='ocr_line' id='line_1_81' title="bbox 2086 3575 3689 3646; baseline -0.002 -16"><span class='ocrx_word' id='word_1_599' title='bbox 2086 3575 2364 3632; x_wconf 88' lang='lat' dir='ltr'><strong>adulteriis</strong></span> <span class='ocrx_word' id='word_1_600' title='bbox 2390 3577 2499 3631; x_wconf 89' lang='lat' dir='ltr'><strong>suis</strong></span> <span class='ocrx_word' id='word_1_601' title='bbox 2526 3585 2652 3632; x_wconf 92' lang='lat' dir='ltr'><strong>tunc</strong></span> <span class='ocrx_word' id='word_1_602' title='bbox 2681 3575 2748 3631; x_wconf 88' lang='lat' dir='ltr'><strong>de</strong></span> <span class='ocrx_word' id='word_1_603' title='bbox 2775 3576 2992 3630; x_wconf 85' lang='lat' dir='ltr'><strong>civitate</strong></span> <span class='ocrx_word' id='word_1_604' title='bbox 3037 3577 3186 3644; x_wconf 84' lang='lat' dir='ltr'><strong>regia</strong></span> <span class='ocrx_word' id='word_1_605' title='bbox 3233 3592 3353 3630; x_wconf 89' lang='lat' dir='ltr'><strong>cum</strong></span> <span class='ocrx_word' id='word_1_606' title='bbox 3384 3576 3689 3646; x_wconf 70' lang='lat' dir='ltr'><strong>opprobrii.</strong></span> 
     </span>
    </p>
   </div>
   <div class='ocr_carea' id='block_1_82' title="bbox 2087 3667 3684 3737">
    <p class='ocr_par' dir='ltr' id='par_1_82' title="bbox 2087 3667 3684 3737">
     <span class='ocr_line' id='line_1_82' title="bbox 2087 3667 3684 3737; baseline -0.001 -14"><span class='ocrx_word' id='word_1_607' title='bbox 2087 3667 2294 3734; x_wconf 71' lang='lat' dir='ltr'><strong>eiectus</strong></span> <span class='ocrx_word' id='word_1_608' title='bbox 2330 3675 2385 3722; x_wconf 92' lang='lat' dir='ltr'><strong>et</strong></span> <span class='ocrx_word' id='word_1_609' title='bbox 2422 3667 2475 3721; x_wconf 93' lang='lat' dir='ltr'><strong>in</strong></span> <span class='ocrx_word' id='word_1_610' title='bbox 2507 3683 2698 3720; x_wconf 86' lang='lat' dir='ltr'><strong>navem</strong></span> <span class='ocrx_word' id='word_1_611' title='bbox 2729 3667 3030 3737; x_wconf 88' lang='lat' dir='ltr'><strong>impositus,</strong></span> <span class='ocrx_word' id='word_1_612' title='bbox 3064 3668 3128 3722; x_wconf 89' lang='lat' dir='ltr'><strong>ad</strong></span> <span class='ocrx_word' id='word_1_613' title='bbox 3161 3667 3394 3722; x_wconf 79' lang='lat' dir='ltr'><strong>Africam</strong></span> <span class='ocrx_word' id='word_1_614' title='bbox 3425 3676 3510 3722; x_wconf 85' lang='lat' dir='ltr'><strong>est</strong></span> <span class='ocrx_word' id='word_1_615' title='bbox 3535 3667 3684 3722; x_wconf 86' lang='lat' dir='ltr'><strong>dire-</strong></span> 
     </span>
    </p>
   </div>
   <div class='ocr_carea' id='block_1_83' title="bbox 2085 3756 3686 3828">
    <p class='ocr_par' dir='ltr' id='par_1_83' title="bbox 2085 3756 3686 3828">
     <span class='ocr_line' id='line_1_83' title="bbox 2085 3756 3686 3828; baseline -0.002 -14"><span class='ocrx_word' id='word_1_616' title='bbox 2085 3769 2222 3814; x_wconf 90' lang='lat' dir='ltr'><strong>ctus.</strong></span> <span class='ocrx_word' id='word_1_617' title='bbox 2258 3757 2325 3812; x_wconf 88' lang='lat' dir='ltr'><strong>Et</strong></span> <span class='ocrx_word' id='word_1_618' title='bbox 2354 3773 2479 3814; x_wconf 89' lang='lat' dir='ltr'><strong>ecce</strong></span> <span class='ocrx_word' id='word_1_619' title='bbox 2509 3774 2605 3828; x_wconf 90' lang='lat' dir='ltr'><strong>per</strong></span> <span class='ocrx_word' id='word_1_620' title='bbox 2633 3757 2818 3828; x_wconf 88' lang='lat' dir='ltr'><strong>quales</strong></span> <span class='ocrx_word' id='word_1_621' title='bbox 2846 3757 3094 3813; x_wconf 88' lang='lat' dir='ltr'><strong>homines</strong></span> <span class='ocrx_word' id='word_1_622' title='bbox 3123 3757 3175 3812; x_wconf 89' lang='lat' dir='ltr'><strong>in</strong></span> <span class='ocrx_word' id='word_1_623' title='bbox 3206 3756 3429 3826; x_wconf 81' lang='lat' dir='ltr'><strong>singulls</strong></span> <span class='ocrx_word' id='word_1_624' title='bbox 3460 3758 3686 3825; x_wconf 84' lang='lat' dir='ltr'><strong>provin-</strong></span> 
     </span>
    </p>
   </div>
   <div class='ocr_carea' id='block_1_84' title="bbox 2085 3847 3687 3916">
    <p class='ocr_par' dir='ltr' id='par_1_84' title="bbox 2085 3847 3687 3916">
     <span class='ocr_line' id='line_1_84' title="bbox 2085 3847 3687 3916; baseline -0.001 -12"><span class='ocrx_word' id='word_1_625' title='bbox 2085 3849 2184 3904; x_wconf 86' lang='lat' dir='ltr'><strong>ciis</strong></span> <span class='ocrx_word' id='word_1_626' title='bbox 2211 3858 2411 3904; x_wconf 75' lang='lat' dir='ltr'><strong>sancta:</strong></span> <span class='ocrx_word' id='word_1_627' title='bbox 2440 3847 2693 3904; x_wconf 70' lang='lat' dir='ltr'><strong>Ecclesiae</strong></span> <span class='ocrx_word' id='word_1_628' title='bbox 2734 3847 3098 3904; x_wconf 86' lang='lat' dir='ltr'><strong>dissensiones</strong></span> <span class='ocrx_word' id='word_1_629' title='bbox 3150 3855 3206 3902; x_wconf 89' lang='lat' dir='ltr'><strong>et</strong></span> <span class='ocrx_word' id='word_1_630' title='bbox 3234 3847 3489 3902; x_wconf 87' lang='lat' dir='ltr'><strong>scandala</strong></span> <span class='ocrx_word' id='word_1_631' title='bbox 3519 3862 3687 3916; x_wconf 83' lang='lat' dir='ltr'><strong>gene-</strong></span> 
     </span>
    </p>
   </div>
   <div class='ocr_carea' id='block_1_85' title="bbox 2085 3937 3684 4008">
    <p class='ocr_par' dir='ltr' id='par_1_85' title="bbox 2085 3937 3684 4008">
     <span class='ocr_line' id='line_1_85' title="bbox 2085 3937 3684 4008; baseline -0.001 -14"><span class='ocrx_word' id='word_1_632' title='bbox 2085 3946 2292 3994; x_wconf 89' lang='lat' dir='ltr'><strong>rantur.</strong></span> <span class='ocrx_word' id='word_1_633' title='bbox 2344 3937 2564 3992; x_wconf 79' lang='lat' dir='ltr'><strong>Mittunt</strong></span> <span class='ocrx_word' id='word_1_634' title='bbox 2607 3939 2769 3993; x_wconf 90' lang='lat' dir='ltr'><strong>etiam</strong></span> <span class='ocrx_word' id='word_1_635' title='bbox 2800 3937 2867 3992; x_wconf 89' lang='lat' dir='ltr'><strong>ad</strong></span> <span class='ocrx_word' id='word_1_636' title='bbox 2907 3937 3318 4008; x_wconf 82' lang='lat' dir='ltr'><strong>Carthaginem,</strong></span> <span class='ocrx_word' id='word_1_637' title='bbox 3350 3946 3405 3992; x_wconf 83' lang='lat' dir='ltr'><strong>et</strong></span> <span class='ocrx_word' id='word_1_638' title='bbox 3431 3939 3595 3993; x_wconf 88' lang='lat' dir='ltr'><strong>alium</strong></span> <span class='ocrx_word' id='word_1_639' title='bbox 3627 3939 3684 3993; x_wconf 90' lang='lat' dir='ltr'><strong>in</strong></span> 
     </span>
    </p>
   </div>
   <div class='ocr_carea' id='block_1_86' title="bbox 2085 4029 3686 4101">
    <p class='ocr_par' dir='ltr' id='par_1_86' title="bbox 2085 4029 3686 4101">
     <span class='ocr_line' id='line_1_86' title="bbox 2085 4029 3686 4101; baseline 0 -17"><span class='ocrx_word' id='word_1_640' title='bbox 2085 4032 2206 4088; x_wconf 91' lang='lat' dir='ltr'><strong>loco</strong></span> <span class='ocrx_word' id='word_1_641' title='bbox 2231 4031 2404 4086; x_wconf 88' lang='lat' dir='ltr'><strong>sancti</strong></span> <span class='ocrx_word' id='word_1_642' title='bbox 2453 4029 2708 4101; x_wconf 80' lang='lat' dir='ltr'><strong>Reparati</strong></span> <span class='ocrx_word' id='word_1_643' title='bbox 2736 4031 2974 4101; x_wconf 90' lang='lat' dir='ltr'><strong>episcopi</strong></span> <span class='ocrx_word' id='word_1_644' title='bbox 3017 4038 3205 4086; x_wconf 86' lang='lat' dir='ltr'><strong>contra</strong></span> <span class='ocrx_word' id='word_1_645' title='bbox 3245 4045 3435 4085; x_wconf 89' lang='lat' dir='ltr'><strong>omnes</strong></span> <span class='ocrx_word' id='word_1_646' title='bbox 3463 4031 3686 4098; x_wconf 80' lang='lat' dir='ltr'><strong>regulas</strong></span> 
     </span>
    </p>
   </div>
   <div class='ocr_carea' id='block_1_87' title="bbox 2084 4123 3683 4195">
    <p class='ocr_par' dir='ltr' id='par_1_87' title="bbox 2084 4123 3683 4195">
     <span class='ocr_line' id='line_1_87' title="bbox 2084 4123 3683 4195; baseline -0.004 -14"><span class='ocrx_word' id='word_1_647' title='bbox 2084 4135 2140 4181; x_wconf 92' lang='lat' dir='ltr'><strong>et</strong></span> <span class='ocrx_word' id='word_1_648' title='bbox 2165 4135 2354 4182; x_wconf 90' lang='lat' dir='ltr'><strong>contra</strong></span> <span class='ocrx_word' id='word_1_649' title='bbox 2383 4127 2564 4182; x_wconf 89' lang='lat' dir='ltr'><strong>omnia</strong></span> <span class='ocrx_word' id='word_1_650' title='bbox 2592 4133 2791 4182; x_wconf 61' lang='lat' dir='ltr'><strong>statuta</strong></span> <span class='ocrx_word' id='word_1_651' title='bbox 2821 4124 3040 4180; x_wconf 89' lang='lat' dir='ltr'><strong>Patrum</strong></span> <span class='ocrx_word' id='word_1_652' title='bbox 3089 4124 3404 4195; x_wconf 86' lang='lat' dir='ltr'><strong>episcopum</strong></span> <span class='ocrx_word' id='word_1_653' title='bbox 3433 4123 3683 4176; x_wconf 88' lang='lat' dir='ltr'><strong>ordinari</strong></span> 
     </span>
    </p>
   </div>
   <div class='ocr_carea' id='block_1_88' title="bbox 2084 4213 3684 4286">
    <p class='ocr_par' dir='ltr' id='par_1_88' title="bbox 2084 4213 3684 4286">
     <span class='ocr_line' id='line_1_88' title="bbox 2084 4213 3684 4286; baseline -0.002 -16"><span class='ocrx_word' id='word_1_654' title='bbox 2084 4215 2372 4273; x_wconf 77' lang='lat' dir='ltr'><strong>fecerunt:</strong></span> <span class='ocrx_word' id='word_1_655' title='bbox 2403 4217 2548 4286; x_wconf 91' lang='lat' dir='ltr'><strong>quod</strong></span> <span class='ocrx_word' id='word_1_656' title='bbox 2594 4233 2714 4274; x_wconf 91' lang='lat' dir='ltr'><strong>cum</strong></span> <span class='ocrx_word' id='word_1_657' title='bbox 2765 4217 2928 4272; x_wconf 89' lang='lat' dir='ltr'><strong>nimia</strong></span> <span class='ocrx_word' id='word_1_658' title='bbox 2977 4215 3240 4272; x_wconf 73' lang='lat' dir='ltr'><strong>effusione</strong></span> <span class='ocrx_word' id='word_1_659' title='bbox 3292 4213 3570 4282; x_wconf 80' lang='lat' dir='ltr'><strong>sanguinis</strong></span> <span class='ocrx_word' id='word_1_660' title='bbox 3622 4222 3684 4268; x_wconf 90' lang='lat' dir='ltr'><strong>et</strong></span> 
     </span>
    </p>
   </div>
   <div class='ocr_carea' id='block_1_89' title="bbox 2084 4306 3684 4367">
    <p class='ocr_par' dir='ltr' id='par_1_89' title="bbox 2084 4306 3684 4367">
     <span class='ocr_line' id='line_1_89' title="bbox 2084 4306 3684 4367; baseline -0.003 -1"><span class='ocrx_word' id='word_1_661' title='bbox 2084 4311 2304 4367; x_wconf 88' lang='lat' dir='ltr'><strong>interitu</strong></span> <span class='ocrx_word' id='word_1_662' title='bbox 2333 4311 2624 4366; x_wconf 89' lang='lat' dir='ltr'><strong>multorum</strong></span> <span class='ocrx_word' id='word_1_663' title='bbox 2667 4311 3035 4366; x_wconf 82' lang='lat' dir='ltr'><strong>innocentium</strong></span> <span class='ocrx_word' id='word_1_664' title='bbox 3067 4310 3344 4366; x_wconf 88' lang='lat' dir='ltr'><strong>hominum</strong></span> <span class='ocrx_word' id='word_1_665' title='bbox 3372 4306 3568 4362; x_wconf 74' lang='lat' dir='ltr'><strong>fecisse</strong></span> <span class='ocrx_word' id='word_1_666' title='bbox 3595 4306 3684 4361; x_wconf 88' lang='lat' dir='ltr'><strong>di-</strong></span> 
     </span>
    </p>
   </div>
   <div class='ocr_carea' id='block_1_90' title="bbox 2083 4397 3679 4471">
    <p class='ocr_par' dir='ltr' id='par_1_90' title="bbox 2083 4397 3679 4471">
     <span class='ocr_line' id='line_1_90' title="bbox 2083 4397 3679 4471; baseline -0.004 -13"><span class='ocrx_word' id='word_1_667' title='bbox 2083 4411 2295 4458; x_wconf 89' lang='lat' dir='ltr'><strong>cuntur.</strong></span> <span class='ocrx_word' id='word_1_668' title='bbox 2338 4402 2807 4471; x_wconf 87' lang='lat' dir='ltr'><strong>Constantinopoli</strong></span> <span class='ocrx_word' id='word_1_669' title='bbox 2846 4416 2977 4457; x_wconf 85' lang='lat' dir='ltr'><strong>vero</strong></span> <span class='ocrx_word' id='word_1_670' title='bbox 3007 4407 3289 4470; x_wconf 65' lang='lat' dir='ltr'><strong>coeperunt</strong></span> <span class='ocrx_word' id='word_1_671' title='bbox 3317 4399 3510 4454; x_wconf 87' lang='lat' dir='ltr'><strong>iterum</strong></span> <span class='ocrx_word' id='word_1_672' title='bbox 3541 4397 3679 4452; x_wconf 84' lang='lat' dir='ltr'><strong>bea-</strong></span> 
     </span>
    </p>
   </div>
   <div class='ocr_carea' id='block_1_91' title="bbox 2082 4487 3680 4564">
    <p class='ocr_par' dir='ltr' id='par_1_91' title="bbox 2082 4487 3680 4564">
     <span class='ocr_line' id='line_1_91' title="bbox 2082 4487 3680 4564; baseline -0.004 -18"><span class='ocrx_word' id='word_1_673' title='bbox 2082 4492 2346 4548; x_wconf 91' lang='lat' dir='ltr'><strong>tissimum</strong></span> <span class='ocrx_word' id='word_1_674' title='bbox 2387 4508 2582 4563; x_wconf 87' lang='lat' dir='ltr'><strong>papam</strong></span> <span class='ocrx_word' id='word_1_675' title='bbox 2635 4491 2886 4560; x_wconf 78' lang='lat' dir='ltr'><strong>Vigilium</strong></span> <span class='ocrx_word' id='word_1_676' title='bbox 2936 4491 3296 4564; x_wconf 90' lang='lat' dir='ltr'><strong>compellere,</strong></span> <span class='ocrx_word' id='word_1_677' title='bbox 3337 4498 3396 4543; x_wconf 92' lang='lat' dir='ltr'><strong>ut</strong></span> <span class='ocrx_word' id='word_1_678' title='bbox 3441 4487 3487 4542; x_wconf 91' lang='lat' dir='ltr'><strong>si</strong></span> <span class='ocrx_word' id='word_1_679' title='bbox 3537 4487 3680 4550; x_wconf 75' lang='lat' dir='ltr'><strong>Afri,</strong></span> 
     </span>
    </p>
   </div>
   <div class='ocr_carea' id='block_1_92' title="bbox 382 4567 3684 4666">
    <p class='ocr_par' dir='ltr' id='par_1_92' title="bbox 382 4567 3684 4666">
     <span class='ocr_line' id='line_1_92' title="bbox 382 4567 3684 4666; baseline 0.003 -44"><span class='ocrx_word' id='word_1_680' title='bbox 382 4567 574 4666; x_wconf 78' lang='lat' dir='ltr'><strong>voluit.</strong></span> <span class='ocrx_word' id='word_1_681' title='bbox 603 4568 681 4666; x_wconf 81' lang='lat' dir='ltr'><strong>De</strong></span> <span class='ocrx_word' id='word_1_682' title='bbox 711 4568 892 4626; x_wconf 84' lang='lat' dir='ltr'><strong>Africa</strong></span> <span class='ocrx_word' id='word_1_683' title='bbox 918 4587 1049 4628; x_wconf 85' lang='lat' dir='ltr'><strong>vero</strong></span> <span class='ocrx_word' id='word_1_684' title='bbox 1073 4585 1198 4628; x_wconf 83' lang='lat' dir='ltr'><strong>cum</strong></span> <span class='ocrx_word' id='word_1_685' title='bbox 1219 4573 1332 4642; x_wconf 86' lang='lat' dir='ltr'><strong>jam</strong></span> <span class='ocrx_word' id='word_1_686' title='bbox 1361 4574 1528 4644; x_wconf 87' lang='lat' dir='ltr'><strong>aliqui</strong></span> <span class='ocrx_word' id='word_1_687' title='bbox 1558 4576 1866 4646; x_wconf 73' lang='lat' dir='ltr'><strong>proximare</strong></span> <span class='ocrx_word' id='word_1_688' title='bbox 1895 4579 1976 4634; x_wconf 92' lang='lat' dir='ltr'><strong>ci-</strong></span> <span class='ocrx_word' id='word_1_689' title='bbox 2008 4605 2056 4666; x_wconf 76' lang='grc' dir='ltr'>υ</span> <span class='ocrx_word' id='word_1_690' title='bbox 2083 4591 2246 4654; x_wconf 90' lang='lat' dir='ltr'><strong>atque</strong></span> <span class='ocrx_word' id='word_1_691' title='bbox 2271 4583 2594 4655; x_wconf 85' lang='lat' dir='ltr'><strong>Illyriciani,</strong></span> <span class='ocrx_word' id='word_1_692' title='bbox 2625 4584 2712 4639; x_wconf 92' lang='lat' dir='ltr'><strong>vel</strong></span> <span class='ocrx_word' id='word_1_693' title='bbox 2740 4583 3000 4639; x_wconf 75' lang='lat' dir='ltr'><strong>Dalmata:</strong></span> <span class='ocrx_word' id='word_1_694' title='bbox 3026 4582 3268 4654; x_wconf 91' lang='lat' dir='ltr'><strong>episcopi</strong></span> <span class='ocrx_word' id='word_1_695' title='bbox 3297 4579 3524 4645; x_wconf 90' lang='lat' dir='ltr'><strong>nollent,</strong></span> <span class='ocrx_word' id='word_1_696' title='bbox 3559 4579 3684 4648; x_wconf 82' lang='lat' dir='ltr'><strong>ipso</strong></span> 
     </span>
    </p>
   </div>
   <div class='ocr_carea' id='block_1_93' title="bbox 383 4659 1972 4745">
    <p class='ocr_par' dir='ltr' id='par_1_93' title="bbox 383 4659 1972 4745">
     <span class='ocr_line' id='line_1_93' title="bbox 383 4659 1972 4745; baseline 0.01 -32"><span class='ocrx_word' id='word_1_697' title='bbox 383 4659 534 4719; x_wconf 78' lang='lat' dir='ltr'><strong>vitali</strong></span> <span class='ocrx_word' id='word_1_698' title='bbox 563 4663 731 4732; x_wconf 74' lang='lat' dir='ltr'><strong>regite</strong></span> <span class='ocrx_word' id='word_1_699' title='bbox 758 4665 1088 4736; x_wconf 87' lang='lat' dir='ltr'><strong>dicerentur,</strong></span> <span class='ocrx_word' id='word_1_700' title='bbox 1119 4667 1254 4724; x_wconf 77' lang='lat' dir='ltr'><strong>dixit</strong></span> <span class='ocrx_word' id='word_1_701' title='bbox 1289 4685 1425 4740; x_wconf 89' lang='lat' dir='ltr'><strong>papa</strong></span> <span class='ocrx_word' id='word_1_702' title='bbox 1467 4670 1692 4740; x_wconf 85' lang='lat' dir='ltr'><strong>Vigilius</strong></span> <span class='ocrx_word' id='word_1_703' title='bbox 1718 4673 1972 4745; x_wconf 88' lang='lat' dir='ltr'><strong>principi,</strong></span> 
     </span>
    </p>
   </div>
   <div class='ocr_carea' id='block_1_94' title="bbox 385 4753 1971 4832">
    <p class='ocr_par' dir='ltr' id='par_1_94' title="bbox 385 4753 1971 4832">
     <span class='ocr_line' id='line_1_94' title="bbox 385 4753 1971 4832; baseline 0.009 -24"><span class='ocrx_word' id='word_1_704' title='bbox 385 4753 517 4808; x_wconf 89' lang='lat' dir='ltr'><strong>utsi</strong></span> <span class='ocrx_word' id='word_1_705' title='bbox 547 4755 596 4811; x_wconf 93' lang='lat' dir='ltr'><strong>ei</strong></span> <span class='ocrx_word' id='word_1_706' title='bbox 626 4773 732 4812; x_wconf 92' lang='lat' dir='ltr'><strong>non</strong></span> <span class='ocrx_word' id='word_1_707' title='bbox 772 4757 1048 4814; x_wconf 66' lang='lat' dir='ltr'><strong>subiceret</strong></span> <span class='ocrx_word' id='word_1_708' title='bbox 1097 4760 1223 4816; x_wconf 89' lang='lat' dir='ltr'><strong>illud</strong></span> <span class='ocrx_word' id='word_1_709' title='bbox 1269 4761 1414 4832; x_wconf 92' lang='lat' dir='ltr'><strong>quod</strong></span> <span class='ocrx_word' id='word_1_710' title='bbox 1462 4771 1588 4818; x_wconf 90' lang='lat' dir='ltr'><strong>ante</strong></span> <span class='ocrx_word' id='word_1_711' title='bbox 1634 4762 1971 4828; x_wconf 86' lang='lat' dir='ltr'><strong>decreverat,</strong></span> 
     </span>
    </p>
   </div>
   <div class='ocr_carea' id='block_1_95' title="bbox 381 4844 1977 4926">
    <p class='ocr_par' dir='ltr' id='par_1_95' title="bbox 381 4844 1977 4926">
     <span class='ocr_line' id='line_1_95' title="bbox 381 4844 1977 4926; baseline 0.008 -26"><span class='ocrx_word' id='word_1_712' title='bbox 381 4844 654 4914; x_wconf 88' lang='lat' dir='ltr'><strong>redderet,</strong></span> <span class='ocrx_word' id='word_1_713' title='bbox 681 4856 736 4902; x_wconf 91' lang='lat' dir='ltr'><strong>et</strong></span> <span class='ocrx_word' id='word_1_714' title='bbox 765 4856 1016 4920; x_wconf 88' lang='lat' dir='ltr'><strong>tanquam</strong></span> <span class='ocrx_word' id='word_1_715' title='bbox 1045 4851 1115 4907; x_wconf 89' lang='lat' dir='ltr'><strong>de</strong></span> <span class='ocrx_word' id='word_1_716' title='bbox 1142 4868 1286 4908; x_wconf 92' lang='lat' dir='ltr'><strong>novo</strong></span> <span class='ocrx_word' id='word_1_717' title='bbox 1311 4868 1474 4910; x_wconf 90' lang='lat' dir='ltr'><strong>causa</strong></span> <span class='ocrx_word' id='word_1_718' title='bbox 1502 4868 1625 4909; x_wconf 88' lang='lat' dir='ltr'><strong>eum</strong></span> <span class='ocrx_word' id='word_1_719' title='bbox 1653 4853 1737 4910; x_wconf 89' lang='lat' dir='ltr'><strong>his</strong></span> <span class='ocrx_word' id='word_1_720' title='bbox 1761 4856 1854 4926; x_wconf 92' lang='lat' dir='ltr'><strong>qui</strong></span> <span class='ocrx_word' id='word_1_721' title='bbox 1881 4872 1977 4912; x_wconf 85' lang='lat' dir='ltr'><strong>ve-</strong></span> 
     </span>
    </p>
   </div>
   <div class='ocr_carea' id='block_1_96' title="bbox 382 4933 1972 5014">
    <p class='ocr_par' dir='ltr' id='par_1_96' title="bbox 382 4933 1972 5014">
     <span class='ocr_line' id='line_1_96' title="bbox 382 4933 1972 5014; baseline 0.009 -25"><span class='ocrx_word' id='word_1_722' title='bbox 382 4933 504 4991; x_wconf 79' lang='lat' dir='ltr'><strong>nire</strong></span> <span class='ocrx_word' id='word_1_723' title='bbox 532 4937 759 4994; x_wconf 81' lang='lat' dir='ltr'><strong>nuntiati</strong></span> <span class='ocrx_word' id='word_1_724' title='bbox 791 4947 917 4994; x_wconf 90' lang='lat' dir='ltr'><strong>sunt</strong></span> <span class='ocrx_word' id='word_1_725' title='bbox 945 4949 1290 4998; x_wconf 84' lang='lat' dir='ltr'><strong>tractaretur.</strong></span> <span class='ocrx_word' id='word_1_726' title='bbox 1332 4943 1592 5000; x_wconf 65' lang='lat' dir='ltr'><strong>Praestitit</strong></span> <span class='ocrx_word' id='word_1_727' title='bbox 1617 4943 1778 5013; x_wconf 87' lang='lat' dir='ltr'><strong>igitur</strong></span> <span class='ocrx_word' id='word_1_728' title='bbox 1809 4945 1972 5014; x_wconf 84' lang='lat' dir='ltr'><strong>Deus,</strong></span> 
     </span>
    </p>
   </div>
   <div class='ocr_carea' id='block_1_97' title="bbox 381 5114 1970 5192">
    <p class='ocr_par' dir='ltr' id='par_1_97' title="bbox 381 5114 1970 5192">
     <span class='ocr_line' id='line_1_97' title="bbox 381 5114 1970 5192; baseline 0.008 -23"><span class='ocrx_word' id='word_1_729' title='bbox 381 5114 752 5192; x_wconf 52' lang='lat' dir='ltr'><strong>debaitgerege</strong></span> <span class='ocrx_word' id='word_1_730' title='bbox 772 5119 1098 5192; x_wconf 66' lang='lat' dir='ltr'><strong>franrorum</strong></span> <span class='ocrx_word' id='word_1_731' title='bbox 1119 5119 1640 5192; x_wconf 83' lang='lat' dir='ltr'><strong>Constantinopolim</strong></span> <span class='ocrx_word' id='word_1_732' title='bbox 1669 5123 1818 5180; x_wconf 88' lang='lat' dir='ltr'><strong>missi</strong></span> <span class='ocrx_word' id='word_1_733' title='bbox 1845 5135 1970 5182; x_wconf 86' lang='lat' dir='ltr'><strong>sunt</strong></span> 
     </span>
    </p>
   </div>
   <div class='ocr_carea' id='block_1_98' title="bbox 381 5185 1972 5264">
    <p class='ocr_par' dir='ltr' id='par_1_98' title="bbox 381 5185 1972 5264">
     <span class='ocr_line' id='line_1_98' title="bbox 381 5185 1972 5264; baseline 0.008 -24"><span class='ocrx_word' id='word_1_734' title='bbox 381 5199 476 5241; x_wconf 84' lang='lat' dir='ltr'><strong>an.</strong></span> <span class='ocrx_word' id='word_1_735' title='bbox 509 5185 576 5242; x_wconf 79' lang='grc'><strong>17</strong></span> <span class='ocrx_word' id='word_1_736' title='bbox 605 5185 730 5244; x_wconf 86' lang='lat' dir='ltr'><strong>belli</strong></span> <span class='ocrx_word' id='word_1_737' title='bbox 761 5189 976 5247; x_wconf 86' lang='lat' dir='ltr'><strong>Gothiei</strong></span> <span class='ocrx_word' id='word_1_738' title='bbox 995 5233 1008 5256; x_wconf 93' lang='lat'><strong>,</strong></span> <span class='ocrx_word' id='word_1_739' title='bbox 1040 5192 1215 5264; x_wconf 60' lang='lat' dir='ltr'><strong>quiin</strong></span> <span class='ocrx_word' id='word_1_740' title='bbox 1244 5207 1402 5264; x_wconf 86' lang='lat' dir='ltr'><strong>cursu</strong></span> <span class='ocrx_word' id='word_1_741' title='bbox 1434 5185 1534 5248; x_wconf 67' lang='lat' dir='ltr'><strong>fuit</strong></span> <span class='ocrx_word' id='word_1_742' title='bbox 1563 5209 1730 5264; x_wconf 91' lang='lat' dir='ltr'><strong>usque</strong></span> <span class='ocrx_word' id='word_1_743' title='bbox 1757 5194 1824 5264; x_wconf 79' lang='lat' dir='ltr'><strong>ad</strong></span> <span class='ocrx_word' id='word_1_744' title='bbox 1857 5212 1972 5252; x_wconf 90' lang='lat' dir='ltr'><strong>ver-</strong></span> 
     </span>
    </p>
   </div>
   <div class='ocr_carea' id='block_1_99' title="bbox 381 5261 1968 5333">
    <p class='ocr_par' dir='ltr' id='par_1_99' title="bbox 381 5261 1968 5333">
     <span class='ocr_line' id='line_1_99' title="bbox 381 5261 1968 5333; baseline 0.007 -21"><span class='ocrx_word' id='word_1_745' title='bbox 381 5271 518 5312; x_wconf 82' lang='lat' dir='ltr'><strong>num</strong></span> <span class='ocrx_word' id='word_1_746' title='bbox 564 5265 776 5333; x_wconf 78' lang='lat' dir='ltr'><strong>tempus</strong></span> <span class='ocrx_word' id='word_1_747' title='bbox 822 5263 1100 5330; x_wconf 89' lang='lat' dir='ltr'><strong>sequentis</strong></span> <span class='ocrx_word' id='word_1_748' title='bbox 1128 5261 1327 5318; x_wconf 87' lang='lat' dir='ltr'><strong>Christi</strong></span> <span class='ocrx_word' id='word_1_749' title='bbox 1369 5265 1496 5318; x_wconf 89' lang='lat' dir='ltr'><strong>anni</strong></span> <span class='ocrx_word' id='word_1_750' title='bbox 1521 5304 1536 5329; x_wconf 89' lang='lat'><strong>,</strong></span> <span class='ocrx_word' id='word_1_751' title='bbox 1569 5261 1724 5333; x_wconf 72' lang='lat' dir='ltr'><strong>cujus</strong></span> <span class='ocrx_word' id='word_1_752' title='bbox 1751 5261 1968 5322; x_wconf 82' lang='lat' dir='ltr'><strong>hiemali</strong></span> 
     </span>
    </p>
   </div>
   <div class='ocr_carea' id='block_1_100' title="bbox 386 5331 1968 5400">
    <p class='ocr_par' dir='ltr' id='par_1_100' title="bbox 386 5331 1968 5400">
     <span class='ocr_line' id='line_1_100' title="bbox 386 5331 1968 5400; baseline 0.007 -18"><span class='ocrx_word' id='word_1_753' title='bbox 386 5333 632 5400; x_wconf 71' lang='lat' dir='ltr'><strong>tempore</strong></span> <span class='ocrx_word' id='word_1_754' title='bbox 660 5331 868 5400; x_wconf 76' lang='lat' dir='ltr'><strong>legatos</strong></span> <span class='ocrx_word' id='word_1_755' title='bbox 896 5333 994 5387; x_wconf 63' lang='lat' dir='ltr'><strong>vice</strong></span> <span class='ocrx_word' id='word_1_756' title='bbox 1021 5347 1143 5388; x_wconf 87' lang='lat' dir='ltr'><strong>sese</strong></span> <span class='ocrx_word' id='word_1_757' title='bbox 1171 5332 1384 5388; x_wconf 89' lang='lat' dir='ltr'><strong>dedisse</strong></span> <span class='ocrx_word' id='word_1_758' title='bbox 1411 5331 1824 5388; x_wconf 76' lang='lat' dir='ltr'><strong>existimandum</strong></span> <span class='ocrx_word' id='word_1_759' title='bbox 1859 5351 1968 5394; x_wconf 89' lang='lat' dir='ltr'><strong>non</strong></span> 
     </span>
    </p>
   </div>
   <div class='ocr_carea' id='block_1_101' title="bbox 385 5397 1967 5476">
    <p class='ocr_par' dir='ltr' id='par_1_101' title="bbox 385 5397 1967 5476">
     <span class='ocr_line' id='line_1_101' title="bbox 385 5397 1967 5476; baseline 0.007 -25"><span class='ocrx_word' id='word_1_760' title='bbox 385 5397 690 5476; x_wconf 57' lang='lat' dir='ltr'><strong>estpocet</strong></span> <span class='ocrx_word' id='word_1_761' title='bbox 712 5397 858 5476; x_wconf 78' lang='lat' dir='ltr'><strong>enim</strong></span> <span class='ocrx_word' id='word_1_762' title='bbox 899 5401 1192 5476; x_wconf 71' lang='lat' dir='ltr'><strong>Procopius</strong></span> <span class='ocrx_word' id='word_1_763' title='bbox 1213 5403 1320 5476; x_wconf 71' lang='lat' dir='ltr'><strong>lib.</strong></span> <span class='ocrx_word' id='word_1_764' title='bbox 1345 5420 1406 5476; x_wconf 84' lang='lat' dir='ltr'><strong>tv</strong></span> <span class='ocrx_word' id='word_1_765' title='bbox 1433 5403 1566 5476; x_wconf 83' lang='lat' dir='ltr'><strong>Bell.</strong></span> <span class='ocrx_word' id='word_1_766' title='bbox 1597 5401 1767 5476; x_wconf 64' lang='lat' dir='ltr'><strong>Goth.</strong></span> <span class='ocrx_word' id='word_1_767' title='bbox 1788 5446 1802 5470; x_wconf 92' lang='lat'><strong>,</strong></span> <span class='ocrx_word' id='word_1_768' title='bbox 1836 5422 1967 5476; x_wconf 87' lang='lat' dir='ltr'><strong>cap.</strong></span> 
     </span>
    </p>
   </div>
   <div class='ocr_carea' id='block_1_102' title="bbox 385 5465 1966 5542">
    <p class='ocr_par' dir='ltr' id='par_1_102' title="bbox 385 5465 1966 5542">
     <span class='ocr_line' id='line_1_102' title="bbox 385 5465 1966 5542; baseline 0.008 -23"><span class='ocrx_word' id='word_1_769' title='bbox 385 5465 494 5532; x_wconf 61' lang='grc' dir='ltr'><strong>Ἡ,</strong></span> <span class='ocrx_word' id='word_1_770' title='bbox 521 5468 590 5525; x_wconf 86' lang='lat' dir='ltr'><strong>de</strong></span> <span class='ocrx_word' id='word_1_771' title='bbox 635 5471 802 5540; x_wconf 80' lang='lat' dir='ltr'><strong>gestis</strong></span> <span class='ocrx_word' id='word_1_772' title='bbox 847 5487 992 5527; x_wconf 79' lang='lat' dir='ltr'><strong>anno</strong></span> <span class='ocrx_word' id='word_1_773' title='bbox 1035 5465 1162 5527; x_wconf 81' lang='lat' dir='ltr'><strong>belli</strong></span> <span class='ocrx_word' id='word_1_774' title='bbox 1202 5473 1412 5530; x_wconf 64' lang='lat' dir='ltr'><strong>G-ethici</strong></span> <span class='ocrx_word' id='word_1_775' title='bbox 1445 5475 1511 5528; x_wconf 81' lang='lat' dir='ltr'><strong>l7</strong></span> <span class='ocrx_word' id='word_1_776' title='bbox 1540 5475 1701 5529; x_wconf 88' lang='lat' dir='ltr'><strong>verba</strong></span> <span class='ocrx_word' id='word_1_777' title='bbox 1743 5465 1966 5542; x_wconf 44' lang='lat' dir='ltr'><strong>l&#39;a&#39;cien&#39;s,</strong></span> 
     </span>
    </p>
   </div>
   <div class='ocr_carea' id='block_1_103' title="bbox 388 5543 1976 5602">
    <p class='ocr_par' dir='ltr' id='par_1_103' title="bbox 388 5543 1976 5602">
     <span class='ocr_line' id='line_1_103' title="bbox 388 5543 1976 5602; baseline 0.007 -11"><span class='ocrx_word' id='word_1_778' title='bbox 388 5552 508 5592; x_wconf 86' lang='lat' dir='ltr'><strong>cum</strong></span> <span class='ocrx_word' id='word_1_779' title='bbox 538 5549 863 5595; x_wconf 86' lang='lat' dir='ltr'><strong>conventum</strong></span> <span class='ocrx_word' id='word_1_780' title='bbox 895 5553 1040 5596; x_wconf 88' lang='lat' dir='ltr'><strong>esset</strong></span> <span class='ocrx_word' id='word_1_781' title='bbox 1079 5543 1220 5598; x_wconf 85' lang='lat' dir='ltr'><strong>inter</strong></span> <span class='ocrx_word' id='word_1_782' title='bbox 1248 5543 1486 5601; x_wconf 85' lang='lat' dir='ltr'><strong>Francos</strong></span> <span class='ocrx_word' id='word_1_783' title='bbox 1513 5554 1569 5600; x_wconf 86' lang='lat' dir='ltr'><strong>et</strong></span> <span class='ocrx_word' id='word_1_784' title='bbox 1595 5543 1801 5599; x_wconf 88' lang='lat' dir='ltr'><strong>Gothos</strong></span> <span class='ocrx_word' id='word_1_785' title='bbox 1833 5556 1888 5600; x_wconf 89' lang='lat' dir='ltr'><strong>ut</strong></span> <span class='ocrx_word' id='word_1_786' title='bbox 1917 5563 1976 5602; x_wconf 92' lang='lat' dir='ltr'><strong>se</strong></span> 
     </span>
    </p>
   </div>
   <div class='ocr_carea' id='block_1_104' title="bbox 389 5607 1977 5680">
    <p class='ocr_par' dir='ltr' id='par_1_104' title="bbox 389 5607 1977 5680">
     <span class='ocr_line' id='line_1_104' title="bbox 389 5607 1977 5680; baseline 0.008 -20"><span class='ocrx_word' id='word_1_787' title='bbox 389 5607 443 5680; x_wconf 77' lang='lat' dir='ltr'><strong>in</strong></span> <span class='ocrx_word' id='word_1_788' title='bbox 473 5607 636 5664; x_wconf 74' lang='lat' dir='ltr'><strong>italia:</strong></span> <span class='ocrx_word' id='word_1_789' title='bbox 665 5611 892 5666; x_wconf 86' lang='lat' dir='ltr'><strong>invicem</strong></span> <span class='ocrx_word' id='word_1_790' title='bbox 923 5613 1086 5666; x_wconf 90' lang='lat' dir='ltr'><strong>armis</strong></span> <span class='ocrx_word' id='word_1_791' title='bbox 1113 5629 1217 5667; x_wconf 91' lang='lat' dir='ltr'><strong>non</strong></span> <span class='ocrx_word' id='word_1_792' title='bbox 1249 5615 1592 5680; x_wconf 84' lang='lat' dir='ltr'><strong>lacesserent,</strong></span> <span class='ocrx_word' id='word_1_793' title='bbox 1621 5613 1977 5672; x_wconf 78' lang='lat' dir='ltr'><strong>Justinianum</strong></span> 
     </span>
    </p>
   </div>
   <div class='ocr_carea' id='block_1_105' title="bbox 388 5677 1975 5754">
    <p class='ocr_par' dir='ltr' id='par_1_105' title="bbox 388 5677 1975 5754">
     <span class='ocr_line' id='line_1_105' title="bbox 388 5677 1975 5754; baseline 0.007 -24"><span class='ocrx_word' id='word_1_794' title='bbox 388 5677 524 5754; x_wconf 79' lang='lat' dir='ltr'><strong>Aug.</strong></span> <span class='ocrx_word' id='word_1_795' title='bbox 570 5680 1093 5754; x_wconf 71' lang='lat' dir='ltr'><strong>ad_Tlieadebaldum</strong></span> <span class='ocrx_word' id='word_1_796' title='bbox 1142 5682 1468 5738; x_wconf 73' lang='lat' dir='ltr'><strong>Francorum</strong></span> <span class='ocrx_word' id='word_1_797' title='bbox 1512 5677 1690 5754; x_wconf 77' lang='lat' dir='ltr'><strong>regem</strong></span> <span class='ocrx_word' id='word_1_798' title='bbox 1741 5686 1975 5752; x_wconf 77' lang='lat' dir='ltr'><strong>legatum</strong></span> 
     </span>
    </p>
   </div>
   <div class='ocr_carea' id='block_1_106' title="bbox 388 5748 1974 5822">
    <p class='ocr_par' dir='ltr' id='par_1_106' title="bbox 388 5748 1974 5822">
     <span class='ocr_line' id='line_1_106' title="bbox 388 5748 1974 5822; baseline 0.006 -22"><span class='ocrx_word' id='word_1_799' title='bbox 388 5751 600 5804; x_wconf 68' lang='lat' dir='ltr'><strong>misisse</strong></span> <span class='ocrx_word' id='word_1_800' title='bbox 635 5748 902 5822; x_wconf 70' lang='lat' dir='ltr'><strong>Leontium</strong></span> <span class='ocrx_word' id='word_1_801' title='bbox 938 5761 1272 5816; x_wconf 82' lang='lat' dir='ltr'><strong>senatorem,</strong></span> <span class='ocrx_word' id='word_1_802' title='bbox 1314 5748 1707 5822; x_wconf 67' lang='lat' dir='ltr'><strong>postulaturum</strong></span> <span class='ocrx_word' id='word_1_803' title='bbox 1738 5748 1974 5811; x_wconf 51' lang='lat' dir='ltr'><strong>ut&#39;arma</strong></span> 
     </span>
    </p>
   </div>
   <div class='ocr_carea' id='block_1_107' title="bbox 386 5820 1969 5892">
    <p class='ocr_par' dir='ltr' id='par_1_107' title="bbox 386 5820 1969 5892">
     <span class='ocr_line' id='line_1_107' title="bbox 386 5820 1969 5892; baseline 0.004 -23"><span class='ocrx_word' id='word_1_804' title='bbox 386 5820 858 5892; x_wconf 7' lang='lat' dir='ltr'><strong>secutugadversus</strong></span> <span class='ocrx_word' id='word_1_805' title='bbox 905 5823 1111 5892; x_wconf 63' lang='lat' dir='ltr'><strong>Gothos</strong></span> <span class='ocrx_word' id='word_1_806' title='bbox 1148 5820 1425 5890; x_wconf 73' lang='lat' dir='ltr'><strong>jungcret.</strong></span> <span class='ocrx_word' id='word_1_807' title='bbox 1459 5825 1713 5892; x_wconf 82' lang='lat' dir='ltr'><strong>cederctq</strong></span> <span class='ocrx_word' id='word_1_808' title='bbox 1754 5839 1784 5878; x_wconf 91' lang='lat' dir='ltr'><strong>e</strong></span> <span class='ocrx_word' id='word_1_809' title='bbox 1815 5824 1969 5887; x_wconf 82' lang='lat' dir='ltr'><strong>locis,</strong></span> 
     </span>
    </p>
   </div>
   <div class='ocr_carea' id='block_1_108' title="bbox 389 5887 1974 5968">
    <p class='ocr_par' dir='ltr' id='par_1_108' title="bbox 389 5887 1974 5968">
     <span class='ocr_line' id='line_1_108' title="bbox 389 5887 1974 5968; baseline 0.003 -24"><span class='ocrx_word' id='word_1_810' title='bbox 389 5905 500 5953; x_wconf 71' lang='lat' dir='ltr'><strong>Qua:</strong></span> <span class='ocrx_word' id='word_1_811' title='bbox 534 5887 908 5950; x_wconf 72' lang='lat' dir='ltr'><strong>Theodcbci‘tus</strong></span> <span class='ocrx_word' id='word_1_812' title='bbox 954 5895 1004 5946; x_wconf 84' lang='lat' dir='ltr'><strong>in</strong></span> <span class='ocrx_word' id='word_1_813' title='bbox 1057 5887 1218 5949; x_wconf 81' lang='lat' dir='ltr'><strong>Italia</strong></span> <span class='ocrx_word' id='word_1_814' title='bbox 1253 5887 1446 5948; x_wconf 52' lang='lat' dir='ltr'><strong>&#39;centra</strong></span> <span class='ocrx_word' id='word_1_815' title='bbox 1475 5896 1564 5964; x_wconf 75' lang='lat' dir='ltr'><strong>jus</strong></span> <span class='ocrx_word' id='word_1_816' title='bbox 1593 5887 1798 5968; x_wconf 68' lang='lat' dir='ltr'><strong>[tndem</strong></span> <span class='ocrx_word' id='word_1_817' title='bbox 1831 5910 1974 5948; x_wconf 78' lang='lat' dir='ltr'><strong>orcu-</strong></span> 
     </span>
    </p>
   </div>
   <div class='ocr_carea' id='block_1_109' title="bbox 2078 4671 3674 4744">
    <p class='ocr_par' dir='ltr' id='par_1_109' title="bbox 2078 4671 3674 4744">
     <span class='ocr_line' id='line_1_109' title="bbox 2078 4671 3674 4744; baseline -0.005 -14"><span class='ocrx_word' id='word_1_818' title='bbox 2078 4689 2203 4730; x_wconf 89' lang='lat' dir='ltr'><strong>cum</strong></span> <span class='ocrx_word' id='word_1_819' title='bbox 2231 4672 2432 4729; x_wconf 72' lang='lat' dir='ltr'><strong>Gmcis</strong></span> <span class='ocrx_word' id='word_1_820' title='bbox 2470 4675 2739 4744; x_wconf 88' lang='lat' dir='ltr'><strong>episcopis</strong></span> <span class='ocrx_word' id='word_1_821' title='bbox 2767 4674 2957 4730; x_wconf 87' lang='lat' dir='ltr'><strong>eadem</strong></span> <span class='ocrx_word' id='word_1_822' title='bbox 2986 4673 3219 4744; x_wconf 89' lang='lat' dir='ltr'><strong>capitula</strong></span> <span class='ocrx_word' id='word_1_823' title='bbox 3259 4671 3674 4728; x_wconf 83' lang='lat' dir='ltr'><strong>condemnaret.</strong></span> 
     </span>
    </p>
   </div>
   <div class='ocr_carea' id='block_1_110' title="bbox 2078 4763 3682 4836">
    <p class='ocr_par' dir='ltr' id='par_1_110' title="bbox 2078 4763 3682 4836">
     <span class='ocr_line' id='line_1_110' title="bbox 2078 4763 3682 4836; baseline -0.004 -16"><span class='ocrx_word' id='word_1_824' title='bbox 2078 4763 2186 4820; x_wconf 91' lang='lat' dir='ltr'><strong>Sed</strong></span> <span class='ocrx_word' id='word_1_825' title='bbox 2209 4765 2520 4821; x_wconf 90' lang='lat' dir='ltr'><strong>beatissimo</strong></span> <span class='ocrx_word' id='word_1_826' title='bbox 2545 4781 2682 4836; x_wconf 90' lang='lat' dir='ltr'><strong>papa</strong></span> <span class='ocrx_word' id='word_1_827' title='bbox 2715 4765 2907 4834; x_wconf 81' lang='lat' dir='ltr'><strong>Vigilio</strong></span> <span class='ocrx_word' id='word_1_828' title='bbox 2935 4765 3240 4820; x_wconf 87' lang='lat' dir='ltr'><strong>nullatenus</strong></span> <span class='ocrx_word' id='word_1_829' title='bbox 3268 4763 3682 4833; x_wconf 87' lang='lat' dir='ltr'><strong>acquiescentc,</strong></span> 
     </span>
    </p>
   </div>
   <div class='ocr_carea' id='block_1_111' title="bbox 2079 4852 3682 4926">
    <p class='ocr_par' dir='ltr' id='par_1_111' title="bbox 2079 4852 3682 4926">
     <span class='ocr_line' id='line_1_111' title="bbox 2079 4852 3682 4926; baseline -0.004 -15"><span class='ocrx_word' id='word_1_830' title='bbox 2079 4855 2254 4911; x_wconf 84' lang='lat' dir='ltr'><strong>edicta</strong></span> <span class='ocrx_word' id='word_1_831' title='bbox 2284 4871 2350 4912; x_wconf 81' lang='lat' dir='ltr'><strong>ex</strong></span> <span class='ocrx_word' id='word_1_832' title='bbox 2382 4857 2598 4912; x_wconf 90' lang='lat' dir='ltr'><strong>nomine</strong></span> <span class='ocrx_word' id='word_1_833' title='bbox 2627 4856 2890 4926; x_wconf 90' lang='lat' dir='ltr'><strong>imperiali</strong></span> <span class='ocrx_word' id='word_1_834' title='bbox 2920 4865 3030 4912; x_wconf 89' lang='lat' dir='ltr'><strong>tam</strong></span> <span class='ocrx_word' id='word_1_835' title='bbox 3057 4856 3108 4911; x_wconf 92' lang='lat' dir='ltr'><strong>in</strong></span> <span class='ocrx_word' id='word_1_836' title='bbox 3136 4855 3374 4911; x_wconf 87' lang='lat' dir='ltr'><strong>Ecclesia</strong></span> <span class='ocrx_word' id='word_1_837' title='bbox 3403 4852 3682 4908; x_wconf 80' lang='lat' dir='ltr'><strong>Constan-</strong></span> 
     </span>
    </p>
   </div>
   <div class='ocr_carea' id='block_1_112' title="bbox 2079 4946 3678 5019">
    <p class='ocr_par' dir='ltr' id='par_1_112' title="bbox 2079 4946 3678 5019">
     <span class='ocr_line' id='line_1_112' title="bbox 2079 4946 3678 5019; baseline -0.003 -15"><span class='ocrx_word' id='word_1_838' title='bbox 2079 4947 2433 5019; x_wconf 78' lang='lat' dir='ltr'><strong>tinopolitano</strong></span> <span class='ocrx_word' id='word_1_839' title='bbox 2478 4965 2639 5018; x_wconf 88' lang='lat' dir='ltr'><strong>quam</strong></span> <span class='ocrx_word' id='word_1_840' title='bbox 2687 4950 2742 5004; x_wconf 89' lang='lat' dir='ltr'><strong>in</strong></span> <span class='ocrx_word' id='word_1_841' title='bbox 2791 4949 3018 5006; x_wconf 89' lang='lat' dir='ltr'><strong>diversis</strong></span> <span class='ocrx_word' id='word_1_842' title='bbox 3044 4948 3178 5005; x_wconf 85' lang='lat' dir='ltr'><strong>locis</strong></span> <span class='ocrx_word' id='word_1_843' title='bbox 3224 4949 3480 5018; x_wconf 84' lang='lat' dir='ltr'><strong>suspendi</strong></span> <span class='ocrx_word' id='word_1_844' title='bbox 3517 4946 3678 5002; x_wconf 79' lang='lat' dir='ltr'><strong>fece-</strong></span> 
     </span>
    </p>
   </div>
   <div class='ocr_carea' id='block_1_113' title="bbox 2079 5125 3677 5202">
    <p class='ocr_par' dir='ltr' id='par_1_113' title="bbox 2079 5125 3677 5202">
     <span class='ocr_line' id='line_1_113' title="bbox 2079 5125 3677 5202; baseline 0.005 -18"><span class='ocrx_word' id='word_1_845' title='bbox 2079 5139 2284 5202; x_wconf 77' lang='lat' dir='ltr'><strong>passet;</strong></span> <span class='ocrx_word' id='word_1_846' title='bbox 2313 5127 2406 5186; x_wconf 88' lang='lat' dir='ltr'><strong>sed</strong></span> <span class='ocrx_word' id='word_1_847' title='bbox 2425 5125 3110 5202; x_wconf 31' lang='lat' dir='ltr'><strong>Leontio‘TIteodcbaldum</strong></span> <span class='ocrx_word' id='word_1_848' title='bbox 3139 5131 3480 5202; x_wconf 90' lang='lat' dir='ltr'><strong>respondisse</strong></span> <span class='ocrx_word' id='word_1_849' title='bbox 3509 5151 3572 5191; x_wconf 91' lang='lat' dir='ltr'><strong>se</strong></span> <span class='ocrx_word' id='word_1_850' title='bbox 3603 5137 3677 5192; x_wconf 88' lang='lat' dir='ltr'><strong>ad</strong></span> 
     </span>
    </p>
   </div>
   <div class='ocr_carea' id='block_1_114' title="bbox 2079 5197 3681 5276">
    <p class='ocr_par' dir='ltr' id='par_1_114' title="bbox 2079 5197 3681 5276">
     <span class='ocr_line' id='line_1_114' title="bbox 2079 5197 3681 5276; baseline 0.003 -20"><span class='ocrx_word' id='word_1_851' title='bbox 2079 5197 2394 5276; x_wconf 74' lang='lat' dir='ltr'><strong>societatem</strong></span> <span class='ocrx_word' id='word_1_852' title='bbox 2425 5199 2550 5253; x_wconf 91' lang='lat' dir='ltr'><strong>belli</strong></span> <span class='ocrx_word' id='word_1_853' title='bbox 2580 5201 2631 5253; x_wconf 92' lang='lat' dir='ltr'><strong>in</strong></span> <span class='ocrx_word' id='word_1_854' title='bbox 2651 5197 2859 5254; x_wconf 90' lang='lat' dir='ltr'><strong>Gothos</strong></span> <span class='ocrx_word' id='word_1_855' title='bbox 2890 5201 3072 5276; x_wconf 67' lang='lat' dir='ltr'><strong>venire</strong></span> <span class='ocrx_word' id='word_1_856' title='bbox 3101 5217 3208 5276; x_wconf 78' lang='lat' dir='ltr'><strong>non</strong></span> <span class='ocrx_word' id='word_1_857' title='bbox 3230 5197 3440 5276; x_wconf 50' lang='lat' dir='ltr'><strong>posse;</strong></span> <span class='ocrx_word' id='word_1_858' title='bbox 3453 5213 3508 5258; x_wconf 91' lang='lat' dir='ltr'><strong>et</strong></span> <span class='ocrx_word' id='word_1_859' title='bbox 3534 5222 3681 5276; x_wconf 91' lang='lat' dir='ltr'><strong>quo-</strong></span> 
     </span>
    </p>
   </div>
   <div class='ocr_carea' id='block_1_115' title="bbox 2077 5269 3682 5337">
    <p class='ocr_par' dir='ltr' id='par_1_115' title="bbox 2077 5269 3682 5337">
     <span class='ocr_line' id='line_1_115' title="bbox 2077 5269 3682 5337; baseline 0.004 -12"><span class='ocrx_word' id='word_1_860' title='bbox 2077 5269 2144 5325; x_wconf 87' lang='lat' dir='ltr'><strong>ad</strong></span> <span class='ocrx_word' id='word_1_861' title='bbox 2184 5271 2301 5326; x_wconf 91' lang='lat' dir='ltr'><strong>loca</strong></span> <span class='ocrx_word' id='word_1_862' title='bbox 2331 5269 2420 5323; x_wconf 85' lang='lat' dir='ltr'><strong>illa</strong></span> <span class='ocrx_word' id='word_1_863' title='bbox 2443 5308 2461 5332; x_wconf 87' lang='lat'><strong>,</strong></span> <span class='ocrx_word' id='word_1_864' title='bbox 2499 5279 2709 5337; x_wconf 87' lang='lat' dir='ltr'><strong>patrem</strong></span> <span class='ocrx_word' id='word_1_865' title='bbox 2755 5285 2913 5325; x_wconf 90' lang='lat' dir='ltr'><strong>suum</strong></span> <span class='ocrx_word' id='word_1_866' title='bbox 2943 5269 3378 5327; x_wconf 82' lang='lat' dir='ltr'><strong>Theodebertum</strong></span> <span class='ocrx_word' id='word_1_867' title='bbox 3411 5269 3682 5332; x_wconf 78' lang='lat' dir='ltr'><strong>Romanis</strong></span> 
     </span>
    </p>
   </div>
   <div class='ocr_carea' id='block_1_116' title="bbox 2077 5337 3684 5418">
    <p class='ocr_par' dir='ltr' id='par_1_116' title="bbox 2077 5337 3684 5418">
     <span class='ocr_line' id='line_1_116' title="bbox 2077 5337 3684 5418; baseline -0.002 -23"><span class='ocrx_word' id='word_1_868' title='bbox 2077 5357 2184 5396; x_wconf 90' lang='lat' dir='ltr'><strong>non</strong></span> <span class='ocrx_word' id='word_1_869' title='bbox 2188 5340 2489 5418; x_wconf 56' lang='lat' dir='ltr'><strong>fripuisse.</strong></span> <span class='ocrx_word' id='word_1_870' title='bbox 2518 5337 2627 5418; x_wconf 67' lang='lat' dir='ltr'><strong>Sed</strong></span> <span class='ocrx_word' id='word_1_871' title='bbox 2655 5339 2720 5392; x_wconf 81' lang='lat' dir='ltr'><strong>de</strong></span> <span class='ocrx_word' id='word_1_872' title='bbox 2749 5339 2855 5418; x_wconf 69' lang='lat' dir='ltr'><strong>his,</strong></span> <span class='ocrx_word' id='word_1_873' title='bbox 2881 5340 3051 5418; x_wconf 62' lang='lat' dir='ltr'><strong>inquit</strong></span> <span class='ocrx_word' id='word_1_874' title='bbox 3072 5339 3684 5418; x_wconf 76' lang='lat' dir='ltr'><strong>Theodebaldus,_lega-</strong></span> 
     </span>
    </p>
   </div>
   <div class='ocr_carea' id='block_1_117' title="bbox 2077 5405 3682 5480">
    <p class='ocr_par' dir='ltr' id='par_1_117' title="bbox 2077 5405 3682 5480">
     <span class='ocr_line' id='line_1_117' title="bbox 2077 5405 3682 5480; baseline 0.004 -15"><span class='ocrx_word' id='word_1_875' title='bbox 2077 5420 2154 5466; x_wconf 68' lang='lat' dir='ltr'><strong>to;</strong></span> <span class='ocrx_word' id='word_1_876' title='bbox 2177 5405 2496 5480; x_wconf 14' lang='lat' dir='ltr'><strong>Byzantium,</strong></span> <span class='ocrx_word' id='word_1_877' title='bbox 2509 5409 2764 5480; x_wconf 78' lang='lat' dir='ltr'><strong>mittemus</strong></span> <span class='ocrx_word' id='word_1_878' title='bbox 2785 5405 3072 5480; x_wconf 36' lang='lat' dir='ltr'><strong>bi&#39;em&#39;JHis</strong></span> <span class='ocrx_word' id='word_1_879' title='bbox 3091 5410 3262 5475; x_wconf 78' lang='lat' dir='ltr'><strong>dictis,</strong></span> <span class='ocrx_word' id='word_1_880' title='bbox 3285 5415 3484 5467; x_wconf 77' lang='lat' dir='ltr'><strong>remisit</strong></span> <span class='ocrx_word' id='word_1_881' title='bbox 3500 5405 3682 5471; x_wconf 60' lang='lat' dir='ltr'><strong>Leon-</strong></span> 
     </span>
    </p>
   </div>
   <div class='ocr_carea' id='block_1_118' title="bbox 2075 5479 3676 5550">
    <p class='ocr_par' dir='ltr' id='par_1_118' title="bbox 2075 5479 3676 5550">
     <span class='ocr_line' id='line_1_118' title="bbox 2075 5479 3676 5550; baseline 0.004 -16"><span class='ocrx_word' id='word_1_882' title='bbox 2075 5479 2240 5548; x_wconf 78' lang='lat' dir='ltr'><strong>tium,</strong></span> <span class='ocrx_word' id='word_1_883' title='bbox 2276 5491 2325 5534; x_wconf 88' lang='lat' dir='ltr'><strong>et</strong></span> <span class='ocrx_word' id='word_1_884' title='bbox 2353 5479 2692 5550; x_wconf 17' lang='lat' dir='ltr'><strong>Leudardum,</strong></span> <span class='ocrx_word' id='word_1_885' title='bbox 2711 5496 2894 5550; x_wconf 82' lang='lat' dir='ltr'><strong>genere</strong></span> <span class='ocrx_word' id='word_1_886' title='bbox 2922 5479 3188 5535; x_wconf 78' lang='lat' dir='ltr'><strong>Francum</strong></span> <span class='ocrx_word' id='word_1_887' title='bbox 3216 5481 3286 5535; x_wconf 81' lang='lat' dir='ltr'><strong>ad</strong></span> <span class='ocrx_word' id='word_1_888' title='bbox 3313 5480 3676 5542; x_wconf 74' lang='lat' dir='ltr'><strong>Justinimmm</strong></span> 
     </span>
    </p>
   </div>
   <div class='ocr_carea' id='block_1_119' title="bbox 2083 5549 3680 5622">
    <p class='ocr_par' dir='ltr' id='par_1_119' title="bbox 2083 5549 3680 5622">
     <span class='ocr_line' id='line_1_119' title="bbox 2083 5549 3680 5622; baseline 0.004 -18"><span class='ocrx_word' id='word_1_889' title='bbox 2083 5551 2436 5622; x_wconf 74' lang='lat' dir='ltr'><strong>Aug._legarit</strong></span> <span class='ocrx_word' id='word_1_890' title='bbox 2467 5567 2580 5603; x_wconf 79' lang='lat' dir='ltr'><strong>cum</strong></span> <span class='ocrx_word' id='word_1_891' title='bbox 2613 5549 2939 5622; x_wconf 66' lang='lat' dir='ltr'><strong>tribusoliis.</strong></span> <span class='ocrx_word' id='word_1_892' title='bbox 2971 5552 3135 5622; x_wconf 77' lang='lat' dir='ltr'><strong>Atque</strong></span> <span class='ocrx_word' id='word_1_893' title='bbox 3163 5552 3239 5604; x_wconf 81' lang='lat' dir='ltr'><strong>illi</strong></span> <span class='ocrx_word' id='word_1_894' title='bbox 3269 5569 3384 5606; x_wconf 86' lang='lat' dir='ltr'><strong>cum</strong></span> <span class='ocrx_word' id='word_1_895' title='bbox 3413 5560 3680 5622; x_wconf 74' lang='lat' dir='ltr'><strong>pervenis-</strong></span> 
     </span>
    </p>
   </div>
   <div class='ocr_carea' id='block_1_120' title="bbox 2081 5620 3683 5691">
    <p class='ocr_par' dir='ltr' id='par_1_120' title="bbox 2081 5620 3683 5691">
     <span class='ocr_line' id='line_1_120' title="bbox 2081 5620 3683 5691; baseline 0.004 -17"><span class='ocrx_word' id='word_1_896' title='bbox 2081 5620 2193 5676; x_wconf 81' lang='lat' dir='ltr'><strong>sent</strong></span> <span class='ocrx_word' id='word_1_897' title='bbox 2217 5620 2546 5691; x_wconf 79' lang='lat' dir='ltr'><strong>Byzantium.</strong></span> <span class='ocrx_word' id='word_1_898' title='bbox 2573 5636 2680 5691; x_wconf 72' lang='lat' dir='ltr'><strong>rem</strong></span> <span class='ocrx_word' id='word_1_899' title='bbox 2708 5621 2853 5691; x_wconf 65' lang='lat' dir='ltr'><strong>cujus</strong></span> <span class='ocrx_word' id='word_1_900' title='bbox 2877 5620 3060 5690; x_wconf 65' lang='lat' dir='ltr'><strong>gratio</strong></span> <span class='ocrx_word' id='word_1_901' title='bbox 3078 5633 3340 5691; x_wconf 71' lang='lat' dir='ltr'><strong>venerant,</strong></span> <span class='ocrx_word' id='word_1_902' title='bbox 3372 5620 3440 5678; x_wconf 68' lang='lat' dir='ltr'><strong>ea:</strong></span> <span class='ocrx_word' id='word_1_903' title='bbox 3469 5638 3683 5680; x_wconf 74' lang='lat' dir='ltr'><strong>senten-</strong></span> 
     </span>
    </p>
   </div>
   <div class='ocr_carea' id='block_1_121' title="bbox 2081 5687 3679 5762">
    <p class='ocr_par' dir='ltr' id='par_1_121' title="bbox 2081 5687 3679 5762">
     <span class='ocr_line' id='line_1_121' title="bbox 2081 5687 3679 5762; baseline 0.004 -19"><span class='ocrx_word' id='word_1_904' title='bbox 2081 5693 2156 5746; x_wconf 84' lang='lat' dir='ltr'><strong>tia</strong></span> <span class='ocrx_word' id='word_1_905' title='bbox 2184 5687 2513 5762; x_wconf 64' lang='lat' dir='ltr'><strong>confecerunt</strong></span> <span class='ocrx_word' id='word_1_906' title='bbox 2535 5728 2553 5762; x_wconf 85' lang='lat'><strong>_,</strong></span> <span class='ocrx_word' id='word_1_907' title='bbox 2576 5687 2776 5762; x_wconf 76' lang='lat' dir='ltr'><strong>inquit</strong></span> <span class='ocrx_word' id='word_1_908' title='bbox 2805 5687 3119 5762; x_wconf 50' lang='lat' dir='ltr'><strong>Procopius.</strong></span> <span class='ocrx_word' id='word_1_909' title='bbox 3165 5690 3221 5746; x_wconf 86' lang='lat' dir='ltr'><strong>Si</strong></span> <span class='ocrx_word' id='word_1_910' title='bbox 3259 5692 3439 5760; x_wconf 80' lang='lat' dir='ltr'><strong>itaque</strong></span> <span class='ocrx_word' id='word_1_911' title='bbox 3470 5695 3679 5758; x_wconf 68' lang='lat' dir='ltr'><strong>legatio</strong></span> 
     </span>
    </p>
   </div>
   <div class='ocr_carea' id='block_1_122' title="bbox 2081 5758 3690 5833">
    <p class='ocr_par' dir='ltr' id='par_1_122' title="bbox 2081 5758 3690 5833">
     <span class='ocr_line' id='line_1_122' title="bbox 2081 5758 3690 5833; baseline 0.006 -19"><span class='ocrx_word' id='word_1_912' title='bbox 2081 5762 2166 5833; x_wconf 77' lang='lat' dir='ltr'><strong>illa</strong></span> <span class='ocrx_word' id='word_1_913' title='bbox 2198 5758 2340 5814; x_wconf 78' lang='lat' dir='ltr'><strong>anno</strong></span> <span class='ocrx_word' id='word_1_914' title='bbox 2499 5758 2667 5833; x_wconf 80' lang='lat' dir='ltr'><strong>obita,</strong></span> <span class='ocrx_word' id='word_1_915' title='bbox 2700 5758 2908 5833; x_wconf 71' lang='lat' dir='ltr'><strong>libellus</strong></span> <span class='ocrx_word' id='word_1_916' title='bbox 2936 5760 3022 5814; x_wconf 88' lang='lat' dir='ltr'><strong>ille</strong></span> <span class='ocrx_word' id='word_1_917' title='bbox 3054 5762 3158 5818; x_wconf 82' lang='lat' dir='ltr'><strong>hoc</strong></span> <span class='ocrx_word' id='word_1_918' title='bbox 3180 5779 3322 5818; x_wconf 86' lang='lat' dir='ltr'><strong>anno</strong></span> <span class='ocrx_word' id='word_1_919' title='bbox 3349 5758 3588 5833; x_wconf 62' lang='lat' dir='ltr'><strong>Scriptus</strong></span> <span class='ocrx_word' id='word_1_920' title='bbox 3621 5777 3690 5822; x_wconf 73' lang='lat' dir='ltr'><strong>et.</strong></span> 
     </span>
    </p>
   </div>
   <div class='ocr_carea' id='block_1_123' title="bbox 2079 5828 2895 5900">
    <p class='ocr_par' dir='ltr' id='par_1_123' title="bbox 2079 5828 2895 5900">
     <span class='ocr_line' id='line_1_123' title="bbox 2079 5828 2895 5900; baseline -0.005 -15"><span class='ocrx_word' id='word_1_921' title='bbox 2079 5831 2266 5900; x_wconf 71' lang='lat' dir='ltr'><strong>legatis</strong></span> <span class='ocrx_word' id='word_1_922' title='bbox 2299 5831 2542 5884; x_wconf 86' lang='lat' dir='ltr'><strong>traditus.</strong></span> <span class='ocrx_word' id='word_1_923' title='bbox 2578 5829 2716 5884; x_wconf 73' lang='lat' dir='ltr'><strong>Asr.</strong></span> <span class='ocrx_word' id='word_1_924' title='bbox 2752 5828 2895 5884; x_wconf 67' lang='lat' dir='ltr'><strong>l&#39;ua.</strong></span> 
     </span>
    </p>
   </div>
  </div>
