3986 6364
239 341 252 388 l
274 335 328 388 ετ
1441 328 1798 388 EPISTOLJ'L
1843 326 1924 380 li'l“
1968 324 2303 381 DECRETA.

3413 333 3512 389 “8

232 465 383 522 rmit,
423 469 512 525 per
557 469 679 522 qua:
729 454 922 509 eadem
969 453 1203 522 capitula
1250 452 1652 506 damnarentur.
1701 453 1816 516 Qun
1854 459 1894 509 Α
1927 447 2091 512 ipsius
2121 445 2280 500 falsas
2309 445 2574 501 conscribi
2621 444 2888 510 fecerunt,
2929 455 2983 501 et
3011 461 3128 501 cum
3161 445 3286 515 ξίν-ῖς
3317 447 3517 503 chartis

231 553 371 604 laeto
413 547 756 602 beatissimus
807 563 944 616 papa
989 562 1178 602 omnes
1208 547 1492 615 episcopos
1521 543 1819 609 admonuit,

229 644 413 700 dicens
443 661 456 697 ε
486 641 836 712 Quicunque
863 642 1052 697 edictis
1081 641 1198 696 istis
1226 655 1550 694 consensum
1582 639 1821 708 praebere

232 734 458 790 voluerit
476 774 490 796 ,
520 733 658 788 sciat
683 749 744 788 se
776 733 1090 803 apostolica:
1125 731 1271 786 sedis
1298 731 1678 786 communione
1705 745 1823 784 sus-

231 841 473 898 pensum.
521 824 628 880 Sed
681 834 739 880 et
779 832 1000 880 sanctus
1027 825 1220 880 Dacius
1266 822 1680 878 Mediolanensis
1709 822 1824 890 epi-

230 933 423 986 scopus
448 919 906 973 contestationem
945 918 1185 971 onmium
1213 917 1315 971 sub
1343 930 1530 983 magna
1563 913 1822 968 vocifera-

233 1012 376 1064 tione
404 1009 698 1078 deposuit,
741 1009 972 1065 dicens:
1003 1008 1144 1062 Ecce
1185 1022 1285 1077 ego
1323 1015 1376 1061 et
1416 1022 1538 1075 pars
1579 1007 1818 1059 omnium

231 1100 568 1158 sacerdotum
587 1140 604 1165 ,
643 1100 789 1154 inter
813 1116 950 1170 quos
980 1099 1220 1154 Ecclesia
1249 1113 1368 1151 mea
1399 1096 1686 1151 constituta
1715 1105 1816 1157 est,

232 1193 279 1247 id
307 1199 388 1247 est
419 1190 636 1252 Galliae,
665 1190 1007 1257 Burgundiab,
1039 1188 1273 1260 Spanizn,
1310 1186 1557 1253 Liguriae,
1587 1184 1818 1238 {Emiliai

230 1293 387 1353 atque
432 1282 674 1337 Venetia:
695 1322 710 1344 ,
757 1289 1036 1336 contestor
1061 1281 1188 1350 quia
1215 1280 1524 1350 quicunque
1565 1279 1614 1333 in
1645 1279 1818 1333 edicta

229 1373 322 1430 ista
349 1373 712 1431 consenserit.
744 1373 1228 1441 suprascriptarnm
1259 1371 1654 1440 provinciarum
1683 1385 1820 1440 pon-

229 1463 393 1518 tiliees
441 1463 938 1518 commnnicatores
989 1463 1190 1518 habere
1237 1477 1343 1515 non
1398 1461 1643 1530 poterit;
1693 1461 1818 1531 quia

227 1559 434 1607 constat
461 1551 610 1620 apud
643 1567 730 1607 me
760 1551 936 1608 edicta
966 1552 1065 1605 ista
1097 1559 1338 1605 sanctam
1370 1549 1632 1620 synodum
1661 1549 1820 1606 Chal—

227 1641 588 1697 cedonenscm
617 1651 674 1698 et
701 1641 862 1696 fidem
893 1641 1214 1697 catholicam
1244 1641 1580 1709 perturbare.
1612 1639 1687 1694 De
1714 1656 1819 1709 qua

228 1749 286 1788 re
325 1749 560 1788 accensa
591 1744 676 1789 est
700 1742 890 1789 contra
919 1733 1286 1788 beatissimum
1319 1747 1510 1802 papam
1541 1739 1597 1786 et
1625 1739 1812 1786 contra

1926 537 2258 607 Stephanum
2288 537 2574 605 quemdam
2603 537 2668 591 de
2719 538 2782 591 iis
2809 553 2946 606 quos
2989 537 3419 592 soliieitaverunt
3450 541 3518 591 ai'.

1923 628 2130 682 Italiam
2157 645 2278 683 cum
2307 629 2494 696 legatis
2519 627 2816 682 Gothorum
2848 630 3128 690 miserunt,
3165 640 3219 682 nt
3248 647 3341 698 pi-r
3373 630 3521 684 falsi-

1923 729 2064 774 tates
2092 729 2149 775 et
2177 719 2328 774 dolos
2357 721 2657 788 aliquorum
2687 722 2894 774 anintos
2925 730 3112 774 contra
3147 722 3515 776 ln-atissitntnn

1922 825 2134 880 papam,
2157 810 2301 878 quod
2315 809 2455 864 Deus
2479 809 2590 863 fieri
2613 827 2720 864 non
2745 810 3041 879 permittat,
3073 811 3120 862 in
3149 811 3251 864 illis
3275 813 3520 879 partibus

1923 905 2159 958 excitare
2192 902 2490 956 vidcantur.
2545 900 2700 956 Unde
2749 915 3003 970 rogamus
3048 911 3100 956 et
3149 912 3521 956 contestamur

1929 997 2154 1066 gloriam
2186 1007 2419 1051 vestram
2463 1010 2563 1066 per
2598 993 2833 1050 futurum
2884 995 2976 1049 Dei
3029 995 3192 1048 nostri
3235 994 3522 1062 judicium.

1927 1087 2072 1156 quod
2099 1087 2272 1142 omnis
2297 1086 2536 1142 conditio
2565 1085 2796 1139 humana
2827 1083 3098 1148 formidat,
3135 1092 3192 1138 ut
3213 1084 3279 1138 ad
3310 1086 3522 1156 provin-

1924 1180 2035 1234 cias
2067 1189 2272 1233 vestras
2309 1179 2424 1233 haec
2461 1177 2640 1231 omnia
2685 1177 2944 1231 velociter
2984 1177 3231 1231 indicetis
3255 1217 3273 1244 ,
3313 1193 3380 1231 ne
3427 1186 3522 1230 aut

1922 1271 2008 1325 isti
2033 1269 2330 1340 subripiunt
2358 1270 2449 1339 qui
2474 1270 2618 1324 missi
2640 1277 2784 1336 sunt,
2815 1277 2907 1322 aut
2937 1269 3251 1324 Anastasius
3275 1269 3524 1340 quidam,

1921 1377 2078 1432 quem
2107 1369 2326 1416 sanctus
2361 1361 2646 1429 episcopus
2684 1358 3002 1413 Aurelianus
3032 1358 3263 1413 Arelate:
3287 1361 3361 1414 sis
3389 1360 3522 1414 civi-

1923 1453 2048 1507 tatis
2075 1452 2143 1506 atl
2174 1451 2538 1507 beatissimum
2582 1467 2775 1520 papam
2824 1463 2946 1505 ante
2979 1453 3080 1508 boc
3133 1454 3404 1506 biennium
3432 1454 3508 1506 di-

1923 1552 2170 1608 rexerat,
2201 1542 2396 1596 ibidem
2431 1543 2482 1595 in
2514 1542 2700 1596 Galliis
2729 1543 2905 1610 aliqua
2937 1544 3226 1596 mentiatur
3258 1561 3270 1596 :
3307 1543 3432 1612 quia
3464 1553 3520 1598 et

1929 1633 2063 1702 ipse,
2095 1650 2216 1688 cum
2255 1633 2322 1688 de
2353 1632 2822 1702 Constantinopoli
2852 1634 3000 1688 exire
3027 1649 3132 1688 non
3167 1643 3366 1706 posset,
3398 1651 3526 1689 usus

1928 1735 2011 1780 est
2040 1727 2290 1794 consilio,
2321 1735 2380 1780 ut
2409 1727 2750 1795 promitteret
2784 1741 2844 1780 se
2873 1727 3112 1780 omnium
3143 1728 3522 1800 episcoliorum

227 1825 439 1880 Daciam
480 1825 802 1896 episcopum
855 1823 1122 1878 iracundia
1175 1823 1485 1892 principalis
1530 1840 1543 1876 :
1575 1830 1631 1877 et
1671 1829 1819 1876 tanta
1858 1825 1899 1884 Β
1927 1819 2328 1874 Gallicanorum
2361 1817 2427 1872 ad
2456 1817 2760 1873 damnanda
2790 1817 3021 1886 capitula
3053 1834 3151 1888 pro
3187 1819 3384 1887 quibus
3413 1819 3525 1873 bare

229 1923 410 1971 contra
441 1929 540 1968 eos
569 1930 734 1982 agere
782 1922 1062 1984 cmperunt
1087 1956 1102 1982 ,
1142 1927 1200 1968 ut
1225 1953 1239 1976 ,
1288 1915 1388 1967 nisi
1419 1913 1487 1968 ad
1517 1922 1825 1969 sanctorum

232 2005 474 2060 basilicas
495 2003 894 2072 confugissent,
918 2005 982 2057 ad
1008 2004 1278 2058 interitum
1303 2005 1423 2058 vita:
1447 2012 1823 2072 pervenerant.

232 2095 290 2150 Et
320 2105 498 2151 tamen
531 2095 884 2152 beatissimus
920 2110 1056 2164 papa
1097 2095 1351 2164 Vigilius,
1380 2109 1480 2150 nec
1510 2093 1563 2148 in
1599 2093 1819 2149 basilica

232 2187 376 2240 Beati
407 2185 556 2240 Petri
586 2184 750 2241 sedes
777 2193 922 2240 tutas
951 2184 1154 2239 habere
1186 2185 1416 2250 meruit;
1449 2185 1502 2238 in
1534 2193 1736 2238 tantum
1769 2191 1826 2238 ut

232 2279 332 2332 illic
358 2276 678 2346 praetoryad
701 2291 862 2345 quem
887 2275 1030 2332 fures
1058 2283 1112 2330 et
1142 2274 1424 2329 homicidae
1456 2274 1826 2328 tantummodo

233 2370 514 2438 pertinent,
549 2369 883 2422 mitteretur.
925 2367 1026 2434 Qui
1055 2382 1176 2423 cum
1207 2365 1548 2420 multitudine
1574 2366 1824 2436 militum,

235 2459 443 2525 apathas
475 2457 714 2512 nudatus
741 2463 797 2510 et
822 2471 980 2512 arcus
1009 2464 1192 2510 tensos
1232 2454 1592 2526 portantium,
1633 2470 1825 2525 supra-

235 2548 421 2602 dictam
451 2547 742 2602 basilicam
797 2546 1057 2601 introivit.
1114 2545 1232 2613 Quo
1261 2546 1410 2608 viso,
1441 2553 1659 2600 sanctus
1689 2560 1825 2616 papa

236 2639 508 2691 Columnas
536 2635 731 2690 altaris
760 2635 1039 2705 amplexus
1067 2646 1148 2688 est
1179 2653 1192 2688 :
1225 2633 1316 2688 sed
1350 2634 1439 2687 ille
1468 2632 1747 2688 ferocitate
1772 2642 1828 2688 et

238 2728 410 2781 animo
439 2727 752 2782 concitatus
779 2768 794 2792 ,
835 2726 1011 2794 primo
1039 2725 1106 2780 de
1146 2725 1304 2778 altari
1331 2725 1588 2779 diaconos
1619 2723 1736 2793 ejus
1772 2732 1826 2778 et

237 2817 453 2872 clericos
481 2833 510 2870 a
543 2815 764 2884 capillis
813 2824 988 2869 lentos
1037 2815 1234 2882 ejecit,
1276 2823 1460 2884 postea
1492 2829 1620 2868 vero
1653 2815 1823 2882 ipsum

235 2916 467 2962 Sanctum
495 2921 699 2976 papam
730 2906 818 2959 alii
847 2921 876 2959 a
903 2905 1141 2974 pedibus,
1173 2905 1259 2986 alii
1291 2919 1321 2958 a
1350 2903 1554 2974 capillis
1579 2912 1634 2958 et
1662 2904 1823 2958 barba

239 3007 433 3052 lentum
463 2996 766 3052 crudeliter
795 2996 1200 3050 abstraliebant.
1244 2995 1350 3050 Sed
1380 3009 1501 3049 cum
1527 2994 1616 3049 ille
1645 2994 1828 3048 altaris

238 3091 502 3144 columnas
533 3106 648 3144 non
680 3089 996 3154 dimitteret,
1029 3089 1226 3143 cecidit
1253 3088 1445 3153 altare,
1477 3095 1533 3142 et
1563 3087 1826 3142 columna:

1929 1908 2181 1964 scandala
2211 1918 2330 1964 orta
2359 1918 2504 1973 sunt,
2536 1908 2746 1962 animos
2777 1908 3056 1962 inclinare.
3089 1907 3188 1963 Cui
3220 1917 3275 1963 et
3305 1910 3520 1980 praemia

1938 1999 2167 2068 plurima
2198 1999 2388 2054 dantes
2415 1998 2656 2054 districto
2694 1998 2764 2052 ibi
2807 1997 2875 2054 de
2915 2000 3017 2053 hoc
3045 1997 3318 2068 implendo
3348 2014 3524 2054 sacra-

1936 2095 2118 2142 menta
2149 2095 2405 2158 praestare
2436 2087 2717 2148 fecerunt;
2771 2095 2826 2141 et
2877 2104 2984 2141 non
3033 2087 3392 2156 permiserunt
3430 2103 3526 2160 per

1931 2178 2178 2234 eumdem
2203 2178 2544 2232 Anastasintn
2568 2178 2933 2232 beatissimum
2959 2194 3145 2248 papam
3177 2177 3300 2246 quid
3333 2179 3380 2230 in
3415 2179 3524 2247 ipsa

1929 2287 2092 2328 causa
2140 2278 2392 2340 ageretur
2448 2272 2700 2325 fratribus
2762 2273 2874 2327 suis
2927 2273 3195 2341 episcopis
3240 2270 3526 2326 Gallicanis

1929 2363 2166 2417 scribere
2191 2403 2209 2430 ,
2253 2361 2355 2416 nisi
2386 2369 2594 2440 tantum
2642 2361 2709 2416 de
2738 2362 2856 2417 aliis
2883 2363 3058 2417 causis
3083 2404 3099 2429 ,
3129 2373 3177 2423 et
3211 2364 3335 2432 quia
3367 2363 3523 2418 fidem

1927 2453 2280 2518 catholicam,
2311 2460 2366 2507 et
2395 2463 2624 2523 quatuor
2652 2452 2980 2524 synodorum
3013 2454 3371 2508 reverentiam
3391 2494 3405 2518 ,
3439 2470 3526 2508 se-

1929 2545 2159 2601 cundum
2185 2545 2529 2600 traditionem
2549 2543 2764 2599 Patrum
2785 2545 3018 2600 custodit
3037 2555 3198 2614 atque
3217 2556 3522 2601 conservat.

1930 2633 2057 2690 llicc
2086 2649 2214 2704 ergo
2246 2635 2526 2705 prudentia
2558 2645 2756 2701 vestra,
2790 2643 2850 2689 ut
2877 2645 2932 2690 et
2960 2636 3010 2688 in
3057 2637 3161 2690 isto
3191 2639 3386 2692 sreculo
3418 2655 3528 2691 ma-

1930 2741 2088 2794 gnam
2117 2727 2538 2783 vicissitudinem
2565 2767 2581 2793 ,
2623 2735 2678 2781 et
2707 2727 2758 2782 in
2802 2726 2979 2784 futuro
3012 2729 3173 2782 vitam
3205 2739 3461 2784 mternam
3493 2746 3522 2783 a

1931 2815 2043 2870 Deo
2073 2817 2444 2886 omnipotente
2475 2817 2727 2888 recipiat,
2758 2819 2856 2872 sub
2885 2817 3032 2872 omni
3063 2819 3273 2873 cautela
3303 2827 3357 2873 et
3383 2819 3521 2874 cele-

1929 2910 2088 2961 ritate
2115 2907 2180 2961 ad
2212 2909 2542 2979 provinciam
2581 2909 2829 2978 dignetur
2861 2910 3136 2976 scribere;
3185 2910 3522 2966 admonendo

1936 3007 1993 3049 ut
2020 2997 2255 3067 episcopi
2289 2998 2500 3052 illarum
2541 2999 2768 3069 partium
2801 2998 3108 3054 beatissimo
3140 3016 3288 3070 papae
3318 3010 3373 3056 et
3407 3017 3526 3055 san-

1935 3096 2022 3140 eto
2051 3086 2216 3142 Daeio
2246 3089 2500 3158 episeopo
2531 3083 2786 3159 epistolas
2815 3089 3076 3158 dirigant,
3111 3102 3422 3146 constantes
3457 3109 3524 3148 ne

239 3180 418 3248 aliqua:
455 3180 649 3236 fractae
687 3191 844 3248 sunt,
876 3189 931 3234 et
960 3189 1221 3250 quantum
1261 3181 1326 3234 ad
1357 3180 1533 3250 ipsos,
1565 3179 1638 3234 ibi
1665 3197 1826 3251 super
1851 3195 1896 3256 ο
1933 3180 2202 3235 novitates
2245 3180 2453 3249 aliquas
2503 3180 2746 3249 recipere
2791 3181 3064 3250 patiantur
3089 3219 3104 3240 ,
3146 3191 3202 3236 et
3231 3189 3288 3235 ut
3317 3183 3526 3237 animos

240 3271 402 3337 ipsum
431 3272 617 3326 altare
645 3271 698 3326 in
730 3272 975 3342 partibus
1002 3271 1140 3326 mitti
1174 3271 1376 3326 babuit.
1409 3270 1514 3325 Sed
1545 3270 1708 3338 Deus,
1738 3271 1828 3340 qui

240 3360 287 3414 in
317 3363 506 3418 talibus
535 3363 806 3430 angustiis
835 3379 1049 3432 semper
1077 3367 1266 3418 adesse
1294 3363 1562 3431 dignatur,
1593 3371 1700 3416 tam
1731 3362 1830 3417 ali-

241 3469 458 3522 quorum
489 3471 556 3508 ex
599 3455 732 3524 ipsis
770 3454 1062 3517 militibus,
1095 3470 1255 3522 quam
1287 3453 1491 3524 populi,
1523 3454 1613 3522 qui
1645 3453 1710 3508 ad
1742 3462 1828 3508 tu-

241 3544 451 3598 multum
487 3553 738 3611 venerat,
775 3546 984 3599 animos
1015 3545 1078 3599 ad
1111 3545 1532 3601 misericordiam
1568 3562 1831 3616 provoca-

243 3637 340 3701 vit,
369 3646 422 3692 et
449 3647 746 3708 coeperunt
784 3654 946 3694 voces
981 3650 1146 3708 atque
1187 3639 1446 3695 stridores
1483 3642 1698 3695 mittere
1732 3659 1742 3694 2
1777 3650 1832 3695 et

238 3729 311 3786 sic
347 3732 570 3802 contigit
617 3741 677 3786 ut
699 3731 868 3801 judex
916 3732 1213 3802 iniquitatis
1261 3733 1598 3802 supradictus
1637 3743 1833 3804 ρηῐιιωι·

241 3835 352 3876 cum
375 3823 636 3878 ministris
656 3822 992 3879 crudelitatis
1019 3840 1127 3878 sua:
1152 3823 1368 3878 territus
1389 3823 1637 3892 fugiendo
1661 3824 1833 3880 disce-

244 3912 406 3967 deret.
447 3911 649 3970 Postea
685 3921 861 3966 tamen
888 3922 1227 3968 sacramenta
1258 3915 1465 3984 accepit
1493 3914 1832 3970 beatissimus

244 4017 370 4070 papa
395 4042 411 4067 ,
453 4013 503 4058 et
537 4011 766 4058 sanctus
809 4003 1002 4059 Dacius
1031 4005 1314 4075 episcopus
1339 4045 1353 4069 ,
1399 4005 1482 4059 vel
1511 4021 1699 4060 omnes
1742 4007 1830 4076 qui

243 4106 356 4146 cum
386 4092 514 4162 ipsis
543 4094 611 4148 ad
642 4094 763 4148 loca
792 4103 978 4148 sancta
1007 4094 1382 4166 confugerant,
1411 4095 1536 4165 quia
1565 4095 1644 4152 eis
1674 4111 1833 4151 nemo

246 4181 374 4236 ultra
407 4183 724 4238 violentiam
756 4182 992 4248 faceret,
1034 4200 1134 4240 nec
1165 4185 1342 4242 invitis
1370 4185 1438 4240 de
1467 4185 1834 4240 ecclesiastica

245 4287 395 4326 causa
419 4274 620 4342 aliquid
646 4282 1023 4342 extorqueret;
1049 4282 1103 4328 et
1123 4276 1202 4330 sic
1225 4275 1438 4328 interim
1462 4282 1586 4329 sunt
1611 4277 1830 4346 egressi.

245 4365 344 4421 Sed
373 4377 426 4422 et
454 4367 619 4423 hodie
645 4407 660 4432 ,
705 4375 814 4420 tam
848 4367 976 4436 ipsis
1005 4383 1162 4438 quam
1193 4367 1420 4422 diversis
1449 4367 1540 4436 qui
1587 4368 1640 4422 in
1671 4369 1832 4424 obse-

245 4456 363 4523 quio
391 4473 582 4513 eorum
623 4466 786 4523 sunt,
835 4459 1008 4513 varias
1052 4458 1446 4529 inquietudines
1474 4469 1528 4514 et
1558 4459 1834 4514 molestias

1894 3280 2118 3326 'eorum
2163 3273 2400 3326 fraterna
2447 3273 2821 3329 consolatione
2866 3273 3208 3329 conﬁrment.
3250 3275 3354 3330 Sed
3387 3285 3439 3331 et
3471 3280 3522 3332 in

1931 3365 2150 3420 civitate
2186 3365 2334 3434 regia
2354 3406 2369 3430 ,
2400 3365 2544 3434 quod
2573 3353 2800 3436 potestis
2830 3366 2884 3421 in
2916 3367 3028 3437 ipsa
3061 3383 3256 3434 causa,
3289 3369 3524 3425 maxime

1931 3465 2119 3513 sancto
2147 3456 2400 3528 episcopo
2439 3458 2597 3514 Dacio
2626 3459 2816 3514 adesse
2859 3476 2980 3516 cum
3020 3460 3112 3514 Dei
3145 3461 3344 3514 auxilio
3372 3460 3523 3515 festi-

1933 3558 2056 3604 nate
2089 3567 2102 3602 :
2135 3552 2468 3619 postulantes
2506 3563 2561 3605 ut
2604 3567 2726 3607 eum
2771 3560 2904 3622 post
2943 3549 3007 3607 15
3035 3561 3129 3607 aut
3161 3553 3227 3606 l6
3256 3568 3428 3608 annos
3457 3553 3523 3606 ad

1933 3655 2082 3693 suam
2135 3638 2430 3695 Ecclesium
2478 3642 2659 3697 redire
2709 3643 3018 3698 concedat:
3055 3643 3178 3712 quia
3227 3660 3349 3700 cum
3388 3659 3526 3713 pene

1937 3745 2127 3786 omnes
2157 3732 2396 3802 episcopi
2419 3749 2556 3804 quos
2578 3734 2830 3789 ordinare
2849 3735 3005 3800 solet,
3030 3735 3168 3790 sicut
3189 3735 3328 3790 bene
3357 3737 3524 3801 scitis,

1934 3823 2131 3877 tnortui
2160 3824 2286 3889 sint,
2310 3825 2568 3879 immensa
2597 3826 2780 3896 populi
2809 3827 3095 3883 multitudo
3117 3827 3233 3882 sine
3255 3827 3524 3896 baptismo

1937 3916 2182 3969 moritur.
2215 3915 2388 3971 Petite
2417 3917 2602 3980 etiam,
2637 3924 2693 3970 ut
2725 3918 2970 3972 eumdem
3015 3926 3258 3973 sanctum
3304 3918 3523 3973 Daeium

1935 4007 2086 4061 vobis
2115 4006 2297 4061 videre
2326 4007 2483 4061 liceat
2505 4048 2520 4073 ,
2551 4015 2606 4060 et
2631 4008 2698 4062 ab
2727 4023 2786 4062 se
2826 4023 3067 4078 qumrere
3094 4023 3213 4077 quae
3241 4025 3402 4062 causa
3431 4011 3524 4076 sit,

1935 4115 1966 4167 q
1995 4098 2078 4154 :od
2112 4108 2218 4153 tam
2245 4098 2404 4166 longo
2437 4107 2680 4169 tempore
2710 4100 2774 4154 ad
2804 4099 3099 4155 Ecclesiam
3129 4116 3278 4154 suam
3306 4101 3526 4154 minime

1939 4190 2010 4244 sit
2045 4204 2312 4244 reversus.
2357 4189 2583 4244 Solliciti
2623 4199 2802 4246 tamen
2834 4206 2953 4246 esse
2982 4191 3293 4258 dignemini,
3327 4191 3449 4260 quia
3481 4192 3523 4244 si

1935 4280 2024 4348 qui
2056 4280 2290 4349 capitula
2319 4279 2563 4334 damnari
2591 4281 2808 4342 volunt,
2844 4281 3048 4348 ﬁngunt
3075 4297 3133 4335 se
3161 4289 3215 4335 et
3247 4281 3400 4334 tidem
3432 4297 3526 4334 ca-

1935 4372 2192 4428 tholicam
2249 4373 2559 4438 vindicare,
2613 4383 2670 4429 et
2715 4373 3210 4428 Chalcedonenscm
3259 4373 3525 4444 synodum

1937 4463 2182 4518 venerari
2211 4479 2334 4518 cum
2370 4464 2528 4519 nobis
2562 4464 2841 4528 omnibus,
2874 4473 2930 4518 ut
2960 4465 3050 4533 qui
3083 4465 3330 4532 ignorant
3361 4465 3525 4518 intena

245 4558 523 4614 generant,
558 4550 796 4620 prmmiis
835 4549 1062 4605 clericos
1099 4557 1154 4604 et
1189 4566 1374 4606 servos
1403 4565 1590 4606 eorum
1633 4551 1832 4606 immit-
1859 4575 1914 4634 Β
1939 4554 2136 4608 tionem
2166 4569 2353 4609 eorum
2384 4555 2666 4610 videantur
2703 4555 2904 4624 aliquid
2945 4556 3202 4625 injustum
3244 4564 3520 4626 expetere.

247 4646 441 4704 tentes,
474 4648 534 4693 ut
567 4640 620 4694 in
665 4638 800 4694 facie
838 4639 1075 4709 ipsorum
1106 4648 1312 4696 stantes
1353 4639 1574 4710 injurias
1615 4642 1694 4696 eis
1733 4658 1833 4712 pu-

247 4729 376 4785 blice
404 4729 632 4794 faciant,
663 4738 719 4786 et
747 4731 815 4786 de
843 4731 1209 4787 mansionibus
1236 4731 1448 4802 aliquos
1483 4732 1536 4786 in
1567 4731 1828 4801 obsequio

247 4831 424 4873 eorum
453 4821 667 4890 positos
689 4819 914 4890 iactant.
959 4819 1066 4877 Sed
1093 4822 1166 4876 illi
1195 4823 1372 4878 omnia
1403 4837 1526 4878 cum
1560 4822 1651 4877 Dei
1683 4823 1836 4877 auxi-

251 4907 317 4961 lio
339 4911 611 4978 patienter
641 4911 936 4981 accipiunt,
987 4912 1280 4986 dummodo
1311 4913 1471 4968 nullis
1513 4913 1836 4986 praejudiciis

247 5006 439 5054 sancta:
464 4997 752 5065 Ecclesia),
796 5001 954 5057 nullis
977 5003 1306 5058 novitatibus
1339 5005 1580 5074 przebere
1616 5005 1835 5059 videan-

250 5095 333 5140 tur
359 5103 662 5145 assensum.
709 5091 850 5146 Missi
889 5101 1015 5147 sunt
1042 5093 1206 5148 etiam
1239 5095 1402 5164 aliqui
1447 5095 1500 5150 in
1531 5097 1834 5166 provincias

250 5175 450 5248 italiae,
491 5191 551 5236 ut
597 5183 645 5237 si
694 5193 915 5252 possent
959 5187 1272 5242 mentiendo
1311 5187 1490 5257 aliqua
1520 5188 1587 5243 de
1618 5190 1836 5246 nomine

254 5269 502 5338 ipsorum,
535 5274 645 5330 hoc
699 5285 782 5329 est
809 5277 1104 5332 beatissimi
1135 5293 1286 5348 papa:
1315 5289 1370 5334 ct
1399 5281 1569 5335 sancti
1599 5281 1837 5350 episcopi

255 5357 412 5427 llacii,
445 5364 570 5419 odia
599 5365 680 5418 eis
706 5365 762 5420 in
808 5366 912 5421 illis
957 5369 1197 5436 partibus
1227 5367 1456 5435 faciant,
1492 5378 1547 5424 et
1575 5371 1628 5424 in
1660 5371 1836 5426 locum

254 5464 432 5506 eorum
461 5455 599 5510 alios
627 5457 938 5528 episcopos,
971 5446 1061 5531 qui
1105 5462 1432 5516 novitatibus
1472 5464 1831 5532 consentiant,

253 5541 506 5598 suadeant
533 5545 778 5602 ordinari
807 5566 820 5602 :
853 5548 906 5604 in
933 5559 1145 5606 tantum
1175 5559 1234 5606 ut
1259 5561 1314 5607 et
1355 5567 1520 5606 unum
1565 5555 1831 5608 notarium

251 5647 313 5685 ex
347 5638 514 5692 servis
555 5639 855 5696 beatissimi
893 5657 1048 5714 papa:
1078 5645 1421 5714 progenitum
1451 5645 1608 5698 simul
1637 5645 1837 5700 sollici-

257 5731 498 5794 taverint,
526 5732 620 5800 qui
661 5748 878 5788 manum
907 5737 1078 5790 sancti
1107 5751 1262 5807 papa),
1291 5735 1485 5791 imitari
1516 5737 1728 5800 dicitur.
1760 5749 1835 5806 et,

259 5829 510 5884 quantum
562 5823 927 5892 comperimus
952 5864 967 5892 ,
1009 5827 1224 5884 chartas
1270 5826 1476 5897 aliquas
1517 5825 1584 5880 de
1621 5829 1839 5884 nomine

1939 4646 2048 4702 Vos
2075 4645 2368 4703 Christiani
2413 4655 2466 4702 et
2496 4649 2704 4703 nobiles
2731 4648 2868 4717 viri,
2899 4648 3042 4703 cauti
3071 4656 3265 4715 estote,
3299 4656 3356 4701 ut
3385 4647 3528 4716 quod

1937 4737 2220 4808 potestatis
2256 4737 2626 4793 sacerdotibus
2655 4737 2972 4794 Cliristiante
3002 4738 3192 4810 plebis,
3224 4737 3315 4806 qui
3348 4752 3528 4806 persec

1938 4827 2168 4884 cutionis
2196 4831 2439 4898 pondere
2463 4829 2694 4897 gemitus
2721 4829 2788 4883 de
2819 4829 2948 4900 ipsis
2977 4829 3224 4883 medullis
3253 4829 3525 4891 emittunt,

1937 4919 2152 4988 aliquod
2171 4919 2468 4974 remedium
2488 4919 2574 4972 vel
2595 4919 2846 4974 solatium
2868 4919 3157 4975 videamini
3180 4919 3490 4990 praestitisse
3511 4935 3526 4983 ;

1937 5021 2202 5085 quatenus
2223 5013 2364 5068 Deus
2385 5013 2437 5067 in
2458 5013 2544 5067 die
2565 5013 2932 5068 retributionis
2954 5027 3199 5081 magnam
3223 5010 3527 5067 mercedem

1938 5115 1993 5160 et
2033 5105 2285 5175 prmclara
2316 5119 2541 5160 munera
2571 5121 2672 5176 pro
2701 5107 2803 5162 bac
2832 5105 3276 5174 compensatione
3307 5103 3524 5157 tribuat.

1941 5196 2066 5251 Huic
2111 5197 2252 5250 enim
2295 5197 2477 5252 omnia
2517 5200 2762 5268 quaedam
2811 5196 3133 5252 fidelissimae
3175 5208 3417 5264 persona:
3461 5192 3531 5250 de

1940 5287 2410 5357 Constantinopoli
2432 5290 2711 5345 venientes
2734 5289 2806 5344 ita
2833 5297 2952 5344 acta
2975 5301 3097 5342 esse
3117 5286 3388 5342 veraciter
3404 5301 3532 5340 con-

1943 5377 2310 5432 ﬁrmaverunt.
2360 5377 2467 5434 Sed
2504 5386 2561 5434 et
2601 5379 2769 5433 multa
2797 5378 3091 5434 crudeliter
3115 5377 3258 5432 circa
3287 5375 3528 5432 diversos

1939 5465 2194 5521 diaconos
2221 5474 2276 5521 ct
2302 5467 2527 5522 clericos
2557 5466 2734 5532 Afros,
2762 5467 2853 5538 qui
2883 5466 2961 5523 eis
2983 5467 3292 5524 consentire
3317 5467 3527 5532 nolunt,

1941 5565 2060 5612 arta
2089 5573 2210 5614 esse
2241 5559 2324 5615 vel
2353 5559 2436 5630 agi
2455 5602 2470 5628 ,
2503 5559 2954 5632 interdictumque
2992 5575 3112 5616 esse
3149 5560 3398 5617 omnibus
3428 5559 3530 5615 Ro-

1943 5649 2114 5704 manis
2149 5665 2218 5704 ne
2247 5651 2312 5704 ad
2341 5651 2708 5706 beatissimum
2736 5667 2929 5723 papam
2989 5651 3266 5708 accedant.
3311 5652 3386 5708 De
3415 5655 3531 5725 qui-

1943 5737 2043 5791 bus
2071 5739 2320 5794 omnibus
2351 5739 2466 5795 haec
2493 5755 2660 5810 pauca
2692 5741 2790 5796 sub
2817 5739 3089 5794 anxietate
3121 5739 3306 5810 glorizc
3337 5751 3532 5797 vestrae

1944 5829 2314 5888 festinavimus
2359 5831 2635 5898 indicare,
2691 5840 2747 5888 ut
2794 5849 2890 5904 pro
2940 5831 3177 5916 remedio
3228 5833 3527 5890 animarum
