3986 6364
492 351 596 411 H9

1874 344 2100 402 VlGiLll
2134 342 2336 399 PAPE

3654 352 3772 411 ΒΟ

489 477 789 525 vestrarum
817 482 946 525 cura
974 465 1125 523 vobis
1153 465 1224 522 sit
1257 479 1417 536 supra
1447 477 1637 520 omnes
1667 472 1819 520 actus
1858 462 1925 519 de
1969 462 2070 517 ista
2100 465 2151 526 Α
2179 459 2343 530 igitur
2368 459 2598 530 proferri
2626 468 2682 517 et
2710 461 2823 532 ipsa
2852 477 3005 518 sacra
3048 463 3325 537 diptycba,
3354 472 3412 520 ut
3439 480 3629 523 omnes
3658 481 3768 525 eo-

486 574 677 626 causa,
706 573 827 627 qua:
866 556 1175 626 specialiter
1204 556 1299 611 Dei
1327 566 1410 611 est
1434 596 1450 622 ,
1493 556 1734 624 cogitare
1757 596 1774 623 ,
1816 562 1876 609 ut
1904 553 1957 608 in
1986 553 2074 608 die

482 649 689 721 iudicii,
722 649 863 703 sicut
888 648 1087 704 dictum
1117 655 1233 716 est,
1261 662 1372 703 non
1400 645 1658 703 oﬁ‘ensam
1701 645 1769 701 de
1796 645 2074 715 negligen-

485 743 577 810 tia,
608 740 703 798 sed
732 739 1036 797 mercedem
1061 739 1129 795 de
1152 739 1295 795 bono
1318 747 1441 794 actu
1463 738 1706 795 invenire
1729 738 1963 809 possitis.

551 969 932 1029 EXEMPLUM
963 970 1213 1027 ΞΑΟΒᾸΞ
1240 969 1597 1027 EPISTOLA'J
1627 968 2000 1026 JUSTINIANI

479 1101 716 1145 WB
773 1103 840 1143 AD
889 1101 1237 1143 εεΑτιεειιιυκ
1288 1100 1525 1141 JOANNEI
1583 1100 2068 1142 IETROPOLITANUI

1116 1190 1425 1231 EPISCOPUI.

551 1284 925 1357 Signiﬁcamus
969 1294 1073 1342 tuae
1113 1286 1389 1342 sanctitati
1433 1288 1690 1356 colligere
1729 1303 1917 1342 omnes
1946 1288 2071 1342 reli-

480 1378 814 1454 giosissimos
854 1379 1163 1450 episcopos,
1208 1380 1301 1448 qui
1330 1379 1398 1435 de
1428 1386 1519 1434 tua
1564 1378 1771 1451 synodo
1807 1387 1970 1444 sunt,
2014 1390 2071 1436 et

479 1469 761 1536 pervenire
800 1468 854 1524 in
901 1468 1335 1540 Mopsuestenam
1380 1470 1655 1525 civitatem
1683 1478 1739 1526 et
1765 1471 2072 1540 requisitio-

480 1574 604 1615 nem
645 1559 899 1615 subtilem
954 1559 1132 1616 facere
1188 1560 1636 1617 convenientibus
1684 1562 1947 1617 universis
1995 1562 2069 1618 ibi

482 1649 792 1707 constitutis
819 1650 1125 1706 senioribus
1167 1650 1496 1717 hominibus,
1538 1651 1654 1707 sive
1692 1651 1923 1718 clericis,
1956 1652 2071 1707 sive

483 1742 658 1811 laicis,
701 1750 758 1798 et
784 1742 989 1798 discere
1015 1743 1083 1799 ab
1112 1744 1262 1815 ipsis,
1292 1745 1338 1800 si
1384 1753 1728 1814 cognoscunt
1746 1753 1959 1816 tempus
2002 1762 2067 1802 ex

478 1847 587 1901 quo
614 1832 852 1889 ablatum
885 1842 968 1890 est
1009 1850 1205 1891 nomen
1255 1836 1525 1893 Theodori
1565 1853 1596 1893 a
1633 1839 1801 1895 sacris
1830 1848 1857 1879 ιι
1888 1840 2067 1913 dipty-
2101 1860 2145 1919 Β

478 1925 614 1982 chis.
647 1924 705 1982 Si
733 1942 863 1983 vero
893 1926 922 1967 δ
966 1944 1075 1984 non
1122 1931 1467 1987 meminerint
1494 1946 1562 1987 ex
1590 1946 1699 2002 quo
1727 1931 1835 1988 hoc
1864 1931 2062 1988 factum

476 2023 582 2083 est,
629 2016 992 2073 conﬁteantur
1018 2018 1124 2076 hoc
1170 2020 1366 2092 ipsum,
1398 2022 1543 2093 quod
1583 2039 1692 2079 non
1735 2031 2067 2094 cognoscunt

477 2105 738 2162 insertum
767 2116 858 2163 aut
884 2108 1228 2178 praedicatum
1259 2110 1312 2166 in
1340 2112 1540 2167 sanctis
1568 2111 1836 2185 diptychis
1864 2128 2063 2168 nomen

479 2194 774 2266 Theodori,
823 2206 879 2253 et
906 2199 1249 2269 proferanlur
1276 2202 1429 2257 vobis
1454 2210 1509 2257 et
1543 2203 1657 2273 ipsa
1695 2203 1972 2276 diptycha,
2005 2212 2067 2261 ut

477 2287 821 2357 cognoscatis
845 2288 965 2359 quis
992 2306 1093 2360 pro
1118 2292 1211 2346 illo
1253 2292 1487 2349 insertus
1526 2301 1610 2349 est
1641 2312 1653 2347 :
1686 2304 1742 2350 et
1766 2295 1901 2351 tales
1928 2311 2063 2352 con-

475 2376 738 2435 fessiones
757 2380 923 2450 gestis
950 2382 1296 2453 recipientes,
1328 2392 1385 2439 et
1411 2386 1607 2442 vestris
1636 2388 2067 2458 suggestionibus

474 2467 883 2539 coniungentes,
916 2472 1221 2529 subscribat
1248 2482 1304 2531 et
1331 2483 1422 2531 tua
1462 2479 1722 2533 sanctitas
1750 2478 1806 2533 in
1853 2479 1985 2550 ipsis
2012 2488 2067 2537 et

475 2561 659 2617 caeteri
670 2560 1060 2632 religiosissimi
1077 2565 1319 2637 episcopi
1335 2584 1347 2620 :
1364 2574 1419 2622 et
1432 2567 1510 2623 sic
1530 2569 1743 2637 dirigite
1758 2586 1920 2627 unam
1943 2572 2066 2644 qni-

475 2650 600 2709 dem
622 2652 691 2708 ad
706 2668 826 2718 nos,
850 2653 1075 2710 alteram
1100 2670 1233 2711 vero
1254 2656 1321 2713 ad
1342 2657 1739 2714 sanctissimum
1762 2675 1979 2732 papam.
1999 2661 2067 2717 Et

478 2743 585 2802 hoc
612 2751 795 2801 tamen
810 2743 1154 2802 manifestum
1176 2746 1288 2815 ﬁat,
1313 2756 1369 2803 et
1383 2750 1751 2820 unusquisque
1764 2766 1952 2807 eorum
1974 2753 2066 2822 qui

476 2834 825 2902 conﬁtentur,
846 2836 1029 2892 dicant
1050 2850 1106 2894 et
1129 2838 1476 2895 manifestent
1495 2848 1630 2911 quot
1655 2848 1741 2897 est
1759 2857 2022 2898 annorum
2048 2862 2061 2897 :

478 2936 535 2983 et
564 2941 662 2983 vos
686 2941 819 2984 vero
847 2928 901 2983 in
940 2930 1174 3001 propriis
1216 2929 1645 2988 confessionibus
1671 2933 1970 3003 signiﬁcate
1997 2935 2066 2992 de

479 3019 738 3090 praedicto
760 3019 1020 3092 capitulo,
1058 3029 1114 3078 et
1152 3037 1314 3093 quem
1346 3038 1446 3094 pro
1475 3022 1765 3081 Theodoro
1804 3026 2065 3081 insertum

479 3110 782 3167 invenistis.
820 3111 1144 3183 Scripsimus
1170 3122 1350 3169 autem
1381 3122 1437 3170 et
1476 3113 1779 3172 Marthanio
1807 3118 1925 3175 viro
1950 3134 2065 3174 ma-

2173 561 2440 622 gnoscant
2478 554 2865 623 religiosissimi
2895 555 3155 627 episcopi,
3185 573 3295 628 quo
3322 559 3514 615 ordine
3538 561 3768 617 nomina

2173 646 2551 716 episcoporum
2594 647 2649 702 in
2676 647 2942 719 diptychis
2971 650 3269 704 recitantur
3299 668 3314 703 :
3358 658 3416 706 et
3450 651 3555 708 hoc
3585 653 3771 723 ipsum

2174 737 2514 795 manifestum
2554 756 2650 795 vos
2679 742 2855 796 facere
2897 758 2996 812 per
3034 742 3443 812 suggestionem
3469 753 3708 799 vestram
3751 762 3768 798 :

2173 837 2231 885 et
2256 829 2628 887 confessiones
2674 832 2841 901 gestis
2881 832 3365 890 intervenientibus
3401 835 3766 903 recipientes,

2172 929 2228 975 et
2256 922 2449 977 vestris
2478 922 2868 991 coniungentes
2912 924 3345 992 suggestionibus
3369 963 3386 990 ,
3437 925 3770 982 subscribite

2172 1027 2361 1068 omnes
2388 1013 2599 1069 collecti
2628 1014 2890 1084 episcopi,
2923 1023 2978 1069 et
2998 1015 3077 1069 sic
3104 1014 3321 1084 dirigite
3341 1024 3507 1070 unam
3538 1014 3769 1088 quidem

2172 1102 2239 1156 ad
2268 1118 2387 1166 nos,
2410 1103 2635 1159 alteram
2658 1118 2785 1159 vero
2817 1102 2885 1158 ad
2901 1104 3297 1160 sanctissimum
3321 1120 3540 1175 papam.
3565 1104 3631 1159 Et
3659 1104 3773 1157 lme

2171 1207 2301 1249 vero
2318 1191 2409 1248 ﬁat
2428 1194 2769 1249 manifestum
2791 1194 2843 1249 in
2860 1194 3289 1251 confessionibus
3300 1210 3509 1260 eorum,
3526 1206 3583 1246 nt
3605 1210 3768 1247 tum..-

2171 1283 2402 1353 quisque
2421 1284 2566 1340 dicat
2587 1294 2643 1340 et
2655 1283 2961 1341 manifestet
2982 1292 3116 1356 quot
3135 1294 3218 1340 est
3237 1301 3523 1340 annorum.
3552 1285 3707 1353 Legi.

2243 1372 2437 1430 Datum
2464 1374 2749 1433 undecimo
2777 1374 3029 1431 calendas
3054 1374 3243 1431 Junias
3268 1374 3766 1446 Constantinopoli,

2172 1466 2384 1537 imperii
2426 1466 2634 1523 domini
2670 1468 2843 1524 nostri
2889 1465 3177 1523 Iustiniani
3224 1476 3489 1539 perpetuo
3535 1468 3770 1537 Augusti

2173 1573 2317 1614 anno
2345 1558 2606 1628 vigesimo
2633 1567 2830 1629 quarto
2853 1599 2870 1628 ,
2914 1568 3041 1631 post
3078 1559 3420 1616 consulatum
3450 1558 3631 1614 Basilii
3663 1559 3773 1613 viri

2172 1654 2456 1711 clarissimi
2494 1670 2638 1711 anno
2662 1671 2829 1713 nono.

2382 1763 2765 1822 SUGGESTIO
2800 1766 3047 1823 SYNODI
3091 1763 3548 1824 (ECUMENICE

2511 1856 3353 1915 CONSTANTINOPOLITANE
3380 1858 3426 1913 II

2789 1968 2857 2006 AD
2887 1966 3148 2006 νιϐιιιωι.

2237 2040 2475 2095 Decebat
2498 2055 2623 2097 vere
2654 2056 2776 2097 cum
2797 2042 3027 2112 primam
3044 2051 3068 2079 ⁸
3092 2038 3299 2115 [Forte,
3327 2038 3489 2111 inter]
3510 2038 3776 2097 sacerdo-

2166 2139 2249 2186 tes
2284 2129 2303 2168 ί
2333 2130 2651 2201 dignitatem
2679 2132 2859 2187 sortiti
2887 2132 3017 2187 estis
3039 2132 3427 2198 sanctissimiS,
3455 2145 3520 2187 ea
3550 2146 3674 2201 qua:
3702 2129 3775 2185 ad

2165 2230 2472 2279 sanctarum
2500 2221 2858 2278 Ecclesiarum
2897 2232 3095 2279 statum
3134 2223 3449 2295 respiciunt,
3479 2221 3775 2277 manifesta

2165 2321 2360 2368 vestrae
2375 2312 2631 2368 divinitus
2653 2314 2931 2369 honorata:
2946 2314 3265 2370 beatitudini
3281 2314 3414 2369 ﬁeri.
3435 2312 3549 2369 Hoc
3565 2314 3710 2368 bene
3743 2310 3775 2349 ιι

2168 2410 2223 2458 et
2249 2402 2746 2460 Christianissimus
2774 2413 2959 2460 noster
2987 2405 3285 2476 imperator
3311 2404 3682 2469 considerans,
3714 2412 3777 2458 et

2168 2494 2236 2549 ad
2274 2502 2509 2550 vestram
2557 2495 2842 2552 scientiam
2892 2496 3140 2567 quaedam
3164 2539 3181 2565 ,
3228 2512 3349 2567 qua:
3371 2496 3440 2552 de
3477 2495 3777 2552 Theodoro

2166 2584 2437 2655 quondam
2467 2584 2862 2658 Mopsuesteme
2891 2586 3147 2643 Ecclesia:
3166 2588 3423 2659 episcopo
3446 2595 3590 2641 mota
3613 2593 3775 2651 sunt,

2163 2674 2325 2745 jussit
2367 2676 2580 2733 referri.
2613 2677 2873 2734 Piissimis
2912 2680 3056 2735 enim
3098 2680 3165 2735 ad
3208 2696 3306 2735 nos
3333 2678 3527 2734 litteris
3552 2694 3684 2734 usus
3725 2678 3776 2746 ⁸,

2168 2766 2420 2824 hortatus
2449 2775 2534 2823 est
2562 2768 2630 2824 ad
2660 2768 3099 2839 Mopsucstenam
3130 2770 3403 2827 civitatem
3446 2769 3774 2834 convenire,

2167 2871 2288 2927 quae
2310 2873 2417 2913 una
2446 2858 2696 2914 secunda:
2727 2858 2928 2916 Cilicize
2950 2870 3053 2928 est,
3076 2871 3131 2915 et
3172 2875 3295 2915 cum
3320 2859 3614 2915 subtilitate
3641 2874 3777 2929 per-

2168 2947 2400 3002 scrutari
2443 2948 2660 3017 quando
2689 2947 3029 3015 Thcodorus,
3063 2949 3151 3019 qui
3183 2950 3311 3005 olim
3337 2949 3604 3020 przedicta:
3631 2948 3777 3004 civi-

2167 3038 2296 3093 tatis
2325 3038 2424 3093 fuit
2463 3040 2751 3111 episc0pus
2775 3084 2791 3109 ,
2840 3041 3006 3097 sacris
3044 3042 3310 3113 diptychis
3339 3043 3542 3110 eiectus
3573 3048 3681 3104 est,
3715 3050 3775 3097 et

2168 3126 2450 3183 manifesta
2481 3144 2544 3183 ea
2577 3138 2684 3183 tam
2713 3130 2830 3199 ejus
2860 3120 3235 3202 tranquillitati
3269 3146 3428 3201 quam
3460 3141 3653 3186 vestra:
3683 3130 3774 3185 di-

474 3201 950 3301 gnillco-prohoc,
980 3212 1039 3259 ut
1068 3204 1185 3301 sine
1211 3204 1320 3301 ulla
1350 3205 1610 3263 dilatione
1643 3208 1745 3265 ista
1774 3218 2065 3279 agerentur
2092 3239 2136 3301 ρ
2166 3218 2367 3272 vinitus
2415 3218 2690 3295 honorata:
2739 3220 2917 3276 facere
2964 3201 3303 3277 beatitudini.
3352 3221 3545 3277 Statim
3600 3222 3774 3291 igitur

480 3295 539 3347 et
566 3291 724 3348 nobis
746 3292 1107 3348 mitterentur.
1142 3292 1293 3363 Legi.

547 3378 745 3436 Datum
790 3380 1001 3437 decimo
1047 3382 1299 3441 calendas
1340 3382 1530 3440 Junias
1570 3386 2060 3460 Constantinopoli,

474 3469 686 3541 imperii
714 3471 916 3527 domini
954 3475 1122 3529 nostri
1168 3473 1453 3531 Iustiniani
1482 3486 1748 3548 perpetuo
1783 3490 1805 3519 ο
1838 3480 2064 3550 Augusti

479 3578 625 3619 anno
651 3564 914 3633 vigesimo
942 3575 1136 3637 quarto
1157 3608 1173 3634 ,
1219 3576 1345 3637 post
1383 3570 1719 3626 consulatum
1749 3571 1931 3628 Basilii
1965 3574 2064 3630 viri

476 3654 759 3711 clarissimi
788 3672 932 3713 anno
953 3672 1099 3713 nono
1131 3658 1343 3731 (Clu-ist.
1379 3658 1522 3733 550).

746 3816 1027 3873 ALTERA
1057 3817 1429 3875 JUSTINIANI
1464 3820 1794 3879 EPISTOLA

656 3946 839 3988 εοεωε
867 3947 1202 3990 ελιηετιεειιιο
1244 3950 1491 3992 EPISCOPO
1524 3952 1882 3995 IOPSUESTHS.

548 4042 922 4113 Signiﬁcamus
963 4052 1068 4101 tua:
1096 4045 1388 4114 sanctitati,
1415 4048 1559 4119 quod
1584 4047 1839 4118 iussimus
1866 4051 2062 4109 Joanni

478 4134 792 4191 beatissimo
820 4137 1244 4207 metropolitano
1260 4138 1627 4194 Anazarbena:
1639 4140 2061 4215 [Justinianopo-

473 4223 677 4298 litante]
691 4226 925 4282 civitatis
952 4227 1205 4297 colligere
1224 4244 1412 4285 omnes
1437 4230 1727 4299 provincize
1756 4233 2060 4305 episcopos,

472 4324 529 4371 et
547 4317 833 4386 pervenire
861 4316 914 4371 in
936 4325 1173 4373 vestram
1202 4318 1496 4384 civitatem,
1528 4327 1583 4375 et
1609 4320 1857 4377 subtilem
1885 4323 2061 4395 inqui-

470 4407 724 4463 sitionem
770 4407 949 4464 facere
996 4410 1442 4467 convenientibus
1486 4413 1736 4471 omnibus
1779 4415 1922 4486 apud
1963 4432 2062 4473 vos

472 4496 785 4554 constitutis
823 4498 1127 4556 senioribus
1154 4501 1462 4559 hominibus
1484 4546 1504 4572 ,
1543 4504 1658 4561 sive
1684 4505 1914 4574 clericis,
1944 4507 2059 4563 sive

469 4589 663 4657 laicis,
709 4597 766 4645 et
811 4589 1020 4647 discere
1063 4593 1131 4648 ab
1174 4593 1278 4649 illis
1307 4635 1325 4662 ,
1377 4595 1422 4649 si
1468 4605 1802 4666 cognoscunt
1845 4613 1912 4654 ex
1948 4614 2057 4669 quo
2090 4635 2135 4693 υ

468 4679 710 4736 ablatum
739 4689 827 4736 est
851 4697 1047 4739 nomen
1076 4681 1348 4740 Theodori
1375 4701 1406 4740 a
1434 4688 1637 4743 sanctis
1665 4688 1934 4760 diptychis
1966 4708 1979 4742 :
2012 4692 2059 4745 si

473 4784 606 4827 vero
639 4767 666 4809 δ
697 4787 806 4828 non
833 4775 1177 4832 meminerint
1216 4777 1284 4834 de
1323 4786 1591 4849 tempore,
1628 4789 1684 4835 et
1711 4781 1927 4851 quando
1956 4781 2062 4839 hoc

472 4861 648 4933 ipsum
678 4861 876 4919 factum
902 4872 1005 4935 est,
1035 4877 1091 4923 et
1128 4868 1234 4925 hoc
1273 4868 1448 4939 ipsum
1490 4870 1873 4937 conﬁteantur,
1913 4872 2059 4941 quod

469 4965 580 5007 non
606 4963 941 5023 cognoscunt
968 4973 1166 5014 nomen
1198 4958 1466 5016 Theodori
1485 4960 1539 5015 in
1568 4960 1772 5016 sanctis
1791 4960 2060 5033 diptychis

471 5041 733 5102 insertum
770 5046 859 5104 vel
886 5049 1235 5121 praedicatum
1264 5051 1440 5123 ipsum
1470 5052 1523 5107 in
1554 5051 1805 5108 ecclesia.
1830 5048 2059 5123 Oportet

534 5279 563 5310 ⁸
590 5275 817 5334 Veteres
838 5277 981 5341 libri,
1009 5276 1267 5332 Theodori
1293 5278 1475 5333 sacris.

534 5343 568 5382 δ
608 5344 775 5403 Iidem
804 5348 925 5403 libri
955 5365 969 5401 :
1002 5347 1064 5403 Si
1092 5357 1284 5402 autem.
1323 5346 1390 5402 Et
1430 5346 1593 5418 paulo
1633 5353 1781 5419 post,
1829 5347 2051 5404 alterum

364 5424 369 5429 '
466 5424 662 5481 autem,
681 5425 738 5471 et
763 5434 854 5472 vos
873 5427 1062 5472 autem.

548 5485 1194 5559 flfegendummerpptni.
1222 5486 1313 5544 Sic
1334 5489 1497 5545 etiam
1529 5489 1581 5544 in
1609 5488 1855 5559 sequenti
1885 5488 2047 5558 epist.

539 5553 567 5592 ιι
593 5553 820 5632 veteres
856 5553 975 5632 libii
1005 5553 1116 5632 :A'Si
1154 5566 1347 5614 autem.
1379 5560 1445 5614 Et
1471 5553 2050 5632 posteafaltsrant'au-

474 5630 594 5679 tem.
622 5624 693 5679 Et
716 5641 844 5682 mox
873 5642 887 5679 :
918 5626 988 5680 Et
1018 5628 1113 5682 hoc
1141 5637 1333 5684 autent.

543 5704 569 5766 ξ
592 5692 758 5766 Raris.
770 5737 784 5760 ,
815 5697 1057 5766 primum.

548 5761 569 5801 τ
603 5761 825 5821 Veteres
850 5766 986 5828 iibt‘i.
1014 5767 1309 5823 sacerdotii.

546 5841 569 5880 ι
594 5832 785 5903 Paris.,
817 5840 1154 5893 sanctissime.

2166 3307 2551 3378 Mopsuestiam
2597 3312 2937 3378 accedentes,
2969 3312 3429 3380 religiosissimum
3459 3327 3773 3382 congrega-

2167 3398 2341 3454 vimus
2389 3400 2633 3467 clerum,
2678 3412 2734 3457 et
2784 3402 2993 3458 ﬁdelem
3022 3404 3140 3473 eius
3169 3405 3449 3475 pepulum,
3497 3405 3771 3473 eligentes

2166 3504 2262 3545 cos
2290 3490 2384 3560 qui
2412 3492 2654 3548 seniores
2692 3503 2849 3561 sunt,
2891 3496 2983 3565 qui
3026 3505 3079 3552 et
3120 3499 3356 3552 retinere
3386 3497 3609 3552 forsitan
3648 3513 3772 3556 me-

2164 3586 2333 3641 moria
2363 3598 2589 3657 possunt
2622 3590 2635 3639 ι
2673 3591 3025 3648 subtilitatem
3055 3592 3171 3661 eius
3199 3594 3341 3663 quod
3370 3596 3715 3663 quaerebatur
3751 3616 3767 3651 :

2165 3687 2222 3734 et
2248 3679 2428 3735 divina
2470 3688 2525 3736 et
2560 3682 2831 3738 adoranda
2862 3684 3336 3761 eisproponentes
3363 3683 3670 3754 Evangelia,
3707 3695 3771 3741 ut

2165 3773 2528 3845 suspicionem
2552 3776 2635 3830 sui
2668 3778 2963 3831 testimonii
2995 3777 3376 3844 emundarrnt,
3406 3777 3588 3832 dicere
3632 3778 3770 3834 invi-

2166 3866 2416 3933 tavimus,
2446 3867 2491 3921 si
2522 3868 2701 3922 sciunt
2728 3884 2836 3938 quo
2861 3877 3106 3939 tempore
3133 3868 3398 3923 Theodori
3425 3869 3631 3939 antiqui
3665 3886 3768 3923 no-

2164 3970 2286 4011 men
2316 3957 2483 4013 sacris
2522 3956 2752 4025 ejectum
2782 3967 2864 4013 est
2893 3958 3180 4031 diptychis.
3215 3958 3289 4012 Illi
3324 3973 3452 4011 vero
3491 3955 3517 3995 ιι
3561 3959 3769 4013 multos

2164 4062 2369 4113 annos,
2409 4055 2463 4103 et
2502 4062 2655 4102 suam
2699 4047 3026 4103 excedentes
3075 4049 3389 4103 memoriam
3446 4064 3565 4102 esse
3607 4047 3765 4116 iura.

2163 4143 2388 4201 verunt,
2441 4151 2507 4191 ex
2559 4152 2669 4206 quo
2725 4137 2868 4192 nulla
2919 4137 3161 4207 ejusdem
3216 4136 3487 4191 Theodori
3544 4154 3762 4192 memn-

2161 4224 2242 4281 ria
2280 4226 2447 4282 sacris
2494 4226 2762 4297 diptychis
2809 4226 3053 4280 infertur.
3099 4225 3360 4297 Cyrillum
3403 4235 3584 4280 autem
3631 4227 3763 4281 reli-

2163 4317 2327 4385 giosa:
2371 4318 2648 4373 memoria:
2689 4317 3065 4373 Alexandrina:
3093 4317 3328 4373 civitatis
3363 4318 3675 4387 pontiﬁcem
3704 4320 3763 4373 in

2164 4406 2281 4477 eius
2320 4407 2443 4463 loco
2473 4407 2789 4478 inscriptum
2819 4423 2939 4464 esse
2984 4405 3035 4472 ι,
3069 4416 3232 4477 atque
3261 4422 3326 4462 ex
3357 4407 3600 4477 patribus
3644 4408 3761 4463 suis

2162 4500 2377 4556 audisse
2421 4509 2767 4556 asseruerunt
2813 4509 2874 4552 ιιι.
2924 4499 3031 4554 Sed
3060 4515 3248 4555 eorum
3288 4514 3408 4569 quae
3438 4500 3761 4557 dicebantur

2160 4592 2508 4648 subtilitatem
2527 4593 2932 4662 investigantes,
2947 4602 3002 4647 et
3028 4608 3127 4664 per
3151 4594 3263 4663 ipsa
3293 4593 3534 4649 venimus
3550 4603 3576 4629 ιι
3597 4609 3759 4651 sacra

2162 4680 2441 4754 diptyeha,
2466 4690 2522 4737 et
2549 4691 2886 4738 mortuorum
2914 4682 3292 4753 episcoporum
3318 4684 3760 4739 connumeratio-

2163 4786 2286 4825 nem
2314 4771 2789 4828 considerabamus
2810 4780 2835 4808 °
2867 4789 2881 4825 :
2924 4780 2982 4826 et
3010 4771 3277 4827 Theodori
3306 4773 3524 4841 quidem
3564 4772 3619 4827 in
3653 4789 3759 4828 an—

2160 4861 2482 4931 tiquioribus
2505 4863 2838 4933 temporibus
2866 4863 3066 4919 nullam
3091 4863 3406 4918 memoriam
3424 4863 3756 4932 invenimus,

2160 4955 2215 5013 in
2246 4957 2363 5028 ipso
2388 4972 2521 5013 vero
2550 4956 2657 5013 ﬁne
2701 4971 2979 5013 sacrorum
3026 4956 3401 5028 diptychorum
3432 4953 3757 5012 Theodorus

2158 5055 2392 5126 scriptus
2434 5062 2538 5122 est,
2583 5068 2745 5125 quem
2792 5066 2983 5109 omnes
3010 5067 3184 5124 nuper
3227 5050 3444 5122 quidem
3473 5058 3756 5108 mortuum

2230 5279 2259 5318 ιι
2290 5280 2434 5335 Idem
2457 5278 2626 5335 codex
2648 5320 2666 5347 ,
2690 5277 2807 5334 Hoc
2833 5279 3175 5334 vehementer.

2237 5349 2252 5389 ι
2286 5350 2432 5405 Idem
2461 5350 2653 5415 codex,
2676 5351 2863 5404 litteris
2887 5350 3176 5404 destinatis.

2234 5420 2250 5473 i
2291 5419 2587 5485 Bellovac.,
2615 5429 2840 5489 possent.
2938 5448 2947 5459 ο

2232 5489 2259 5529 ι
2289 5489 2513 5545 Veteres
2541 5486 2660 5544 libri
2694 5507 2707 5542 :
2744 5488 2836 5543 Illi
2878 5500 3068 5544 autem.
3101 5486 3169 5543 Et
3206 5486 3366 5555 infra,
3410 5489 3464 5543 in
3501 5489 3617 5557 ipso
3647 5506 3750 5545 au-

2161 5558 2383 5629 temaEt
2412 5566 2623 5629 postea,
2648 5575 2714 5613 ea:
2744 5558 2955 5612 Galatia
2981 5568 3173 5614 autem.

2237 5629 2253 5669 ι
2287 5628 2450 5684 [idem
2478 5629 2616 5692 libri,
2645 5645 2755 5682 esse
2783 5630 3107 5696 inscriptum.

2233 5710 2272 5739 ιιι
2309 5698 2504 5764 Paris.,
2526 5715 2581 5753 se
2602 5699 2867 5753 adserunt.

2234 5779 2259 5807 ι·
2291 5770 2434 5824 Idem
2464 5769 2656 5829 codex,
2687 5768 3150 5838 prwscrutavinms.

2238 5848 2262 5877 °
2293 5838 2439 5894 Idem
2463 5839 2653 5905 codex,
2680 5838 3138 5896 considet-(trimus.
