3986 6362
227 338 320 395 ﬁl
1397 333 1784 409 EPISTOLIE
1825 332 1913 390 ET
1952 333 2293 391 DECRETA.
3411 340 3516 398 122

223 478 344 518 esse
362 460 629 528 dixerunt,
664 476 734 517 ex
763 460 978 519 Galatia
1005 475 1140 519 vero
1163 469 1343 517 ortum
1373 475 1493 516 esse
1514 459 1813 531 provincia.
1848 463 1893 522 Α
1921 459 2118 530 quibus
2139 459 2362 514 credere
2385 475 2625 530 possum,
2648 476 2719 517 ex
2739 459 2931 515 ordine
2956 452 3266 525 clericatus,
3294 463 3388 513 aut
3414 455 3518 512 lai-

223 553 378 611 Hunc
418 562 471 608 et
496 569 598 609 nos
629 569 828 610 omnes
860 554 1031 610 nostri
1059 564 1084 590 ἰ
1123 552 1336 610 concilii
1378 560 1589 624 partem
1615 553 1814 609 factum
1887 542 2017 614 'eis,
2049 558 2241 606 contra
2270 550 2600 606 voluntatem
2624 552 2840 622 pietatis
2867 558 3060 606 vestra:
3090 558 3185 605 aut
3206 562 3396 618 agere,
3428 555 3519 601 aut

220 655 346 701 ante
385 644 679 700 triennium
722 655 999 702 mortuum
1039 659 1161 700 esse
1188 644 1563 714 cognoscimus
1591 643 1641 698 ιι.
1689 643 1816 700 Haec
1918 644 2088 714 loqui,
2113 651 2208 699 aut
2234 644 2458 700 consilia
2486 646 2615 700 dare
2644 646 2930 700 secretius.
2954 642 3018 696 Et
3038 643 3084 699 si
3112 642 3234 712 quis
3262 640 3393 696 mihi
3416 639 3519 694 ali-

220 736 292 791 ita
310 734 529 797 habere,
554 734 671 804 ipsa
692 744 848 802 gesta
875 732 1029 789 vobis
1052 734 1404 790 sanctissimis
1423 733 1771 802 manifestent
1797 751 1810 786 :

218 842 336 898 quae
377 826 567 881 humili
594 828 934 896 suggestioni
978 827 1387 898 coniungentes,
1437 825 1507 881 ad
1532 826 1815 882 scientiam

217 925 450 976 vestram
478 916 893 974 destinavimus.
923 917 1029 973 Sed
1059 918 1292 988 petimus
1312 915 1817 985 diviuitusinspira—

217 1018 301 1065 tos
331 1024 433 1064 vos
453 1008 882 1078 religiosissimis
906 1018 963 1065 et
996 1009 1168 1065 Deum
1200 1007 1539 1079 plaeentibus
1562 1016 1587 1047 ο
1620 1007 1817 1064 vestris

217 1098 554 1155 orationibus
580 1114 691 1155 non
722 1100 956 1156 humiles
982 1098 1277 1156 suffulcire.

497 1206 972 1265 JURAMENTUM
1020 1207 1250 1264 VlGlLll
1300 1205 1527 1263 ΡΑΡΕ.

280 1297 491 1354 Iuravit
519 1300 867 1358 beatissimus
896 1316 1036 1373 papa
1066 1300 1297 1370 Vigilius
1318 1301 1543 1358 domino
1569 1300 1814 1374 piissimo

216 1391 555 1461 imperatori,
597 1396 652 1446 in
679 1392 970 1462 przesentia
1000 1399 1208 1458 nostra,
1238 1391 1292 1447 id
1321 1398 1423 1459 est,
1447 1393 1554 1448 mei
1576 1392 1816 1463 episcopi

216 1480 475 1537 Caesarea:
533 1482 893 1553 Cappadociae
952 1481 1261 1547 Theodori,
1321 1490 1380 1539 et
1435 1484 1542 1539 mei
1607 1482 1815 1553 patricii

215 1571 458 1643 Cethegi,
507 1588 609 1644 per
631 1574 891 1630 virtutem
921 1581 1233 1630 sanctorum
1273 1573 1549 1629 clavorum
1584 1589 1650 1630 ex
1691 1575 1815 1644 qui-

216 1664 313 1721 bus
338 1664 636 1723 cruciﬁxus
663 1674 751 1721 est
788 1665 1047 1724 Dominus
1096 1665 1239 1722 Deus
1265 1675 1455 1723 noster
1482 1666 1636 1723 Jesus
1660 1665 1818 1723 Chri-

215 1761 345 1821 stus,
366 1761 424 1810 et
450 1771 556 1826 per
596 1764 784 1812 sancta
812 1764 1048 1827 quatuor
1074 1755 1390 1827 Evangelia,
1426 1758 1499 1813 ita
1528 1772 1628 1829 per
1656 1759 1814 1814 istam

1915 734 2048 804 quid
2076 735 2410 790 contrarium
2432 734 2647 802 dixerit,
2673 743 2768 790 aut
2788 734 2857 790 de
2890 733 3006 788 istis
3034 731 3306 803 capitulis,
3335 739 3430 786 aut
3453 729 3519 785 de

1916 826 2044 893 lide,
2067 834 2164 882 aut
2188 836 2379 883 contra
2408 827 2820 898 rempublicam,
2863 827 3027 881 istum
3056 824 3175 878 sine
3200 822 3393 878 mortis
3424 834 3519 887 pe—

1915 918 2089 975 riculo
2115 918 2306 989 pietati
2336 927 2532 974 vestras
2559 918 2938 983 manifestabo,
2973 925 3029 971 et
3049 930 3170 984 qua:
3209 912 3342 968 mihi
3368 910 3522 966 locu-

1918 1019 2006 1065 tus
2021 1018 2105 1064 est
2131 1028 2144 1064 :
2177 1010 2253 1065 ita
2280 1017 2338 1064 ut
2358 1018 2583 1081 propter
2612 1010 2788 1065 locum
2819 1023 2999 1064 meum
3029 1019 3313 1075 personam
3341 1015 3519 1061 meam

1917 1116 2026 1157 non
2056 1103 2294 1172 prodas:
2341 1113 2399 1159 et
2444 1119 2532 1159 me
2580 1103 2680 1159 ista
2716 1101 3059 1157 custodiente
3095 1112 3220 1166 erga
3261 1095 3518 1166 pietatem

1921 1202 2174 1261 vestram,
2205 1195 2468 1251 honorem
2493 1211 2671 1251 meum
2704 1195 2758 1249 in
2787 1194 3038 1249 omnibus
3068 1204 3290 1247 servare
3310 1186 3517 1257 promi-

1916 1283 2065 1349 sisti;
2089 1284 2184 1340 sed
2207 1294 2263 1341 et
2287 1300 2574 1355 personam
2597 1286 3015 1357 opinionemque
3033 1297 3208 1338 meam
3225 1277 3518 1345 custodire,

1917 1385 2128 1432 etcum
2158 1378 2257 1434 Dei
2303 1377 2579 1449 adjutorio
2626 1377 2954 1439 defendere;
3000 1376 3095 1431 sed
3140 1381 3197 1430 et
3242 1369 3523 1443 privilegia

1918 1465 2176 1524 Ecclesia:
2221 1484 2356 1524 mea:
2401 1484 2640 1525 servare.
2672 1468 2780 1523 Sed
2824 1476 2881 1522 et
2925 1462 3188 1521 chartulae
3216 1462 3335 1517 ista
3388 1456 3520 1513 nulli

1920 1558 2126 1631 [For-te,
2152 1567 2208 1615 ut
2234 1559 2389 1633 nulli]
2413 1559 2786 1624 ostendantur,
2807 1556 3159 1614 nihilominus
3177 1549 3517 1624 promisistis.

1920 1646 2186 1705 Promitto
2213 1658 2477 1720 prmterea
2530 1649 2675 1719 quod
2703 1650 2756 1703 in
2788 1649 2889 1703 ista
2919 1662 3085 1703 causa
3115 1645 3280 1699 trium
3310 1641 3520 1711 capitu-

1920 1738 2116 1805 lorum,
2143 1740 2507 1811 quodcunque
2533 1740 2693 1795 debet
2715 1736 2830 1794 ﬁeri
2846 1736 3206 1793 communiter
3228 1739 3522 1787 tractamus

217 1820 467 1901 virtutem
520 1848 698 1903 sancti
746 1820 913 1912 freni,
945 1857 1003 1904 ει
1040 1863 1143 1919 ρει-
1183 1820 1288 1904 ίεῖε
1345 1820 1547 1905 simcu-
1579 1858 1815 1919 quamor
1852 1847 1894 1906 Β
1920 1830 2124 1903 [Forte,
2150 1830 2497 1903 tractemus];
2529 1841 2585 1887 et
2617 1831 2762 1901 quod
2792 1830 2924 1884 utile
2953 1828 3110 1883 nobis
3134 1825 3307 1880 visum
3334 1820 3519 1919 fuerit,

214 1935 501 2007 Evangelia
537 1956 552 1992 :
575 1938 722 2009 quod
742 1955 865 1995 cum
893 1939 1099 2010 pietate
1136 1929 1318 1996 vestra
1347 1956 1455 1997 uno
1477 1942 1683 2010 animo,
1710 1956 1816 1997 una

213 2027 515 2098 voluntate,
558 2028 666 2085 hoc
685 2030 844 2094 velle,
872 2030 977 2086 hoc
1004 2031 1209 2098 conari,
1235 2031 1308 2085 ita
1339 2043 1523 2100 agere,
1552 2039 1815 2102 quantum

214 2134 527 2189 possumus,
554 2127 616 2176 ut
661 2121 762 2176 ista
795 2122 897 2177 tria
922 2123 1179 2193 capitula,
1227 2123 1281 2178 id
1311 2132 1414 2190 est,
1466 2123 1815 2181 Theodorum

214 2208 661 2282 Mopsuestenum
690 2229 815 2269 cum
854 2214 1069 2285 scriptis
1096 2216 1229 2282 suis,
1262 2224 1319 2271 et
1369 2216 1655 2286 epistolam
1694 2231 1816 2288 qua:

213 2300 401 2358 dicitur
427 2301 568 2373 Ihm,
590 2312 649 2360 et
686 2305 994 2376 conscripta
1034 2304 1363 2362 Theodoreti
1403 2313 1594 2362 contra
1622 2308 1815 2363 ortho-

214 2390 401 2449 doxam
431 2393 503 2449 ϐἀ
513 2410 604 2451 em
626 2402 685 2452 et
721 2404 911 2452 contra
932 2396 1220 2454 duodecim
1247 2399 1484 2470 capitula
1507 2399 1683 2456 sancti
1711 2400 1817 2471 Cy-

215 2482 315 2537 rilli
356 2483 528 2550 dicta,
580 2485 1020 2543 condemnentur
1067 2496 1123 2543 et
1166 2490 1721 2556 anathematizentur;
1759 2496 1817 2545 et

217 2572 340 2630 nihil
361 2590 463 2646 pro
483 2575 573 2633 his
617 2577 889 2649 capitulis,
931 2592 1110 2649 neque
1139 2594 1239 2650 per
1260 2595 1367 2647 me,
1393 2595 1571 2653 neque
1596 2595 1698 2653 per
1716 2594 1815 2638 eos

281 2699 308 2763 ξ
335 2692 568 2763 Υειεεθε
596 2696 744 2763 libri,
777 2699 950 2753 vestri.

279 2760 307 2804 δ
337 2761 533 2834 Paris.,
565 2760 927 2840 cognorimus.

222 2897 287 2933 Ν

282 2907 2791 2933 ,—————-——————_—.—_—_____———_————-—

1921 1921 2028 1977 hoc
2052 1920 2316 1978 faciamus
2338 1938 2461 1977 cum
2488 1922 2759 1992 adiutorio
2780 1922 2894 1975 Dei.
2918 1920 3113 1974 Datum
3136 1915 3347 1971 esthoc
3370 1912 3521 1981 jura-

1923 2021 2166 2068 mentum
2206 2013 2613 2083 quintodecimo
2633 2012 2722 2068 die
2744 2012 2942 2066 mensis
2967 2008 3210 2076 Augusti,
3231 2004 3524 2060 indictione

1922 2121 2041 2172 xm,
2069 2106 2284 2177 imperii
2312 2107 2517 2162 domini
2546 2105 2717 2161 nostri
2738 2102 3025 2158 Justiniani
3053 2116 3196 2155 anno
3222 2098 3311 2162 25,
3338 2095 3525 2151 novies

1920 2205 2046 2267 post
2066 2197 2407 2253 consulatum
2431 2198 2614 2254 Basilii
2636 2198 2734 2251 viri
2767 2193 3079 2253 clarissimi.
3113 2190 3228 2261 Ego
3272 2185 3525 2242 Theodo-

1924 2304 2017 2343 rus
2045 2288 2415 2345 misericordia
2432 2290 2528 2345 Dei
2551 2289 2840 2360 episcopus
2859 2286 3118 2341 Cmsarcm
3145 2280 3521 2352 Cappadoeizn,

1922 2377 2050 2434 huic
2095 2380 2354 2435 chartula:
2394 2380 2690 2449 juramenti
2740 2379 2894 2435 testis
2946 2373 3263 2444 subscripsi.
3305 2370 3524 2426 Flavius

1921 2467 2194 2540 Cethegus
2220 2472 2304 2526 vir
2331 2472 2592 2542 patricius
2654 2472 2781 2527 huic
2825 2468 3086 2526 chartula:
3117 2464 3412 2536 juramcnti
3437 2470 3519 2517 te-

1922 2559 2023 2617 stis
2049 2562 2361 2633 subscripsi.

2001 2707 2025 2738 °
2056 2698 2281 2756 Veteres
2310 2700 2452 2769 libri,
2487 2698 2833 2773 placantibus.

2797 2897 3519 2924 __——_—————

1098 3028 1126 3056 ‘
1151 3021 1535 3084 EPISTOLA
1579 3025 2077 3090 DECllETALlS
2113 3024 2393 3088 VlGlLll
2437 3021 2667 3084 PAWE

998 3164 1118 3208 PRO
1159 3164 1683 3209 CONFIRMATIONE
1728 3167 1981 3220 QUINTE
2016 3136 2253 3210 εγκουι
2294 3160 2735 3207 οεευωεπιαιε.

1263 3249 1356 3314 (Ex
1382 3252 1712 3314 manuscriplo
1747 3251 1922 3301 codice
1965 3248 2285 3301 bibliotheca
2308 3244 2522 3309 Regiam

1774 3370 1980 3388 —

284 3493 361 3557 τῷ
386 3485 647 3560 ἀγαπητῷ
675 3480 876 3555 ἀδελφῷ
898 3481 1163 3552 Εὖτυχίῳ.
1191 3479 1422 3551 Βιγίλιος.

280 3579 356 3633 τά
385 3573 654 3632 σκάνδαλα
674 3616 689 3640 ,
723 3571 861 3646 ἅπερ
899 3571 926 3627 ὁ
952 3577 1043 3628 τοῦ
1080 3572 1395 3644 ἀνθρωπίνου
1435 3570 1612 3644 γένους
1642 3570 1831 3646 ἐχθρὸς

223 3676 289 3741 τῷ
315 3670 586 3742 σύμπαντι
611 3666 790 3739 κόσμῳ
829 3662 1092 3742 διήγειρεν,
1122 3662 1289 3723 οὐδεὶς
1328 3663 1519 3735 ἀγνοεῖ.
1549 3661 1728 3722 Οὕτως
1763 3666 1831 3722 ὡς

223 3760 275 3815 τὸ
293 3762 467 3815 οἰκεῖον
492 3758 735 3832 βούλημα
775 3756 905 3833 πρὸς
930 3754 989 3809 τὸ
1014 3752 1294 3822 ἀνατρέψαι
1325 3756 1413 3811 τήν
1455 3757 1548 3805 τοῦ
1590 3756 1720 3805 Θεοῦ
1752 3750 1834 3804 ἐκ·

222 3852 420 3912 ιλησίαν
443 3853 496 3907 ἓν
526 3849 621 3923 ὅλῃ
642 3857 706 3925 τῇ
734 3847 995 3919 οἷκουμένῃ
1022 3843 1360 3916 διακειμένην.
1387 3843 1605 3899 ἕκαστον
1641 3842 1833 3913 φαύλου

225 3951 419 4002 σκοποῦ
446 3945 808 4018 τυγχάνοντα,
836 3941 1110 4017 πληρῶσαι
1138 3940 1226 4012 οἵῳ
1257 3936 1446 3997 δήποτε
1467 3936 1642 4011 τρόπῳ
1667 3957 1837 3992 σπου-

224 4036 467 4104 δάζοντα,
498 4041 556 4091 οὐ
582 4036 735 4109 μόνον
761 4037 811 4099 ἐξ
837 4034 1081 4107 ὀνόματος
1107 4032 1234 4088 ἰδίου
1252 4077 1266 4099 ,
1304 4033 1428 4087 ἀλλά
1461 4035 1548 4086 καὶ
1577 4031 1626 4095 ἐξ
1651 4030 1834 4103 ἡμετέ-

226 4148 337 4202 ρου,
363 4132 455 4184 καὶ
482 4129 537 4193 ἐξ
568 4124 765 4191 ἄλλων,
797 4124 883 4181 διὰ
919 4131 1006 4179 τοῦ
1035 4124 1224 4197 λέγειν,
1263 4122 1295 4183 ἦ
1333 4129 1426 4179 τοῦ
1455 4123 1692 4197 γράφειν,
1724 4120 1836 4178 διά·

225 4237 349 4294 νορα
372 4217 684 4274 πλάσασθαι
709 4216 987 4272 πεποίηκεν
1045 4217 1119 4275 εἰς
1145 4218 1415 4276 τοσοῦτον,
1446 4210 1523 4266 ὅτι
1552 4213 1687 4283 ἡμᾶς
1707 4211 1838 4282 μετά

228 4315 320 4364 τῶν
363 4308 623 4383 ἀδελφῶν,
674 4314 758 4362 καὶ
787 4306 1184 4362 συνεπισκόπων
1227 4307 1369 4376 ἡμῶν
1415 4306 1467 4359 ίν
1613 4302 1839 4375 βασιλίδι

228 4401 363 4457 πόλει
388 4401 699 4477 διάγοντας,
735 4403 822 4454 καὶ
847 4398 946 4472 ἴσῳ
971 4399 1264 4470 σεϐάσματι
1293 4401 1389 4458 τάς
1415 4399 1683 4471 τέσσαρας
1714 4417 1838 4451 συν·-

229 4490 372 4554 ὂδους
398 4492 763 4554 ἐκδικοῦντας,
794 4493 879 4545 καὶ
904 4491 955 4544 ἓν
1069 4496 1169 4546 τῶν
1193 4492 1461 4561 τεσσάρων
1488 4490 1686 4544 τούτων
1711 4509 1835 4543 σον-

231 4581 355 4638 ὁδων
390 4588 486 4655 μ.ιᾷ
533 4586 623 4637 καὶ
665 4590 729 4657 τῇ
771 4583 904 4657 αὐτῇ
957 4586 1137 4638 πίστει
1177 4583 1406 4653 ἀμώμως
1446 4579 1837 4647 διατελοῦντας,

229 4684 340 4739 τοῖς
382 4679 676 4750 σοφίσμασι
704 4686 797 4737 τῆς
831 4676 966 4731 οὕτω
1013 4682 1242 4751 πονηρᾶς
1283 4678 1596 4754 πανουργίας
1616 4719 1629 4740 ,
1675 4679 1840 4733 αὐτῶν

230 4771 524 4849 ἐπεχείρισε
550 4769 735 4826 διελεῖν
756 4787 767 4801 ·
806 4772 939 4825 ὥστε
970 4772 1107 4840 ἡμᾶς
1143 4772 1266 4831 τοὺς
1301 4777 1347 4825 ἓν
1380 4775 1475 4842 μιᾷ
1518 4772 1692 4825 πίστει
1718 4769 1841 4840 ὁμό-

237 4878 416 4935 φρονας
441 4856 742 4932 γεγονότας,
765 4863 852 4914 καί
873 4855 1047 4925 ὄντας,
1070 4863 1548 4933 καταφρονήσαντας
1568 4867 1660 4920 τῆς
1688 4858 1837 4914 ἀδελ-

233 4960 371 5025 φικῆς
421 4953 634 5024 ἀγάπης
686 4954 760 5012 εἰς
807 4950 1071 5024 διχόνοραν
1122 4951 1445 5022 ἀπαχθῆναι.
1494 4948 1620 5005 Ἀλλ’
1669 4948 1841 5009 ἐπειδή

234 5046 450 5119 Χριστὸς
473 5045 500 5100 ὁ
531 5044 660 5104 Θεὸς
691 5046 833 5115 ἡμῶν
852 5083 868 5109 ,
913 5040 971 5102 ὅς
999 5044 1110 5098 ἔστι
1149 5049 1253 5115 φῶς
1291 5041 1544 5104 ἀληθινὸν,
1579 5037 1631 5095 δν
1664 5038 1845 5100 σκότος

237 5137 293 5189 οὗ
315 5137 737 5209 καταλαμϐάνει,
776 5138 951 5197 πάσης
977 5138 1299 5206 συγχύσεως
1327 5140 1419 5194 τῆς
1450 5133 1590 5204 ἡμῶν
1625 5130 1847 5191 διανοίας

238 5228 645 5292 ἀποκινηθείσης,
673 5231 804 5305 πρὸς
833 5233 1030 5305 εἰρήνην
1053 5235 1144 5287 τήν
1171 5228 1465 5299 οἰκουμένην
1487 5224 1843 5289 ἀνεκαλέσατο,

239 5323 317 5374 ιαί
354 5321 649 5384 ἐκκλησίαν,
703 5322 838 5375 ὥστε
882 5321 946 5374 τά
989 5320 1249 5391 ὀφείλοντα
1292 5316 1674 5373 διατυπωθῆναι
1720 5314 1845 5390 παρ’

244 5420 399 5483 ἡμῶν.
429 5414 894 5472 ἀποκαλύπτοντος
922 5418 1012 5467 τοῦ
1044 5413 1243 5487 κυρίου,
1271 5412 1351 5464 καί
1373 5416 1466 5468 τῆς
1487 5408 1716 5467 ἀληθείας
1740 5408 1849 5462 ἀνι·

243 5505 577 5576 χνευθςίσης,
610 5500 953 5575 σωτηριωδῶς
990 5501 1343 5575 πληρωθῆναυ
1387 5496 1473 5553 διά
1514 5502 1665 5551 τοῦτο
1705 5517 1850 5568 γινω-

244 5595 402 5655 στξτω
427 5596 578 5669 ὑμῶν
605 5596 868 5667 σύμπασα
904 5591 1204 5665 ἀδελφότης,
1232 5589 1311 5647 ὄτι
1341 5609 1438 5666 περ
1464 5589 1557 5648 τάς
1583 5587 1848 5664 τέσσαρας

1856 3479 1903 3543 C
2008 3479 2219 3534 Dilecto
2243 3474 2397 3530 fratri
2424 3468 2717 3542 Eutychio,
2756 3465 3002 3537 Vigilius.

2010 3564 2277 3624 Scandala
2296 3576 2417 3633 quae
2433 3558 2655 3615 humani
2676 3555 2893 3625 generis
2916 3550 3166 3608 inimicus
3196 3550 3250 3605 in
3279 3547 3535 3605 universo

1937 3657 2142 3716 mundo
2162 3653 2440 3717 excitavit,
2462 3650 2639 3707 nullus
2661 3649 2876 3716 ignorat
2900 3662 2914 3699 :
2940 3644 3081 3699 adeo
3103 3649 3164 3697 ut
3186 3655 3535 3710 unumquem.

1937 3766 2045 3821 que
2074 3745 2419 3820 propositum
2450 3756 2608 3799 suum
2637 3739 2707 3795 ad
2734 3735 3154 3794 subvertendam
3203 3733 3300 3788 Dei
3346 3732 3536 3788 Eccle-

1936 3844 2076 3900 siam
2123 3855 2224 3912 per
2271 3836 2584 3893 universum
2630 3832 2822 3889 orbem
2869 3828 3117 3885 diﬂ'usam
3143 3866 3160 3893 ,
3209 3839 3537 3896 quocunque

1938 3936 2102 3993 modo
2133 3932 2358 4003 implere
2378 3934 2715 3997 satagentem
2740 3965 2755 3990 ,
2787 3938 2899 3978 non
2925 3928 3133 3975 tantum
3160 3934 3261 3973 suo
3291 3918 3534 3983 nomine,

1938 4028 2035 4086 sed
2065 4028 2230 4083 etiam
2262 4029 2471 4087 nostro,
2519 4028 2683 4088 atque
2726 4015 2980 4079 aliorum,
3030 4011 3245 4065 diversa
3287 4018 3399 4063 tum
3450 4009 3537 4065 lo-

1938 4118 2190 4192 quendo,
2232 4125 2348 4172 tum
2387 4108 2677 4169 scribendo
2701 4149 2718 4177 ,
2767 4116 3100 4173 componere
3129 4099 3407 4169 impulerit
3439 4115 3453 4151 :
3482 4098 3537 4152 in

1943 4188 2149 4266 tantum
2171 4216 2232 4264 ut
2259 4221 2359 4260 nos
2379 4204 2527 4274 ipsos
2552 4214 2657 4254 una
2680 4212 2800 4252 cum
2826 4193 3079 4249 fratribus
3125 4198 3180 4245 et
3201 4188 3538 4259 coepiscopis

1941 4300 2172 4365 nostris,
2197 4298 2251 4353 in
2279 4296 2412 4351 urbe
2434 4291 2583 4360 regia
2612 4290 2894 4356 degentes,
2924 4292 2979 4339 et
3007 4281 3203 4351 aequali
3229 4279 3539 4335 reverentia

1940 4401 2175 4464 quatuor
2217 4387 2457 4461 synodos
2484 4382 2853 4444 vindicantes,
2906 4383 2963 4431 et
3004 4375 3059 4429 in
3102 4388 3209 4429 una
3241 4370 3543 4440 eademque

1943 4462 2177 4554 quatuor
2195 4481 2408 4536 illarum
2431 4474 2763 4548 synodorum
2790 4468 2895 4523 fide
2921 4467 3134 4522 sincere
3162 4462 3539 4533 persistentes,

1943 4552 2397 4634 cavillationibus,
2424 4566 2679 4623 versutiis
2698 4572 2756 4619 et
2776 4560 2903 4616 dolo
2927 4559 3071 4613 malo
3101 4557 3169 4610 ab
3200 4556 3266 4610 iis
3296 4552 3539 4609 dividere

1943 4675 2173 4725 conatus
2222 4663 2421 4727 fuerit;
2473 4661 2546 4713 ita
2578 4666 2638 4713 ut
2674 4650 2995 4722 nosmetipsi
3024 4648 3117 4718 qui
3145 4647 3386 4716 ejusdem
3417 4660 3540 4699 cum

1944 4762 2052 4816 illis
2077 4771 2327 4823 eramus,
2379 4761 2436 4808 et
2469 4765 2676 4815 sumus,
2709 4746 2778 4802 de
2824 4742 2928 4798 ﬁde
2957 4739 3271 4803 sententiae,
3320 4737 3543 4805 insuper

1870 4865 1921 4924 D
1947 4851 2132 4906 habita
2171 4844 2464 4903 dilectione
2504 4839 2743 4894 fraterna
2776 4836 2830 4890 in
2872 4830 3199 4888 discordiam
3229 4826 3543 4924 abierimus.

1954 4941 2059 4998 Sed
2087 4938 2341 5009 quoniam
2364 4932 2610 4989 Christus
2630 4928 2773 4982 Deus
2796 4932 3002 4990 noster,
3031 4921 3124 4991 qui
3150 4927 3234 4975 est
3264 4919 3357 5009 lus
3385 4930 3536 5009 vera,

1950 5007 2121 5105 quem
2141 5030 2381 5087 tenebras
2404 5041 2514 5080 non
2540 5016 3031 5092 comprehendunt,
3059 5012 3206 5068 omni
3229 5007 3547 5105 confusique

1953 5094 1985 5183 a
2011 5123 2280 5181 mentibus
2308 5116 2509 5174 nostris
2536 5119 2770 5176 remota,
2797 5107 3112 5163 universum
3142 5101 3329 5157 orbem
3361 5105 3418 5151 et
3447 5094 3549 5150 Ec-

1954 5219 2176 5277 clesiam
2206 5213 2274 5269 ad
2303 5224 2493 5283 pacem
2522 5203 2828 5267 revocavit,
2860 5201 2936 5254 ita
2967 5205 3027 5252 ut
3054 5208 3175 5264 qua:
3204 5207 3235 5246 a
3265 5189 3424 5283 nobis
3448 5187 3547 5283 de-

1953 5309 2095 5365 liniri
2126 5277 2348 5369 debent,
2371 5299 2654 5355 revelante
2685 5291 2937 5354 Domino,
2969 5295 3028 5343 et
3056 5284 3289 5339 veritate
3318 5277 3547 5334 investi-

1956 5409 2080 5471 gata
2127 5393 2418 5451 salubriter
2456 5387 2679 5456 impleta
2726 5383 2854 5439 sint.
2899 5377 3108 5433 Idcirco
3135 5372 3276 5471 sciat
3305 5378 3546 5471 vestrum

1956 5462 2208 5546 universa
2237 5479 2567 5543 fraternitas,
2591 5472 2737 5544 quod
2767 5479 3003 5543 quatuor
3022 5462 3284 5538 synodos,
3313 5462 3420 5517 hoc
3459 5466 3548 5514 est

1955 5564 2934 5646 Niemnamﬁonstantinopolitanam,
2963 5556 3292 5631 Ephesinam
3316 5553 3549 5625 primaut

316 5798 346 5830 ι
379 5788 536 5848 Hanc
587 5803 716 5849 esse
755 5787 1147 5860 supposititiam
1177 5785 1461 5860 epistolam
1501 5782 1697 5855 probat
1718 5796 1723 5802 '
1744 5782 1812 5839 ll.
1848 5780 1907 5838 P.
1943 5780 2097 5838 Joau.
2147 5773 2443 5834 Camerius
2487 5771 2544 5830 in
2588 5766 2735 5828 notis
2784 5765 2854 5826 ad
2880 5760 3231 5859 [Breviarium
3279 5758 3543 5820 Liberali.

253 5857 580 5922 ﬂammma.
