3986 6366
209 359 310 419 Hii

1141 365 1278 423 uno
1319 365 1760 425 DAMNATIONE
1796 363 2014 423 TRIUM
2055 358 2566 428 CAPITULORUM.

3411 375 3514 440 ηε

208 487 339 540 ltum
365 493 529 540 etiam
561 497 790 542 centum
821 489 1206 560 quinquaginta
1248 497 1556 572 sanctorum
1591 486 1808 543 Patrum
1844 491 1883 544 A
1917 501 2122 540 mmu’m
2177 487 2456 557 quamdam
2515 489 2810 546 columnam
2860 493 3006 548 nobis
3053 503 3302 553 adversus
3349 518 3512 572 prava

420 557 514 626 qui
545 557 1086 632 C(mstanti’nOpOIini
1116 561 1425 630 congregati
1449 571 1592 614 sunt.

251 649 551 721 Credimus
601 670 658 723 in
707 688 870 726 unum
919 669 1084 726 Deum
1131 670 1343 726 Patrem
1393 673 1813 743 omnipotentem,

147 767 153 774 ‘
209 760 462 828 factorem
490 761 608 816 εωιὶ
637 772 690 817 et
720 772 896 830 terra},
939 764 1216 818 visibilium
1247 765 1476 818 omnium
1502 773 1549 816 et
1580 763 1814 817 invisibi-

210 851 372 916 linm,
423 861 472 906 et
518 853 574 906 in
619 870 782 908 unum
817 854 1094 910 Dominum
1121 853 1302 908 Iesum
1326 853 1586 908 Christum
1619 853 1814 908 Filium

213 937 310 994 Dei
353 943 698 1014 unigenitum,
743 955 1010 1001 natantes:
1038 943 1198 1000 Patre
1237 955 1358 1000 ante
1383 945 1558 999 omnia
1598 945 1814 1013 swcula,

213 1030 378 1086 Deum
418 1052 594 1090 verum
625 1035 690 1090 de
723 1035 836 1090 Deo
864 1053 1014 1102 vero,
1056 1047 1253 1103 natum,
1301 1054 1407 1092 non
1451 1039 1667 1109 factum,
1699 1053 1818 1092 con-

209 1124 609 1180 substantialem
657 1124 832 1194 Patri,
873 1144 1132 1200 perquem
1153 1129 1332 1182 omnia
1369 1129 1512 1199 facta
1539 1137 1680 1193 sunt,
1725 1126 1814 1199 qui

209 1225 426 1287 prapter
451 1234 550 1272 nos
577 1217 812 1272 homines
842 1228 891 1272 et
920 1218 1140 1277 salutem
1182 1228 1415 1273 nostram
1446 1216 1729 1278 descendit,
1762 1225 1812 1272 et

209 1308 518 1363 incarnatus
546 1318 624 1363 est
653 1309 716 1362 de
746 1308 951 1381 Spiritu
993 1319 1172 1364 sancto
1211 1318 1261 1363 et
1304 1307 1480 1362 Maria
1519 1307 1733 1381 Virgine
1763 1317 1812 1366 et

207 1400 527 1454 humanatus
556 1442 574 1470 ,
621 1409 672 1455 et
713 1402 993 1473 cruciﬁxus
1034 1409 1111 1457 est
1153 1419 1247 1473 pro
1295 1400 1443 1455 nobis
1482 1399 1575 1455 sub
1621 1399 1812 1457 Pontio

205 1489 411 1558 Pilato,
443 1501 492 1546 et
520 1493 752 1564 sepultus
779 1503 875 1558 est,
908 1504 958 1549 et
987 1495 1270 1550 resurrexit
1299 1497 1452 1550 tertia
1485 1495 1586 1557 die,
1625 1512 1811 1549 ascen-

206 1583 286 1637 dit
312 1585 366 1637 in
399 1585 578 1653 oculos,
607 1595 659 1640 et
683 1585 816 1639 sedit
834 1575 916 1638 ad
944 1585 1214 1639 dexteram
1243 1583 1441 1651 Patris,
1473 1587 1658 1640 iterum
1689 1602 1810 1639 ven-

208 1682 360 1728 turus
388 1691 505 1729 cum
532 1675 702 1750 gloria
715 1675 960 1747 judicare
983 1677 1120 1730 vivos
1147 1685 1196 1732 et
1223 1685 1473 1740 mortuos,
1499 1676 1648 1747 cujus
1665 1677 1813 1750 regni

207 1781 320 1820 non
348 1768 449 1821 erit
473 1767 624 1838 ﬁnis,
655 1776 705 1822 et
734 1770 791 1824 in
819 1766 1074 1840 Spiritum
1103 1778 1341 1824 sanctum
1367 1769 1634 1824 dominum
1660 1779 1710 1824 et
1737 1771 1812 1824 vi-

1920 575 2166 648 dogmata
2198 578 2523 645 exiuentem,
2556 581 2626 635 ad
2648 584 3098 654 confirmationem
3128 597 3384 646 rectorum
3415 591 3512 644 do-

1916 678 2148 740 gmatam
2175 672 2348 745 utique
2376 673 2692 728 intellectum
2719 678 2998 746 cooptavit.
3034 677 3082 731 Il
3091 679 3134 733 is
3162 697 3385 754 namque
3427 686 3514 756 qui

1916 760 1973 812 in
2003 759 2132 814 duos
2158 760 2295 832 filios
2326 763 2728 833 dispensationis
2757 766 2948 822 divina:
2978 772 3278 840 mysterium
3311 773 3510 828 discer-

1918 867 2036 920 pere
2066 852 2302 908 nituntur
2329 856 2572 921 obsistit;
2602 865 2652 910 et
2680 857 2798 912 illos
2825 859 2912 929 qui
2941 861 3238 929 passibilem
3267 864 3511 921 deitatem

1921 942 2186 1014 Unigeniti
2215 948 2330 1001 ausi
2358 955 2478 1002 sunt
2517 949 2708 1016 dicere,
2751 968 2784 1004 a
2813 968 2963 1007 sacro
2993 963 3121 1007 coetu
3158 956 3392 1022 expellit.
3447 955 3512 1012 Et

1915 1035 1995 1089 his
2023 1037 2110 1108 qui
2140 1037 2192 1090 in
2221 1037 2422 1093 duabus
2450 1040 2653 1094 naturis
2697 1037 2890 1095 Christi
2939 1051 3394 1114 temperamentum
3422 1037 3526 1101 aat'

1915 1129 2268 1198 confusionem
2297 1130 2576 1202 exquirunt
2614 1131 2831 1186 resistit.
2880 1131 2947 1187 Et
2989 1151 3075 1188 eos
3121 1136 3211 1206 qui
3257 1137 3520 1192 etalt-stem

1914 1231 2004 1275 aut
2048 1222 2260 1278 alterius
2291 1224 2514 1296 alicujus
2555 1242 2666 1279 esse
2699 1225 3006 1282 substantice
3035 1227 3215 1284 dicunt
3259 1249 3414 1302 quam
3443 1249 3510 1288 ex

1918 1309 2064 1368 nobis
2095 1317 2375 1386 assumpsit
2415 1317 2547 1370 serti
2576 1320 2819 1389 formam,
2851 1329 2906 1372 ut
2931 1320 3190 1376 dementes
3225 1323 3408 1396 abigit.
3440 1323 3512 1378 Et

1914 1406 2000 1477 qui
2023 1404 2154 1458 duas
2181 1407 2387 1478 quidem
2435 1416 2557 1462 ante
2585 1409 2871 1464 unitionem
2902 1421 3116 1466 naturas
3164 1411 3381 1468 Domini
3423 1418 3508 1487 fa-

1915 1495 2176 1562 bulantur,
2227 1513 2384 1552 unam
2417 1515 2531 1554 vero
2559 1511 2673 1571 post
2701 1503 2984 1556 unitionem
3018 1501 3343 1577 conﬁngunt,
3375 1523 3506 1562 con-

1913 1586 2141 1642 demnat.
2177 1589 2461 1662 Sequenter
2489 1592 2648 1663 igitur
2695 1606 2907 1650 sanctos
2958 1595 3140 1651 Patres
3171 1614 3331 1652 unum
3364 1616 3506 1654 eum-

1915 1664 2128 1751 demque
2155 1681 2392 1752 conﬁteri
2422 1681 2620 1738 Filium
2649 1693 2700 1739 et
2740 1685 3024 1742 Dominum
3067 1698 3301 1746 nostrum
3326 1687 3504 1746 Iesum

1915 1767 2178 1826 Chrismm
2206 1783 2555 1828 consonantes
2603 1793 2782 1831 omnes
2814 1779 3072 1846 docemus,
3130 1782 3366 1836 eumdem
3397 1799 3507 1853 per-

205 1858 528 1927 viﬁcantem,
555 1877 622 1916 es:
661 1859 827 1916 Patre
851 1862 1233 1934 procedentem,
1265 1879 1380 1917 cum
1411 1862 1571 1919 Patre
1589 1872 1638 1918 et
1667 1859 1808 1919 Filio
1843 1875 1886 1936 Β
1916 1863 2104 1936 fectum
2148 1865 2203 1918 in
2247 1865 2457 1931 deitate,
2499 1867 2733 1924 eumdem
2762 1871 3045 1942 perfectum
3074 1873 3126 1928 in
3158 1873 3503 1941 humanitate,

203 1947 604 2004 coadorandum
649 1960 700 2006 et
743 1951 1170 2024 gloriﬁcandum,
1221 1953 1308 2024 qui
1353 1953 1552 2010 locutus
1597 1964 1676 2009 est
1719 1972 1812 2022 per

204 2048 423 2094 sanctos
449 2041 751 2114 prophetas,
793 2051 843 2097 et
869 2043 922 2097 in
950 2061 1110 2098 unam
1137 2045 1449 2100 catholicam
1489 2054 1540 2100 et
1568 2047 1812 2114 apostoli-

202 2146 326 2185 cam
349 2129 663 2188 Ecclesiam.
693 2131 1016 2206 Confitemur
1036 2151 1194 2189 umtm
1230 2134 1506 2207 baptisma,
1538 2144 1588 2190 et
1629 2136 1810 2191 remis-

199 2227 406 2280 sionem
427 2236 778 2297 peccatorum.
820 2227 1104 2300 Speramus
1127 2229 1550 2284 resurrectionem
1580 2237 1808 2284 mortuo-

201 2297 342 2374 rum.
377 2316 535 2370 vitam
563 2319 727 2388 futuri
756 2317 955 2373 sa'culi.
989 2319 1171 2372 Amen.

276 2405 548 2478 Suﬂiceret
577 2409 783 2480 quidem
815 2411 884 2463 ad
911 2409 1118 2481 plenam
1144 2411 1491 2484 cognitionem
1520 2411 1730 2482 pietatis
1757 2420 1806 2466 ct

196 2500 660 2570 conﬁrmationem
691 2503 903 2574 sapiens
931 2503 1027 2559 hoc
1065 2515 1116 2559 et
1143 2505 1376 2559 salutare
1402 2505 1591 2559 divina:
1619 2506 1806 2577 gratiae

197 2592 514 2663 symbolum.
567 2593 649 2649 De
682 2593 844 2649 Patre
867 2597 1005 2650 enim
1046 2605 1094 2650 et
1126 2595 1266 2652 Filio
1313 2604 1364 2650 et
1385 2605 1568 2651 sancto
1601 2599 1804 2668 Spiritu

192 2686 572 2756 perfectionem
600 2687 771 2752 docet,
804 2696 854 2742 et
881 2686 1096 2742 Domini
1131 2688 1551 2742 humanationem
1577 2688 1805 2760 ﬁdeliter

193 2781 570 2848 accipientibus
600 2792 962 2854 repraesentat.
995 2782 1105 2838 Sed
1131 2785 1381 2856 quoniam
1409 2784 1461 2838 hi
1494 2783 1581 2854 qui
1613 2783 1802 2838 verita-

197 2875 264 2929 tis
315 2874 596 2947 reprobare
637 2875 1068 2945 praedicationem
1105 2885 1364 2932 conantur
1412 2894 1505 2948 per
1559 2877 1800 2947 proprius

194 2969 424 3025 hmreses
450 2987 612 3024 novas
642 2987 788 3026 voces
817 2981 1120 3042 genuerunt,
1171 2970 1225 3025 hi
1269 2968 1474 3041 quidem
1501 2969 1800 3040 mysterium

193 3063 336 3134 quod
362 3079 460 3134 pro
487 3063 637 3118 nobis
671 3071 750 3118 est
794 3061 1009 3118 Domini
1037 3063 1445 3134 dispensationis
1475 3076 1802 3130 corrumpere

193 3161 596 3222 praesumentes,
633 3163 684 3208 et
714 3153 811 3208 Dei
840 3155 1106 3226 genitricis
1135 3171 1306 3210 vocem
1338 3152 1401 3208 de
1435 3152 1648 3224 Virgine
1673 3149 1798 3205 Ma-

193 3245 278 3298 ria
309 3244 482 3298 dicere
509 3242 803 3310 renuentes,
841 3245 935 3300 alii
959 3262 1078 3307 vero
1109 3245 1466 3317 confusionem
1490 3241 1798 3314 permixtio-
1825 3267 1870 3331 ρ

192 3351 418 3408 nemque
439 3336 854 3406 introducentes,
881 3345 930 3391 et
955 3353 1115 3390 unam
1135 3352 1248 3392 esse
1269 3342 1514 3388 naturam
1543 3333 1720 3386 carnis
1747 3340 1794 3386 et

190 3425 406 3482 deitatis
441 3427 599 3483 stulte
625 3427 998 3498 con/ingentes,
1033 3434 1082 3482 et
1107 3423 1407 3496 passibilem
1433 3422 1687 3495 unigeniti
1717 3421 1800 3476 di-

191 3518 372 3572 vinam
401 3526 648 3572 naturam
686 3533 778 3588 per
815 3518 1172 3589 confusionem
1201 3523 1497 3586 portentose
1543 3513 1794 3578 dicentes,

192 3605 258 3662 ob
283 3607 381 3662 hoc
411 3609 520 3663 illis
545 3625 747 3664 omnem
773 3608 1209 3682 machinationem
1237 3616 1418 3661 contra
1443 3605 1599 3676 ﬁdem
1619 3605 1796 3662 volens

191 3697 440 3752 cltmdere
465 3715 696 3768 praesens
727 3715 866 3754 nunc
892 3709 1074 3754 sancta
1103 3708 1154 3754 et
1177 3715 1372 3771 magna
1403 3706 1558 3769 atque
1583 3697 1794 3774 univer-

189 3789 324 3845 salis
351 3790 604 3862 synodus,
635 3791 1064 3862 pra'dicationem
1092 3791 1227 3844 hanc
1248 3789 1313 3845 ab
1342 3789 1492 3844 initio
1519 3791 1797 3846 inconcus-

189 3899 310 3936 sam
339 3883 551 3949 docens,
597 3883 834 3950 deﬁnivit
861 3883 1220 3955 principaliter
1250 3891 1591 3938 trecentorum
1617 3883 1796 3938 decem

187 3983 242 4028 et
269 3985 390 4030 octo
417 3987 720 4030 sanctorum
746 3986 954 4048 patrum
989 3976 1147 4048 ﬁdem
1175 3993 1387 4031 manere
1414 3975 1791 4032 intentabilem.

191 4063 264 4120 Et
309 4076 525 4138 propter
563 4067 681 4123 illos
711 4068 914 4140 quidem
941 4071 1028 4140 qui
1059 4069 1334 4124 adversum
1363 4077 1604 4124 sanctum
1625 4069 1794 4140 Spiri-

191 4165 301 4210 tum
320 4167 559 4230 pugnant
585 4159 864 4229 poste.iori
893 4166 1122 4227 tempore
1150 4176 1182 4212 a
1210 4157 1452 4212 l’atribus
1481 4157 1622 4229 apud
1651 4156 1792 4212 Con-

187 4247 596 4317 stantinopolim
625 4245 730 4302 CL.
766 4251 1114 4321 congregatis,
1148 4248 1212 4302 de
1237 4247 1530 4302 substantia
1560 4247 1791 4319 Spiritus

187 4341 442 4396 traditam
471 4341 766 4397 doctrinam
795 4343 1115 4406 corroborat,
1148 4358 1302 4413 quam
1324 4340 1402 4394 illi
1425 4338 1665 4394 omnibus
1692 4357 1792 4395 no-

186 4440 300 4488 tam
339 4434 596 4506 fecerunt,
652 4451 756 4489 non
786 4435 933 4506 quasi
967 4433 1105 4505 quod
1133 4431 1332 4504 aliquid
1374 4442 1511 4486 esset
1539 4432 1708 4486 minus
1737 4431 1792 4486 in

183 4524 602 4595 praecedentibus
645 4527 969 4597 inferentes;
1017 4525 1110 4579 sed
1155 4525 1218 4579 de
1247 4523 1450 4596 Spiritu
1498 4533 1679 4580 sancto
1708 4525 1793 4579 in-

184 4612 450 4669 tellectum
495 4631 678 4671 eorum
720 4615 966 4670 adversus
1007 4633 1096 4670 eos
1124 4616 1210 4688 qui
1239 4615 1645 4670 dominationem
1673 4619 1789 4689 ejus

185 4723 437 4778 respuere
465 4716 810 4776 tentaverunt,
841 4709 1232 4781 Scripturarum
1269 4708 1578 4764 testimoniis
1617 4709 1789 4764 decla-

184 4805 384 4852 rantes.
427 4796 654 4870 Propter
694 4799 813 4854 illos
843 4815 959 4854 vero
999 4799 1086 4871 qui
1110 4799 1411 4870 mysterium
1442 4797 1793 4869 dispensatio-

185 4889 268 4944 nis
297 4905 632 4962 corrumpere
660 4893 966 4960 moliuntur,
999 4901 1049 4946 et
1069 4909 1253 4964 parum
1283 4891 1542 4947 hominem
1568 4909 1680 4946 esse
1703 4893 1790 4964 qui

183 4995 249 5034 ea:
295 4990 487 5035 sancta
526 4981 741 5054 Virgine
789 4982 965 5037 Maria
999 4993 1155 5036 natus
1191 4989 1270 5036 est
1310 4983 1634 5052 impudenter
1661 4983 1784 5038 deli-

185 5082 384 5140 rantes,
432 5075 680 5144 epistolas
718 5073 856 5128 beati
897 5071 1083 5146 Cyrilli
1111 5074 1490 5130 Alexandrines
1534 5073 1788 5131 Ecclesia:

185 5167 423 5236 prasulis
441 5167 722 5239 synodicas
745 5165 816 5218 ad
838 5163 1141 5219 Nestorium
1168 5173 1216 5219 et
1237 5163 1309 5218 ad
1328 5164 1460 5220 alios
1480 5182 1572 5236 per
1592 5165 1784 5220 Orien-

189 5267 284 5311 tem
331 5274 591 5332 congruas
655 5259 936 5313 existentes
991 5259 1216 5327 suscepit
1274 5257 1346 5312 ad
1405 5259 1782 5313 convincendas

189 5346 418 5407 Nestorii
443 5353 704 5418 vesanias,
729 5351 1212 5420 interpretationem
1241 5367 1358 5404 vero
1385 5367 1560 5405 eorum
1588 5351 1676 5424 qui
1695 5367 1782 5405 sa-

189 5441 364 5500 lutaris
383 5444 608 5518 symboli
635 5443 726 5514 pio
748 5441 862 5498 zelo
887 5459 1038 5497 nosse
1065 5441 1382 5506 desiderant,
1415 5443 1596 5514 quibus
1625 5443 1782 5498 etiam

187 5537 446 5608 epistolam
471 5552 729 5610 magnam
758 5543 809 5589 et
836 5533 1056 5590 senioris
1077 5533 1216 5588 urbis
1239 5533 1476 5604 prtesulis
1499 5531 1782 5611 beatissimi

185 5636 229 5683 et
247 5629 567 5688 sanctissimi
596 5625 984 5697 archiepiscopi
1013 5623 1222 5692 Leonis,
1251 5638 1366 5696 qua:
1393 5624 1586 5694 scripta
1614 5633 1689 5678 est
1709 5622 1782 5677 ad

181 5733 361 5782 sanetae
395 5719 680 5778 memoria
710 5714 1160 5787 archiepiscopum
1189 5713 1504 5769 Flavianum
1533 5713 1604 5767 ad
1641 5715 1784 5784 peri-

173 5823 396 5880 mendam
449 5811 726 5888 Eutychis
774 5807 968 5864 malum
1010 5810 1426 5882 intelligentiam,
1466 5817 1523 5863 ut
1569 5820 1687 5881 pote
1731 5821 1783 5866 et

162 5918 316 5996 stagni
357 5895 518 5973 illius
553 5905 716 5966 Petri
747 5903 1062 5974 confessioni
1110 5891 1489 5974 congruentem,
1544 5911 1593 5956 et
1640 5920 1779 5959 cam-

1912 1951 2077 2008 Deum
2110 1971 2225 2009 vere
2251 1964 2302 2010 et
2331 1957 2590 2013 hominem
2620 1975 2752 2024 vere,
2781 1962 3015 2017 eumdem
3042 1980 3108 2018 ex
3137 1966 3315 2020 animo
3344 1969 3508 2024 ratio-

1910 2047 2023 2100 nali
2049 2057 2100 2101 et
2126 2065 2360 2120 corpore,
2394 2050 2884 2108 consubstantialem
2915 2054 3070 2111 Patri
3089 2059 3367 2115 secundum
3391 2061 3506 2117 dei-

1911 2151 2090 2208 tatem,
2139 2143 2632 2201 consubstantialem
2664 2147 2812 2203 nobis
2835 2151 3068 2207 eumdem
3099 2155 3384 2210 secundum
3410 2155 3507 2210 huc

1909 2235 2234 2302 inanitatem,
2267 2255 2360 2308 per
2381 2239 2557 2293 omnia
2597 2238 2744 2296 nobis
2791 2241 3012 2296 similem
3046 2244 3241 2318 absque
3269 2258 3507 2318 peccato,

1908 2337 2028 2382 ante
2054 2329 2242 2384 stccula
2272 2329 2478 2402 quidem
2507 2331 2570 2386 de
2603 2332 2762 2388 Patre
2780 2337 3010 2405 genitum
3031 2339 3312 2414 secundum
3335 2341 3504 2396 deita-

1909 2430 2028 2488 tem,
2069 2421 2124 2475 in
2158 2424 2454 2479 novissimis
2483 2434 2656 2480 autem
2684 2425 2864 2481 diebus
2899 2429 3131 2484 eumdem
3171 2443 3380 2503 propter
3407 2452 3516 2490 nos

1905 2521 1956 2566 et
1983 2521 2194 2585 propter
2214 2513 2436 2568 salutem
2465 2525 2698 2571 nostram
2728 2534 2796 2572 ex
2824 2517 3001 2574 Maria
3041 2520 3254 2594 Virgine
3277 2521 3376 2578 Dei
3399 2523 3504 2580 Ce-

1906 2603 2098 2657 nitrice
2143 2604 2426 2660 secundant
2485 2605 2863 2664 humanitatem
2889 2649 2904 2675 ,
2956 2627 3116 2665 unum
3171 2613 3506 2688 eamdemque

1905 2691 2168 2749 Christum
2201 2693 2246 2748 F
2249 2695 2397 2750 ilium
2425 2695 2706 2754 Dominum
2729 2702 3070 2773 unigenitum,
3093 2703 3148 2757 in
3178 2703 3376 2760 duabus
3405 2699 3502 2760 na-

1905 2787 2061 2852 luris,
2085 2787 2376 2860 inconfuse,
2407 2788 2818 2859 immutabiliter,
2858 2791 3097 2856 indivise,
3128 2795 3499 2866 inseparabili-

1905 2883 1984 2929 ter
2010 2877 2419 2948 agnoscendum,
2468 2895 2723 2952 nusquam
2761 2881 2968 2936 sublata
3017 2883 3314 2953 diﬁ'erentia
3355 2895 3504 2940 natu-

1906 2983 2086 3020 rarum
2125 2977 2338 3040 propter
2362 2969 2668 3037 unitionem,
2703 2974 2968 3046 magisque
3011 2975 3155 3029 salva
3181 2977 3500 3048 proprietate

1903 3058 2168 3132 utriusque
2214 3071 2437 3130 natura,
2487 3071 2538 3116 et
2567 3064 2620 3117 in
2650 3063 2809 3118 unam
2835 3083 3116 3136 personam
3146 3079 3300 3141 atque
3325 3063 3496 3128 subsiJ

1902 3151 2144 3205 stentiam
2172 3163 2582 3218 concurrentem,
2611 3171 2716 3210 non
2745 3157 2800 3212 in
2827 3157 2958 3213 duas
2977 3177 3228 3230 personas
3249 3167 3500 3233 partitum

1902 3247 2058 3311 atque
2085 3240 2331 3310 divisum,
2375 3242 2469 3297 sed
2489 3260 2645 3298 unum
2675 3254 2724 3299 et
2765 3247 3000 3301 eumdem
3038 3246 3086 3301 F
3090 3250 3235 3304 ilium
3266 3254 3502 3325 unigeni-

1901 3322 2008 3380 tum
2053 3325 2219 3382 Deum
2249 3327 2469 3383 Verbum
2500 3327 2780 3386 Dominum
2819 3331 3000 3387 Iesum
3033 3333 3315 3405 Christum,
3359 3322 3503 3395 sicut

1899 3424 2023 3472 ante
2055 3419 2320 3491 praphetw
2347 3420 2411 3476 de
2440 3438 2500 3476 eo
2543 3433 2592 3478 et
2620 3425 2732 3496 ipse
2759 3443 2853 3482 nos
2877 3425 3030 3482 Iesus
3059 3428 3294 3486 Christus
3320 3434 3497 3490 erudi-

1895 3507 1988 3573 vit,
2029 3517 2082 3562 et
2127 3506 2350 3564 Patrum
2379 3510 2524 3566 nobis
2570 3513 2858 3584 symbolum
2889 3517 3128 3574 tradidit.
3181 3519 3280 3576 llis
3331 3523 3496 3596 igitur

1897 3615 2016 3654 cum
2041 3601 2186 3654 onmi
2223 3597 2448 3675 undique
2483 3607 2880 3678 scrupulositate
2906 3620 2956 3664 et
2983 3611 3256 3685 diligentia
3285 3633 3316 3670 a
3346 3616 3507 3673 nobis.

1897 3691 2184 3764 dispositis,
2226 3689 2461 3765 deﬁnivit
2489 3707 2673 3752 sancta
2693 3708 2743 3753 et
2769 3702 3080 3758 universalis
3106 3706 3344 3778 synodus
3367 3709 3494 3764 altet

1896 3801 2012 3838 ram
2056 3785 2213 3856 ﬁdem
2257 3789 2388 3842 nulli
2433 3789 2588 3844 licere
2634 3795 2876 3865 proferre
2902 3797 2982 3851 vel
3009 3799 3354 3868 conscribere,
3401 3811 3494 3857 aut

1897 3887 2222 3950 campanere,
2251 3891 2340 3934 aut
2368 3884 2584 3952 sentire,
2613 3895 2705 3944 aut
2732 3885 2918 3942 docere
2960 3889 3134 3944 aliter.
3184 3891 3290 3948 Eas
3320 3904 3492 3950 autem

1895 3971 1982 4041 qui
2005 3971 2120 4025 ausi
2150 3981 2272 4024 sunt
2307 3989 2619 4044 componere
2657 3975 2814 4042 fidem
2843 3978 3086 4044 alterum,
3119 3995 3209 4037 aut
3231 3987 3490 4058 proferre,

1896 4069 1986 4114 aut
2013 4060 2216 4129 docere,
2248 4071 2337 4117 aut
2371 4063 2578 4121 tradere
2607 4068 2831 4124 alterum
2859 4071 3168 4142 symbolum,
3203 4052 3497 4134 volenlibusv

1893 4154 1972 4208 vel
2001 4170 2066 4208 ex
2094 4156 2383 4227 gentilitate
2423 4157 2494 4212 ad
2527 4161 2847 4232 agnitionem
2891 4166 3145 4234 veritatis,
3189 4169 3267 4224 vel
3293 4185 3359 4224 ea:
3396 4169 3492 4225 Ju-

1895 4247 2045 4315 dceis,
2077 4248 2241 4304 velex
2279 4250 2466 4305 quresi
2496 4269 2798 4327 quacunque
2842 4255 3090 4324 com'erti,
3129 4260 3253 4332 hos,
3304 4265 3350 4318 si
3379 4265 3512 4336 cpi?

1893 4343 2037 4413 scopi
2067 4343 2264 4414 fuerint
2291 4352 2381 4396 aut
2406 4345 2602 4412 clerici,
2632 4346 2830 4402 alienos
2859 4365 2972 4404 esse
2993 4351 3260 4425 episcopos
3288 4352 3354 4408 ab
3383 4357 3489 4434 cpi:

1891 4443 2106 4504 scopatu
2131 4443 2180 4488 et
2209 4434 2426 4492 clericos
2455 4454 2486 4490 a
2515 4437 2653 4493 clero
2681 4454 2702 4506 ;
2740 4439 2787 4494 si
2823 4457 2942 4496 vero
2969 4443 3220 4498 monachi
3241 4458 3331 4502 aut
3369 4446 3494 4502 laici

1893 4524 2108 4596 fuerint,
2139 4527 2596 4582 unathematizari.

1967 4613 2315 4672 Dilectissimo
2345 4618 2498 4690 fratri
2526 4617 2788 4678 Flaviano
2817 4619 2940 4679 Leo.

1966 4707 2137 4764 Lectis
2172 4707 2463 4765 dilectionis
2495 4719 2598 4766 tute
2625 4711 2833 4780 litteris,
2883 4733 3015 4788 quas
3047 4720 3300 4775 miramur
3321 4723 3488 4794 fuisse

1895 4809 2001 4854 tam
2021 4817 2186 4867 seras,
2217 4809 2264 4855 et
2289 4810 2550 4874 gestorum
2580 4803 2953 4877 episcOpalium
2981 4809 3167 4866 ordine
3210 4815 3488 4889 recensita,

1890 4891 2102 4947 tandem
2139 4893 2265 4966 quid
2309 4893 2450 4962 apud
2487 4910 2575 4950 vos
2619 4897 2873 4953 scandali.
2903 4911 3088 4956 contra
3134 4904 3518 4976 integritatem.

1891 4983 2022 5058 ﬁdei
2051 4994 2288 5038 exortum
2315 4986 2497 5056 fuisset
2521 4988 2918 5058 agnovimus,.et
2939 5008 3056 5065 qua:
3073 4994 3218 5064 prius
3239 4995 3485 5052 videban-

1895 5085 1979 5132 tur
2023 5076 2224 5132 occulta
2277 5093 2415 5132 nunc
2461 5077 2611 5133 nobis
2656 5091 2886 5136 reserata
2943 5093 3252 5155 patuerunt,
3303 5088 3524 5161 quibus,

1892 5165 2174 5240 Eutyches,
2200 5169 2287 5240 qui
2315 5167 2623 5242 presbyterii
2633 5171 2836 5226 nomine
2849 5173 3170 5230 honorabilis
3192 5176 3484 5249 videbatur,

1892 5260 2110 5314 multum
2151 5260 2453 5331 imprudens
2492 5271 2540 5317 et
2571 5266 2728 5320 nimis
2756 5267 3028 5335 imperitus
3052 5267 3382 5335 ostenditur;
3425 5283 3486 5327 ut

1879 5351 1998 5422 jam
2026 5350 2088 5405 de
2110 5351 2222 5422 ipso
2248 5351 2444 5406 dictum
2465 5353 2533 5408 sit
2560 5370 2592 5407 a
2615 5355 2869 5427 propheta
2901 5371 2920 5410 :
2964 5355 3149 5413 Noluit
3176 5358 3486 5430 intelligere

1889 5450 1946 5496 ut
1974 5441 2116 5497 bene
2155 5451 2366 5512 ageret,
2415 5443 2754 5514 iniquitatem
2801 5445 3096 5505 meditatus
3128 5460 3212 5506 cst
3238 5451 3292 5507 in
3317 5453 3483 5510 cubili

1885 5549 2006 5590 suo.
2051 5532 2194 5598 Quid
2235 5544 2408 5590 autem
2438 5537 2848 5613 iniquiusquam
2895 5540 3056 5613 impia
3082 5557 3268 5612 sapere
3305 5554 3356 5600 et
3394 5562 3484 5600 sa—

1889 5628 2228 5700 pientioribus
2277 5629 2674 5703 doctoribusque
2721 5649 2824 5688 non
2853 5632 3036 5688 cedere
3057 5634 3083 5688 .9
3127 5635 3236 5692 Sed
3263 5636 3318 5692 in
3348 5638 3484 5694 hanc

1887 5719 2242 5790 insipientiam
2267 5721 2460 5778 cadunt
2493 5724 2582 5797 qui
2605 5741 2734 5780 cum
2745 5725 2820 5780 ad
2855 5728 3270 5800 cognoscendam
3295 5733 3483 5788 verita-

1889 5821 1989 5868 tem
2018 5814 2192 5882 aliquo
2221 5813 2578 5887 impediuntur
2615 5815 2854 5885 obscuro,
2897 5834 3002 5874 non
3052 5817 3126 5875 ad
3149 5822 3501 5894 pronheticas.

1887 5921 2058 5975 voces,
2105 5923 2206 5962 non
2238 5907 2644 5980 adapastolicas
2679 5911 2896 5978 litteras,
2939 5925 3036 5966 nec.
3061 5910 3132 5968 ad
3159 5917 3510 5988 evangele
