3986 6364
493 350 596 408 HV
1646 367 1654 374 δ
1691 340 1918 406 νισιιη
1956 341 2058 402 PP.
2100 339 2584 405 CONSTITUTUM
3683 351 3782 412 εις

491 445 856 516 auctoritates,
893 444 988 502 sed
1032 443 1102 500 ad
1147 445 1450 517 semetipsos
1499 451 1774 499 recurrunt
1805 459 1823 507 ;
1868 452 1920 497 et
1963 441 2079 497 ideo
2112 445 2164 506 Α
2185 450 2405 496 uestram
2430 450 2482 495 et
2508 441 2641 495 hanc
2671 441 3008 496 unircrsalrm
3037 453 3275 500 sanctam
3311 445 3590 517 synodum.
3619 447 3779 522 Euty—

493 535 737 610 ntagistri
763 535 956 591 erroris
985 535 1237 600 existunt,
1285 536 1410 608 quia
1441 535 1671 590 veritatis
1700 533 1940 606 discipuli
1982 550 2088 588 non

499 629 730 698 fuerunt.
769 624 836 681 Et
863 635 1060 684 cetera
1088 642 1209 697 qua:
1255 628 1309 684 in
1339 627 1534 685 eadem
1562 628 1794 700 epistola
1823 643 1992 698 usque
2019 628 2086 682 ad

494 713 664 773 ﬁnem
693 717 1062 774 continentur.
1101 715 1246 771 Data
1270 717 1389 772 idus
1427 717 1618 774 lunias
1645 717 1846 775 Asteria
1875 727 1926 774 et
1957 717 2089 774 Pro-

496 817 681 880 togene
707 806 1027 863 consulibus.

565 901 606 960 Ι.
647 900 1008 975 Posteaquam
1035 903 1182 961 beati
1213 897 1669 962 Chalcedonensis
1686 901 1900 964 cmicilli
1929 919 2095 976 espo-

495 994 753 1052 sitionem
779 990 867 1054 vel
895 996 1041 1053 beati
1069 987 1268 1054 Leonis
1295 997 1581 1068 epistolam
1609 991 1678 1055 de
1701 1005 1887 1054 sancta
1917 1006 1972 1054 ct
1999 1013 2094 1053 or-

496 1081 737 1144 thodoxa
765 1080 871 1144 lide
893 1088 1192 1160 posuimus.
1221 1104 1342 1160 qua:
1369 1104 1475 1144 una
1501 1089 1800 1159 eademque
1825 1095 1908 1145 est
1929 1088 2092 1144 trium

496 1177 919 1249 praecedentium
946 1180 1298 1253 synodornm,
1329 1180 1382 1236 id
1411 1188 1514 1244 est,
1539 1179 1790 1247 Nicamtc,
1820 1179 2091 1236 Constan-

2189 530 2310 584 clies
2333 530 2608 584 aduersum
2636 546 2717 583 me
2738 545 2833 600 pro
2855 530 2962 600 ﬁde
2989 531 3229 603 qurcdam
3258 535 3399 606 falsa
3417 537 3660 607 conﬁxit,
3691 550 3778 596 nec

2189 638 2271 676 me
2301 637 2354 675 in
2382 631 2566 674 sancta
2602 620 2800 692 sguodo
2825 621 3044 677 introire
3071 626 3326 692 permisit.
3362 624 3429 680 Et
3467 639 3592 699 post
3632 630 3736 686 alia
3763 650 3780 686 ε

2193 707 2272 768 Ob
2301 717 2398 770 Itoc
2427 715 2640 781 etenim,
2678 715 2812 768 sicut
2829 714 2946 784 jam
2987 715 3192 781 edocui,
3223 715 3332 772 adii
3357 734 3565 774 sacrum
3601 730 3652 776 et
3681 719 3781 778 int-3

2191 804 2462 860 mortalem
2481 805 2742 870 verticem,
2772 815 2822 858 et
2843 805 3002 876 jussit
3028 817 3250 860 vestram
3271 811 3716 882 magniﬁcentiam
3736 823 3786 870 et

2191 903 2430 950 sanctam
2457 895 2710 968 synodum
2741 895 2924 950 audire
2947 912 3064 963 qua
3083 897 3353 953 aduersum
3373 909 3460 954 me
3477 909 3623 974 gesta
3642 914 3782 962 sunt.

2193 985 2264 1042 Et
2290 981 2598 1060 cognovistis
2624 1003 2690 1042 ea:
2720 986 2925 1044 decreto
2951 989 3074 1061 quia
3099 989 3156 1044 in
3183 987 3330 1046 nullo
3368 991 3648 1064 culpabilis
3673 1010 3786 1054 sunt

2191 1087 2446 1150 repertus.

2265 1163 2330 1226 ll.
2369 1167 2554 1226 Claret
2582 1169 2744 1240 igitur
2768 1169 2838 1226 ab
2867 1169 2986 1242 ipso
3025 1170 3182 1229 initio
3211 1188 3322 1246 quo
3347 1172 3470 1230 ibas
3500 1173 3788 1233 Edessena!

501 1269 896 1341 tinopolitanm,
925 1278 1090 1340 atque
1117 1265 1403 1342 Epliesinte
1431 1271 1620 1342 prima:
1647 1277 1706 1326 et
1730 1268 1844 1326 Deo
1868 1269 2094 1340 juvante
2194 1263 2427 1320 civitatis
2454 1264 2745 1335 episcopus
2784 1272 3029 1321 sanctam
3074 1263 3576 1322 Cbaleedoncnsem
3621 1283 3786 1340 syno—

499 1363 556 1414 ιη
585 1375 651 1416 ea
683 1375 783 1415 nos
804 1360 952 1416 omni
977 1361 1210 1418 sinceras
1252 1361 1454 1417 mentis
1476 1359 1769 1417 devotione
1797 1361 2095 1432 persistere

2203 1347 2327 1410 dum
2354 1362 2685 1410 monstratur
2714 1355 3008 1424 ingressus,
3045 1353 3331 1426 epistolam
3356 1366 3476 1428 quae
3504 1357 3572 1412 ad
3599 1357 3788 1414 Marini

501 1451 812 1507 fraternitas
857 1460 1036 1508 vestra
1064 1459 1120 1509 et
1165 1451 1488 1508 universalis
1516 1451 1800 1522 cognoscit
1828 1451 2091 1520 Ecclesia,

2203 1441 2416 1500 Persam
2447 1443 2516 1500 ab
2541 1459 2609 1500 eo
2629 1444 2826 1516 scripta
2850 1446 3216 1517 compingitur
3243 1441 3403 1522 [forte
3421 1447 3787 1522 cenlingitur],

501 1542 872 1599 necessarium
896 1542 1055 1600 valle
1083 1537 1374 1612 credimus,
1417 1555 1519 1616 pro
1549 1543 1666 1613 ejus
1692 1545 1956 1600 servanda
1998 1559 2098 1616 per
2196 1535 2322 1608 quia
2351 1551 2446 1592 sua
2467 1535 2628 1592 fuerit
2653 1535 2969 1606 denegasse,
3003 1537 3142 1594 adeo
3171 1547 3230 1594 ut
3251 1539 3596 1610 apertissime
3615 1537 3791 1597 fateaa

500 1633 683 1688 omnia
711 1633 1040 1703 reverentia,
1065 1633 1134 1692 de
1153 1634 1531 1707 suprascriptis
1550 1635 1713 1691 trium
1735 1636 2095 1708 capitulorum
2199 1632 2288 1680 tur
2310 1624 2362 1680 in
2386 1625 2607 1680 secundi
2637 1625 2780 1680 illius
2809 1625 3065 1697 Ephesini
3112 1627 3328 1684 concilii
3371 1629 3568 1685 nefarii
3619 1631 3791 1700 gestis

501 1719 892 1795 antestionibus
919 1725 1204 1796 diligenter
1230 1723 1432 1786 debere
1459 1745 1560 1786 nos
1596 1736 1792 1788 cuneta
1824 1729 2097 1787 discutere

2203 1711 2514 1790 injustitiam
2553 1733 2614 1775 se
2652 1719 2722 1775 ab
2750 1717 2994 1792 Eutyche
3021 1728 3080 1776 et
3115 1719 3247 1776 falsa
3280 1720 3534 1791 ﬁgmenta
3560 1739 3789 1796 ρει-ραι

501 1823 560 1871 ct
584 1824 742 1873 cauta
772 1811 1207 1888 promulgatione
1231 1820 1514 1876 sententia:
1541 1819 1786 1878 delinire.
1845 1821 2095 1878 Arbitra-

2203 1825 2337 1866 sum.
2395 1807 2625 1866 Constat
2671 1819 2854 1866 autem
2901 1811 2958 1867 in
3003 1811 3194 1869 eadem
3243 1813 3480 1870 secunda
3516 1813 3794 1888 Ephesina

502 1913 626 1962 titur
653 1919 782 1978 ergo
811 1921 932 1964 esse
959 1910 1295 1966 conveniens
1339 1912 1594 1982 primmn,
1647 1912 1787 1968 sicut
1814 1914 2100 1984 proposui-

2203 1899 2474 1960 audientia
2504 1904 2764 1961 adversus
2797 1905 3076 1962 absentem
3107 1906 3425 1977 praedictum
3469 1907 3793 1982 episcopum

505 2014 648 2068 rutis,
679 1991 806 2069 quid
835 1999 905 2058 de
931 2001 1158 2072 cpistola
1194 2017 1314 2072 qua:
1342 2004 1411 2060 ab
1438 1996 1528 2060 lba
1557 2003 1628 2060 ad
1657 2003 1846 2061 Marim
1880 2005 2098 2064 Persam

2203 1994 2307 2051 hoc
2331 2010 2492 2066 quam
2521 1995 2757 2052 maxime
2787 1994 3106 2066 flagitatum,
3158 2001 3219 2052 ut
3259 1998 3538 2069 responsis
3573 2000 3793 2057 testium

505 2083 709 2161 scripta
736 2089 955 2157 dicitur,
1002 2093 1338 2163 apertissima
1367 2094 1832 2152 demonstratione
1858 2097 2100 2153 declara-

505 2195 586 2236 re.
629 2173 764 2236 Dum
807 2177 970 2252 igitur
1007 2177 1128 2239 ibas
1173 2185 1460 2256 episcopus
1489 2186 1736 2259 improbe
1763 2203 1794 2242 a
1823 2183 2097 2254 Samuelo,

506 2267 676 2337 liora,
727 2273 956 2346 aliisque
982 2275 1096 2332 suis
1135 2271 1348 2332 clericis
1375 2270 1670 2348 impetilus,
1713 2285 1770 2334 et
1797 2295 1898 2351 pro
1925 2275 2097 2349 gravi,

506 2371 763 2434 tanquam
794 2364 1120 2436 impugnata:
1151 2365 1218 2421 ab
1247 2382 1315 2422 eo
1333 2375 1538 2424 sancta:
1569 2360 1712 2436 lidei,
1742 2369 1968 2426 crimine
1987 2371 2104 2441 epi-

507 2455 648 2514 stola
679 2455 746 2512 ad
775 2455 964 2512 Marim
993 2455 1214 2514 Persam
1263 2458 1313 2513 ei
1360 2458 1428 2513 ab
1457 2459 1663 2514 eisdem
1689 2455 2102 2516 accusatoribus

510 2545 700 2604 fuisset
727 2550 996 2620 opposita,
1032 2565 1132 2604 nec
1159 2566 1264 2604 non
1295 2565 1325 2605 a
1354 2547 1552 2606 Photio
1581 2557 1638 2606 et
1670 2549 1954 2607 Eustathio
1988 2552 2104 2622 cpi-

508 2639 691 2712 scapis
729 2639 918 2696 fuisset
967 2641 1266 2709 absolutus,
1308 2641 1506 2712 quibus
1547 2649 1678 2698 tunc
1716 2657 1747 2697 a
1796 2641 2104 2698 Theodosio

509 2733 614 2803 pia:
641 2732 1038 2788 recordationis
1065 2733 1306 2804 principe
1350 2733 1523 2790 fuerat
1549 2733 1794 2804 delegata
1824 2736 2101 2804 cognitio;

492 2839 576 2888 ,ae
605 2831 795 2895 postea
825 2837 924 2896 pro
972 2826 1160 2881 iisdem
1209 2843 1236 2880 a
1264 2827 1460 2896 quibus
1506 2825 1681 2882 fuerat
1709 2837 1970 2898 purgatus
1999 2829 2104 2884 cri-

509 2915 767 2981 minibus,
800 2931 900 2993 per
926 2910 1130 2972 nefaria
1158 2911 1246 2973 illa
1269 2928 1421 2988 gesta
1447 2917 1702 2989 Ephesini
1728 2920 1950 2975 secundi
1973 2937 2106 2975 con-

510 3007 643 3076 cilii,
673 3008 871 3066 absens
900 3007 1158 3065 falsorum
1183 3013 1458 3081 responsis
1489 3011 1708 3066 testium
1740 3026 1900 3082 quam
1933 3013 2106 3067 maxi-

514 3113 604 3154 me
653 3099 900 3156 eamdem
949 3101 1014 3156 ad
1058 3093 1250 3156 Marim
1289 3095 1576 3172 epistolam
1627 3099 1745 3168 ejus
1789 3117 1910 3156 esse
1953 3117 2106 3156 assc-

2196 2085 2520 2158 jampridem
2550 2088 2934 2158 productorum
2963 2092 3307 2146 accusatores
3333 2088 3452 2159 ejus
3491 2090 3796 2148 niterentur

2202 2181 2489 2238 ostendere
2514 2181 2661 2236 Ibam
2691 2182 3005 2252 episcOpnm
3035 2195 3158 2237 eam
3189 2191 3312 2252 qua:
3351 2179 3421 2238 ad
3441 2177 3632 2238 Marini
3661 2179 3792 2240 Per-

2203 2286 2318 2325 sam
2343 2272 2544 2342 scripta
2571 2269 2746 2326 fuerat
2766 2271 3054 2342 epistolam
3085 2287 3239 2326 suam
3267 2269 3435 2329 fuisse
3460 2272 3788 2330 confessum.

2202 2359 2280 2416 Ex
2305 2377 2414 2432 qua
2441 2377 2605 2417 causa
2635 2369 2860 2432 apparet
2887 2376 3039 2430 eum,
3085 2361 3227 2417 sicut
3268 2361 3384 2432 ipse
3412 2363 3682 2432 queritur,
3712 2365 3793 2420 ine

2200 2449 2346 2524 justa
2378 2456 2648 2508 sententia
2680 2453 2844 2508 fuisse
2872 2453 3207 2508 damnatum.
3231 2453 3384 2520 Quod
3409 2455 3535 2524 quia
3565 2454 3658 2510 lba
3680 2457 3795 2527 epi-

2204 2562 2401 2616 scapus
2432 2541 2579 2602 fafsis
2610 2546 2880 2616 figmentis
2924 2545 3170 2616 falsaque
3219 2549 3567 2604 accusatione
3611 2557 3669 2605 et
3696 2559 3796 2621 petl

2205 2639 2528 2694 calumniam
2572 2637 2856 2693 adversum
2886 2651 2945 2692 se
2975 2638 3026 2693 in
3057 2637 3297 2692 secundo
3328 2637 3600 2708 Epliesino
3628 2653 3797 2710 praro

2201 2728 2330 2804 judi.
2353 2733 2406 2788 io
2435 2727 2625 2786 asserit
2647 2728 3042 2796 concinnatum,
3067 2731 3472 2793 evidentissima;
3491 2731 3800 2788 declaratur

2207 2840 2236 2879 a
2289 2825 2580 2895 smpedicto
2635 2818 2726 2879 lba
2775 2824 3034 2895 episcopo
3081 2831 3440 2880 memoratam
3489 2825 3555 2880 ad
3606 2825 3799 2880 Marini

2209 2911 2430 2971 Persam
2459 2916 2714 2984 scriptam
2739 2915 3025 2986 epistolam
3070 2915 3197 2984 quia
3224 2929 3321 2970 sua
3351 2915 3528 2971 fuerat
3556 2915 3800 2987 denegaa

2209 3012 2341 3061 tam.
2379 3004 2496 3061 Huc
2533 3005 2740 3061 accedit
2763 3006 2907 3076 quod
2939 3005 3082 3062 illius
3121 3007 3338 3062 concilii
3381 3006 3605 3063 nefariis
3634 3010 3804 3078 gestis

2210 3096 2321 3167 ipsa
2351 3111 2384 3151 a
2413 3112 2794 3166 responsorum
2817 3098 3034 3152 testium
3065 3097 3132 3153 ab
3177 3098 3506 3156 adversariis
3553 3103 3801 3177 episcopi

511 3189 744 3247 centium
794 3185 979 3247 fuisset
1007 3191 1277 3259 addictus,
1321 3193 1546 3247 veniens
1575 3191 1640 3247 ad
1672 3199 1915 3248 sanctam
1940 3191 2108 3247 Clial-
2135 3208 2179 3271 ς
2210 3183 2314 3243 Iba?
2359 3187 2604 3257 praelatio
2648 3186 2906 3262 ll'eritas,
2937 3187 3194 3261 prolatio]
3217 3230 3233 3256 ,
3275 3189 3472 3260 quibus
3513 3191 3806 3262 epistolam

511 3279 870 3338 ceduncnsem
899 3283 1162 3355 synodum
1187 3283 1300 3336 lucc
1320 3297 1420 3352 pro
1445 3297 1542 3336 sua
1565 3282 1886 3352 purgatione
1910 3281 2107 3350 legitur

511 3372 796 3443 allegasse.
847 3365 924 3430 De
951 3375 1160 3446 synodo
1205 3372 1634 3429 Clialcedoncnsi
1690 3374 1742 3428 in
1794 3367 2010 3430 actione
2039 3375 2107 3432 de

510 3451 604 3516 Iba
631 3456 890 3534 episcopo
917 3454 1098 3518 habita
1143 3471 1268 3532 post
1296 3455 1400 3516 alia
1433 3463 1504 3516 ita
1537 3463 1672 3533 (Act.
1702 3461 1800 3531 9):
1833 3461 2106 3534 Ingressus

514 3543 1094 3609 lbas’rccerentissimus
1113 3553 1392 3608 Edesscua'
1411 3553 1635 3608 civitatis
1649 3555 1920 3627 episcopus
1937 3553 2072 3611 dixit
2084 3572 2103 3610 :

512 3637 841 3714 Injustitiam
888 3644 952 3698 ab
1004 3643 1236 3716 Eutyche
1288 3654 1338 3698 et
1396 3646 1536 3717 falsa
1599 3645 1849 3717 ﬁgmenta
1895 3663 2107 3719 perpes-

509 3749 621 3801 sas,
651 3735 837 3791 absens
859 3753 891 3790 a
919 3737 1266 3810 quadraginta
1292 3739 1672 3806 mansionibus,
1702 3749 1752 3794 et
1791 3739 2107 3795 condemna-

512 3832 619 3892 tus,
651 3829 732 3883 hic
753 3829 938 3885 adreni
969 3830 1244 3898 impetrare
1273 3831 1617 3895 clementiam,
1669 3841 1719 3886 et
1749 3831 1856 3886 adii
1895 3849 2106 3887 sacrum

509 3928 562 3972 et
588 3920 937 3974 immortalem
967 3923 1225 3987 verticem,
1257 3930 1306 3976 et
1337 3922 1497 3993 jussit
1520 3930 1688 3976 vestra
1716 3923 2104 3994 magniﬁcentia

508 4019 624 4065 cum
652 4019 836 4066 sancta
865 4013 963 4066 hac
991 4022 1040 4067 et
1067 4015 1346 4068 universali
1375 4014 1572 4085 synodo
1593 4031 1708 4087 qua-
1727 4015 1999 4070 adversum
2023 4033 2106 4070 me

509 4105 632 4156 s‘ttnt
663 4108 809 4176 gesta
850 4105 1165 4176 perquirere.
1207 4103 1473 4172 Deprecor
1499 4106 1658 4176 igitur
1684 4121 1773 4160 vos
1812 4115 1869 4159 ut
1906 4121 2103 4178 cogno-

505 4189 670 4250 statis
695 4196 819 4266 quia
847 4195 1038 4266 falsam
1061 4191 1458 4250 acntsationem
1484 4197 1672 4267 pertuli
1709 4206 1758 4251 et
1785 4198 2103 4252 calumniam

507 4304 541 4341 a
568 4285 877 4360 quibusdam
905 4288 1128 4342 clericis.
1157 4287 1342 4342 Jubete
1365 4302 1490 4360 ergo
1514 4305 1575 4342 ea
1595 4305 1710 4361 qua!
1722 4290 1962 4360 judicata
1983 4301 2102 4344 sunt

506 4395 541 4432 a
575 4377 764 4433 Photio
793 4387 842 4432 et
867 4375 1147 4434 Eustatltio
1186 4375 1614 4434 reverentissimis
1641 4381 1894 4452 episcopis
1921 4381 2100 4454 relegi.

509 4467 746 4528 Uranius
782 4466 920 4526 enim
952 4473 1222 4544 episcopus
1266 4468 1634 4528 Ilemeriorum
1665 4490 1759 4540 pro
1787 4475 1961 4546 gratia
1985 4473 2101 4528 Eu-

2209 3279 2328 3349 ejus
2356 3278 2520 3334 fuisse
2542 3277 2677 3334 falso
2707 3279 3019 3335 nitebantur
3044 3282 3354 3349 ostendere,
3387 3282 3517 3337 nihil
3541 3283 3692 3338 aliud
3722 3285 3806 3338 ἰλι

2207 3372 2482 3443 dicatnisi
2511 3372 2638 3440 quia
2669 3371 2722 3426 in
2753 3379 3178 3426 memoratorum
3221 3370 3399 3428 Pliotii
3437 3382 3496 3428 et
3532 3373 3804 3430 Eustatliii

2202 3461 2408 3532 judicio
2437 3475 2556 3516 esse
2584 3459 2825 3530 ejusdem
2861 3461 2966 3516 lbm
2996 3462 3237 3532 episcoiii
3284 3462 3505 3533 probari
3554 3479 3669 3520 non
3702 3480 3806 3536 μου

2208 3553 2326 3608 tuit.
2369 3551 2505 3608 Nam
2550 3552 2594 3607 si
2638 3551 2867 3622 probata
2898 3551 3006 3609 illic
3034 3568 3136 3608 οδε(
3159 3562 3199 3619 t,
3247 3553 3414 3622 gestis
3443 3555 3630 3626 potius
3656 3551 3805 3627 apud

2206 3633 2456 3698 Pliotium
2487 3648 2542 3699 et
2567 3639 2903 3698 Eustathiqu
2934 3643 3128 3698 habitis
3156 3644 3208 3698 in
3255 3644 3524 3716 Ephesina
3553 3647 3800 3703 secunda

2205 3735 2416 3806 synodo
2461 3743 2805 3790 accusatores
2844 3750 3006 3804 quam
3058 3737 3283 3792 testibus
3332 3747 3634 3794 uterentur.
3676 3738 3798 3795 Non

2207 3826 2352 3882 enim
2382 3825 2451 3881 de
2480 3824 2806 3894 manifestis,
2828 3826 2923 3881 sed
2946 3825 3015 3880 dc
3045 3827 3266 3882 incertis
3298 3830 3459 3884 rebus
3487 3831 3803 3899 producen-

2205 3916 2398 3973 dorum
2421 3915 2638 3972 testium
2667 3918 2963 3972 necessitas
2993 3917 3281 3986 lrrogatur.
3319 3917 3473 3975 Unde
3498 3919 3806 3989 justissima

2202 4005 2324 4062 lbas
2354 4007 2645 4078 episcopus
2691 4021 2858 4078 agens
2885 4009 3029 4078 apud
3075 4019 3323 4065 sanctum
3353 4009 3808 4070 Clialccdonense

2202 4100 2515 4168 concilium,
2545 4099 2710 4154 falsos
2749 4099 2971 4154 eosdem
3019 4107 3186 4155 testes
3213 4101 3569 4172 redarguens,
3624 4119 3689 4159 se
3717 4105 3810 4158 alr-

2201 4204 2357 4252 sente
2381 4195 2434 4251 in
2459 4195 2696 4252 secunda
2727 4194 2993 4266 Ephesius
3025 4211 3126 4266 per
3155 4196 3408 4265 ﬁgmenta
3436 4197 3619 4266 potius
3644 4211 3806 4264 quam

2203 4301 2303 4358 per
2323 4287 2611 4343 veritatem
2641 4287 3044 4343 accusationem
3075 4302 3394 4357 perpessum
3419 4301 3539 4344 esse
3566 4299 3808 4356 conque-

2203 4381 2380 4448 ritur;
2411 4381 2612 4452 quippe
2651 4379 2744 4451 qui
2776 4388 3002 4435 norcrat
3030 4395 3090 4434 se
3132 4379 3184 4434 in
3213 4379 3420 4449 judicio
3450 4377 3807 4449 prmfatorunt

2204 4473 2584 4545 episcoporum
2615 4470 2793 4527 Photii
2821 4479 2878 4526 et
2901 4469 3171 4525 Eustathii
3202 4471 3347 4524 nulla
3377 4470 3444 4524 ab
3473 4469 3686 4526 eisdem
3715 4485 3807 4524 aco

507 4561 673 4632 tgchis
724 4561 903 4616 omnia
929 4577 1090 4633 agens
1129 4563 1443 4632 prtcparavit
1487 4561 1738 4634 quosdam
1767 4560 1982 4618 clericos
2009 4580 2098 4617 ac-
2132 4587 2178 4647 ο
2204 4562 2545 4618 cusatoribus
2605 4561 2921 4617 obscctione
2970 4561 3320 4624 convictum;
3382 4567 3690 4630 contraque
3737 4559 3807 4613 ad

505 4664 692 4706 cusare
716 4667 818 4716 me,
840 4660 890 4705 et
901 4647 1156 4722 judicium
1185 4645 1284 4706 sibi
1308 4652 1670 4724 prtrdictisque
1694 4651 1997 4710 transmitti.
2028 4653 2098 4709 Et

504 4736 744 4798 intentus
772 4758 886 4798 sum
912 4740 1161 4799 innocens
1190 4762 1222 4798 a
1251 4741 1586 4818 blaspltemiis
1629 4763 1746 4820 qua:
1782 4747 1908 4802 mihi
1937 4744 2100 4803 illata:

505 4844 649 4902 sunt,
680 4840 733 4890 et
760 4835 1052 4908 judicatum
1092 4833 1274 4892 datum
1301 4846 1381 4892 est
1421 4855 1454 4892 a
1482 4840 1721 4911 praefatis
1746 4835 2100 4894 reverentissi-

503 4929 607 4984 mis
651 4929 906 5000 episcopis
936 4922 1293 4984 accusationes
1338 4924 1546 5000 quidem
1587 4927 1859 4982 adversum
1886 4945 1968 4983 me
2008 4946 2101 5001 per

503 5019 821 5075 calumniam
870 5021 1038 5092 [actas
1083 5037 1333 5092 arguens,
1375 5015 1861 5091 testiﬁcans'autem
1886 5037 1968 5074 me
1988 5035 2101 5075 esse

504 5112 839 5168 catholicum.
869 5107 1054 5167 .l'ubete
1083 5107 1260 5168 omnia
1281 5128 1398 5184 qua?
1417 5129 1509 5183 per
1535 5105 1828 5167 absentiam
1857 5129 2024 5167 meam
2046 5115 2101 5170 in

507 5203 720 5274 prltcso
749 5211 893 5276 gesta
931 5213 1055 5260 sunt
1092 5205 1336 5280 euacuari
1372 5213 1422 5258 et
1443 5198 1706 5275 justitiam
1734 5205 1862 5260 mihi
1881 5203 2097 5272 servari,

501 5297 592 5369 qui
617 5313 732 5351 sum
757 5297 811 5350 in
840 5293 984 5351 nullo
1013 5290 1306 5367 culpabilis,
1331 5304 1382 5350 et
1409 5291 1556 5350 reddi
1585 5292 1715 5350 mihi
1746 5297 2100 5366 episcopatum

502 5388 702 5460 pariter
723 5396 776 5441 et
801 5382 1116 5442 Ecclesium.
1149 5381 1293 5442 Nam
1331 5395 1382 5442 et
1411 5403 1590 5443 omnes
1618 5387 1794 5442 clerici
1823 5386 2096 5454 Edesseni,

503 5495 595 5548 per
621 5494 750 5551 quos
777 5480 1096 5548 scripserunt
1135 5481 1371 5552 praefatis
1395 5475 1675 5552 episcOpis,
1717 5487 1978 5534 testantur
2015 5495 2098 5534 me

500 5585 616 5644 esse
636 5568 968 5635 catholicum,
1001 5576 1052 5623 et
1077 5569 1279 5624 alienus
1308 5587 1423 5624 sum
1459 5587 1491 5624 a
1519 5571 1740 5643 nefariis
1763 5569 2098 5642 blasphemiis

502 5677 622 5735 qua-
661 5657 796 5717 mihi
836 5663 1176 5736 inferuntur;
1207 5673 1262 5719 et
1289 5669 1507 5719 caetera.
1557 5658 1692 5719 Item
1739 5676 1807 5718 ex
1851 5663 2096 5732 ejusdem

503 5753 697 5827 synodi
728 5753 942 5810 actione
969 5753 1254 5810 undecima
1293 5773 1306 5810 :
1358 5753 1633 5826 Ingressus
1670 5753 1788 5808 lbas
1818 5754 2099 5824 prwdt'rttts

511 5843 947 5900 umentissimus
994 5845 1068 5899 rir
1116 5845 1292 5899 dixit:
1343 5842 1606 5916 Deprecor
1652 5846 2098 5916 magniﬁcentiam

2205 4653 2680 4710 demonstrandam
2723 4653 2934 4724 plenius
2984 4653 3350 4708 innocentiam
3392 4668 3567 4717 suam,
3622 4651 3807 4706 Photii

2205 4752 2368 4816 atque
2397 4741 2660 4800 Eustathii
2691 4745 3070 4816 episcoporum
3095 4745 3394 4814 judicatum
3416 4745 3585 4814 relegi
3608 4754 3807 4816 postu-

2206 4839 2358 4906 larit,
2404 4839 2459 4894 in
2498 4854 2730 4908 quorum
2767 4837 2972 4907 judicio
3012 4837 3139 4892 dum
3192 4838 3388 4912 [{0rte,
3435 4836 3695 4910 dudum]
3734 4839 3804 4891 ab

2207 4931 2613 4987 accusatoribus
2654 4929 2864 4984 libellus
2907 4927 3098 4984 fuisset
3126 4929 3342 4983 oblatus
3374 4929 3445 4982 ita
3489 4928 3630 4999 (Act.
3669 4929 3763 4996 10)
3794 4945 3805 4979 :

2209 5022 2325 5080 Nos
2353 5023 2587 5094 equidem
2615 5021 2925 5094 aptabamus
2971 5038 3124 5076 omne
3171 5032 3369 5092 tempus
3400 5023 3519 5075 rita:
3546 5022 3664 5074 sine
3693 5022 3775 5074 liti
3783 5051 3806 5061 -

2204 5116 2289 5186 gio
2345 5115 2529 5168 vivere.
2589 5110 2847 5176 Quoniam
2889 5122 3062 5166 autem
3100 5129 3162 5166 ea
3205 5127 3321 5183 qua:
3359 5112 3612 5166 audacter
3655 5121 3810 5182 gesta

2202 5213 2321 5260 sunt
2349 5203 2592 5258 adversus
2619 5213 2854 5258 nostram
2883 5201 3177 5256 Ecclesium
3205 5212 3255 5258 et
3279 5203 3675 5258 sanctissimam
3703 5202 3808 5254 Pu-

2201 5301 2337 5350 trum
2359 5301 2651 5350 nostrorum
2672 5291 2831 5366 ﬁdem
2859 5312 2892 5348 a
2919 5296 3202 5349 venerabili
3229 5292 3468 5364 episcopo
3491 5304 3674 5349 nostro
3709 5293 3808 5348 Iba

2198 5386 2473 5460 injustitia!
2496 5385 2736 5460 proxima
2765 5383 3079 5458 impulerunt
3118 5403 3214 5442 nos
3247 5387 3319 5441 ad
3342 5387 3476 5441 hanc
3505 5389 3806 5441 accusatio-

2201 5497 2319 5534 nem
2339 5477 2688 5545 descendere;
2717 5487 2774 5534 et
2802 5479 3026 5547 reliqua.
3067 5477 3313 5548 Dumque
3353 5469 3423 5532 ab
3465 5477 3676 5534 eisdem
3710 5493 3802 5533 co-

2200 5570 2504 5640 gnitoribus
2534 5585 2629 5641 per
2670 5569 3146 5624 interlocutioncm
3189 5570 3469 5624 decretum
3519 5568 3714 5622 fuisset
3747 5578 3805 5619 ut

2200 5678 2232 5718 a
2271 5662 2509 5732 generali
2540 5662 2886 5717 accusatione
2913 5660 3333 5726 descendentes,
3381 5660 3703 5730 singillatim
3737 5670 3805 5714 es

2198 5754 2402 5824 scripto
2443 5763 2788 5808 accusatores
2831 5768 2954 5820 quae
2999 5752 3262 5808 adversus
3289 5751 3436 5807 ibam
3477 5752 3806 5823 episcopum

2200 5844 2443 5902 dicerent
2473 5845 2704 5917 capitula
2735 5844 3100 5916 designarent,
3150 5845 3281 5902 nillil
3313 5845 3482 5912 aliud,
3531 5855 3808 5916 quantum
