3986 6402
203 338 302 414 tui

1106 350 1240 407 PRO
1280 347 1727 408 DKMSATIONE
1767 347 1980 405 TRIUM
2023 345 2538 407 CAPITULOLUM.

3395 347 3498 406 130

200 471 264 528 sd
291 470 416 525 Mei
444 461 642 526 causas
670 468 929 540 pertinet,
971 467 1030 523 id
1054 478 1165 536 est,
1187 467 1334 539 quod
1363 465 1583 524 Patrum
1611 465 1796 532 ﬁdem,
1830 469 1876 527 Α
1903 477 1950 520 et
1995 467 2104 537 ipse
2145 467 2217 520 ad
2256 466 2664 537 satisfactionem
2691 483 2878 522 eorum
2898 483 3014 538 qua
3053 467 3064 541 ξ
3088 467 3240 544 foNe.
3267 465 3332 523 de
3359 463 3496 534 Mcl

203 569 258 618 nt
281 569 632 618 accusatores
666 559 947 624 dixerant.
999 559 1318 630 impugnare
1356 557 1656 622 videretur,
1697 556 1798 610 nisi

203 655 301 711 hoc
324 649 710 706 tantummodo
739 651 811 706 ab
834 651 914 705 eis
943 649 1219 704 accusatio
1243 647 1463 720 scriptis
1491 646 1672 700 oblata
1699 661 1801 699 no-

201 745 365 800 scitur
389 741 682 798 crmtinere
707 741 838 811 quia
880 741 1100 795 beatum
1130 738 1392 810 Cyrillum
1424 736 1664 808 appellat
1691 735 1803 790 hac-

203 835 446 904 reticum,
487 842 551 888 et
595 833 674 889 ob
720 833 830 889 hoc
872 831 1226 888 Nestorianus
1274 845 1398 885 esse
1444 837 1800 884 monstratur.

205 929 278 984 Ita
304 928 450 983 enim
475 925 614 982 dicit
639 943 654 980 :
711 924 854 991 Quia
877 922 1232 980 Nestoriauus
1258 931 1356 987 est,
1386 931 1436 976 et
1467 921 1672 976 beatum
1703 919 1804 992 Cy-

205 1019 374 1074 rillum
416 1019 727 1090 episcopum
769 1017 1068 1074 bareticuns
1115 1015 1348 1086 appellat
1380 1031 1400 1079 ;
1450 1014 1596 1084 quod
1644 1013 1697 1068 in
1741 1027 1802 1069 se

209 1113 435 1168 maxime
451 1125 578 1181 qua
596 1111 666 1166 ad
687 1110 878 1166 Marini
901 1108 1118 1166 Persam
1145 1107 1347 1177 scripta
1377 1106 1573 1175 legitur
1590 1112 1802 1160 certum

209 1209 288 1260 est
311 1201 603 1273 epistoiam
628 1201 937 1258 continere.
967 1197 1236 1268 Quodque
1254 1197 1440 1253 statim
1459 1194 1672 1266 iudices
1700 1211 1802 1267 pro

211 1293 350 1364 gravi
394 1292 676 1348 haereseos
719 1291 922 1348 dictum
969 1289 1214 1363 pondere
1259 1303 1322 1344 se
1370 1287 1674 1358 suscepisse
1703 1302 1801 1342 sua

209 1385 636 1444 interlocutione
677 1383 862 1440 testati
913 1388 1040 1439 sunt
1091 1380 1340 1436 dicentes
1369 1379 1441 1434 ita
1495 1380 1633 1452 (Act.
1660 1376 1798 1448 l0):

210 1478 426 1545 Quando
451 1477 762 1552 objurgatio
790 1475 1076 1547 capitulum
1099 1475 1354 1545 sequitur,
1381 1473 1572 1528 animo:
1599 1471 1802 1544 perieu-

205 1569 308 1624 lum
330 1569 524 1641 ferens.
569 1567 900 1639 superﬂuum
927 1563 1228 1636 judicium
1267 1563 1662 1634 inquisitionem
1684 1561 1802 1632 fieri

206 1669 522 1716 ceterorum.
555 1655 692 1724 Qua
714 1658 879 1730 igitur
905 1656 1182 1728 manifeste
1199 1654 1400 1710 indicta
1427 1661 1552 1709 sunt
1570 1661 1622 1708 et
1644 1669 1803 1708 cano-

203 1751 347 1806 nibus
369 1759 422 1805 et
440 1748 671 1822 legibus,
693 1761 744 1805 st
762 1754 884 1803 sunt
903 1756 1080 1818 aperte
1097 1745 1283 1805 odiosa
1303 1743 1468 1800 Deum
1481 1742 1800 1811 timentibus,

1905 556 2003 611 leui
2049 556 2186 610 dicta
2219 559 2426 628 fuerant
2468 559 2672 628 sapuit,
2703 573 2769 612 ea:
2807 559 3000 629 scripto
3039 556 3165 613 dare
3190 558 3316 629 quid
3347 560 3498 612 sentit

1905 647 1982 700 rel
2006 649 2144 717 sapit
2167 647 2232 701 de
2259 650 2347 716 pia
2383 657 2557 702 nostra
2607 649 2742 719 fide,-
2791 649 2929 722 quod
2957 657 3015 702 ει·
3035 649 3178 721 fecit.
3213 647 3298 705 Ex-
3334 649 3498 704 abun-

1905 741 2088 794 dantia
2133 751 2306 794 autem
2360 741 2639 812 prtcdictus
2670 743 3107 796 reuerentissimus
3147 742 3225 796 νίν
3264 742 3502 812 promisit

1851 863 1856 868 -
1903 843 1952 886 et
2002 833 2056 886 in
2085 849 2195 888 sua
2221 833 2391 906 eloqui
2436 835 2658 888 civitatis
2693 833 2911 888 ecclesia
2957 843 3012 888 et
3048 835 3319 906 manifeste
3361 851 3503 889 ana-

1906 923 2242 980 tltematt'sare
2280 923 2528 995 maligne
2559 922 2840 995 impietatis
2871 923 3158 995 principem
3200 921 3501 978 Nestorium

1903 1023 1954 1067 et
1979 1029 2066 1067 cos
2099 1014 2188 1086 qui
2206 1014 2338 1068 sicut
2362 1013 2451 1068 ille
2490 1015 2718 1083 sapiunt,
2749 1022 2798 1068 et
2825 1013 2913 1086 qui
2942 1015 3017 1068 uel
3036 1012 3182 1068 libris
3205 1013 3280 1068 vel
3309 1013 3503 1068 codici-

1905 1101 1998 1158 bus
2035 1103 2146 1176 ejus
2183 1113 2417 1160 utuntur.
2447 1102 2726 1176 Confessus
2765 1113 2844 1158 est
2877 1113 3048 1158 autent
3084 1105 3158 1159 sic
3199 1119 3254 1158 se
3297 1105 3504 1158 credere

1903 1197 2034 1252 sicut
2055 1197 2323 1252 continent
2334 1197 2521 1252 littertz
2535 1214 2650 1269 ante
2664 1207 2907 1252 venerant
2926 1198 3064 1252 inter
3082 1197 3503 1252 reverentissimo:

1901 1298 1952 1344 et
1976 1288 2320 1344 sanctissima:
2340 1289 2604 1344 memoria:
2628 1287 2890 1344 Joannem
2926 1304 3136 1360 magna:
3173 1288 3504 1344 Antiocheam

1903 1376 2134 1431 ciuitatis
2160 1378 2454 1448 episcopum
2501 1385 2550 1433 et
2579 1373 2830 1448 Cyrillum
2858 1377 3104 1432 matrima:
3130 1376 3505 1432 Alexandrinu-

1901 1485 2018 1523 rum
2044 1469 2268 1524 civitatis
2303 1470 2620 1540 episcopum,
2650 1468 2836 1541 quibus
2864 1469 3178 1523 ministravit
3205 1467 3369 1524 beata:
3406 1486 3500 1523 tne-

1902 1562 2084 1618 moria
2109 1561 2308 1618 Paulus
2338 1560 2703 1618 Emesinorum
2741 1561 2965 1616 ciuitatis
2988 1561 3280 1632 episcopus,
3303 1575 3367 1614 ea:
3393 1562 3507 1632 qni-

1901 1650 1998 1712 bus
2023 1655 2334 1711 uniuersalis
2353 1671 2637 1710 consensus
2661 1654 2898 1726 efﬁcitur.
2929 1653 3234 1710 Consentire
3261 1662 3430 1708 autem
3456 1667 3506 1708 et

1901 1746 1960 1802 in
1978 1745 2213 1803 omnibus
2233 1762 2350 1819 qua:
2382 1762 2548 1817 nuper
2571 1753 2718 1818 gesta
2747 1754 2870 1802 sunt
2898 1764 2930 1800 a
2966 1755 3149 1800 sancta
3171 1744 3369 1817 synodo
3393 1763 3508 1817 qua:

204 1842 312 1898 hoc
330 1841 506 1914 eligite
531 1842 783 1912 primitus
801 1847 851 1894 et
865 1839 946 1894 bis
968 1839 1181 1895 instate.
1221 1836 1439 1898 Videtur
1459 1844 1632 1892 autem
1650 1835 1800 1892 nobis
1835 1845 1874 1904 Β
1903 1839 2140 1892 convenit
2160 1837 2216 1891 in
2238 1837 2384 1910 regia
2405 1846 2455 1891 et
2477 1835 2777 1892 Christiana
2807 1835 3256 1906 Constantinopoli
3281 1837 3506 1898 civitate,

203 1933 307 1989 lucc
331 1949 444 1988 esse
465 1932 698 2004 integra,
734 1931 904 2002 primo
933 1928 1138 2000 quidem
1159 1937 1315 1983 recta
1335 1943 1450 1982 esse
1471 1926 1598 1997 ﬁdei
1634 1943 1794 1997 oporo

206 2025 409 2098 terequi
431 2023 742 2080 sacerdotio
775 2023 1033 2096 fungitur,
1063 2030 1114 2075 et
1140 2021 1218 2076 ita
1243 2035 1357 2075 esse
1388 2020 1548 2075 totius
1574 2017 1798 2074 luxuriat

202 2115 432 2184 liberant,
459 2125 518 2170 et
541 2124 770 2171 cetera.

268 2206 352 2262 ιιι.
377 2207 512 2276 Quis
550 2220 690 2276 ergo
718 2205 930 2261 dubitet
961 2220 1031 2261 ex
1057 2220 1126 2261 co
1149 2203 1358 2274 iudices
1386 2202 1684 2274 capitulum
1728 2201 1798 2258 ad

205 2300 384 2357 anima:
410 2299 720 2371 periculum
749 2299 1024 2370 pertinere
1050 2298 1250 2354 dixisse
1289 2305 1346 2352 et
1373 2311 1439 2352 ex
1477 2311 1546 2352 eo
1571 2290 1800 2352 censen-

205 2391 321 2448 dum
345 2407 453 2448 non
474 2397 650 2448 recta:
671 2389 796 2447 ﬁdei
823 2389 1158 2447 sacerdotem
1179 2390 1273 2460 qui
1302 2389 1518 2445 beatum
1541 2386 1798 2460 Cyrillum

205 2482 480 2554 appellavit
505 2481 855 2549 haereticum,
883 2496 1006 2537 cum
1035 2481 1168 2536 nihil
1193 2479 1337 2536 aliud
1374 2479 1426 2534 in
1455 2479 1803 2536 accusatione

205 2581 320 2630 stite
353 2574 496 2630 hanc
523 2573 1012 2630 interlocutiouem
1040 2572 1377 2644 propositam
1405 2571 1475 2628 de
1508 2571 1687 2628 causis
1731 2571 1800 2626 ad

205 2663 352 2720 tidem
379 2665 782 2734 pertinentibus
808 2663 1012 2720 dictum
1055 2661 1132 2720 sit
1155 2663 1257 2718 nisi
1285 2663 1414 2733 quia
1453 2661 1804 2718 Nestorianus

205 2765 280 2814 est
295 2765 348 2813 et
368 2757 598 2814 beatum
618 2757 880 2830 Cyrillum
905 2757 1197 2828 appellavit
1220 2755 1556 2812 haereticum.
1584 2753 1663 2810 Ex
1691 2769 1802 2826 quo

204 2850 326 2907 satis
349 2857 604 2923 apertum
633 2857 719 2906 est
745 2849 1030 2921 epistolam
1075 2849 1146 2905 ad
1169 2847 1360 2904 Marim
1403 2847 1623 2905 Persam
1669 2847 1798 2904 scri-

203 2951 360 3017 ptam,
378 2959 506 3020 quas
533 2945 686 3001 beati
707 2942 894 3016 Cyrilli
925 2943 1198 3014 dogmata,
1216 2942 1412 3014 quibus
1435 2957 1543 2999 non
1571 2955 1775 2998 censen

207 3036 416 3092 tientem
427 3035 745 3093 Nestorium
768 3043 984 3092 constat
996 3050 1120 3093 esse
1137 3035 1474 3100 damnatum,
1496 3032 1804 3091 deﬁniendo

205 3139 356 3186 recta:
373 3127 496 3184 ﬁdei
514 3143 648 3185 esse
667 3128 962 3193 contraria.
979 3128 1200 3184 beatum
1221 3127 1480 3199 Cyrillum
1501 3127 1804 3200 appellaret

1899 1927 2089 1984 habere
2106 1937 2278 1984 autem
2299 1928 2478 1985 omnia
2496 1943 2614 2002 qua
2633 1928 2942 2000 placuerunt
2963 1929 3014 1982 in
3041 1926 3304 2000 Epln'sino
3325 1937 3511 1984 metio-

1898 2019 2134 2090 politano
2185 2020 2406 2076 concilio
2453 2021 2591 2090 quod
2629 2037 2662 2074 a
2702 2029 2882 2075 sancto
2932 2017 3135 2091 Spiritu
3187 2018 3508 2084 movebatur.

1900 2129 2050 2186 atque
2069 2123 2241 2168 autem
2262 2114 2380 2168 huic
2397 2113 2644 2184 judicare
2667 2127 2778 2186 qua:
2791 2113 2844 2168 in
2856 2110 2906 2166 N
2911 2112 3036 2167 irata
3057 2119 3178 2166 sunt
3203 2111 3508 2177 cons'ituta,

1897 2213 1947 2258 et
1969 2202 2167 2258 nullam
2187 2203 2537 2274 differentiam
2557 2204 2809 2260 arbitrari
2832 2203 2943 2274 ejus
2963 2203 3034 2257 ad
3053 2203 3234 2258 aliam.
3260 2201 3328 2256 Et
3351 2203 3508 2258 nimis

1898 2297 2010 2368 ejus
2033 2297 2364 2352 sanctitatem
2383 2295 2708 2352 laudauimus
2727 2313 2788 2368 q';
2797 2295 2865 2350 od
2889 2313 3052 2366 prone
3075 2296 3299 2365 saptzerit
3322 2311 3509 2350 curate

1899 2404 1988 2443 eos
2011 2388 2098 2455 qui
2127 2387 2206 2442 uel
2241 2388 2535 2458 suspicione
2563 2389 2638 2442 rel
2667 2389 2774 2443 alio
2801 2389 3158 2460 quoqumnotlo
3185 2387 3296 2459 ejus
3342 2389 3508 2443 [tude-

1899 2489 2017 2536 rent
2041 2481 2337 2554 opinionem
2365 2481 2638 2547 doctrinae,
2666 2491 2722 2536 et
2747 2490 2962 2537 cmtera.

1973 2573 2066 2629 Ν.
2115 2573 2410 2629 Constituti
2454 2574 2617 2644 igitur
2655 2572 2801 2644 quod
2852 2589 2884 2628 a
2928 2573 3056 2629 viris
3109 2574 3508 2630 venerabilibus

1902 2666 2100 2724 Photio
2126 2675 2184 2724 et
2203 2666 2486 2724 Eustathio
2512 2667 2780 2738 prolatum
2806 2675 2890 2723 est
2916 2676 3106 2723 tenore
3134 2683 3420 2739 perpenso,
3452 2669 3506 2723 in

1902 2773 2015 2830 quo
2051 2759 2246 2816 dicitur
2274 2759 2516 2815 dantibus
2546 2759 2774 2832 capitula
2807 2759 3215 2824 accusatoribus,
3247 2775 3368 2832 quo:
3401 2761 3506 2816 uti-

1903 2866 2011 2922 que
2039 2850 2181 2919 dari,
2212 2851 2352 2908 sicut
2375 2851 2624 2923 superius
2653 2851 2868 2922 legitur,
2909 2851 3014 2908 nisi
3037 2851 3241 2924 scripto
3283 2852 3507 2909 minimc

1904 2951 2219 3016 potuerunt,
2242 2945 2517 3001 inventam
2536 2943 2646 3002 illic
2667 2945 3056 3006 immissionem
3077 2945 3335 3002 adversus
3357 2945 3506 3002 lbam

1905 3036 2222 3108 episcopum
2259 3037 2476 3104 factam,
2499 3036 2644 3106 quod
2674 3037 2779 3092 alia
2812 3046 3008 3108 praeter
3032 3038 3178 3110 piam
3204 3037 3505 3095 doctrinam

1905 3127 2106 3186 laceret
2127 3129 2212 3186 vel
2241 3129 2486 3197 doceret,
2517 3129 2648 3185 nihil
2688 3130 2831 3186 aliud
2880 3131 3259 3202 pronuntiasse
3297 3131 3508 3202 Iudices

206 3217 523 3289 luereticum,
553 3220 630 3276 ab
648 3217 974 3274 adversariis
992 3217 1100 3274 [bac
1126 3217 1391 3289 episcopi,
1413 3217 1539 3289 quia
1559 3217 1800 3288 ejusdem
1829 3227 1874 3290 (ζ
1907 3221 2110 3277 clarum
2150 3229 2259 3291 est,
2297 3222 2536 3292 negotio,
2567 3231 2625 3278 ut
2655 3223 2752 3292 ipsi
2783 3231 3106 3290 memorant,
3135 3223 3402 3280 subtiliter
3425 3227 3504 3281 in-

205 3305 302 3366 lhc
310 3309 486 3380 fuerit,
499 3311 655 3367 nullo
667 3309 1270 3381 modocomprobatam,
1286 3322 1388 3364 nec
1399 3307 1646 3365 eumdem
1659 3306 1804 3362 ibam

207 3403 324 3473 quis
357 3401 471 3472 ejus
495 3401 663 3458 luerit
690 3400 856 3457 fuisse
903 3399 1233 3458 confessum.
1283 3397 1548 3466 Quoniam
1589 3399 1636 3454 si
1663 3397 1807 3468 apud

209 3493 448 3564 praelatos
465 3493 686 3564 iudices
707 3493 776 3549 ab
794 3491 884 3548 lba
905 3491 1101 3548 laetam
1122 3491 1304 3548 doceri
1325 3489 1591 3562 potuisset
1605 3489 1807 3562 epistoo

209 3583 328 3651 tam,
391 3599 672 3655 nunquam
746 3600 939 3641 eorum
1013 3583 1281 3640 sententia
1347 3582 1468 3638 lbas
1519 3581 1808 3638 meruisset

211 3677 422 3747 absolvi,
452 3695 578 3735 cum
609 3687 776 3734 tantm
801 3677 1235 3734 interlocutionis
1261 3690 1376 3731 sum
1414 3675 1654 3746 pondere
1683 3673 1806 3731 ﬁdei

210 3769 348 3838 ptius
371 3785 594 3826 causam
643 3769 814 3838 quaeri
845 3783 1176 3840 magnopere
1207 3767 1514 3834 voluerunt,
1545 3783 1708 3839 quam
1749 3767 1802 3822 in

210 3859 508 3920 beatissimo
531 3863 760 3937 Cyr-illo,
808 3864 900 3934 qui
929 3864 997 3918 ab
1039 3861 1130 3917 Iba
1172 3862 1481 3918 nominatus
1526 3861 1806 3918 dicebatur

212 3951 511 4024 btet-sticus,
555 3955 968 4011 aestimaverunt
1004 3953 1166 4015 fuisse
1204 3953 1538 4022 gravissima.
1571 3951 1704 4008 Nam
1751 3961 1808 4008 et

211 4044 531 4118 subsequens
559 4047 842 4104 constituti
869 4055 1048 4102 textus
1077 4046 1162 4100 his
1189 4045 1486 4102 convenire
1512 4059 1632 4114 quae
1659 4045 1804 4099 dicta

212 4147 330 4192 sunt
352 4155 450 4210 per
467 4155 567 4196 sua
599 4139 721 4194 loca
750 4139 1151 4194 subteradnexa
1173 4137 1455 4192 evidenter
1481 4137 1826 4192 ostenditur,

215 4227 288 4287 Ad
315 4231 631 4300 petitionem
676 4245 912 4300 namque
955 4230 1083 4296 lbtr,
1131 4227 1310 4283 Photii
1355 4237 1517 4297 atque
1545 4226 1806 4282 Eustathii

215 4321 579 4393 episcoporum
649 4322 704 4376 in
767 4329 1076 4378 memorato
1141 4327 1331 4374 sancto
1377 4316 1807 4374 Clialccdoncnsi

214 4414 431 4470 cnncilio
458 4415 666 4471 relccta
693 4415 838 4470 serie
857 4411 1104 4484 judicati,
1137 4412 1252 4468 tunc
1281 4419 1404 4481 post
1447 4411 1626 4480 aliqua
1670 4426 1810 4480 pne-

216 4501 383 4560 dictos
419 4505 658 4575 judices,
686 4505 812 4559 dum
859 4504 928 4560 de
964 4503 1324 4560 accusationis
1363 4502 1622 4557 adversus
1658 4501 1806 4557 ibam

1907 3312 2130 3384 quisito,
2160 3326 2322 3384 quam
2353 3328 2454 3384 per
2491 3313 2835 3370 immissionis
2882 3312 3134 3382 ﬁgmenta
3172 3314 3506 3372 calumnioso

1907 3403 2165 3460 adversus
2191 3403 2340 3460 Ibam
2363 3406 2676 3477 episcopum
2705 3407 3102 3462 accusationem
3133 3421 3260 3464 csso
3300 3423 3504 3479 propo-

1904 3495 2089 3564 sitam,
2121 3511 2228 3551 non
2257 3495 2438 3552 studio
2478 3497 2740 3552 veritatis.
2771 3495 2839 3551 Et
2861 3496 2988 3567 quid
3017 3497 3270 3568 estquod
3319 3497 3372 3554 in
3413 3514 3507 3554 ca-

1906 3587 2088 3658 pitulis
2109 3587 2311 3657 scripto
2334 3588 2599 3658 porrectis
2618 3597 2960 3644 accusatores
2979 3596 3166 3644 contra
3191 3590 3504 3660 episcopum

1905 3678 2052 3734 lham
2072 3678 2139 3734 de
2169 3678 2292 3735 lidei
2320 3695 2482 3736 causa
2511 3679 2818 3735 detulerant
2847 3681 2946 3735 nisi
2974 3681 3121 3752 quod
3154 3681 3508 3738 Nestorianus

1905 3780 2074 3834 esset,
2103 3773 2321 3827 beatum
2348 3770 2606 3842 Cyrillum
2627 3771 2948 3827 hmreticum
2968 3772 3314 3838 nominando,
3344 3789 3508 3844 quem

1906 3861 1960 3916 in
2003 3861 2334 3946 qullinaris
2383 3860 2640 3916 incidisse
2666 3862 2918 3918 bmresim
2955 3871 3012 3918 et
3036 3863 3347 3921 hmreticam
3375 3881 3508 3921 con-

1905 3951 2188 4022 scripsisse
2217 3951 2525 4021 epistolam,
2557 3966 2678 4021 qua:
2707 3951 2775 4006 ad
2815 3951 3008 4006 Maritn
3048 3951 3270 4008 Persam
3307 3955 3504 4026 scripta

1908 4042 2239 4114 perhibetur,
2268 4040 2540 4096 afﬁrmat?
2569 4038 2724 4098 Unde
2750 4041 2954 4096 clarum
2993 4050 3076 4098 est
3115 4042 3222 4098 Ihm
3267 4045 3519 4116 episcOp't

1907 4131 2154 4189 eamdem
2183 4131 2464 4202 epistolam
2489 4145 2598 4186 non
2619 4128 2803 4198 fuisse,
2828 4147 2948 4191 cum
2971 4133 3020 4186 ei
3045 4147 3142 4202 per
3161 4133 3514 4190 itmnissionis

1907 4225 2200 4280 falsitatem
2244 4223 2389 4294 quod
2419 4223 2610 4280 eadem
2647 4223 2873 4294 epistola
2903 4225 3147 4281 continet
3186 4225 3396 4296 iudices
3425 4235 3510 4282 te-

1907 4322 2118 4371 stentur
2139 4314 2438 4384 objectum,
2457 4329 2619 4384 quem
2651 4315 2936 4370 memorati
2965 4315 3211 4387 superius
3231 4317 3511 4374 constituti

1908 4406 2091 4461 locum
2119 4405 2406 4476 qutustioni
2435 4405 2683 4478 episcopi
2707 4407 2812 4463 Iba:
2833 4407 3175 4464 manifestum
3205 4417 3287 4465 cst
3311 4425 3510 4466 conve-

1909 4499 2048 4564 nire,
2080 4512 2178 4568 per
2205 4512 2368 4566 quam
2415 4497 2471 4552 in
2521 4506 2714 4554 sancto
2753 4514 2823 4555 ac
2873 4499 3172 4556 reverenda
3215 4498 3510 4558 Chalcedo-

215 4595 516 4665 episcopum
547 4595 810 4651 institutae
839 4595 1030 4650 ordine
1053 4595 1428 4663 loquerentur,
1455 4594 1508 4648 in
1525 4610 1620 4649 sua
1637 4594 1804 4649 claret
1835 4605 1888 4664 ι)
1909 4589 2063 4644 nensi
2091 4587 2323 4643 concilio
2359 4585 2615 4643 Uranium
2645 4589 2954 4660 episcopum
2995 4591 3242 4660 queritur
3269 4606 3367 4661 pro
3407 4589 3512 4646 Eu-

216 4681 404 4742 disisse
449 4687 752 4751 sententi-1,
798 4701 923 4754 qua:
947 4687 1018 4740 ita
1056 4699 1121 4740 se
1155 4685 1354 4738 habent
1387 4684 1526 4756 (Act.
1555 4683 1612 4754 9)
1651 4701 1666 4737 :
1708 4682 1810 4738 llis

216 4791 330 4844 σέο
357 4775 599 4831 dantibus
621 4777 854 4848 capitula
883 4777 1122 4848 quedam
1150 4786 1201 4830 et
1225 4774 1534 4846 rogantibus
1551 4783 1606 4828 ut
1626 4775 1810 4831 horum

219 4869 355 4936 fieret
381 4869 585 4925 subtilis
611 4870 899 4940 inquisitio,
941 4869 1296 4924 incumbentes
1317 4884 1412 4922 nos
1433 4866 1714 4938 capitulis;
1761 4875 1811 4920 et

217 4958 520 5015 invenientes
571 4963 628 5016 in
681 4961 764 5014 his
807 4960 1180 5014 immissionem
1231 4957 1510 5030 quamdam
1566 4957 1812 5012 adversus

222 5045 365 5103 ibant
392 5051 855 5106 reuerentissimum
888 5051 1209 5122 episcopum,
1242 5050 1392 5121 quasi
1431 5065 1548 5114 non,
1563 5059 1699 5104 recte
1729 5065 1820 5103 sa-

221 5150 375 5208 peret,
400 5141 492 5196 sed
511 5141 620 5196 alia
645 5149 836 5210 prater
861 5143 1002 5212 piam
1049 5141 1342 5196 doctrinam
1369 5140 1610 5206 doceret,
1641 5157 1816 5195 neces-

224 5231 355 5286 sarie
379 5248 445 5287 ea:
473 5232 570 5288 hoc
595 5233 740 5304 prius
769 5232 1152 5304 inquisitionem
1180 5248 1298 5286 cum
1324 5248 1515 5304 magna
1545 5231 1817 5301 diligentia

226 5322 386 5389 facere
398 5340 574 5378 sumus
593 5323 824 5394 impulsi.
853 5323 1202 5392 Prwcepinttts
1222 5323 1407 5377 etenim
1429 5321 1815 5376 accitsatoribus

227 5410 323 5466 dici
354 5429 467 5484 quia
495 5423 666 5469 essent
696 5429 815 5486 qua:
847 5412 911 5468 ab
939 5413 1183 5484 episcOpo
1206 5411 1306 5466 lba
1343 5412 1656 5477 dicerentur,
1686 5415 1816 5467 sicut

227 5503 320 5572 ipsi
337 5505 593 5571 dicebant,
617 5507 690 5577 pii
705 5506 964 5576 dogmatis
983 5505 1178 5560 aliena.
1203 5503 1462 5560 Dixerunt
1481 5521 1656 5581 eorum
1679 5507 1818 5576 ipso-

231 5613 337 5650 rum
363 5602 620 5672 qutcdam.
656 5600 723 5656 Et
748 5616 865 5654 cum
888 5599 1052 5654 inulta
1081 5609 1219 5654 mota
1246 5601 1464 5670 fuissent
1487 5615 1600 5670 qua:
1621 5601 1674 5652 in
1690 5601 1822 5653 actis

231 5691 413 5746 inserta
432 5702 572 5748 sunt.
593 5692 662 5748 Et
681 5700 806 5765 post
824 5703 995 5763 pauca
1018 5692 1180 5748 iidem
1203 5691 1414 5762 judiccs
1437 5692 1510 5748 ita
1532 5693 1817 5746 dixerunt:

237 5779 300 5836 Et
325 5787 550 5842 consiliis
578 5788 824 5858 pietatem
849 5783 1031 5856 ubique
1048 5794 1410 5856 praeponentes
1437 5793 1485 5838 et
1506 5785 1821 5855 inquirentes

235 5880 622 5949 pra-paruimus
647 5876 1120 5934 reverentissimum
1155 5875 1304 5931 Ibam
1343 5876 1637 5948 episcopum
1685 5877 1820 5947 quod

1917 4681 2094 4754 tychis
2117 4689 2364 4750 agentem
2385 4681 2558 4749 gratia
2579 4679 2842 4752 quosdam
2871 4681 3098 4736 clericos
3117 4683 3210 4753 qui
3231 4696 3342 4737 alue
3365 4698 3516 4738 που.

1916 4773 2122 4829 sationi.
2153 4773 2464 4830 insisterent
2491 4788 2848 4844 praeparasse.
2881 4771 2962 4828 Ex
3001 4789 3111 4844 quo
3137 4775 3268 4831 satis
3293 4787 3518 4846 apparot

1918 4867 2090 4939 ipsam
2121 4865 2508 4922 immissionem
2535 4882 2634 4921 sua
2659 4865 2928 4921 sententia
2959 4864 3210 4924 Photium
3239 4874 3293 4923 ct
3322 4866 3517 4923 Eusta-

1921 4958 2091 5013 thium
2125 4956 2339 5028 judices
2368 4957 2532 5012 tacito
2579 4956 2918 5012 immittentis
2967 4957 3186 5012 omnino
3226 4957 3516 5019 lacerasse.

1918 5063 2084 5118 quam
2113 5046 2232 5102 lbas
2259 5046 2548 5117 episcopus
2576 5045 2842 5116 palamiu
2871 5055 3056 5103 sancta
3087 5047 3519 5105 Chalcedonensi

1917 5137 2127 5211 synodo
2167 5152 2430 5207 expresso
2459 5137 2868 5194 concinuatoris
2914 5136 3182 5194 vocabulo
3221 5139 3516 5196 denotavit.

1919 5231 2036 5286 Non
2078 5239 2164 5284 est
2189 5227 2690 5299 igituramhiguum
2719 5229 2828 5283 hoc
2845 5228 2992 5298 quod
3019 5228 3088 5284 ad
3127 5228 3520 5284 criminandum

1917 5322 2136 5378 beatum
2167 5321 2426 5392 Cyrillum
2448 5359 2477 5387 ,.
2495 5328 2552 5376 ot
2581 5337 2680 5390 pro
2707 5320 2900 5375 haeresi
2929 5319 3222 5376 schismate
3249 5320 3356 5376 Ihm
3383 5337 3520 5376 con-

1915 5424 2025 5470 stat
2044 5414 2335 5484 objectum,
2361 5411 2525 5481 idque
2539 5411 2824 5482 epistolam
2845 5411 3151 5480 continere,
3176 5411 3522 5466 manifestum

1920 5516 2016 5564 cst.
2045 5509 2115 5564 ab
2154 5505 2557 5564 accusatoribus
2615 5503 2964 5560 immissionis
3004 5503 3300 5560 calliditate
3346 5506 3522 5559 conti-

1924 5609 2069 5654 ctum
2121 5607 2177 5655 et
2225 5597 2463 5654 accusati
2493 5595 2780 5666 negatione
2817 5601 2875 5650 et
2897 5594 3158 5665 judicium
3205 5593 3521 5654 deﬁnitione

1923 5692 2087 5746 fuisse
2119 5698 2500 5746 monstratum.

1997 5784 2060 5840 V.
2121 5783 2387 5853 Adjicitur
2437 5797 2655 5852 quoque
2707 5777 3176 5852 ejusdem‘pagina
3239 5783 3520 5837 constituti

1929 5875 2070 5948 quod
2099 5875 2164 5930 ad
2207 5873 2634 5931 satisfactionem
2661 5885 2854 5930 eorum
2875 5884 2994 5944 qua
3021 5868 3088 5926 ab
3116 5870 3537 5930 accusatoribus-
