3986 6366
467 337 559 398 151

1660 325 1889 384 γιῦιυι
1925 323 2034 382 PP.
2073 320 2557 380 CONSTITUTUM

3647 317 3758 376 ιω

463 457 646 531 "orte,
677 453 748 512 de
777 450 907 524 ﬁde]
949 451 1053 507 levi
1079 449 1222 507 dicta
1253 446 1465 503 fuerant
1490 444 1669 517 sapuit
1700 443 1820 498 Ibas
1843 441 2056 512 episco-
2090 445 2132 500 Α
2163 451 2378 510 gnatur,
2427 455 2536 531 non
2584 437 2827 494 dicerent
2870 436 3081 507 judiees
3132 429 3280 492 Ibam
3327 433 3642 506 episcopum
3675 449 3754 490 ea

465 562 566 618 pus
597 562 662 604 es
703 545 906 616 scripto
944 541 1079 598 dare
1105 539 1234 613 quid
1260 539 1426 597 sentit
1449 539 1534 594 vel
1561 537 1702 608 sapit
1721 535 1787 591 de
1815 535 1900 605 pia
1933 533 2058 587 lide.

470 636 624 694 Unde
653 641 877 706 apparet
901 641 1299 702 consequenter
1319 629 1424 685 Iba:
1453 627 1692 700 episcopi
1716 633 2064 682 accusatores

467 727 642 782 notari
672 740 769 797 per
795 725 976 782 omnia
1008 721 1276 789 falsitatis,
1302 721 1392 791 qui
1435 719 1740 775 inconsulto
1775 715 2063 772 simultatis

467 816 647 872 calore
690 813 859 886 lapsi,
920 813 1109 870 leviter
1155 813 1334 885 potius
1393 826 1556 881 quam
1619 823 1746 865 vere
1793 807 2062 864 criminati

467 905 630 962 fuisse
646 903 793 960 Ibam
816 911 1190 960 monstrantur
1211 902 1546 972 episcopum,
1563 899 1699 954 adeo
1725 907 1786 953 ut
1804 897 2065 952 adversus

465 1012 530 1052 ea
557 1011 678 1068 qua:
718 1004 878 1052 tenor
918 996 1162 1067 epistola:
1189 995 1255 1049 ad
1285 993 1472 1048 Marim
1515 991 1733 1047 Persam
1769 990 1981 1060 scriptae
2011 990 2064 1044 in

467 1088 714 1144 obtrecta
743 1087 923 1143 ioziem
948 1087 1093 1142 beati
1111 1084 1296 1158 Cyrilli
1319 1093 1376 1140 et
1395 1082 1680 1139 duodecim
1706 1080 2062 1152 capitulorum

467 1179 585 1250 ejus
614 1179 862 1247 asseruit,
912 1187 961 1234 ct
994 1178 1184 1234 eadem
1221 1184 1598 1233 accusatorum
1638 1175 1858 1230 levitate
1901 1183 2067 1243 atque

466 1273 702 1329 falsitate
728 1274 940 1342 objecta
972 1271 1090 1326 Ibas
1117 1271 1320 1326 dixisse
1343 1269 1593 1325 convinci
1625 1284 1734 1324 non
1763 1269 1954 1338 potuit,
1995 1283 2066 1321 ex

467 1365 671 1434 scripto
701 1363 918 1433 insuper
946 1363 1086 1418 ἰὼξιη
1136 1361 1258 1416 Ibas
1299 1360 1428 1430 quid
1457 1359 1526 1415 de
1565 1359 1653 1429 pia
1699 1355 1804 1414 fide
1843 1358 2069 1412 sentiret

367 1514 382 1530 ,
472 1455 807 1521 ostenderet,
843 1463 1098 1524 tauquam
1128 1451 1352 1526 puritati
1379 1465 1491 1507 sua:
1517 1448 1768 1506 sufﬁcere
1796 1465 1903 1503 non
1923 1447 1981 1518 ju
2003 1449 2069 1502 li-

470 1565 601 1605 cans
627 1549 772 1620 quod
802 1548 1048 1604 convinci
1079 1545 1280 1616 aliquid
1325 1553 1514 1600 contra
1562 1550 1768 1599 rectam
1797 1541 1956 1596 fidem
1987 1541 2068 1595 di-

471 1641 616 1697 xisse
659 1656 766 1696 non
819 1639 1017 1710 potuit,
1048 1638 1152 1694 nisi
1199 1637 1364 1694 etiam
1410 1637 1580 1707 ipsam
1628 1633 1788 1690 fidem
1832 1631 2080 1704 qualitor'

471 1727 686 1806 semper
733 1732 1045 1788 retinuisset
1083 1730 1266 1786 animo
1303 1744 1401 1784 sua
1444 1726 1714 1783 sententia
1735 1723 2064 1797 publicaret.

473 1794 629 1894 Quod
651 1825 733 1881 vel
754 1823 1022 1895 judicibus
1040 1823 1129 1880 vel
1158 1823 1260 1894 ipsi
1292 1820 1396 1876 Ibas
1423 1819 1682 1893 episcopo
1701 1794 2064 1875 necessarium
2099 1794 2146 1856 Β

473 1917 698 1974 minime
727 1915 922 1981 fuerat,
953 1917 998 1972 si
1037 1913 1344 1988 supradicta
1373 1909 1602 1986 epistola
1641 1919 1698 1968 et
1722 1913 1842 1982 ejus
1869 1924 1990 1966 esse
2014 1917 2072 1964 et

375 2001 380 2010 ’
476 2007 784 2066 orthodoxe
831 2023 996 2064 sensu
1048 2007 1250 2064 dictata
1301 2005 1568 2076 potuisset
1639 2003 1873 2060 ostendi.
1928 2001 2073 2070 Qua-

474 2107 702 2172 propter
735 2099 1023 2170 diligenter
1051 2098 1439 2155 attendendum
1469 2105 1552 2154 est
1579 2094 1725 2167 quod
1763 2095 1963 2151 dicitur
2003 2093 2072 2149 ad

474 2190 896 2248 satisfactionem
937 2205 1125 2246 eorum
1170 2203 1291 2259 qua:
1319 2187 1426 2243 levi
1454 2187 1599 2244 dicta
1645 2185 1860 2242 fuerant
1903 2200 2074 2258 prone

473 2281 720 2354 sapuisse
760 2280 906 2336 Ibam
948 2281 1264 2351 episcopum
1291 2295 1356 2335 ex
1387 2277 1595 2348 scripto
1629 2275 1916 2334 ostendere
1941 2276 2072 2348 quid

475 2371 544 2428 de
572 2372 661 2443 pia
683 2369 787 2427 fide
805 2370 1050 2426 sentiret.
1081 2368 1377 2426 Evidenter
1411 2368 1613 2424 etenim
1641 2367 1848 2424 clarum
1876 2376 1960 2422 est
2002 2367 2075 2422 ita

476 2463 721 2534 epistola:
743 2463 810 2517 ad
836 2461 1023 2516 Marim
1055 2469 1263 2516 textum
1285 2461 1377 2531 pio
1405 2458 1645 2526 dogmati
1686 2458 1915 2513 inveniri
1943 2473 2078 2512 con-

477 2552 744 2620 trarium,
791 2560 852 2608 ut
905 2551 1154 2622 quamvis
1211 2550 1434 2605 levitate
1499 2549 1869 2604 accusantium
1914 2562 2077 2618 quam

479 2657 662 2699 rerum
728 2641 954 2698 veritate
1011 2639 1118 2697 len
1177 2641 1436 2712 episcopo
1498 2638 1740 2695 tirmetur
1821 2638 2032 2710 objecta
2058 2679 2076 2706 ,

483 2741 662 2789 tamen
715 2747 786 2790 ne
826 2732 910 2788 vel
952 2732 1056 2788 hoc
1108 2731 1253 2801 quod
1299 2731 1434 2787 false
1479 2731 1645 2801 ipsius
1691 2730 1837 2786 dicta
1879 2729 2073 2798 fuerat,

481 2823 602 2895 ejus
641 2825 925 2881 catholica:
969 2823 1093 2880 ﬁdei
1139 2823 1458 2893 derogaret,
1512 2836 1684 2894 prone
1723 2823 1903 2893 sapuit
1942 2838 2078 2878 eou-

481 2921 566 2970 tra
632 2912 775 2970 illius
843 2913 1177 2984 impietatem
1245 2913 1375 2982 quid
1413 2913 1483 2969 de
1547 2913 1636 2984 pia
1694 2912 1801 2969 tide
1855 2913 2082 2968 sentiret

482 3003 812 3061 ostenderet.
855 3003 1040 3074 Neque
1077 3004 1221 3060 enim
1251 3003 1322 3060 de
1350 3003 1668 3060 orthodoxa:
1704 3003 1827 3058 ﬁdei
1852 3003 2083 3059 sinceri-

483 3105 596 3154 tate
618 3096 752 3168 quid
775 3098 1021 3170 sapiebat
1061 3097 1427 3154 necesSarium
1457 3111 1604 3153 esset
1629 3096 1835 3166 scripto
1879 3095 2080 3166 depro—

2163 531 2462 586 abundanti
2509 530 2650 585 inter
2695 529 2799 584 alia
2843 528 3155 600 promisisse
3189 528 3396 584 habere
3421 527 3606 583 omnia
3633 541 3762 597 qua

2163 625 2482 695 placuerunt
2504 624 2557 677 in
2587 621 2864 693 Ephesiae
2895 621 3070 692 primo
3099 621 3352 687 concilio,
3379 619 3474 676 sed
3504 635 3604 690 pro
3631 634 3762 676 cor-

2164 721 2407 774 rectione
2448 717 2628 787 potius
2671 715 2994 770 declaranda
3033 715 3280 770 dicerent
3327 713 3638 770 necessarie
3663 728 3764 769 co-

2165 816 2345 862 actum
2375 806 2686 878 praedictum
2715 806 3035 878 episcopum
3064 805 3156 859 illa
3185 805 3430 874 recipere
3447 818 3571 872 quae
3595 802 3665 858 ab
3691 817 3764 860 eo

2164 899 2382 970 quidem
2411 914 2508 969 per
2534 899 2818 969 epistolam
2848 896 3062 953 [iterant
3089 898 3412 968 improbata.
3455 895 3576 951 Non
3611 896 3762 952 enim

2165 1006 2234 1046 ex
2262 990 2552 1045 abundanti
2594 990 2872 1061 professus
2912 988 3033 1044 Ibas
3060 989 3330 1045 diceretur
3367 988 3676 1058 episcopus,
3717 987 3766 1042 si

2166 1082 2283 1152 ipsa
2325 1097 2506 1138 rerum
2531 1082 2856 1138 necessitate
2879 1089 3126 1151 cogente,
3159 1089 3220 1136 ut
3244 1088 3534 1150 appareret
3569 1079 3770 1134 orthou

2167 1175 2363 1241 doxus,
2401 1174 2683 1230 fateretur.
2712 1172 2812 1230 Cui
2839 1175 3001 1228 etiam
3041 1172 3288 1228 dilucidus
3335 1171 3536 1228 rationi
3571 1183 3776 1227 conse-

2166 1276 2398 1336 quenter
2433 1281 2556 1337 qu:e
2599 1264 2824 1321 inferius
2869 1266 3220 1321 continentur
3259 1262 3506 1333 ejusdem
3539 1261 3776 1332 judicati

2166 1359 2332 1414 verba
2376 1358 2664 1430 proficiunt
2689 1358 2886 1428 quibus
2913 1357 3112 1413 dicitur
3139 1358 3280 1426 (Act.
3315 1355 3403 1424 10)
3431 1373 3447 1409 :
3495 1354 3588 1410 Ite
3623 1355 3776 1410 enim

2166 1455 2280 1526 ejus
2318 1454 2648 1507 sanctitatem
2673 1450 2997 1505 laudavimus
3031 1449 3169 1521 quod
3204 1465 3367 1520 prone
3411 1448 3642 1518 sapuerit
3681 1462 3774 1500 cu-

2170 1563 2289 1602 rare
2306 1563 2395 1602 eos
2421 1547 2510 1617 qui
2531 1545 2608 1599 uel
2634 1545 2931 1615 suspicione
2958 1547 3033 1597 rel
3061 1541 3418 1615 quoqrtomodo
3459 1542 3575 1612 ejus
3617 1539 3782 1595 lade-

2170 1647 2288 1694 rent
2309 1638 2609 1708 opinionem
2633 1635 2906 1700 doctrinis,
2935 1643 2990 1689 et
3014 1642 3233 1690 autem.
3263 1631 3340 1688 Ex
3367 1632 3566 1703 quibus
3591 1630 3780 1688 verbis

2175 1731 2512 1804 apertissime
2530 1731 2701 1786 claret
2721 1744 2789 1785 ex
2811 1727 3106 1784 abundanti
3129 1727 3234 1783 hoc
3252 1739 3475 1798 quoque
3488 1724 3638 1781 Ibam
3657 1723 3784 1795 epi-

2174 1839 2401 1898 scopum
2432 1824 2598 1880 fuisse
2625 1822 2930 1895 professum
2958 1836 3056 1893 per
3079 1819 3231 1892 quod
3261 1835 3370 1876 non
3401 1818 3625 1882 veritas,
3655 1829 3786 1889 qua

2173 1917 2242 1974 de
2270 1932 2338 1973 eo
2360 1916 2589 1987 probata
2618 1929 2727 1970 non
2755 1913 2952 1982 fuerat,
2982 1911 3078 1968 sed
3109 1912 3274 1966 etiam
3303 1909 3563 1980 suspicio,
3594 1907 3642 1964 si
3673 1924 3784 1980 po-

2174 2011 2366 2066 tuisset
2389 2007 2672 2075 accedere,
2693 2013 3034 2078 purgaretur.
3067 2002 3204 2059 Cum
3233 2009 3416 2058 autem
3435 1999 3668 2072 epistola
3713 1997 3786 2054 ad

2175 2099 2364 2156 Marim
2392 2097 2614 2154 Persam
2661 2097 2865 2166 scripta
2907 2110 3016 2150 non
3046 2109 3111 2148 ea
3137 2108 3260 2163 qum
3283 2090 3576 2162 quamdam
3597 2089 3788 2159 suspi-

2176 2192 2388 2248 cionem
2419 2189 2676 2254 facerent,
2709 2186 2804 2242 sed
2829 2185 3174 2256 apertissima
3203 2192 3261 2238 et
3284 2181 3571 2238 manifesta
3593 2180 3783 2251 Ephe-

2176 2282 2306 2339 sinte
2345 2281 2532 2351 prima:
2577 2277 2772 2352 synodi
2811 2285 2868 2333 et
2905 2275 3194 2331 duodecim
3223 2273 3587 2344 capitulorum
3632 2271 3790 2327 beati

2177 2373 2364 2446 Cyrilli
2412 2370 2624 2439 legatur
2656 2368 2885 2425 crimina
2931 2366 3231 2431 continere,
3283 2363 3485 2420 nemini
3529 2362 3685 2418 venit
3730 2361 3786 2417 in

2178 2465 2396 2521 dubium
2444 2463 2573 2533 quin
2621 2461 2726 2516 Iba:
2770 2457 3009 2531 episcopi
3051 2459 3274 2514 minime
3313 2457 3543 2528 probata
3589 2453 3790 2510 fuisset

2179 2556 2430 2626 cpistola,
2477 2553 2572 2624 qui
2603 2569 2670 2608 ex
2721 2552 3013 2608 abundanti
3060 2551 3226 2607 etiam
3275 2548 3344 2604 de
3379 2547 3790 2618 suspiciendum

2182 2645 2318 2700 liber
2336 2653 2587 2700 ostensus
2611 2649 2711 2697 est.
2739 2639 2807 2695 Et
2831 2640 3105 2712 quomodo
3133 2639 3202 2694 de
3229 2637 3456 2694 veritate
3484 2636 3790 2708 reprehen-

2181 2737 2348 2793 sibilis
2379 2736 2504 2790 facti
2545 2735 2697 2802 argui
2741 2734 2945 2804 poterit
2971 2733 3064 2803 qui
3102 2731 3170 2787 de
3207 2731 3518 2802 suspicione
3559 2744 3792 2801 quoque

2183 2829 2333 2885 reddi
2362 2829 2529 2883 voluit
2559 2827 2802 2882 alienus?

2254 2919 2344 2977 VI.
2385 2919 2478 2976 His
2497 2919 2662 2987 igitur
2681 2918 2755 2974 ita
2785 2933 2844 2972 se
2871 2915 3196 2972 habentibus
3217 2924 3580 2984 congruenter
3598 2921 3656 2969 et
3675 2929 3790 2972 una

2183 3013 2482 3084 eademque
2518 3011 2782 3066 suadente
2824 3009 3053 3080 justitia,
3089 3009 3254 3064 etiam
3285 3008 3590 3076 legatorum
3637 3005 3790 3062 sedis

2185 3105 2498 3178 apostolica:
2535 3104 2882 3160 interlocutio
2910 3102 3119 3174 prolata
3161 3101 3526 3170 subsequitur,
3561 3113 3676 3170 qua
3717 3115 3788 3155 ea

485 3197 675 3256 meret,
701 3188 803 3244 nisi
841 3188 894 3244 in
925 3188 1016 3245 illa
1038 3189 1268 3260 epistola
1294 3203 1415 3260 qua:
1443 3189 1494 3246 ei
1523 3188 1735 3262 objecta
1761 3187 1940 3243 fuerat
1967 3187 2080 3242 cla-
2106 3176 2149 3237 C
2183 3176 2404 3252 δέετειο
2452 3194 2673 3266 proprio
2727 3193 2904 3249 Ριιοιίί
2957 3201 3120 3261 atque
3164 3189 3428 3246 suminis
3493 3191 3791 3246 venerabi-

485 3291 630 3340 reret
657 3283 896 3356 perﬁdia:
935 3285 1146 3341 macula
1187 3298 1350 3354 quam
1394 3283 1616 3340 vitabat.
1647 3281 1878 3339 Constat
1919 3283 2082 3349 igitur

485 3387 541 3434 et
567 3379 684 3450 ejus
712 3395 821 3436 non
849 3395 970 3436 esse
1003 3379 1290 3449 epistolam
1318 3392 1440 3448 qua:
1468 3377 1686 3433 levitate
1714 3375 2082 3432 accusantium

485 3471 701 3541 objecta
732 3472 995 3537 tinuatur,
1025 3481 1080 3528 et
1109 3470 1230 3527 fidei
1261 3479 1426 3527 rectae
1453 3469 1852 3532 adversariam;
1893 3477 2082 3524 contra

486 3561 640 3634 cujus
683 3561 1046 3632 objectionem
1073 3578 1143 3618 ex
1183 3561 1386 3632 scripto
1431 3569 1580 3616 recta
1614 3559 1743 3616 tides
1769 3559 2080 3629 opponitur.

491 3653 695 3710 Rursus
727 3661 1128 3723 consequenter
1166 3662 1224 3710 et
1269 3652 1572 3708 evidentius
1615 3651 1683 3706 ad
1711 3651 1819 3707 Ibas
1847 3652 2085 3722 episcopi

491 3744 869 3812 purgationem
925 3744 981 3799 in
1036 3743 1227 3799 eodem
1277 3743 1536 3798 astruitur
1558 3741 1856 3811 judicatum
1904 3740 2084 3813 [[ονιε,

485 3832 752 3907 judicato]
777 3834 921 3902 quod
953 3833 1072 3890 Ilias
1110 3833 1396 3905 episcopus
1441 3847 1511 3889 ex
1545 3832 1837 3888 abundanti
1861 3835 2087 3918 ἰη-θηή-

488 3925 624 3982 sisse
671 3933 1000 3980 memoratur
1035 3925 1319 3981 manifeste
1353 3924 1798 3979 anathematizare
1842 3924 2087 3996 maligna:

487 4020 769 4092 impietatis
789 4019 1074 4091 principem
1095 4018 1418 4084 Nestorium,
1440 4028 1489 4072 et
1510 4033 1598 4073 eos
1625 4017 1712 4088 qui
1737 4017 1869 4070 sicut
1891 4016 1980 4070 ille
2001 4032 2088 4069 sa-

487 4111 656 4180 piunt.
685 4110 870 4182 relqui
895 4110 1044 4165 libris
1064 4120 1156 4164 aut
1181 4109 1440 4164 codicibus
1477 4109 1592 4179 ejus
1627 4115 1870 4172 utuntur;
1902 4107 2090 4161 habere

487 4209 660 4258 autent
680 4218 736 4256 se
765 4201 943 4256 omnia
979 4217 1094 4274 qua
1123 4200 1428 4272 placuerunt
1472 4199 1527 4254 in
1565 4195 1830 4269 Ephesino
1868 4197 2087 4252 concilio

487 4290 628 4361 quod
654 4308 688 4345 u
725 4301 911 4347 sancto
937 4291 1140 4361 Spiritu
1169 4288 1488 4356 merebatur,
1535 4287 1763 4360 nihilque
1791 4305 1825 4341 α
1867 4285 1920 4340 Ν
1925 4289 2088 4342 irwno

487 4383 526 4434 ct
547 4381 704 4451 [ferre
719 4381 900 4456 [for-te,
921 4379 1184 4455 dill‘erret]
1201 4381 1438 4436 concilio.
1461 4378 1631 4436 Porro
1659 4387 1838 4436 autem
1860 4381 2087 4452 epistola

487 4486 614 4541 qua:
640 4473 707 4528 ad
739 4471 930 4528 Μαι-ξω
959 4471 1179 4530 Persam
1227 4474 1426 4542 scripta
1455 4471 1734 4542 relegitur,
1777 4487 1885 4558 non
1912 4471 2087 4527 solum

2184 3289 2316 3345 lium
2362 3289 2760 3360 episcoporum,
2817 3295 2926 3341 tam
2963 3286 3034 3344 de
3079 3286 3162 3341 his
3185 3299 3310 3355 qua
3336 3299 3408 3340 ex
3445 3284 3652 3356 scripto
3695 3299 3790 3340 ac-

2183 3389 2462 3438 cusatores
2511 3380 2796 3442 dederunt,
2842 3393 3004 3448 quam
3051 3377 3122 3433 de
3169 3378 3253 3432 bis
3287 3391 3411 3447 qua:
3448 3375 3592 3431 inter
3629 3383 3792 3445 gesta

2185 3472 2351 3528 locuti
2405 3480 2547 3537 sunt,
2599 3471 2652 3526 id
2688 3479 2773 3525 est
2819 3471 2888 3526 ab
2933 3469 3079 3526 omni
3137 3470 3487 3526 accusatione
3541 3469 3792 3540 inculpao

2183 3563 2346 3618 bilem
2375 3571 2433 3618 et
2469 3563 2696 3618 liberum
2737 3562 2883 3617 Ibam
2913 3561 3175 3617 fateretur
3195 3563 3507 3633 episcopum
3531 3561 3790 3632 reperiri,

2186 3666 2242 3712 et
2291 3655 2344 3710 id
2391 3655 2766 3711 tantummodo
2813 3654 3072 3725 postulat,
3133 3663 3191 3709 ut
3222 3663 3402 3710 utrum
3453 3653 3790 3709 sententiam

2188 3763 2344 3802 suam
2417 3747 2643 3801 Pbotius
2687 3754 2850 3814 atque
2907 3743 3218 3800 Eustathius
3280 3743 3619 3799 venerabiles
3687 3743 3792 3798 viri

2187 3847 2598 3908 cognoscerent,
2645 3852 2741 3892 sua
2792 3836 3127 3907 professione
3159 3837 3455 3904 signarent.
3505 3833 3586 3890 Ita
3638 3835 3790 3890 enim

2186 3943 2248 3986 se
2293 3931 2459 3986 habet
2499 3931 2638 4001 (Act.
2688 3928 2743 3998 9)
2779 3945 2792 3982 :
2851 3925 3204 3983 Pascltasinus
3247 3937 3298 3982 et
3333 3927 3517 3999 reliqui
3555 3926 3793 3998 episcopi

2187 4039 2279 4096 per
2313 4021 2669 4092 presbyterum
2707 4020 3006 4089 apostolica:
3031 4020 3172 4073 sedis
3199 4019 3442 4073 dixerunt
3477 4034 3497 4072 :
3536 4017 3792 4073 Sanctis-

2187 4117 2306 4171 simi
2343 4113 2570 4184 episcopi
2615 4111 2703 4182 qui
2737 4111 2938 4165 decreto
2975 4112 3186 4180 proprio
3233 4119 3284 4164 et
3324 4108 3692 4180 inculpabileut
3737 4117 3794 4163 et

2187 4206 2330 4263 omni
2351 4204 2678 4259 accusatione
2697 4201 2915 4256 liberum
2941 4200 3091 4255 Ibam
3116 4202 3582 4256 reverentissimum
3608 4200 3792 4254 decla-

2188 4305 2392 4360 rarunt,
2421 4297 2468 4351 si
2495 4295 2760 4366 proprium
2794 4292 3102 4348 sententiam
3136 4299 3511 4361 recognoth
3553 4291 3791 4345 edicunt.

2190 4386 2410 4445 Plautius
2438 4386 2877 4442 reuerentissimus
2915 4385 3186 4455 episcopus
3230 4383 3354 4455 Tyri
3393 4381 3528 4438 dixit
3549 4399 3569 4438 :
3605 4381 3794 4438 Etiam

2191 4489 2424 4537 nostrum
2452 4487 2529 4533 est
2551 4477 2832 4531 decretum.
2869 4474 3178 4530 Eustathius
3209 4475 3652 4530 reuerentissimus
3676 4477 3794 4544 cpi.

493 4581 603 4622 non
650 4565 855 4623 habere
895 4580 1017 4637 qua:
1071 4567 1126 4622 in
1165 4565 1441 4637 Ephesiuo
1469 4565 1646 4636 primo
1676 4564 1908 4620 concilio
1935 4571 2086 4634 gesta
2115 4561 2168 4620 D
2191 4585 2376 4642 scapus
2399 4569 2574 4641 Beryti
2595 4569 2730 4622 dixit
2749 4584 2768 4622 :
2801 4565 2928 4621 Mea
2961 4576 3039 4622 est
3077 4565 3416 4638 subscriptio;
3452 4574 3510 4622 et
3553 4566 3790 4636 reliqua.

489 4663 637 4723 sunt,
668 4656 764 4712 sed
793 4656 956 4712 etiam
985 4656 1133 4728 gravi
1173 4656 1548 4713 exsecratione
1576 4654 1849 4724 respuisse
1876 4662 1932 4708 et
1959 4669 2092 4709 con-

492 4749 786 4804 demnasse
805 4757 1136 4805 monstratur
1167 4765 1181 4802 :
1211 4749 1413 4820 quippe
1439 4763 1562 4804 cum
1593 4755 1650 4802 et
1675 4745 1980 4801 Nestorium
2005 4743 2092 4815 ju-

493 4839 636 4896 dicio
658 4849 715 4896 ct
747 4841 1092 4910 inquisitione
1120 4857 1228 4897 non
1257 4842 1396 4898 facta
1423 4847 1691 4896 memoret
1717 4853 1840 4896 esse
1869 4837 2092 4893 damna-

498 4941 630 5000 tum,
661 4940 716 4988 et
735 4931 953 4987 beatum
973 4931 1232 5005 Cyrillum
1259 4932 1310 4987 in
1333 4931 1659 5002 Apollinaris
1682 4929 1928 4986 haeresim
1959 4928 2094 4984 inei-

492 5026 658 5092 d'sse,
712 5033 769 5081 et
809 5025 863 5081 ei
914 5026 1105 5082 similia
1148 5024 1431 5097 scripsisse
1481 5023 1778 5096 pertinacia
1829 5021 2094 5090 sacrilego

495 5114 673 5191 uerte,
700 5117 962 5188 pertinaci
986 5133 1051 5173 ac
1077 5113 1366 5187 sacrilego]
1388 5130 1578 5172 errore
1599 5113 1844 5182 definiat,
1871 5122 1932 5168 et
1953 5114 2090 5168 duo-

493 5209 667 5266 decim
707 5208 855 5266 beati
882 5208 1064 5283 Cyrilli
1090 5194 1323 5282 capitula
1349 5208 1495 5264 omni
1537 5209 1814 5279 impietate
1853 5207 2010 5278 plena
2037 5215 2094 5261 ct

495 5310 658 5356 rectm
681 5299 802 5357 tldei
823 5301 1094 5358 contraria
1114 5308 1495 5370 nuncupasset.
1522 5297 1674 5355 Unde
1693 5298 2095 5355 evidentissime

495 5391 803 5447 declaratur
848 5393 974 5462 quia
1025 5407 1090 5448 ex
1141 5390 1480 5463 professione
1526 5390 1631 5446 line
1681 5391 1944 5461 episcopi,
1997 5407 2096 5461 per

497 5495 660 5552 quam
693 5499 759 5540 ex
788 5484 1103 5550 abundanti,
1134 5492 1194 5539 ut
1219 5491 1542 5544 attestantur
1568 5481 1799 5555 judices,
1847 5484 2092 5538 universa

497 5581 619 5644 quat
645 5576 702 5631 in
738 5573 1008 5648 Ephesiae
1044 5577 1220 5648 primo
1249 5577 1481 5632 concilio
1508 5585 1658 5646 gesta
1702 5582 1829 5630 sunt
1873 5590 2094 5631 servare

501 5677 556 5722 et
585 5668 824 5739 recipere
849 5669 1155 5739 profitetur,
1194 5668 1320 5738 quia
1349 5668 1466 5738 ejus
1491 5667 1652 5723 fuerit
1680 5666 1965 5736 epistolam
1994 5667 2094 5721 de»

501 5764 776 5826 negatam.
807 5757 940 5813 Nam
969 5759 1014 5814 si
1040 5757 1158 5828 ejus
1183 5772 1306 5813 esse
1333 5758 1669 5812 constitisset
1695 5756 2010 5826 epistolam,
2041 5756 2092 5810 in

467 5887 476 5893 -
507 5862 638 5917 ψη,
663 5857 720 5905 ut
747 5849 948 5906 dictum
977 5859 1080 5919 est,
1118 5847 1388 5921 Ephesius
1423 5849 1596 5920 prima
1641 5847 1882 5920 synodus
1923 5848 2095 5918 impu-

2193 4661 2273 4718 Ex
2299 4677 2404 4732 qua
2441 4661 2792 4731 inquisitione
2832 4675 2954 4715 cum
2984 4659 3358 4716 tantummodo
3403 4659 3473 4716 de
3517 4674 3793 4730 recogno-

2191 4753 2390 4810 scenda
2425 4753 2691 4809 sententia
2722 4751 2934 4822 judices
2962 4753 3317 4816 monuisseut,
3347 4751 3481 4806 nihil
3505 4751 3577 4807 de
3611 4751 3797 4821 quali-

2195 4852 2306 4900 tate
2335 4845 2620 4901 sententia:
2643 4845 2969 4909 duhitantes,
3011 4844 3122 4900 imo
3159 4845 3325 4900 etiam
3347 4845 3475 4915 quia
3517 4859 3622 4916 per
3665 4857 3793 4900 eam

2192 4938 2314 4995 Ibas
2341 4940 2628 5010 episcopus
2656 4938 2792 4994 liber
2816 4939 2884 4994 ab
2905 4937 3054 4994 omni
3081 4938 3426 4994 accusatione
3447 4939 3700 4994 inventus
3720 4939 3795 4994 sit

2194 5031 2578 5100 approbantes,
2607 5029 2844 5085 dilucide
2881 5037 3178 5099 aperteque
3203 5038 3538 5084 monstratur
3565 5029 3792 5085 decreto

2193 5118 2581 5173 venerabilium
2651 5117 2830 5173 Photii
2879 5127 3044 5188 atque
3088 5116 3354 5173 Eustatltii
3403 5119 3792 5189 episcoporum

2193 5211 2355 5265 etiam
2406 5210 2704 5280 legatorum
2734 5211 3048 5282 apostolica:
3091 5211 3234 5268 sedis
3263 5212 3673 5268 indubitabilem
3702 5230 3794 5271 ac-

2191 5304 2420 5359 cessisse
2447 5319 2790 5370 consensum,
2817 5303 2968 5374 quia,
2996 5303 3136 5359 sicut
3164 5303 3371 5360 dictum
3411 5313 3515 5369 est,
3549 5308 3618 5360 ab
3641 5308 3792 5362 omni

2193 5395 2542 5450 accusatione
2566 5395 2704 5450 liber
2745 5394 2864 5451 Ibas
2891 5396 3184 5451 exstitisset
3211 5398 3518 5467 episcopus.
3566 5396 3794 5454 Relecto

2194 5483 2378 5553 itaque
2408 5484 2583 5539 l‘hotii
2613 5493 2776 5555 atque
2796 5482 3060 5539 Eustathii
3087 5486 3487 5556 episcoporum,
3517 5489 3664 5557 quod
3691 5503 3793 5559 pro

2194 5589 2256 5629 se
2283 5573 2402 5628 Ibas
2429 5575 2718 5645 episcopus
2738 5576 2978 5646 protulit,
3006 5575 3248 5646 judicato
3273 5587 3330 5632 et
3357 5577 3428 5632 ab
3457 5579 3664 5633 eisdem
3700 5579 3790 5648 ju-

2195 5663 2424 5730 dicibus,
2452 5666 2588 5721 sicut
2613 5679 2776 5737 supra
2803 5665 3005 5722 dictum
3033 5677 3133 5732 est,
3181 5669 3407 5738 repetita
3449 5671 3792 5740 professione

2196 5759 2494 5828 recognito,
2526 5775 2648 5815 cum
2693 5762 2745 5815 in
2785 5761 3204 5831 subsequentem
3245 5763 3390 5817 diem
3436 5764 3506 5819 de
3552 5781 3788 5835 persona

2197 5849 2438 5919 ejusdem
2463 5849 2568 5905 Iba:
2597 5849 2833 5923 episcOpi
2863 5850 3050 5907 fuisset
3075 5853 3312 5922 cognitio
3335 5853 3576 5926 notata,
3602 5869 3788 5912 rursus
