3986 6350
194 348 285 413 153

1076 350 1212 409 PRO
1251 352 1696 412 DAMNATIONE
1734 352 1954 410 TRIUM
1989 354 2508 418 CAPITULORUM.

3350 368 3475 425 tot

193 470 452 535 nigressus
472 462 587 522 lbas
610 465 907 537 cpiscopus
944 466 1063 523 lucc
1090 467 1287 538 tegitur
1326 466 1497 525 fuisse
1532 481 1774 539 conque-
1800 471 1853 532 Δ
1878 467 2021 525 dicta
2038 470 2152 527 sint
2175 474 2547 541 constitutum,
2575 474 2716 533 adeo
2753 483 2814 533 ut
2832 490 2902 535 es
2929 476 3128 536 eodem
3153 479 3385 540 deuoto
3403 485 3475 541 ab

191 568 294 616 stus
317 559 451 630 (Act.
500 557 624 628 i0);
671 557 936 629 Deprecor
962 560 1403 631 magniﬁcentiam
1452 571 1671 618 vestram
1721 569 1772 616 et

191 657 312 708 hanc
354 652 690 708 uniuersalem
726 661 970 705 sanctam
989 650 1261 720 synodum.
1296 650 1558 722 Eutyches
1595 653 1776 707 adser-

190 762 290 800 sma
319 761 401 800 me
431 761 525 814 pro
550 743 660 814 ﬁde
686 743 928 814 quaedam
972 744 1109 814 falsa
1149 745 1427 814 conﬁnxit,
1458 762 1553 800 nec
1591 762 1674 800 tne
1713 747 1770 801 in

188 846 358 892 structa
374 837 574 908 synodo
596 837 823 892 introire
849 836 1118 907 permisit;
1145 852 1239 902 per
1257 837 1602 908 quadraginta
1622 853 1775 892 man-

189 931 348 984 siones
369 929 584 983 invicem
611 944 707 997 per
729 929 961 984 diversos
994 927 1203 982 ordines
1230 927 1421 983 direxit
1451 945 1564 994 me;
1591 930 1776 1001 viginti

188 1030 232 1076 et
258 1021 475 1087 (tmolius
493 1035 732 1074 carceres
761 1021 976 1084 mutari,
1008 1028 1257 1090 tanquam
1293 1036 1400 1074 non
1438 1031 1574 1076 esset
1595 1038 1774 1077 carcer

191 1114 239 1168 is
258 1112 545 1178 Antiochia,
576 1114 632 1167 in
656 1111 845 1167 ordine
875 1113 1272 1167 comitianorunt
1319 1112 1605 1169 dicentibus
1643 1115 1773 1171 mitti

190 1204 297 1278 quis
346 1205 629 1258 danmutus
678 1220 756 1259 es.
812 1202 875 1258 Si
927 1203 1126 1258 videtur
1185 1219 1311 1275 ergo
1370 1206 1775 1276 magniﬁcentia

190 1306 353 1352 nstra:
372 1304 423 1351 et
440 1305 644 1350 sancte
670 1305 859 1351 vestrm
876 1297 1077 1367 synodo
1106 1313 1223 1367 quas
1241 1298 1354 1352 sine
1370 1298 1573 1368 judicio
1594 1298 1651 1353 in
1679 1299 1775 1353 dbo

187 1390 338 1442 seatia
353 1404 466 1441 mea
485 1387 762 1442 adversum
791 1402 874 1442 me
893 1397 1039 1459 gesta
1056 1396 1177 1442 sunt
1201 1389 1507 1460 infringere,
1526 1388 1583 1443 in
1602 1398 1774 1445 cestu

186 1480 272 1534 erit
302 1488 572 1548 potestate.
610 1478 691 1532 οι
730 1479 830 1534 ltoc
855 1480 1064 1543 etenim,
1104 1481 1237 1533 sicut
1271 1480 1388 1551 jam
1431 1480 1634 1545 edocui,
1663 1481 1774 1536 adi

186 1586 371 1625 socrum
394 1580 445 1624 et
463 1571 820 1626 innaortalcm
839 1572 1097 1631 uerticem
1120 1581 1174 1625 et
1195 1573 1361 1643 jussit
1396 1578 1619 1627 restrain
1656 1589 1773 1628 meo

185 1662 521 1733 gniﬁcmts'am
562 1668 616 1716 et
657 1670 895 1716 sanctam
940 1663 1195 1733 synodus
1238 1664 1422 1718 audire
1447 1679 1564 1735 qua:
1588 1664 1775 1719 adm-

184 1768 285 1808 ιτα
306 1769 384 1807 nte
409 1761 559 1825 gesta
584 1761 729 1818 unt,
759 1761 808 1807 et
843 1754 1154 1824 cognovistis
1196 1766 1262 1809 ets
1297 1753 1507 1809 decreto
1545 1754 1670 1824 quia
1713 1756 1770 1810 in

184 1845 313 1902 ulla
338 1844 614 1916 culpabilis
635 1861 753 1900 sum
772 1856 1024 1917 repertus.

243 1936 349 1992 Vll.
376 1936 469 1993 liis
507 1950 647 2007 ergo
700 1936 758 1991 in
806 1938 1085 2006 querelam
1134 1937 1380 1996 deductis
1415 1940 1588 1997 claret
1617 1940 1767 1999 Ibam

184 2028 474 2099 episcopum
559 2027 920 2099 apertissimis
989 2028 1459 2100 deplorationibus
1537 2033 1768 2103 alligare

185 2122 342 2195 "orte,
371 2118 637 2191 allegare]
668 2118 816 2191 quod
866 2120 921 2176 in
967 2121 1266 2179 secretario
1302 2123 1588 2194 superiore
1633 2140 1769 2183 con-

184 2218 383 2280 questus
424 2219 509 2266 est
560 2225 626 2266 ea
664 2224 788 2281 quae
835 2211 891 2266 in
927 2212 1208 2269 sceleratis
1246 2213 1354 2269 illis
1395 2216 1563 2283 gestis
1583 2214 1760 2286 Ephe-

183 2305 298 2359 sinie
344 2301 602 2359 secundm
648 2300 847 2371 synodi
899 2302 1158 2361 adversus
1203 2319 1331 2361 eum
1375 2304 1446 2362 de
1476 2305 1582 2361 tide
1606 2315 1765 2376 gesta

184 2394 370 2450 suntsb
386 2393 635 2466 Eutyche
664 2394 835 2451 fuisse
852 2392 1100 2450 confecta
1134 2396 1316 2469 Horis,
1344 2395 1625 2470 conﬁcta];
1649 2398 1766 2463 ubi,

182 2488 303 2543 sicut
322 2486 426 2557 jam
454 2488 715 2559 superius
741 2486 947 2544 dictum
972 2497 1076 2553 est,
1109 2503 1209 2559 per
1236 2488 1542 2547 introducta
1572 2500 1769 2549 contra

183 2578 436 2635 absentem
478 2593 752 2651 responsa
801 2580 1039 2646 testium,
1069 2582 1306 2638 maxime
1357 2582 1643 2653 epistolam
1696 2585 1767 2641 ad

182 2671 349 2728 lat-im
390 2672 622 2729 Persam
668 2672 911 2742 ejusdem
960 2672 1125 2730 fuisse
1166 2674 1366 2730 docere
1396 2676 1579 2731 conati
1616 2686 1767 2732 sunt.

183 2765 336 2833 Quam
377 2765 673 2837 epistolam
717 2765 773 2821 in
825 2766 931 2822 hoc
981 2766 1105 2822 loco
1154 2764 1357 2836 duplici
1390 2766 1554 2823 modo
1583 2766 1771 2825 ablba

182 2859 436 2930 episcopo,
461 2859 615 2915 sicut
648 2865 707 2913 et
742 2858 991 2928 superius
1008 2865 1277 2914 assertum
1305 2866 1413 2923 est,
1439 2857 1766 2928 denegatam

180 2948 436 3005 eridmter
461 2957 719 3020 apparet.
769 2947 952 3004 Primo
997 2949 1144 3017 quod
1195 2950 1607 3006 accusatoribus
1649 2950 1769 3020 ejus

180 3039 280 3109 ipsa
304 3039 591 3109 productio
619 3039 837 3093 testium
864 3039 964 3094 nisi
993 3048 1184 3097 contra
1213 3049 1499 3109 negantem
1522 3055 1767 3098 necessa-

179 3128 249 3183 ria
274 3144 374 3185 non
402 3127 577 3186 fuisse
620 3128 975 3185 convincitur.
1006 3128 1178 3185 Nemo
1205 3130 1351 3187 enim
1390 3139 1581 3187 contra
1612 3133 1761 3189 illum

1872 564 2022 618 ωηιιί
2073 567 2418 625 accusatione
2445 568 2580 625 liber
2605 578 2663 627 et
2688 569 2743 626 in
2779 571 2931 628 nullo
2956 572 3210 631 inventos
3235 576 3477 649 culpabi-

1872 654 1947 711 lis
1973 655 2263 715 diceretur.
2288 656 2444 725 Quod
2481 674 2605 717 cum
2631 660 2704 718 ita
2739 662 2830 731 sit,
2853 664 3130 723 evideIIer
3157 666 3475 729 ostenditur

1869 747 2161 818 epistolam
2178 749 2249 806 ad
2277 749 2466 807 Maan
2497 751 2711 810 Pomm
2732 756 3011 827 scriptam,
3040 770 3167 830 qua
3183 759 3471 818 duodecim

1872 841 2023 897 beati
2059 842 2244 915 Cyrilli
2292 844 2529 914 capitula
2560 847 2716 902 omni
2750 847 3029 919 impietate
3047 851 3209 922 plena
3229 861 3471 910 streets:

1874 931 2005 990 iidei
2031 934 2164 991 dicit
2194 950 2317 991 esse
2335 937 2627 1004 contraria,
2658 945 2718 994 et
2742 937 3047 995 Nestorium
3069 940 3274 1011 judicio
3302 950 3361 999 et
3384 943 3474 1000 ini-

1871 1026 2166 1095 quisitione
2194 1042 2300 1083 non
2324 1027 2466 1084 facta
2495 1029 2826 1098 damnatum,
2858 1031 3007 1088 nullo
3020 1032 3187 1090 modo
3208 1034 3338 1104 quia
3365 1033 3471 1090 Ihm

1870 1116 2035 1177 fuerit
2052 1119 2406 1189 approbatum
2430 1136 2448 1188 ;
2478 1121 2679 1192 quippe
2702 1137 2826 1179 eum
2857 1122 2972 1193 ipse
2994 1124 3065 1179 de
3088 1138 3153 1180 se
3185 1125 3469 1194 apertissi-

1875 1221 1964 1261 me
1990 1206 2224 1263 fateatur
2245 1208 2390 1279 quod
2418 1224 2482 1264 ea
2505 1225 2628 1279 quae
2642 1210 2717 1267 de
2736 1210 2841 1267 ﬁde
2862 1210 3128 1269 adversm
3148 1228 3218 1270 se
3236 1228 3471 1271 accusa,-

1870 1304 2021 1356 tores
2043 1299 2299 1365 dixerint,
2322 1300 2456 1357 lalse
2487 1300 2779 1370 dixissent;
2811 1314 2936 1358 cum
2962 1302 3009 1359 si
3049 1310 3145 1358 aut
3170 1303 3470 1373 ipsesuam

1871 1402 1996 1446 esse
2018 1390 2309 1461 eplstohm
2348 1390 2628 1455 fateretur,
2654 1400 2749 1449 aut
2765 1392 2835 1448 ab
2856 1394 3264 1451 accusatoribu
3289 1395 3471 1464 aliqua

1871 1481 2065 1537 fuisset
2100 1481 2419 1551 probatione
2444 1482 2749 1549 convictus,
2780 1499 2890 1538 non
2932 1483 3122 1553 utique
3166 1483 3345 1541 Pbotii
3384 1493 3469 1540 at.

1872 1584 1982 1640 que
2025 1569 2292 1627 Farstatbii
2340 1571 2718 1642 episcoporum
2743 1572 2970 1641 judicio,
3000 1574 3052 1629 in
3079 1588 3311 1644 quorum
3338 1590 3472 1632 exa-

1868 1663 2021 1718 mine
2056 1662 2175 1720 hmo
2216 1662 2437 1720 fuerunt
2486 1663 2729 1733 flagitate
2765 1664 3037 1739 [agitata],
3066 1667 3471 1737 absolutissith

1870 1763 2211 1811 censeretur.
2241 1754 2396 1822 Quod
2422 1756 2619 1812 leviter
2658 1771 2726 1812 ac
2782 1755 2919 1813 false
2964 1773 3030 1815 ac
3063 1758 3473 1829 per

1775 1839 1848 1902 ,Β
1874 1862 2000 1904 nem
2041 1846 2331 1918 quamdam
2358 1847 2428 1905 ab
2454 1848 2861 1905 accusatoribus
2900 1849 3014 1905 suis
3036 1849 3159 1906 ibas
3184 1852 3472 1922 episcopus

1868 1939 2329 2011 fueritlmpetitus
2355 1942 2702 2006 necessitate,
2733 1948 2795 1998 et
2818 1941 3126 1999 Nestorium
3154 1945 3474 2001 anathema-

1869 2032 2140 2098 tisaverit,
2170 2040 2226 2087 et
2251 2032 2434 2089 omnia
2474 2048 2599 2103 qam
2653 2034 2708 2088 ln
2746 2031 3022 2103 Ephesino
3047 2035 3222 2105 primo
3250 2035 3471 2105 placueé

1868 2124 2244 2181 runtconcilio
2296 2139 2358 2181 se
2399 2123 2601 2180 habere
2644 2131 2992 2196 tanquamea
3016 2141 3138 2196 qua:
3192 2127 3247 2183 in
3293 2127 3471 2185 Νίιωι

1871 2224 1990 2272 acta
2034 2223 2164 2272 sunt
2214 2215 2526 2273 voluntaria
2574 2214 2914 2286 professione
2964 2224 3194 2273 testatus
3212 2218 3320 2284 sit;
3349 2232 3472 2288 qua

1867 2310 2056 2379 utique
2074 2309 2147 2365 ab
2177 2308 2406 2379 epistola
2421 2323 2542 2378 qutr
2561 2307 2634 2363 ad
2652 2308 2853 2365 Ias-im
2864 2309 3084 2367 Persam
3107 2312 3314 2381 scripta
3337 2312 3470 2370 dicio

1868 2408 1958 2456 tur
1984 2401 2264 2457 eswmtio
2311 2399 2561 2455 Nestorio
2590 2408 2808 2456 constat
2834 2415 2955 2457 esse
2984 2403 3209 2472 rejects.
3239 2401 3470 2475 Propter

1868 2492 2013 2564 quod
2062 2492 2193 2548 nulli
2242 2492 2390 2547 venit
2436 2491 2492 2547 in
2542 2490 2763 2547 dubium
2792 2492 2943 2564 quod
2970 2509 3036 2549 ea
3062 2509 3185 2565 qua
3209 2495 3473 2554 adversus

1870 2599 1972 2640 nos
1994 2581 2130 2639 false
2156 2581 2264 2639 dici
2284 2581 2598 2648 assumis,
2638 2595 2817 2651 neque
2858 2599 2890 2638 a
2920 2584 3077 2641 nobis
3103 2586 3267 2650 dicta,
3292 2601 3473 2657 neque

1868 2689 1900 2729 a
1946 2674 2104 2731 nobis
2136 2672 2291 2730 facta
2341 2688 2462 2730 esse
2504 2673 2731 2729 omnino
2748 2674 3118 2743 disfateamur,
3147 2685 3204 2734 et
3252 2693 3375 2749 qua
3399 2692 3472 2735 es

1867 2762 2161 2820 abundanti
2218 2763 2495 2834 recepisse
2540 2762 2854 2832 astruimur,
2910 2776 2970 2823 et
3014 2778 3178 2824 antea
3224 2769 3471 2827 mouisse

1869 2855 2168 2928 narremur.

1943 2947 2074 3004 νυι.
2098 2950 2178 3005 Ad
2206 2950 2367 3020 boias
2392 2967 2623 3023 quoque
2670 2954 3100 3010 indubitabiiiter
3118 2954 3471 3011 ostendenda:

1868 3042 2174 3109 negationis
2216 3052 2562 3112 augmentum
2592 3044 3014 3118 {argumentum}
3051 3046 3338 3102 commode
3370 3061 3461 3103 se-

1869 3131 2147 3202 quentium
2172 3141 2445 3202 gestorum
2468 3135 2604 3192 ordo
2624 3137 2988 3192 connectitur.
3011 3136 3146 3191 Cum
3173 3136 3317 3192 enim
3346 3136 3470 3208 qui-

179 3216 376 3275 testium
420 3220 712 3291 responsis
753 3216 956 3288 indiget
1005 3233 1170 3289 quem
1216 3219 1412 3276 viderit
1431 3217 1578 3290 quod
1604 3220 1675 3276 ab
1696 3235 1769 3278 eo
1795 3212 1845 3277 C
1872 3221 2000 3277 dam
2024 3222 2137 3292 jam
2158 3224 2217 3278 in
2241 3232 2426 3281 sancta
2445 3223 2873 3281 Chalcedonensi
2903 3227 3112 3297 synodo
3139 3225 3477 3281 absolutioni

178 3307 358 3368 factum
379 3310 570 3380 arguit.
590 3307 861 3367 conﬁteri.
893 3308 1066 3377 Quam
1096 3310 1444 3381 negationem
1469 3326 1622 3368 suam
1644 3311 1768 3370 [bas

179 3403 449 3474 episcopus
462 3401 786 3461 evidentius
807 3418 877 3458 ex
902 3402 1193 3459 formidine
1222 3406 1560 3462 accusatoris
1584 3414 1769 3462 osten-

184 3493 255 3550 dit
270 3493 448 3552 dicens
475 3510 616 3551 :nec
646 3509 729 3549 me
749 3495 807 3548 in
830 3494 1033 3565 synodo
1051 3495 1270 3550 introire
1290 3496 1529 3567 permisit
1548 3493 1764 3567 (Ibid).

181 3582 250 3641 lts
275 3586 413 3642 enim
440 3594 641 3644 contra
670 3599 733 3641 se
771 3584 934 3641 falsos
962 3592 1130 3641 testes
1167 3600 1294 3642 eum
1324 3601 1659 3657 praeparasse
1686 3595 1768 3643 te-

181 3685 369 3746 statur;
398 3687 460 3735 ut
486 3693 620 3736 cum
677 3693 834 3735 suam
878 3676 1173 3734 adversarii
1207 3679 1388 3767 studio
1425 3679 1765 3751 proﬂigatam

180 3779 417 3839 queratur
464 3769 800 3835 absentiam,
840 3767 1128 3826 confirmet
1171 3785 1233 3828 se
1281 3779 1601 3841 praesentem
1656 3785 1765 3828 non

180 3863 401 3933 potuisse
434 3862 718 3921 convinci.
751 3861 955 3917 Deinde
994 3860 1141 3931 quod
1186 3862 1242 3917 in
1279 3870 1471 3919 sancto
1516 3878 1582 3919 ac
1612 3878 1768 3919 reve-

180 3955 331 4011 rcndo
349 3953 784 4013 Cbalcedonensi
813 3953 1043 4010 concilio
1071 3967 1309 4024 praesens
1319 3953 1441 4010 [bas
1454 3954 1764 4026 episcopus,

179 4046 294 4102 dum
316 4063 383 4104 ea
415 4064 539 4121 quae
578 4047 845 4104 adversus
871 4062 999 4103 eum
1043 4048 1097 4103 in
1124 4046 1390 4118 Ephesios
1416 4048 1654 4105 secunda
1684 4058 1768 4107 te-

178 4146 336 4194 status
367 4140 543 4213 [{orte,
578 4136 832 4211 testibus]
855 4138 1081 4209 aliisque
1106 4139 1283 4196 modis
1308 4148 1460 4209 gesta
1491 4152 1617 4197 sunt
1641 4140 1765 4199 ficta

179 4226 347 4299 “orte,
371 4228 575 4301 fictam]
599 4229 959 4299 conqueritur
983 4228 1269 4300 epistolam
1296 4244 1461 4300 quam
1500 4230 1618 4301 ejus
1645 4247 1769 4289 esse

177 4318 277 4376 illic
320 4320 601 4391 responsis
647 4320 873 4377 testium
905 4320 1109 4376 dictum
1137 4319 1272 4378 false
1296 4321 1475 4378 fuerat
1500 4323 1768 4381 alienasse

177 4409 414 4483 [alienam
444 4426 475 4467 a
504 4410 589 4483 se]
621 4410 812 4481 procul
833 4410 999 4467 dubio
1022 4411 1326 4483 profitetur.
1355 4411 1513 4470 Unde
1538 4423 1595 4471 et
1614 4430 1768 4472 com-

172 4510 410 4571 potenter
428 4504 685 4575 sequitur
709 4503 835 4574 quia
872 4504 1044 4559 sancti
1087 4503 1199 4562 illic
1227 4504 1280 4559 in
1311 4502 1655 4562 Chalcedona
1678 4521 1765 4563 re-

1866 3312 1974 3370 lbte
1996 3315 2237 3387 episcopi
2272 3330 2463 3373 vocem
2503 3328 2784 3372 curassent
2828 3314 3274 3371 contradictionis
3288 3330 3471 3387 oppo—

1866 3420 2021 3474 nere,
2051 3417 2110 3463 et
2136 3407 2338 3477 ingredi
2376 3408 2496 3478 ejus
2540 3417 2888 3463 accusatores
2928 3407 3141 3476 judices
3183 3409 3464 3479 pnecepis-

1865 3507 2009 3565 sent,
2042 3500 2314 3567 ingressos
2366 3498 2696 3570 Theophilus
2722 3498 2984 3553 diaconus
3012 3513 3137 3553 cum
3161 3499 3299 3563 aliis,
3329 3499 3463 3555 dum

1868 3589 2294 3659 interrogaretur
2303 3598 2482 3644 utrum
2495 3598 2844 3644 accusaturus
2856 3588 3001 3643 Ibam
3015 3589 3248 3644 venisset
3260 3588 3470 3659 episeo-

1867 3695 2015 3751 pum,
2030 3680 2104 3736 ita
2140 3681 2417 3750 respondit
2466 3683 2603 3748 (Act.
2648 3679 2736 3749 10)
2772 3697 2785 3734 :
2820 3680 3159 3734 Accusatores
3192 3680 3465 3751 manifesti

1866 3781 2007 3837 sunt,
2020 3781 2069 3827 et
2086 3773 2171 3826 hic
2183 3789 2286 3827 non
2299 3783 2439 3827 sunt.
2458 3772 2503 3825 Ε
2505 3791 2569 3843 go
2580 3774 2830 3827 diaconus
2843 3789 2976 3839 sum,
2990 3785 3040 3826 et
3050 3774 3159 3828 srio
3169 3773 3467 3828 violentiam

1866 3865 2108 3918 civitatis.
2134 3863 2204 3917 Et
2248 3864 2295 3917 si
2339 3879 2551 3930 accuso,
2574 3872 2729 3917 testes
2770 3880 2873 3917 non
2912 3864 3124 3928 adsunt,
3151 3874 3201 3916 et
3218 3864 3462 3935 denegnt.

1868 3954 1999 4022 Qum
2045 3954 2376 4009 accusatoris
2427 3955 2712 4023 responsio
2760 3953 3072 4008 manifestat
3096 3954 3245 4022 quod
3276 3954 3348 4007 ita
3397 3968 3462 4008 ea

1868 4061 1990 4116 qua:
2008 4045 2158 4116 apud
2185 4046 2436 4101 Pbotium
2485 4054 2544 4101 et
2580 4043 2918 4101 Enstatbium
2940 4045 3227 4115 episcopos
3246 4042 3464 4113 objecta

1867 4144 1995 4192 sunt.
2021 4136 2374 4205 denegaverit
2398 4136 2519 4192 lbas
2546 4135 2833 4206 episcopus
2862 4141 2921 4190 ut
2946 4136 3000 4190 in
3029 4133 3462 4189 Chalcedonensi

1867 4227 2094 4298 synodo,
2118 4242 2242 4283 cum
2297 4227 2414 4299 ipsa
2462 4226 2605 4282 idem
2652 4242 2685 4281 a
2730 4242 2789 4282 se
2825 4225 3130 4296 objicieoda
3157 4233 3364 4295 nosset,
3391 4226 3463 4280 ab

1865 4316 1959 4374 Iba
1980 4319 2241 4390 episoOpo
2257 4318 2570 4389 deneganda
2591 4315 2899 4374 conﬁrmet.
2932 4315 3083 4373 Unde
3102 4316 3462 4387 quorumdam

1866 4409 2024 4466 valde
2050 4418 2131 4465 est
2159 4410 2422 4480 stupenda
2470 4410 2751 4466 contentio
2768 4450 2782 4475 ,
2812 4409 2907 4479 qui
2949 4408 3234 4480 epistolam
3258 4409 3325 4465 ad
3344 4408 3462 4463 Ma-

1867 4502 1971 4556 rim
2022 4499 2243 4558 Persam
2288 4501 2573 4573 scriptam,
2606 4502 2674 4556 ab
2701 4501 3108 4557 accusatoribus
3136 4515 3237 4571 pro
3265 4514 3463 4571 magno

173 4592 397 4651 sidentes
419 4595 639 4665 judices
658 4610 727 4650 ex
751 4596 972 4653 decreto
1003 4594 1184 4652 Pbotii
1224 4604 1390 4667 atque
1412 4597 1680 4655 Eustatbii
1709 4600 1765 4656 in
1796 4590 2092 4655 μετεπήδα
2134 4591 2424 4660 obiectam.
2448 4600 2507 4648 et
2554 4592 2609 4647 in
2659 4590 3087 4648 Chalcedonensi
3131 4589 3344 4663 synodo
3394 4607 3465 4647 ex

176 4683 310 4740 nullo
335 4700 459 4741 eum
488 4687 850 4756 cognoverint
875 4687 1200 4758 culpabilem
1223 4727 1240 4752 ,
1273 4690 1614 4760 apertissime
1644 4706 1795 4763 [ποί

175 4775 376 4833 mentes
400 4777 552 4848 quod
573 4792 639 4833 ea
663 4792 784 4849 qut]?
822 4778 893 4834 de
919 4777 1026 4836 fide
1050 4780 1311 4838 adversus
1337 4797 1463 4838 eum
1488 4793 1767 4842 accusato-

173 4880 272 4930 res,
297 4877 407 4923 tam
435 4867 490 4923 in
510 4868 698 4924 libello
747 4869 890 4939 apud
928 4868 1179 4926 Photium
1199 4879 1258 4928 et
1281 4868 1621 4929 Ettstatbium
1646 4874 1765 4945 epi-

174 4969 359 5027 scopas
374 4958 584 5025 oblato,
611 4959 666 5013 in
689 4973 798 5028 quo
813 4960 1065 5016 dixerunt
1084 4977 1208 5017 eum
1236 4962 1466 5033 plurima
1489 4974 1680 5021 contra
1701 4966 1765 5018 ti-

174 5044 288 5102 dem
314 5046 537 5104 Patrum
558 5049 759 5115 dicere,
786 5065 946 5120 quam
971 5052 1026 5107 in
1046 5053 1297 5122 capitulis
1318 5069 1391 5109 ex
1418 5055 1639 5124 scripto-
1663 5056 1762 5112 da-

177 5135 261 5204 tis,
277 5137 330 5192 in
349 5139 548 5208 quibus
570 5140 825 5196 dixerunt
845 5139 1055 5211 (μείω,
1075 5140 1128 5196 Ν
1132 5145 1424 5199 estorianus
1450 5155 1547 5209 est,
1575 5155 1624 5201 et
1646 5145 1764 5202 bea-

178 5233 278 5280 titas
317 5225 574 5299 Cyrillum
610 5230 843 5301 appellat
868 5231 1191 5300 luereticnnt,
1216 5248 1317 5288 nec
1344 5250 1451 5289 non
1495 5243 1554 5290 et
1582 5237 1633 5291 in
1678 5237 1763 5292 bis

175 5327 295 5374 sunt
337 5322 590 5379 dicentes
636 5339 761 5379 eum
814 5324 1029 5395 publice
1057 5325 1374 5391 allocutum,
1406 5325 1532 5382 Non
1558 5330 1761 5385 itwideo

177 5408 369 5468 Christo
390 5415 538 5485 [acto
559 5413 673 5470 Deo
694 5431 713 5469 :
742 5417 797 5471 in
815 5425 1067 5486 quantum
1093 5418 1230 5472 enim
1253 5420 1422 5490 factus
1451 5429 1547 5485 est,
1574 5431 1625 5475 et
1643 5438 1758 5492 ego.

176 5500 337 5566 Quam
390 5506 799 5562 accusationem
843 5507 1099 5563 videlicet
1149 5523 1339 5565 eorum
1381 5518 1436 5565 et
1470 5511 1524 5566 in
1570 5513 1768 5581 quibus

177 5606 289 5649 cum
314 5595 703 5654 Nestorianum
744 5615 867 5656 esse
915 5609 971 5656 et
1021 5601 1241 5657 beatum
1268 5601 1525 5673 Cyrillum
1552 5602 1768 5658 bmreti-

180 5698 287 5739 cum
321 5691 636 5761 appellasse
671 5690 943 5759 dixerunt,
974 5691 1110 5748 false
1136 5693 1396 5749 adversus
1423 5707 1486 5749 se
1509 5692 1579 5747 ab
1604 5707 1768 5748 accu-

178 5781 435 5839 satoribus
455 5782 662 5840 fuerint
680 5768 944 5853 intimata,
970 5797 1025 5842 et
1047 5787 1122 5841 ita
1145 5801 1360 5855 quoque
1380 5785 1765 5842 venerabilium

182 5866 347 5928 l’ltotii
365 5885 533 5947 atque
559 5875 828 5932 Eustatbii
855 5878 1233 5950 episcoporum
1257 5877 1383 5948 quia
1414 5876 1607 5932 leviter
1633 5875 1766 5953 false

1868 4684 2036 4753 gestis
2090 4682 2237 4754 apud
2278 4682 2533 4740 Pbotimn
2580 4692 2744 4752 atque
2787 4681 3127 4739 Eustatbinm
3175 4683 3465 4754 episcopos

1869 4774 2065 4831 habitis
2105 4788 2296 4831 rursus
2333 4774 2401 4830 ad
2430 4774 2882 4840 convincendum,
2915 4784 2977 4829 ut
3003 4775 3286 4844 putabant,
3314 4773 3463 4831 Ibam

1867 4868 2183 4940 episcopum
2212 4864 2611 4938 proferendam.
2643 4866 2897 4922 eutndem
2950 4867 3100 4922 Ibam
3146 4867 3464 4939 episcopum

1866 4960 1993 5031 quia
2012 4975 2110 5014 sua
2130 4957 2294 5013 fuerit
2318 4957 2654 5012 melitiontur
2672 4972 2796 5013 esse
2818 4955 3163 5024 confessum;
3190 4973 3332 5024 cum,
3354 4956 3461 5028 (ut)

1865 5050 2279 5121 supra-dictum
2330 5059 2434 5113 est,
2472 5058 2828 5103 accusatores
2880 5048 3049 5120 ipsius
3096 5048 3464 5119 medentes

1870 5143 2187 5212 negationes
2241 5139 2359 5209 ejus
2409 5140 2620 5209 experti
2650 5156 2714 5193 ea
2744 5155 2866 5210 quae
2896 5154 2935 5195 a
2971 5154 3032 5195 se
3056 5154 3126 5193 ex
3148 5136 3464 5193 memoratis

1866 5233 2033 5301 gestis
2078 5229 2384 5299 objicientla
2440 5239 2703 5287 noverant
2719 5269 2742 5295 .,
2785 5229 3088 5285 certissime
3139 5234 3479 5294 negaturum.

1866 5339 1988 5380 esse
2018 5330 2306 5378 testentur.
2336 5320 2398 5376 In
2441 5330 2647 5376 tantum
2677 5320 2821 5376 enim
2840 5320 2901 5374 in
2947 5319 3041 5375 illo
3069 5316 3250 5374 Pbotii
3296 5326 3464 5389 atque

1866 5416 2130 5472 Eustathii
2158 5415 2537 5485 episcoporum
2562 5412 2769 5483 judicio
2794 5413 2945 5467 ibam
2972 5411 3291 5482 episcopum
3318 5425 3462 5466 con-

1864 5508 2102 5567 scientiae
2128 5521 2240 5562 sua:
2261 5506 2454 5561 virtute
2468 5506 2766 5561 subnexnm
2799 5504 2815 5577 [
2823 5505 2975 5575 forte,
2989 5499 3304 5574 subnixum]
3324 5501 3463 5558 scie-

1865 5602 2001 5658 bant
2027 5615 2092 5657 ea
2119 5614 2240 5670 qua:
2271 5598 2341 5655 ab
2372 5596 2781 5654 accusatoribus
2820 5595 3102 5668 proposita
3125 5592 3342 5650 fuerant
3364 5593 3465 5651 de-

1870 5707 2117 5764 negasse,
2149 5699 2208 5747 ut
2247 5692 2303 5746 in
2338 5698 2531 5747 sancto
2557 5688 2983 5746 Cbalcedonensi
3018 5684 3249 5744 concilio
3294 5687 3462 5744 etiam

1868 5786 2001 5858 ipsis
2038 5784 2232 5842 Photio
2283 5792 2447 5855 atque
2503 5780 2787 5839 Eustatbio
2832 5778 3207 5852 timentibus,
3227 5792 3461 5848 quorum

1870 5876 2075 5947 pridem
2101 5874 2315 5946 judicio
2346 5890 2434 5932 res
2484 5872 2901 5945 focratngitata,
2925 5870 3251 5928 confirment
3276 5870 3458 5928 denuo
