3986 6366
490 378 595 436 I53

1683 362 1913 423 VIGIiJI
1938 365 2041 421 PP.
2081 359 2562 419 CONSTITU'I‘UM

3666 348 3772 405 156

492 490 832 564 negaturum.
863 485 1147 557 Nunquam
1183 482 1329 543 enim
1365 488 1650 541 accusator
1677 482 1867 540 iisdem
1892 494 2078 539 rursus
2105 488 2151 537 Α
2181 474 2416 530 ﬁrmavit
2443 471 2790 564 episcopum?
2816 468 2943 526 Haec
2966 481 3180 564 quoque
3205 466 3258 538 ip
3289 461 3772 564 c‘Pbotiusjudex.

492 585 551 642 in
600 582 911 655 cognitione
959 578 1269 637 sedentibm
1310 575 1461 633 Ibam
1503 577 1821 649 episcopum
1870 576 2078 633 diceret

490 682 832 746 negaturum,
857 671 905 729 si
932 670 1077 744 apud
1102 684 1201 727 eos
1230 668 1286 725 in
1317 669 1501 741 priore
1520 667 1726 739 judicio
1764 668 1927 724 sciret
1960 666 2076 737 jam

491 766 656 822 fuisse
674 761 1003 821 confessum.
1027 759 1277 818 Posthac
1300 774 1424 815 cum
1461 758 1810 814 interlocutio
1832 757 2074 828 judicum

488 856 547 913 in
570 854 915 913 Chalcedona
952 851 1305 910 residentium
1349 858 1619 920 quaereret
1644 850 1714 905 ab
1739 848 2076 906 accusatori-

487 950 593 1008 bus
617 948 725 1005 Iba
750 946 991 1021 episcopi
1014 953 1194 1001 utrum
1212 942 1448 1014 scriptas
1470 941 1819 1013 probationes
1833 940 2076 1013 praebere

486 1040 560 1098 de
593 1054 657 1096 re
678 1040 859 1112 aliqua
892 1037 1213 1111 potuissent,
1242 1033 1574 1105 Theophilus
1600 1032 1861 1088 diaconus
1891 1031 2028 1087 dixit
2056 1047 2073 1085 :

488 1129 678 1189 Habeo
696 1138 1030 1187 monumenta
1056 1143 1172 1202 qua:
1187 1142 1342 1199 super
1352 1125 1462 1181 luet:
1487 1132 1631 1197 gesta
1649 1131 1770 1179 sunt
1787 1123 1842 1178 in
1864 1121 2075 1195 Beryto,

489 1231 541 1281 et
558 1240 676 1299 quia
700 1225 757 1279 in
783 1221 1014 1294 Epheso,
1037 1226 1095 1277 et
1120 1227 1336 1276 caetera.
1810 1232 1823 1243 ί

558 1312 653 1370 IX.
685 1308 1228 1369 Animadvertendum
1273 1315 1360 1365 est
1394 1306 1561 1378 igitur
1585 1305 1731 1377 quod
1759 1303 1894 1363 nihil
1924 1304 2077 1362 'aiiud

486 1415 677 1465 contra
697 1404 845 1462 Ibant
871 1404 1184 1475 episcopum
1212 1399 1504 1457 adversarii
1525 1397 1643 1468 ejus
1656 1397 1804 1469 quod
1834 1397 1888 1453 in
1914 1395 2077 1453 Chal-

484 1496 777 1556 cedonensi
799 1495 1110 1568 proferrent
1128 1492 1337 1568 synodo
1363 1506 1425 1548 se
1450 1492 1653 1547 habere
1679 1491 1952 1557 dixerunt,
1974 1489 2076 1547 nisi

483 1603 551 1645 ea
578 1601 700 1659 qua
726 1584 870 1657 apud
898 1583 1150 1640 Photium
1197 1590 1255 1638 et
1302 1580 1643 1636 Eustathium
1696 1580 1982 1652 episcopos
2020 1590 2079 1639 et

482 1687 679 1751 postea
705 1678 761 1732 in
787 1674 1058 1748 Ephesina
1076 1672 1314 1729 secunda
1333 1670 1405 1728 de
1430 1686 1498 1727 eo
1518 1676 1646 1728 sunt
1669 1670 1854 1727 habita
1881 1687 2079 1728 monu-

490 1776 699 1827 menta.
731 1767 811 1822 Ex
832 1782 942 1839 quo
970 1772 1198 1839 apparet
1240 1778 1350 1821 non
1381 1762 1487 1819 sibi
1515 1776 1612 1819 eos
1633 1761 1906 1833 judicasse
1927 1761 2079 1819 sum.

2175 567 2317 638 apud
2344 580 2505 635 quem
2534 562 2743 635 pridem
2771 569 2983 631 gestum
3015 560 3190 616 fuerat
3213 559 3484 614 conﬁtens
3504 556 3632 627 quia
3659 572 3774 611 non

2173 656 2456 713 convictus
2499 662 2645 711 esset
2683 652 2803 709 ibas
2849 653 3156 723 episcopus,
3198 666 3323 706 eum
3370 648 3561 721 procul
3605 648 3775 705 dubio

2174 760 2295 817 qua:
2321 745 2535 815 objecta
2580 753 2708 801 sunt
2754 758 2980 812 negasse
3023 742 3293 798 testetur?
3319 739 3493 808 Quam
3520 740 3772 809 negatio-

2175 854 2300 896 nem
2344 839 2580 895 maxime
2606 838 2674 892 ad
2703 837 2984 908 epistolam
3031 850 3153 906 qua:
3193 835 3257 889 ad
3308 833 3497 889 Marim
3547 830 3778 888 Persam

2174 931 2374 1001 scripta
2427 929 2623 999 legitur
2665 928 2939 1000 pertinere
2977 925 3318 997 sequentium
3364 924 3608 980 declarat
3634 922 3778 981 ordo

2175 1031 2469 1092 gestorum.
2501 1020 2635 1075 Nam
2658 1035 2782 1076 cum
2831 1019 2900 1074 ad
2934 1018 3319 1075 documentum
3347 1031 3537 1072 eorum
3565 1031 3689 1087 quae
3718 1015 3775 1071 in

2170 1112 2378 1184 judicio
2430 1110 2609 1166 Photii
2637 1119 2694 1166 et
2740 1108 3006 1165 Eustathii
3043 1123 3110 1164 ex
3158 1108 3364 1177 scripto
3402 1101 3686 1172 dederant,
3717 1105 3777 1160 id

2175 1211 2282 1272 est,
2304 1203 2431 1274 quia
2459 1201 2807 1257 Nestorianus
2835 1208 3002 1269 esset,
3030 1207 3088 1256 et
3127 1200 3347 1255 beatum
3374 1195 3636 1271 Cyrillum
3675 1212 3779 1268 ap-

2175 1297 2435 1371 pellasset
2469 1291 3197 1363 luereticum,blasphemias
3247 1289 3368 1344 illas
3416 1289 3781 1360 protulissent

2176 1403 2312 1460 quas
2335 1401 2397 1443 se
2416 1385 2680 1457 putabant
2704 1383 2932 1439 testibus
2951 1382 3294 1453 probaturos,
3322 1379 3377 1435 id
3399 1386 3505 1448 est,
3528 1376 3659 1433 Non
3687 1377 3779 1431 in-

2149 1474 2324 1537 ὐἱάεο
2360 1477 2568 1534 Christo
2606 1474 2718 1532 Deo
2754 1477 2895 1548 {aeto
2932 1475 3073 1546 (Act.
3105 1472 3227 1545 I0),
3260 1480 3317 1528 et
3340 1471 3652 1545 reprobatis
3687 1476 3780 1525 te-

2175 1572 2351 1629 stibus
2377 1569 2509 1625 nihil
2536 1584 2609 1625 ex
2634 1567 2720 1623 bis
2743 1564 3034 1622 ostendere
3065 1563 3402 1636 potuissent,
3431 1562 3502 1618 ad
3526 1562 3619 1617 illa
3647 1573 3780 1632 qua

2177 1663 2386 1736 pridem
2405 1677 2477 1718 ex
2495 1661 2702 1732 scripto
2719 1658 2983 1716 dederant
3015 1656 3330 1725 redemtos,
3353 1655 3460 1711 hoc
3477 1652 3626 1724 quod
3648 1648 3781 1718 epi-

2176 1753 2319 1810 stola
2361 1751 2432 1809 ad
2457 1750 2650 1807 Ilarim
2678 1748 2899 1806 Persam
2926 1748 3131 1819 scripta
3154 1746 3398 1802 continet
3422 1743 3777 1813 objecerunt,

480 1876 632 1930 cere,
660 1861 771 1918 imo
796 1833 1092 1917 contra's—e
1135 1856 1371 1919 futurum
1390 1855 1574 1930 potius
1589 1856 1908 1923 animasse,
1928 1856 1976 1917 si
2001 1871 2068 1915 es
2095 1856 2144 1921 Β
2176 1846 2234 1904 id
2279 1852 2386 1916 est,
2414 1844 2543 1917 quia
2587 1843 2761 1900 beatae
2803 1840 3082 1898 memoria
3100 1838 3360 1912 Cyrillum
3394 1843 3452 1893 et
3477 1833 3777 1891 duodecim

481 1950 859 2009 tantummodo
878 1964 1000 2021 qua:
1018 1948 1160 2022 apud
1180 1956 1513 2005 memoratos
1532 1945 1785 2004 Photium
1804 1955 1860 2004 et
1878 1946 2073 2005 Eusta-

480 2042 652 2100 thium
679 2043 966 2114 episcopos
991 2039 1251 2097 adversus
1276 2038 1424 2095 Ibam
1444 2038 1756 2111 episcopum
1776 2047 1928 2109 gesta
1945 2049 2074 2096 sunt

479 2135 805 2205 legerentur,
838 2134 891 2189 in
914 2133 1110 2204 quibus
1139 2146 1315 2203 neque
1338 2131 1567 2189 testibus
1593 2147 1773 2205 neque
1797 2146 1896 2188 sua
1923 2148 2074 2190 mon.

476 2223 752 2281 strabatur
772 2222 1118 2279 confessione
1141 2221 1442 2289 convictus,
1473 2221 1579 2276 nisi
1623 2230 1681 2278 et
1716 2236 1782 2278 ea
1825 2220 2073 2295 proferre

475 2329 597 2388 quae
628 2314 834 2371 nefarie
873 2314 929 2369 in
974 2313 1214 2370 secunda
1259 2311 1528 2385 Ephesius
1558 2312 1769 2386 synodo
1794 2321 1916 2369 acta
1944 2323 2072 2371 sunt

475 2403 871 2478 poposcissent,
901 2402 957 2458 it.
1013 2402 1212 2472 quibus
1263 2402 1372 2458 illis
1412 2401 1741 2460 falsitatibus
1787 2411 2075 2460 uterentur

473 2495 569 2569 qui
594 2494 740 2552 Ibam
766 2495 1081 2566 episcopum
1104 2492 1391 2564 epistolam
1435 2508 1557 2565 qua:
1601 2494 1671 2550 ad
1724 2493 1915 2550 Marim
1941 2493 2074 2551 Per-

474 2601 593 2644 sam
620 2585 823 2657 scripta
867 2593 954 2643 ut
990 2584 1326 2642 mendaciter
1348 2599 1504 2640 suam
1528 2599 1650 2642 esse
1669 2583 1922 2642 dixerunt
1940 2602 2074 2645 con-

477 2675 699 2733 fessum.
721 2675 943 2732 Certum
965 2683 1053 2732 est
1071 2674 1234 2745 igitur
1260 2674 1464 2730 nullum
1491 2673 1750 2733 adversus
1776 2675 1923 2732 Ibam
1945 2692 2071 2749 pro-

475 2769 732 2839 bationis,
755 2776 816 2825 ut
843 2768 1126 2841 putabant,
1150 2768 1405 2825 habuisse
1449 2768 1569 2840 ejus
1604 2768 1949 2829 adversarios
1969 2772 2072 2828 do-

475 2867 788 2916 cumentum
804 2900 822 2927 ,
853 2858 956 2915 nisi
983 2858 1088 2916 hoc
1113 2858 1459 2916 solummodo
1486 2859 1634 2930 quod
1659 2860 1713 2916 in
1735 2860 1825 2916 illa
1854 2876 1961 2917 non
1987 2862 2073 2919 di-

473 2947 653 3006 cenda
688 2946 899 3020 synodo
937 2946 1223 3004 adversum
1271 2961 1333 3003 se
1378 2946 1504 3005 Ibus
1546 2947 1837 3021 episcopus
1860 2964 1962 3022 per
1985 2952 2070 3008 sui

474 3039 775 3096 absentiam
820 3038 1015 3113 astruit
1060 3036 1226 3096 fuisse
1279 3036 1592 3105 conﬂatum,
1620 3038 1852 3109 quodin
1879 3049 2070 3098 sancta

473 3126 902 3186 Chalcedonensi
949 3128 1160 3201 synodo
1203 3128 1505 3185 residentes
1549 3128 1758 3200 judices
1799 3133 1880 3188 rei
1925 3134 2072 3190 veri-

2175 1939 2295 2011 ejus
2314 1939 2550 2011 capitula
2578 1936 2907 2008 appellasset
2933 1933 3207 1990 haeretica.
3230 1931 3331 1995 Cui
3359 1930 3507 1986 Patri
3537 1929 3779 1986 Photius

2174 2041 2339 2105 atque
2358 2031 2670 2089 Eustathius
2693 2029 2905 2102 judices
2927 2070 2944 2098 ,
2972 2029 3113 2085 sicut
3128 2026 3383 2098 superius
3408 2023 3512 2095 ipsi
3531 2019 3775 2093 professi

2171 2134 2318 2191 sunt,
2339 2125 2645 2195 diligentius
2671 2122 3062 2187 incumbentes,
3093 2117 3257 2175 modo
3311 2117 3381 2172 ab
3428 2113 3626 2171 eodem
3672 2110 3777 2166 Iba

2172 2218 2429 2291 episcopo
2449 2224 2885 2289 perscrutantes,
2914 2213 3080 2271 modo
3120 2210 3474 2285 probationes
3500 2208 3571 2263 ab
3594 2220 3776 2261 accu-

2172 2314 2445 2371 satoribus
2499 2313 2798 2381 exigentes,
2850 2317 3029 2364 utrum
3070 2303 3273 2375 aliquid
3324 2309 3452 2374 post
3494 2300 3778 2355 unitatem

2172 2402 2539 2462 Ecclesiarum
2586 2402 2784 2458 factam
2832 2399 2887 2455 in
2934 2395 3329 2455 obtrectatione
3355 2391 3501 2448 beati
3520 2388 3708 2462 Cyrilli
3737 2403 3778 2442 a

2173 2494 2464 2566 smpedicto
2516 2492 2609 2549 Iba
2663 2491 2923 2561 episcopo
2963 2488 3169 2543 dictum
3210 2485 3300 2551 sit,
3331 2482 3686 2538 vehementer
3711 2485 3781 2533 et

2171 2585 2516 2655 sagacissime
2552 2582 2937 2653 quaesiverunt.
2994 2576 3293 2633 Adversum
3338 2587 3461 2643 quae
3506 2570 3626 2626 ibas
3671 2584 3776 2624 re-

2171 2681 2445 2753 spondens
2471 2679 2762 2750 episcopus
2789 2676 3040 2733 omnibus
3066 2670 3476 2742 exceptionibus
3501 2668 3614 2724 suis
3639 2681 3775 2721 eam

2170 2788 2294 2846 qua:
2321 2773 2390 2828 ad
2418 2771 2605 2827 Marim
2654 2767 2871 2827 Persam
2918 2768 3120 2838 scripta
3175 2765 3370 2833 legitur
3427 2759 3781 2831 impugnavit

2177 2863 2487 2936 epistolam,
2518 2858 2816 2917 asserenda
2860 2859 2985 2929 quia
3037 2867 3165 2928 post
3208 2855 3470 2910 unitatem
3494 2861 3549 2908 et
3572 2865 3784 2922 pacem

2172 2955 2315 3010 inter
2336 2954 2554 3009 beatum
2574 2949 2835 3023 Cyrillum
2863 2956 2921 3004 et
2945 2945 3248 3003 Orientales
3275 2945 3471 3000 iactam
3511 2942 3569 2998 in
3612 2939 3783 2996 nullo

2170 3044 2332 3103 beato
2352 3043 2554 3116 Cyriiio
2581 3042 2913 3113 derogasset.

2242 3135 2309 3191 Χ.
2336 3135 2507 3193 Porro
2527 3143 2707 3190 autem
2735 3132 3019 3204 schedicta
3066 3130 3134 3186 ad
3178 3129 3366 3185 Μαι-ειη
3388 3128 3608 3185 Persam
3629 3128 3779 3184 seri-

473 3228 588 3279 tate
623 3220 856 3293 permoti
902 3227 1048 3286 sunt,
1080 3217 1512 3276 interlocutionis
1532 3219 1745 3290 justitia
1782 3223 2068 3280 submove-
2090 3239 2137 3303 ο
2168 3239 2262 3300 pta
2307 3225 2537 3299 epistola
2575 3226 2689 3297 jam
2732 3231 2857 3295 post
2884 3223 3144 3278 unitatem
3185 3234 3484 3292 pacemque
3506 3218 3779 3274 Ecclesiis

473 3320 619 3381 runt,
646 3312 1044 3382 interrogantes
1085 3309 1424 3366 Thalassium
1451 3317 1617 3381 atque
1639 3309 1932 3368 Eusebium
1953 3314 2066 3385 epi-

471 3417 691 3474 scopos,
717 3402 811 3473 qui
844 3409 976 3458 tunc
1022 3401 1076 3457 in
1104 3401 1341 3459 secunda
1369 3399 1638 3471 Ephesina
1669 3417 1793 3458 cum
1820 3403 1941 3459 aliis
1967 3404 2064 3459 ad-

472 3492 711 3561 fuerunt,
742 3501 925 3549 utrum
946 3507 1137 3549 eorum
1165 3493 1495 3549 audientiam
1522 3509 1763 3565 pmsens
1783 3493 1907 3552 Ihas
1934 3495 2064 3552 fuis-

470 3596 559 3644 set
589 3596 865 3658 expertus.
895 3583 1001 3654 Qui
1043 3584 1296 3642 dixerunt
1331 3588 1472 3657 (Act.
1505 3584 1595 3655 I0)
1636 3605 1652 3641 :
1688 3584 1815 3642 Non
1855 3587 2057 3644 aderat.

472 3676 589 3745 Qua
612 3676 966 3746 responsione
1002 3674 1241 3744 cognita,
1270 3672 1576 3731 Orientales
1612 3684 1669 3733 et
1707 3675 1918 3733 Pontici
1941 3677 2061 3747 epi-

471 3768 623 3839 scopi
648 3767 704 3822 in
728 3766 1152 3823 Chalcedonensi
1180 3767 1413 3823 concilio
1435 3767 1804 3825 clamaverunt
1827 3785 1843 3823 :
1867 3768 2063 3825 Absen-

473 3869 575 3915 tem
603 3859 776 3915 nullus
803 3859 1016 3914 addicit.
1044 3858 1283 3927 Quorum
1340 3860 1688 3917 interlocutio
1730 3861 1807 3917 ita
1848 3862 2061 3932 prolata

471 3966 536 4008 ea
565 3966 685 4021 qua:
710 3950 968 4007 adversus
985 3949 1132 4006 ibam
1153 3951 1468 4023 episcOpum
1495 3952 1549 4007 in
1577 3951 1814 4009 secunda
1829 3951 2062 4023 Ephesi-

471 4062 541 4102 na
587 4056 738 4116 gesta
789 4054 917 4101 sunt
962 4045 1241 4101 evidenter
1267 4052 1514 4110 evacuat,
1541 4044 1610 4100 ad
1632 4044 1869 4112 illorum,
1899 4045 1954 4101 id
1979 4055 2064 4103 est

471 4134 646 4193 Photii
692 4146 749 4194 et
786 4135 1075 4202 Eustathii,
1121 4143 1519 4206 consequenter
1572 4150 1734 4191 omne
1783 4136 2063 4195 remittens

470 4235 594 4284 acta
622 4228 919 4298 negotium,
950 4242 1183 4296 quorum
1218 4226 1332 4295 jam
1377 4226 1646 4283 sententia
1672 4227 1823 4283 Ibam
1850 4229 2063 4301 episco-

470 4333 600 4388 pum
629 4328 893 4375 noverant
920 4319 1245 4374 absolutum.
1286 4316 1443 4386 Quod
1487 4319 1542 4375 in
1570 4322 1921 4392 sequentibus
1946 4322 2064 4379 evi-

469 4407 722 4465 dentiore
760 4407 1022 4477 judicium
1049 4406 1469 4464 interlocutione
1489 4408 1755 4479 signatur,
1785 4411 1879 4482 qui
1907 4421 2060 4482 gesta

473 4499 678 4559 nefaria
706 4499 957 4556 secundae
993 4498 1278 4571 Ephesium
1319 4501 1513 4572 synodi
1552 4510 1746 4559 contra
1774 4502 1921 4560 ibam
1943 4506 2062 4576 epi-

471 4606 698 4663 scopum
726 4606 826 4662 pro
870 4592 1244 4649 exsecratione
1270 4600 1433 4664 atque
1460 4594 1744 4652 mendacio
1763 4597 1847 4652 sui
1875 4596 2058 4654 habita
2089 4619 2136 4679 ι)

472 4682 643 4753 relegi
662 4690 969 4739 vetuerunt.
993 4683 1126 4737 Nam
1155 4692 1216 4737 ut
1232 4685 1473 4755 apertius
1498 4684 1874 4743 manifestetur
1901 4688 2061 4745 intel-

473 4773 567 4844 ligi
593 4773 740 4831 Ibam
770 4773 1088 4845 episcopum
1116 4775 1366 4831 universa
1393 4790 1514 4846 qua:
1545 4776 1615 4833 ab
1654 4777 1978 4835 adversariis
1999 4778 2061 4836 in

469 4867 673 4940 judicio
715 4865 894 4924 Photii
933 4875 1099 4937 atque
1136 4866 1401 4925 Eustatbii
1440 4870 1823 4942 episcoporum
1850 4871 2063 4941 objecta

472 4961 706 5032 fuerant,
727 4971 785 5018 et
804 4976 947 5018 nunc
985 4963 1039 5045 in
1063 4969 1254 5019 sancto
1290 4960 1715 5020 Chalcedonensi
1737 4965 1969 5021 concilio
1993 4979 2064 5023 ex

472 5055 638 5125 gestis
659 5069 782 5125 qua:
808 5052 1141 5126 Theophilus
1184 5053 1499 5127 proferebat
1550 5053 1859 5125 objicienda
1883 5065 2060 5125 erant,

472 5143 897 5201 indubitabiliter
947 5144 1270 5215 denegasse,
1309 5144 1664 5214 interrogatio
1711 5143 1954 5215 judicum
2007 5147 2063 5204 in

469 5233 812 5293 Chalcedona
863 5234 1247 5301 residentium,
1274 5234 1361 5290 vel
1398 5235 1681 5306 responsio
1723 5232 1902 5292 Photii
1947 5238 2066 5309 epi-

469 5327 619 5397 scopi
634 5326 753 5383 sine
767 5326 1085 5397 cujusquam
1104 5326 1471 5396 ambiguitatis
1488 5329 1740 5399 patefecit
1755 5331 2058 5395 obstaculo;

468 5432 591 5488 quae
612 5421 685 5473 ita
708 5433 769 5474 se
788 5418 989 5473 habent
1010 5417 1199 5492 (Ibid.)
1225 5436 1240 5474 :
1269 5417 1779 5492 Hagniﬁcentissimi
1799 5430 1849 5477 et
1869 5422 2062 5493 glorio-

470 5510 668 5565 sissimi
688 5510 895 5582 judices
918 5510 1165 5566 dixerunt
1208 5527 1227 5566 :
1280 5510 1407 5566 Ibas
1433 5513 1591 5584 igitur
1618 5515 2062 5569 reuerentissimus

471 5620 505 5657 α
524 5604 635 5658 suis
662 5603 1049 5658 accusatoribus
1075 5613 1153 5657 est
1194 5605 1494 5658 contactus?
1524 5605 1740 5660 Photius
1769 5608 2067 5661 reverentis-

470 5694 634 5749 simus
662 5695 931 5766 episcopus
951 5694 1085 5750 dixit
1112 5710 1130 5748 :
1160 5691 1213 5748 N
1217 5710 1304 5758 οη,
1324 5702 1382 5750 et
1406 5703 1622 5751 cratera.
1649 5696 1788 5764 Quid
1810 5697 1911 5752 hac
1937 5712 2062 5768 pro-

477 5786 698 5842 batione
745 5786 964 5855 clarius,
991 5786 1121 5860 quid
1150 5784 1454 5841 evidentius
1480 5785 1585 5842 dici
1609 5794 1789 5856 potest
1814 5801 1973 5856 quam
2004 5796 2064 5842 ut

473 5896 538 5938 ea
568 5894 686 5951 qua:
715 5886 997 5937 accusator
1021 5876 1395 5953 propositurus
1417 5887 1730 5950 negaturum
1761 5876 1906 5935 Ibam
1932 5894 2063 5935 con-

2164 3320 2469 3377 restitutam
2497 3329 2553 3375 et
2582 3318 2797 3373 beatum
2825 3314 3083 3388 Cyrillum
3113 3313 3364 3369 incidisse
3394 3311 3449 3366 in
3475 3308 3768 3382 Apollina-

2164 3414 2241 3470 ris
2269 3414 2552 3478 hzeresem,
2578 3411 2739 3480 eique
2792 3409 2988 3464 similia
3034 3404 3425 3476 conscripsisse
3447 3399 3764 3466 conﬁrmat,

2163 3511 2221 3560 et
2269 3501 2560 3558 duodecim
2613 3500 2733 3570 ejus
2776 3497 3016 3568 capitula
3070 3496 3264 3552 asserit
3283 3502 3446 3549 rectas
3485 3491 3612 3548 ﬁdei
3638 3507 3771 3549 esse

2162 3594 2451 3659 contraria,
2479 3591 2788 3647 Nestorium
2834 3596 3016 3645 autem
3058 3586 3329 3657 judicium
3344 3584 3492 3658 [sine
3530 3582 3767 3656 judicio}

2163 3692 2221 3740 et
2241 3682 2588 3754 inquisitione
2636 3696 2741 3735 non
2786 3679 2926 3735 facta
2972 3678 3307 3734 damnatum.
3339 3676 3495 3746 Quod
3522 3677 3773 3747 scriptor

2164 3773 2406 3845 epistola:
2450 3787 2560 3827 non
2603 3787 2704 3842 per
2744 3786 2904 3826 suum
2929 3778 3022 3824 aut
3051 3768 3280 3839 alicujus
3308 3768 3532 3824 alterius
3560 3767 3769 3824 intelli-

2163 3868 2355 3938 gentiae
2382 3866 2630 3922 evenisse
2649 3866 2779 3920 dicit
2797 3879 3044 3921 errorem
3066 3873 3127 3919 ut
3146 3865 3338 3921 beatus
3366 3862 3598 3936 Cyrillus
3622 3879 3766 3921 con-

2162 3956 2447 4028 scripsisse
2486 3956 2739 4011 hmretica
2761 3956 3012 4025 dogmata
3039 3963 3352 4025 putaretur;
3384 3955 3480 4011 sed
3510 3956 3583 4011 ita
3614 3956 3667 4012 in
3696 3972 3767 4012 ea

2162 4050 2428 4121 pravitate
2454 4048 2597 4104 idem
2620 4047 2886 4103 confictor
2911 4048 3156 4119 epistolae.
3184 4063 3529 4118 permanens,
3551 4048 3641 4102 illa
3669 4064 3770 4104 or-

2162 4139 2401 4197 thodoxa
2451 4139 2595 4194 beati
2643 4137 2830 4211 Cyrilli
2879 4138 3132 4208 dogmata
3188 4137 3445 4193 hmretica
3484 4137 3770 4193 videretur

2163 4237 2433 4296 astruere,
2467 4238 2527 4284 ut
2553 4228 2624 4284 ab
2650 4229 2730 4283 eis
2755 4229 2937 4299 potius
2955 4228 3171 4283 beatum
3194 4226 3453 4299 Cyrillum
3472 4226 3641 4281 veluti
3667 4228 3772 4281 ab-

2162 4328 2452 4389 negantem
2471 4334 2592 4390 qua:
2614 4334 2778 4389 prave
2802 4316 3198 4387 conscripserat
3214 4324 3425 4370 asserat
3448 4315 3766 4370 recessisse.

2162 4409 2293 4478 Qua:
2358 4411 2541 4466 omnia
2611 4409 2718 4464 Ihm
2788 4409 3031 4479 episcopi
3093 4405 3416 4477 proiessioni
3471 4418 3644 4474 quare
3697 4406 3772 4460 ab

2162 4500 2598 4557 adversariorum
2650 4497 2960 4568 objections
2991 4504 3171 4551 tuetur
3191 4509 3313 4550 esse
3335 4494 3611 4550 contraria
3640 4493 3771 4563 qui-

2162 4607 2376 4663 cunque
2421 4591 2513 4663 pio
2561 4607 2627 4647 ac
2681 4599 2834 4647 recto
2890 4589 3056 4646 corde
3097 4588 3231 4657 legit
3277 4587 3546 4656 intelligit.
3575 4585 3771 4655 Neque

2165 4684 2309 4741 enim
2363 4684 2466 4755 ipsi
2509 4683 2720 4753 judices
2743 4683 2789 4737 si
2816 4681 2963 4751 quod
2988 4682 3075 4738 vel
3104 4680 3209 4736 levi
3255 4679 3612 4747 derogatione
3641 4687 3771 4749 post

2166 4778 2427 4835 unitatem
2453 4777 2659 4832 dictum
2684 4776 2774 4839 sit,
2803 4775 3153 4845 exquirentes
3182 4773 3328 4829 Ibam
3358 4772 3697 4843 episcopum,
3719 4772 3769 4827 si

2167 4869 2286 4940 ejus
2305 4884 2427 4926 esse
2453 4878 2563 4925 tam
2583 4876 2771 4940 aperte
2790 4866 3258 4938 blasphemantem
3296 4866 3582 4936 epistolam
3612 4879 3775 4920 coma

2168 4961 2507 5035 probassatt,
2537 4968 2856 5031 paterentur
2898 4959 3017 5015 sine
3062 4957 3269 5014 ultione
3301 4957 3527 5012 transire
3558 4963 3655 5011 aut
3684 4956 3771 5012 di-

2168 5062 2358 5112 cerent
2385 5069 2495 5111 non
2522 5068 2645 5110 esse
2672 5051 3005 5109 convictum.
3032 5050 3163 5120 Quae
3190 5061 3373 5107 autem
3400 5050 3547 5105 beati
3575 5048 3767 5122 Cyrilli

2165 5144 2344 5216 major
2386 5143 2582 5214 injuria
2620 5151 2803 5215 potest
2826 5143 2914 5199 vel
2943 5142 3153 5214 exquiri
3177 5141 3265 5199 vel
3294 5140 3407 5197 iieri
3431 5155 3595 5212 quam
3630 5142 3771 5211 dog-

2164 5246 2312 5294 mata
2354 5238 2494 5307 ejus,
2523 5252 2644 5309 qua:
2691 5237 2745 5292 in
2789 5235 3061 5307 Ephesina
3088 5237 3259 5308 prima
3286 5235 3557 5307 exposuit,
3591 5236 3769 5292 haere—

2166 5329 2271 5386 tica
2301 5328 2544 5394 delinire,
2576 5342 2676 5399 per
2699 5341 2931 5397 quorum
2946 5326 3304 5383 orthodoxam
3324 5325 3766 5396 praedicationem

2161 5421 2319 5478 vivus
2347 5436 2411 5477 ac
2439 5429 2686 5476 mortuus
2727 5419 2978 5475 omnibus
3000 5418 3326 5476 venerabilis
3351 5428 3407 5474 et
3428 5417 3767 5474 reverendus

2164 5515 2374 5579 existit;
2401 5528 2522 5584 quas
2547 5513 2797 5581 dogmata
2819 5512 2963 5567 beati
2984 5510 3167 5584 Cyrilli
3195 5510 3322 5565 dum
3350 5524 3451 5582 per
3469 5506 3763 5580 epistolam

2163 5606 2231 5662 ad
2260 5606 2448 5662 Marim
2474 5605 2692 5662 Persam
2720 5605 2980 5676 scriptam
3000 5612 3358 5676 posteaquam
3382 5603 3603 5657 adunati
3632 5613 3767 5657 sunt

2163 5697 2341 5754 beata:
2370 5697 2646 5752 memoria
2674 5695 2904 5768 Cyrillus
2949 5704 3008 5751 et
3052 5694 3289 5750 Joannes
3311 5694 3663 5749 Antiochenu:
3684 5696 3765 5750 ci-

2164 5787 2348 5844 vitatis
2369 5786 2635 5859 episcopi,
2663 5794 2877 5843 constet
2897 5787 3122 5857 profana
3153 5799 3286 5841 voce
3305 5784 3633 5841 omnimodis
3656 5785 3762 5838 im-

2165 5894 2422 5953 pugnarc,
2455 5879 2575 5951 quis
2615 5893 2747 5935 sana
2791 5886 2969 5934 mente
2990 5878 3159 5951 possit
3182 5876 3462 5936 advertere
3484 5876 3633 5933 Ibam
3659 5892 3759 5933 ne.
