3986 6378
208 365 293 430 157

1107 353 1242 423 Plit)
1277 359 1724 422 DAMNATIONE
1753 359 1973 421 TRIUM
2011 363 2526 424 CAPITULORUM.

3406 333 3414 348 Ι

3363 362 3494 423 158³

207 497 389 560 samem
423 481 546 554 quia
568 487 700 553 post
731 481 995 538 unitatem
1021 481 1518 553 aliquidadversum
1547 481 1766 538 beatum
1796 482 1844 543 Α
1871 497 2164 553 perpessus.
2199 480 2298 538 Ubi
2341 481 2572 552 primum
2614 478 2901 552 diligenter
2946 490 3033 538 est
3055 487 3057 500 '
3083 479 3468 538 attendendum

206 577 427 649 Cyrillum
452 572 656 629 dixerit
676 573 963 643 epistulam
995 589 1100 629 non
1132 587 1378 644 negasse,
1407 589 1529 644 qua:
1553 581 1676 644 post
1705 572 1770 629 il-

206 671 294 728 lam
335 668 626 725 unitionem
683 664 806 734 ejus
853 665 1106 734 dogmata
1137 664 1326 720 delinit
1350 679 1470 720 esse
1494 663 1767 720 bteretica.

207 763 298 821 Nisi
327 761 454 815 forte
475 757 676 829 aliquis
705 757 780 813 ita
811 758 880 812 ab
909 758 1126 812 humani
1150 771 1343 813 sensus
1367 755 1580 811 ratione
1597 755 1774 811 disce-

203 855 300 921 dat,
323 861 378 906 ut
395 849 582 906 credat
608 848 759 904 lbam
779 849 910 904 nihil
938 848 1006 904 de
1025 848 1188 904 beato
1203 847 1406 920 Cyrillo
1425 847 1625 904 dixisse
1649 860 1782 902 con-

205 947 422 1008 trarium,
455 942 502 998 si
546 957 673 998 eum
722 942 973 998 bteretica
1022 939 1408 1010 conscripsisse
1437 947 1686 1003 testetur,
1718 945 1775 994 et

203 1041 325 1095 circa
366 1035 484 1105 ejus
531 1049 822 1106 personam
867 1033 1164 1088 arbitretur
1203 1032 1452 1089 eumdem
1478 1031 1625 1088 lbam
1653 1047 1772 1088 ser-

205 1144 339 1185 tasse
359 1128 752 1191 reverentiam;
783 1127 828 1181 si
867 1133 1112 1180 sanctam
1139 1125 1588 1194 doctrinam,qua
1615 1138 1772 1178 reve-

203 1221 376 1276 rendus
399 1228 486 1274 est
507 1219 780 1284 omnibus,
809 1218 1102 1272 accusavit.
1135 1215 1313 1286 Atque
1350 1216 1476 1271 ideo
1517 1217 1562 1271 si
1591 1216 1775 1284 singu-

204 1307 314 1365 laris
338 1309 479 1364 beati
507 1309 694 1380 Cyrilli
740 1309 934 1378 injuria
977 1315 1063 1363 est
1098 1306 1217 1377 ejus
1262 1304 1552 1362 damnasse
1572 1305 1776 1362 doctri-

203 1419 326 1465 nam.
354 1409 404 1458 et
427 1401 704 1457 htereseos
731 1411 917 1472 aperta
953 1399 1168 1454 videtur
1211 1397 1477 1470 professio
1510 1397 1775 1468 praedica-

203 1495 317 1551 υἱοκὶ
349 1495 614 1563 derogare
637 1493 940 1558 catholicas,
975 1491 1020 1547 si
1047 1491 1154 1547 Iba:
1173 1490 1497 1562 probaretur
1523 1489 1773 1561 epistola,

199 1583 244 1643 in
269 1602 364 1657 qua
405 1596 640 1657 utraque
685 1583 1029 1641 manifestum
1058 1592 1142 1640 est
1181 1583 1469 1648 contineri,
1497 1595 1774 1651 nunquam

199 1671 304 1734 lhas
333 1678 645 1750 episcopus,
669 1684 956 1746 utrumque
985 1673 1253 1743 negando,
1278 1688 1346 1728 ex
1387 1680 1620 1742 utroque
1659 1688 1776 1728 me-

201 1771 376 1825 ruisset
401 1767 636 1824 absolvi.
670 1765 789 1822 Huc
816 1765 1026 1822 accedit
1067 1765 1216 1835 quod
1264 1765 1388 1821 luce
1430 1765 1630 1821 clarius
1674 1764 1774 1821 de-

201 1869 512 1917 monstratur
539 1860 746 1914 nullum
772 1858 934 1913 etiam
957 1866 1171 1930 tempus
1214 1856 1441 1913 inveniri
1471 1871 1649 1926 posse,
1675 1871 1775 1913 ne-

200 1968 293 2022 que
312 1961 428 2008 ante
455 1951 872 2018 adunationem,
891 1964 1068 2018 neque
1123 1956 1248 2020 post
1288 1948 1607 2012 unitionern,
1633 1949 1778 2004 beati

201 2043 362 2115 Cyrilli
388 2058 510 2098 cum
542 2041 909 2097 Orientalibus
930 2039 1146 2110 factam,
1173 2049 1283 2111 quo
1329 2041 1518 2096 eadem
1547 2040 1777 2110 epistola

201 2138 259 2192 ab
284 2136 363 2192 Iba
391 2136 654 2207 episcopo
691 2135 890 2206 arripta
935 2136 1215 2191 doceatur.
1241 2134 1373 2190 Nam
1415 2135 1583 2205 ipsius
1620 2141 1779 2190 tenor

201 2230 419 2301 epistolte
433 2229 720 2286 evidenter
735 2228 967 2285 ostendit
986 2229 1109 2300 quia
1135 2236 1258 2300 post
1281 2229 1542 2284 unitatem
1562 2243 1780 2299 pacem-

200 2338 292 2391 que
317 2321 574 2377 Ecclesiis
595 2321 943 2376 reformatam
968 2321 1020 2375 in
1049 2320 1400 2388 derogatione
1422 2319 1566 2374 beati
1591 2317 1776 2390 Cyrilli

200 2413 398 2483 ejusque
422 2411 747 2480 dogmatum
773 2411 910 2466 facta
937 2411 1024 2476 sit,
1055 2409 1176 2465 lhas
1194 2426 1326 2466 vero
1349 2419 1472 2481 post
1491 2409 1776 2466 adunatioo

200 2515 307 2558 nem
350 2503 487 2558 beati
537 2500 730 2574 Cyrilli
759 2518 880 2556 cum
910 2501 1280 2558 Orientalibus
1323 2501 1516 2558 factam
1559 2503 1689 2557 nihil
1719 2518 1780 2559 se

202 2593 296 2650 tale
321 2593 512 2663 aliquid
549 2593 753 2648 dixise
783 2600 1027 2647 testetnr.
1057 2591 1286 2647 Constat
1313 2607 1489 2661 neque
1523 2602 1649 2649 ante
1694 2592 1782 2648 ad-

203 2686 512 2750 anatiouem,
548 2685 679 2754 quia
702 2684 879 2738 hocin
906 2683 1147 2752 ejusdem
1171 2683 1416 2754 epistolae
1449 2692 1640 2741 tenore
1669 2701 1779 2740 non

204 2779 399 2850 legitur,
422 2793 609 2848 neque
635 2785 762 2848 post
789 2777 1196 2845 adunationem,
1226 2777 1352 2846 quia
1399 2777 1502 2833 hoc
1529 2775 1652 2831 lbas
1684 2792 1780 2832 sua

203 2871 516 2939 professione
548 2867 819 2938 denegat,
848 2866 916 2920 ab
937 2865 1126 2922 eodem
1153 2865 1245 2921 lba
1274 2874 1626 2922 memoratam
1669 2867 1784 2936 epi-

203 2961 378 3018 stolam
401 2961 573 3016 fuisse
603 2958 988 3028 conscriptam.

260 3049 349 3106 XI.
389 3053 457 3107 Et
483 3059 546 3106 ut
579 3049 710 3105 nulli
741 3064 962 3120 prorsus
991 3050 1253 3105 habeatur
1273 3048 1583 3118 ambiguum
1612 3047 1664 3102 in
1691 3063 1786 3104 ea-

204 3142 313 3198 dem
341 3144 631 3214 negatione
650 3157 758 3213 qua
787 3151 1025 3212 eruperat
1050 3141 1197 3196 lbam
1247 3142 1558 3211 episcopum
1586 3140 1784 3210 persti-

1871 571 2018 644 quod
2043 580 2166 644 post
2194 573 2392 629 lectum
2421 572 2490 629 ad
2519 571 2709 628 Marim
2734 571 2955 629 Persam
2978 573 3198 644 scriptae
3224 572 3468 643 epistolae

1871 673 2104 736 textum,
2130 665 2378 724 eamdem
2406 666 2690 738 epistolam
2710 666 2922 736 judices
2943 667 2996 721 in
3016 664 3364 722 Chalcedona
3385 680 3470 722 re-

1871 758 2111 816 sidentes
2129 773 2229 816 suo
2247 760 2548 831 probantur
2566 759 2812 816 omisisse
2831 758 3065 824 silentio,
3085 758 3286 830 quippe
3303 771 3470 827 quam

1874 859 2140 906 noverant
2156 853 2355 908 totiens
2367 851 2479 922 jam
2501 851 2740 908 accusati
2759 851 3135 921 negationibus
3157 848 3464 905 refutatam.

1873 941 2010 998 Nam
2038 944 2082 1000 si
2108 944 2368 1002 vidissent
2395 946 2448 1000 in
2467 961 2532 1000 ea
2553 960 2676 1001 esse
2704 945 2904 1014 aliquid
2929 943 3071 1011 quod
3097 943 3204 1000 lbte
3226 941 3468 1014 episcopi

1875 1035 2200 1092 absolutioni
2227 1035 2534 1106 proliceret,
2567 1052 2694 1091 mox
2723 1035 2844 1105 ejus
2871 1035 3108 1090 lectione
3129 1033 3359 1107 pennoti
3379 1032 3471 1089 de-

1874 1137 2160 1186 cernerent
2188 1129 2384 1186 frustra
2415 1139 2756 1186 amusatores
2777 1145 2845 1185 ex
2870 1130 3037 1200 gestis
3060 1127 3236 1184 Photii
3258 1135 3316 1183 et
3360 1125 3469 1180 Eu-

1873 1220 2054 1275 stathii
2084 1221 2454 1291 episcoporum
2472 1236 2572 1292 pro
2589 1221 2817 1276 crimine
2856 1221 3126 1276 luereseos
3155 1219 3244 1274 illa
3267 1217 3471 1290 produ-

1877 1326 2022 1377 cere,
2051 1311 2248 1380 quibus
2271 1312 2582 1368 econtrario
2620 1311 2740 1367 lbas
2766 1312 3058 1384 episcopus
3085 1309 3471 1367 ostendebatur

1877 1400 2232 1466 orthodoxus,
2265 1409 2541 1472 postremo
2563 1417 2662 1458 nec
2683 1402 2934 1471 juberent
2958 1403 3071 1457 suis
3099 1399 3473 1456 interlocutio-

1877 1489 2038 1544 nibus
2062 1487 2460 1546 Edessenoram
2477 1490 2758 1561 epistolam
2780 1489 3075 1559 recenseri,
3096 1504 3258 1560 quam
3277 1497 3469 1544 contra

1877 1599 1998 1640 eam
2019 1599 2142 1654 quae
2170 1583 2238 1638 ad
2265 1583 2454 1639 Harirn
2483 1582 2701 1640 Persam
2722 1583 2923 1654 scripta
2967 1583 3162 1639 dicitur
3188 1581 3307 1636 [bas
3353 1580 3472 1651 epi-

1877 1688 2074 1745 scopus
2102 1689 2203 1746 pro
2229 1689 2291 1730 se
2322 1674 2489 1742 relegi
2511 1673 2826 1746 postulavit,
2853 1673 2898 1730 si
2917 1685 3015 1742 per
3035 1685 3155 1726 eam
3183 1683 3346 1741 quam
3373 1682 3472 1723 aeo

1877 1775 2098 1823 eusator
2121 1766 2420 1839 protulerat
2441 1766 2708 1821 laudabile
2729 1766 2910 1837 potius
2933 1773 3118 1820 etnon
3140 1763 3310 1831 magis
3331 1761 3474 1816 vitu-

1808 1855 1851 1914 Β
1880 1859 2124 1931 perabile
2149 1860 2392 1916 accusati
2415 1859 2666 1916 meritum
2697 1859 3117 1914 monstrabatur.
3164 1855 3300 1922 Quid
3330 1851 3474 1923 quod

1881 1954 1996 2024 ipse
2023 1953 2144 2009 lbas
2168 1953 2475 2026 episcopus,
2508 1953 2706 2008 reiecta
2729 1951 2920 2007 eadem
2950 1950 3018 2005 ad
3045 1949 3230 2004 Marim
3253 1946 3475 2002 Persam

1879 2045 2128 2117 epistola,
2176 2060 2283 2100 non
2335 2042 2454 2113 ejus
2499 2043 2786 2113 assumpsit
2828 2041 3118 2097 defendere
3140 2038 3474 2108 qualitatem,

1879 2153 1982 2193 nec
2009 2152 2120 2192 sua:
2151 2135 2273 2192 ﬁdei
2305 2135 2682 2191 rectitudiuem
2703 2150 2772 2189 ex
2801 2133 3046 2204 ejusdem
3077 2130 3320 2202 epistola:
3346 2143 3476 2199 pro—

1879 2226 2113 2283 fessione
2159 2235 2485 2281 monstrare.
2529 2224 2798 2280 Continuo
2845 2224 3066 2286 etenim,
3099 2223 3144 2278 si
3176 2235 3326 2276 suam
3357 2233 3480 2274 esse

1879 2327 1973 2373 aut
2004 2329 2155 2373 recta
2178 2333 2284 2372 non
2311 2333 2429 2372 esse
2450 2318 2697 2385 dogmata
2722 2315 3021 2369 contineret
3044 2323 3089 2377 ο,
3121 2321 3307 2366 contra
3349 2323 3479 2364 suos

1881 2418 2228 2466 accusatores
2257 2411 2558 2478 insurgeret
2587 2408 2773 2464 dicens
2802 2425 2816 2460 :
2865 2405 3022 2461 Caeco
3049 2403 3215 2460 corde
3244 2418 3331 2456 me
3373 2401 3496 2456 imm

1879 2509 2088 2573 petunt,
2121 2508 2181 2555 ut
2209 2515 2273 2556 ea
2303 2499 2432 2554 mihi
2476 2514 2574 2570 pro
2629 2499 2896 2554 haereseos
2949 2495 3176 2550 crimine
3219 2492 3481 2562 objiciaut

1881 2591 2025 2662 unde
2049 2607 2264 2662 possum
2287 2589 2624 2645 orthodoxus
2652 2587 3018 2658 comprobari.
3052 2585 3166 2641 lino
3193 2599 3255 2640 se
3297 2590 3482 2639 osten—

1880 2660 2074 2739 derunt
2102 2684 2399 2747 btere'icos,
2426 2682 2517 2751 qui
2549 2681 2834 2751 epistolam
2862 2677 3018 2747 cujus
3045 2677 3270 2732 dictatio
3297 2674 3484 2729 catho-

1884 2774 2044 2831 licam
2071 2775 2230 2830 (idem
2254 2775 2466 2838 astruit,
2499 2773 2810 2828 hteretieam
2853 2771 3231 2826 criminantur.
3280 2765 3481 2821 Verum

1883 2865 2004 2922 lbas
2032 2866 2318 2937 episcopus
2335 2866 2514 2920 sciens
2544 2879 2644 2920 nec
2673 2879 2826 2918 suam
2850 2877 2970 2918 esse
3001 2858 3282 2931 epistolam
3307 2863 3362 2912 et
3384 2870 3484 2928 per

1885 2957 2066 3013 omnia
2089 2957 2192 3026 piis
2219 2955 2562 3026 dogmatibus
2592 2954 2884 3018 inimicam,
2920 2952 3178 3007 adversus
3205 2962 3325 3004 eam
3360 2959 3482 3000 ma-

1883 3052 1965 3121 gis
1988 3051 2134 3106 illam
2156 3049 2550 3104 Edesseuorum
2579 3049 2887 3118 epistolam,
2913 3059 3034 3114 qua:
3064 3058 3188 3098 eum
3213 3040 3348 3096 nihil
3377 3039 3480 3093 ali-

1885 3142 2102 3216 quando
2124 3150 2312 3198 contra
2334 3140 2657 3195 catholicam
2687 3137 2844 3192 fidem
2877 3136 3078 3191 dixisse
3099 3131 3480 3192 attestabatur,

205 3236 343 3305 tisse,
369 3246 422 3292 et
448 3235 560 3291 hoc
591 3250 660 3290 ex
688 3233 968 3306 praaseutis
988 3233 1093 3290 Iba:
1121 3234 1296 3290 verbis
1310 3231 1520 3302 judices
1540 3233 1614 3287 ita
1655 3246 1784 3287 sen-
1812 3226 1858 3288 Β
1889 3232 2160 3304 Opposuit,
2186 3229 2314 3285 illud
2345 3237 2565 3285 secutus
2584 3227 2726 3298 quod
2749 3241 2909 3298 supra
2939 3226 3210 3293 ingressus
3235 3226 3483 3275 sanctum

205 3327 346 3396 sisse,
367 3337 420 3382 et
440 3335 791 3383 accusatores
807 3341 925 3380 eam
948 3334 1200 3396 tanquam
1223 3332 1508 3394 negantem
1532 3323 1790 3391 voluisse,

205 3433 296 3474 nec
319 3418 667 3490 prmvaluisse
690 3417 1034 3482 convincere,
1069 3416 1236 3486 ipsius
1263 3430 1484 3471 necesse
1510 3423 1594 3470 est
1622 3414 1791 3469 inter-

206 3509 475 3567 locutionis
491 3509 742 3579 judicum
768 3517 822 3564 et
842 3509 1235 3580 prosecutionis
1255 3515 1648 3574 accusatorum,
1671 3521 1792 3577 qua:

207 3603 256 3656 in
282 3610 464 3657 sancta
492 3598 931 3656 Chalcedonensi
957 3599 1162 3671 synodo
1201 3614 1269 3654 ex
1307 3599 1473 3668 gestis
1513 3598 1692 3653 Photii
1738 3606 1796 3653 et

208 3689 450 3747 Eustathii
499 3691 839 3759 releguntur,
897 3690 1060 3746 verba
1104 3705 1412 3759 pensemus,
1467 3705 1586 3761 qua:
1632 3690 1702 3744 ita
1732 3704 1796 3746 se

207 3781 390 3836 habent
415 3783 556 3853 (Art.
589 3781 678 3850 10)
712 3798 725 3834 :
760 3779 1178 3835 Ret'crentissimi
1196 3782 1441 3853 episcopi,
1473 3781 1526 3835 id
1545 3789 1629 3837 est
1652 3779 1797 3836 Pho-

210 3875 306 3930 tius
332 3885 386 3929 et
413 3874 754 3939 Eustathius,
784 3874 1066 3928 dixerunt:
1117 3873 1179 3928 Si
1233 3884 1351 3944 post
1397 3885 1610 3928 mortem
1663 3873 1797 3928 beati

207 3964 378 4036 Cyrilli
424 3966 875 4022 rererentissimus
926 3963 1050 4020 Ibas
1103 3966 1375 4036 episcopus
1400 3981 1515 4019 eum
1545 3965 1681 4019 visus
1720 3973 1798 4018 est

208 4057 495 4110 ltwreticum
553 4057 876 4120 nominasse,
919 4066 969 4110 et
1022 4057 1320 4110 Itazreticum
1359 4054 1620 4120 habuisse,
1650 4073 1798 4112 mon-

207 4155 377 4204 strate.
416 4148 606 4203 Maras
635 4149 810 4202 dixit:
840 4147 1131 4203 Probamus
1164 4165 1182 4202 :
1221 4149 1364 4218 quod
1407 4149 1596 4220 procul
1635 4148 1801 4205 dubio

210 4254 374 4308 neque
391 4240 610 4310 judices
633 4240 811 4295 adhuc
842 4241 1055 4311 probari
1085 4250 1408 4311 quaererent,
1441 4257 1614 4312 neque
1635 4258 1800 4298 accu-

205 4339 406 4386 satores
433 4332 884 4403 repromitterent
903 4333 1245 4403 probaturos,
1269 4334 1313 4388 si
1334 4334 1438 4389 hoc
1460 4333 1578 4389 [bas
1597 4336 1804 4405 episco-

207 4436 300 4490 pus
329 4439 434 4477 non
468 4431 746 4494 negasset.
784 4422 931 4479 Licet
971 4440 1033 4480 ea
1073 4441 1193 4496 qute
1235 4425 1482 4497 superius
1534 4428 1588 4483 in
1639 4430 1804 4500 gestis

204 4513 340 4582 apud
363 4511 626 4569 Photium
658 4524 714 4568 et
739 4513 1080 4570 Eustathium
1108 4517 1306 4573 habitis
1334 4533 1632 4590 eorumque
1656 4521 1804 4590 judi-

1887 3323 2329 3381 Chaicedonense
2375 3317 2664 3377 concilium
2717 3316 2970 3385 allegavit
2994 3313 3219 3380 dicens:
3261 3308 3406 3365 Nam
3433 3316 3484 3364 et

1890 3433 2066 3473 omnes
2094 3415 2346 3471 Edesseni
2393 3413 2592 3480 clerici,
2643 3428 2734 3482 per
2761 3427 2886 3483 quos
2905 3407 3201 3463 memoratis
3227 3405 3488 3475 episcopis

1890 3511 2225 3580 scripserunt,
2250 3515 2504 3561 testantur
2531 3523 2614 3560 me
2651 3521 2763 3559 esse
2787 3503 3096 3558 catholicum
3145 3501 3281 3572 (Act.
3312 3497 3392 3570 9).
3422 3497 3483 3553 lu

1893 3609 2102 3655 tantum
2125 3599 2238 3669 jam
2263 3607 2392 3653 tunc
2418 3597 2468 3651 in
2502 3596 2678 3651 Photii
2720 3605 2776 3650 et
2794 3593 3060 3648 Eustathii
3084 3591 3288 3662 judicio
3316 3599 3372 3646 et
3395 3605 3490 3661 po-

1893 3700 2011 3750 stea
2033 3692 2086 3746 in
2116 3699 2300 3745 sancta
2329 3687 2758 3744 Chalcedonensi
2808 3686 3015 3758 synodo
3068 3683 3337 3753 objectam
3385 3683 3488 3736 sibi

1896 3786 1966 3840 ad
1986 3785 2173 3840 Marim
2197 3783 2416 3838 Persam
2440 3782 2724 3852 epistolam
2748 3787 2952 3850 negans
2972 3794 3146 3843 suam,
3169 3775 3490 3833 orthodoxa:

1898 3877 2020 3934 ﬁdei
2041 3878 2298 3934 sciitessc
2327 3875 2676 3937 contrariam,
2707 3882 2765 3928 ut
2791 3873 3020 3944 propria:
3044 3870 3167 3925 fidei
3195 3870 3490 3924 documen-

1898 3977 2014 4023 tum
2043 3983 2150 4022 uon
2172 3966 2239 4021 de
2266 3965 2418 4020 istius
2447 3973 2620 4031 textu,
2647 3962 2740 4018 sed
2767 3963 2836 4018 de
2888 3961 3283 4016 Edessenorum
3326 3957 3488 4014 cleri-

1900 4073 2089 4115 corum
2115 4057 2458 4111 attestatione
2478 4055 2799 4123 requireret.

1974 4149 2086 4205 Xll.
2127 4150 2184 4206 Si
2215 4148 2599 4219 igiturjudices
2627 4162 2732 4202 non
2755 4145 2928 4201 solum
2959 4143 3089 4198 nihil
3117 4157 3182 4198 ex
3231 4157 3296 4198 ea
3343 4140 3490 4197 testi-

1903 4251 2112 4298 mautes
2153 4243 2390 4297 accusati
2421 4241 2526 4296 lba:
2553 4239 2792 4311 episcopi
2833 4238 3008 4308 juvari
3041 4238 3336 4307 negotium,
3379 4236 3504 4290 imo-

1902 4339 2146 4395 videntes
2167 4337 2412 4392 absolute
2436 4337 2761 4392 contrariam
2785 4337 2942 4390 aliam
2965 4350 3123 4403 quam
3150 4349 3246 4406 pro
3266 4335 3347 4389 sui
3371 4349 3490 4404 pur-

1904 4431 2120 4501 gatione
2148 4438 2430 4485 accusatus
2459 4435 2542 4484 est
2570 4428 2724 4498 petiit
2748 4425 3037 4501 [expetiit],
3061 4425 3492 4481 statueruntsuis

1907 4521 2408 4578 interlocutionibus
2440 4518 2802 4587 relegandam,
2832 4527 2889 4573 et
2918 4518 3033 4588 ipse
3060 4524 3346 4572 accusatus
3373 4514 3493 4571 lbas

205 4611 324 4659 cato
371 4604 438 4660 ad
495 4607 847 4674 negationem
895 4607 999 4663 lba:
1048 4609 1285 4681 episcopi
1324 4610 1796 4668 demonstrandam
1829 4602 1878 4663 ι)
1903 4616 2208 4686 episcopus,
2249 4628 2357 4668 non
2387 4611 2532 4666 illam
2559 4613 2628 4666 ad
2656 4609 2842 4665 Marim
2883 4609 3102 4665 Persam
3133 4608 3493 4677 defendendo,

205 4693 520 4752 multimode
544 4713 617 4752 ex
645 4698 1148 4757 interlocutionibus
1181 4701 1422 4771 judicum
1476 4712 1528 4758 et
1575 4720 1800 4760 accusa-

207 4794 376 4841 torum
429 4789 910 4859 prosccutionibus
955 4792 1228 4862 ipsiusque
1259 4795 1362 4850 line
1391 4798 1804 4866 exceptionibus

205 4881 520 4935 claruerunt
565 4881 783 4938 abunde
828 4884 1157 4950 suflicerent,
1192 4891 1474 4944 tamenetsi
1505 4891 1679 4947 minus
1701 4893 1802 4946 ali-

207 4972 329 5038 quid
373 4974 424 5027 in
473 4973 660 5029 Photii
706 4985 869 5045 atque
897 4975 1162 5034 Eustathii
1192 4982 1570 5054 episcoporum
1599 4984 1802 5053 judicio

207 5059 474 5130 legeretur
523 5079 866 5134 expressum,
914 5083 978 5122 ea
1029 5084 1150 5139 qua:
1178 5071 1230 5125 iu
1261 5072 1688 5129 Chalcedonensi
1714 5091 1805 5147 sy-

208 5154 348 5209 nodo
375 5157 701 5212 continetur
728 5157 834 5212 lb:e
855 5161 1093 5230 episcopi
1122 5165 1367 5230 negantis
1387 5166 1670 5234 epistolam
1713 5182 1802 5221 sa-

209 5244 475 5305 tisfaceret
501 5249 626 5303 sola
654 5249 940 5319 professio.
974 5252 1136 5307 Lecta
1165 5255 1307 5308 enim
1338 5269 1404 5308 ex
1447 5257 1614 5324 gestis
1660 5257 1802 5328 apud

207 5333 453 5393 Photium
484 5347 545 5395 et
594 5337 933 5396 Eustathium
981 5343 1176 5398 habitis
1224 5346 1451 5414 epistola
1503 5348 1568 5400 ad
1616 5347 1802 5403 Marini

209 5425 422 5485 Persam
449 5433 682 5502 scripta,
725 5433 1006 5488 confestim
1036 5435 1155 5490 lbas
1184 5452 1370 5491 vocem
1420 5439 1664 5506 negantis
1707 5455 1806 5510 op-

210 5525 385 5589 posuit
412 5523 612 5580 dicetts
647 5542 659 5577 :
690 5525 879 5579 lubeat
905 5536 1073 5582 uestra
1120 5529 1388 5584 clementia
1419 5532 1578 5602 relegi
1605 5533 1804 5588 litteras

1903 4707 2014 4762 imo
2042 4705 2221 4775 potius
2249 4703 2365 4772 ejus
2385 4701 2681 4757 refutandae
2731 4718 2895 4758 causa
2926 4701 3070 4756 illam
3100 4700 3492 4758 Edessenorum

1903 4797 2069 4865 relegi
2097 4795 2409 4866 postulavit,
2435 4801 2651 4848 constat
2671 4809 2791 4847 eam
2820 4809 2940 4863 quae
2968 4793 3032 4847 ad
3062 4792 3249 4847 Marim
3274 4792 3492 4848 Persam

1903 4890 2102 4960 scripta
2129 4897 2211 4944 est
2233 4887 2648 4942 interlocutione
2672 4886 2912 4955 judicum
2936 4895 2992 4942 et
3013 4886 3350 4958 professione
3388 4887 3494 4943 lbze

1905 4981 2145 5052 episc0pi
2175 4979 2298 5049 quia
2321 4979 2437 5047 ejus
2467 4979 2626 5033 fuerit
2655 4979 2993 5048 abnegatam,
3026 4989 3079 5034 et
3099 4980 3226 5049 quia
3267 4978 3493 5035 scelesta

1905 5074 2153 5142 dogmata
2185 5072 2459 5126 contineat
2486 5071 2840 5141 approbatum
2866 5113 2878 5125 .
2905 5070 3047 5141 Ergo
3069 5069 3190 5128 [bas
3210 5071 3495 5142 episc0pus

1908 5163 2210 5219 innocentis
2239 5163 2402 5216 animi
2432 5163 2511 5216 sui
2561 5160 2772 5217 fervore
2800 5171 3096 5233 permotus,
3147 5159 3496 5216 evidentioris

1907 5253 2207 5323 negationis
2230 5253 2392 5306 etiam
2424 5253 2478 5307 in
2525 5251 2948 5308 Chalcedonensi
2978 5251 3186 5323 synodo
3235 5250 3496 5307 festinans

1906 5347 2123 5400 adicere
2143 5345 2548 5407 documentum,
2580 5344 2895 5412 relegendus
2922 5329 3317 5398 Edessenorum
3345 5343 3495 5397 litte-

1907 5453 1996 5492 ras
2023 5453 2089 5492 ea
2118 5436 2283 5505 gestis
2310 5435 2446 5490 idern
2473 5434 2714 5510 [ibidem]
2740 5436 2876 5506 apud
2919 5434 3168 5490 Photium
3201 5444 3258 5490 et
3305 5434 3496 5490 Eusta-

1912 5532 2078 5586 thium
2110 5529 2326 5597 habitis,
2352 5544 2470 5598 qu:e
2499 5528 2838 5583 adversarius
2860 5529 2974 5598 ejus
3027 5529 3343 5598 protulerat.
3391 5544 3494 5599 po-

211 5616 516 5671 clericorum
548 5614 956 5685 Edessenorum,
982 5629 1038 5672 ut
1067 5622 1393 5690 cognoscatis
1422 5622 1543 5692 quia
1566 5632 1614 5675 et
1641 5623 1704 5676 ab
1725 5624 1807 5678 bis
1909 5623 2127 5677 stulavit
2159 5639 2173 5674 :
2218 5637 2446 5691 quorum
2495 5629 2767 5690 gestorum
2823 5622 2960 5677 hanc
3000 5629 3228 5692 partem,
3283 5622 3421 5676 sicut
3443 5623 3495 5675 in

209 5723 318 5777 qua:
340 5709 471 5762 mihi
494 5709 655 5764 illam
683 5716 801 5760 sunt
829 5709 1025 5764 alienus
1054 5713 1244 5772 crista,
1285 5719 1335 5766 et
1375 5712 1667 5767 violentiam
1694 5730 1808 5767 sum
1911 5715 2366 5785 consequentibus
2389 5714 2807 5782 demonstratur,
2841 5732 2908 5772 ex
2931 5715 3191 5772 industria
3215 5722 3496 5772 accusator

287 5903 309 5930 η
343 5893 518 5949 nemo
549 5889 860 5946 Cotelerius
884 5886 1166 5955 leg'nlum
1199 5885 1472 5941 admonuit
1510 5903 1520 5937 :
1555 5895 1644 5938 aut
1670 5897 1807 5940 recta
1847 5897 2016 5942 nosset
2042 5889 2284 5961 dogmata
2315 5891 2597 5945 continere.
2633 5889 2675 5943 ll
2717 5866 2804 5948 uti.
