3986 6368
446 373 574 437 ’159

1654 372 1882 434 VlGlLll
1921 370 2025 431 er.
2066 354 2554 432 consumma

3648 338 3763 419 hic

462 493 747 559 mm,
778 505 901 562 ‘qua
946 492 1094 547 ibam
1137 489 1444 546 evidentius
1505 495 1735 548 noverat
1780 486 2047 557 adjuvari.
2088 493 2122 545 Α
2158 483 2350 539 libellis
2374 484 2574 541 oblatis
2602 497 2765 553 quam
2785 481 3037 555 deinceps
3058 482 3210 541 inter
3229 494 3378 555 gesta
3402 485 3765 556 loquentibus

448 584 675 641 Deinde
691 583 822 653 quid
850 583 1155 653 ipsaverba
1200 581 1309 637 ibe
1332 579 1509 637 lucide
1555 586 1801 636 astruant
1838 580 2056 634 intuen-

456 675 613 734 dum.
660 675 1016 745 Prosequitur
1061 675 1229 740 enirn,
1279 682 1342 728 ut
1382 687 1547 743 supra
1591 670 1952 735 meminimus,
1980 670 2055 724 ita

458 767 606 835 (Act.
638 764 728 835 40)
754 782 774 820 :
792 764 983 821 lubeat
998 774 1171 821 eam
1186 764 1459 820 cientem
1492 762 1656 834 relegi
1679 762 1882 816 litteras
1903 761 2057 815 cteri-

462 870 641 910 oorttm
662 851 1069 919 Edesaauerum,
1092 861 1152 907 ut
1171 851 1496 922 cognoscatis
1516 851 1639 921 quia
1656 859 1707 904 et
1731 847 1797 902 ab
1840 850 1922 902 his
1941 864 2058 920 qua

454 943 593 999 mihi
620 943 771 999 illata
798 952 923 1001 sunt
940 941 1151 998 alienus
1180 943 1349 997 exists
1392 950 1445 996 et
1470 939 1772 995 uiolastiam
1796 954 1913 992 sum
1936 953 2056 1007 per-

450 1050 664 1106 pessus.
710 1033 919 1101 Quibus
966 1033 1143 1089 verbis
1181 1031 1524 1102 aperti:sime
1578 1029 1889 1086 declaratur
1906 1026 2056 1098 quod

464 1124 591 1196 qnia
614 1138 652 1179 e
678 1124 909 1191 vestigio
931 1130 1054 1193 post
1082 1122 1277 1177 lectam
1307 1120 1590 1191 epistolam
1619 1119 1686 1173 ad
1710 1117 1903 1174 Marini
1922 1117 2056 1172 Per-

455 1230 582 1273 sam
603 1214 797 1270 astmit
819 1213 940 1269 [bas
966 1213 1258 1283 episcopus
1284 1212 1521 1267 alienum
1544 1226 1606 1266 se
1646 1218 1708 1266 et
1727 1209 1797 1265 ab
1824 1209 1911 1264 his
1936 1223 2058 1279 quae

455 1304 570 1361 sibi
598 1303 899 1361 inferuntur
927 1303 1161 1359 existere
1182 1307 1238 1358 et
1264 1301 1580 1358 violentiam
1626 1315 1689 1355 se
1716 1312 2057 1369 perpessum,

460 1405 633 1466 atque
676 1396 753 1451 ob
796 1395 907 1451 hoc
952 1393 1353 1450 Edesscnorum
1400 1393 1604 1449 debere
1646 1392 1820 1461 relegi
1851 1391 2060 1447 littems

462 1488 807 1552 clericorum,
830 1486 1128 1555 evidenter,
1152 1494 1407 1556 unquam
1434 1500 1598 1541 manu
1620 1484 1791 1554 ipsam
1819 1480 2060 1553 epistolae

460 1578 540 1636 ad
558 1578 748 1639 Marim
778 1576 999 1635 Persam
1026 1576 1341 1635 ostenderet
1369 1577 1685 1643 lectionem,
1713 1590 1745 1630 a
1796 1573 1957 1644 cujus
1996 1588 2061 1630 se

461 1672 691 1743 purgari
712 1670 943 1729 crimine
970 1670 1274 1739 festinaret,
1303 1669 1457 1733 dixit,
1479 1677 1531 1725 et
1564 1667 1630 1723 ab
1654 1668 1736 1723 his
1774 1683 1894 1740 qua
1927 1666 2059 1723 mihi

460 1764 764 1835 inferuntur
811 1761 1012 1818 alimus
1037 1763 1228 1827 exists,
1258 1760 1553 1818 ostendens
1594 1767 1654 1816 et
1695 1759 1765 1814 ab
1792 1759 1914 1815 aliis
1934 1773 2059 1828 qua

2159 572 2279 629 lhas
2304 575 2506 631 dixisse
2532 575 2857 645 arguebatur
2884 574 3186 646 episcopus,
3237 576 3363 648 quia
3391 575 3508 633 ibas
3536 578 3765 648 episco-

2146 678 2261 735 pus
2288 680 2396 720 nou
2426 663 2641 729 dixerit,
2672 663 2979 721 Edessenos
3003 665 3234 721 clericos
3281 665 3445 721 fuisse
3498 658 3762 722 testatos.

2156 755 2291 810 Nam
2320 770 2443 811 cum
2465 756 2649 810 dicant
2677 770 2870 811 senon
2896 771 3054 811 nosse
3074 757 3217 827 quod
3240 756 3327 811 vel
3359 757 3467 813 tale
3521 756 3765 826 dictum,

2136 845 2213 901 id
2252 855 2362 915 est,
2420 842 2546 901 Non
2600 846 2804 902 invideo
2847 844 3051 903 Christo
3094 850 3231 921 facta
3254 845 3387 917 Deo,
3413 848 3501 904 vel
3526 850 3652 906 huic
3678 848 3767 905 si-

2158 937 2305 1003 mile,
2339 939 2442 993 hoc
2460 946 2562 1001 est,
2594 937 2739 1007 quod
2762 953 2831 993 ex
2860 952 3183 1008 quacunque
3204 948 3357 1009 parte
3386 941 3621 997 Nestorii
3676 941 3769 997 vi-

2152 1029 2355 1086 deatur
2378 1030 2723 1101 dogmatibus
2752 1031 3066 1099 convenire,
3090 1032 3176 1087 vel
3199 1033 3342 1089 aliud
3365 1035 3565 1107 aliquid
3588 1046 3767 1094 rectm

2162 1120 2291 1177 ﬁdei
2314 1122 2646 1177 contrarium
2676 1122 2873 1177 dixerit
2896 1121 3016 1179 ibas
3063 1125 3371 1196 episcopus,
3414 1128 3767 1197 apertissime

2156 1211 2366 1266 clarum
2419 1220 2503 1267 est
2554 1212 2700 1282 quod
2747 1222 2803 1268 et
2839 1212 2907 1268 ab
2959 1213 3045 1269 his
3068 1229 3189 1285 qua:
3218 1216 3446 1286 epistula
3470 1217 3535 1271 ad
3564 1217 3766 1273 Marini

2152 1299 2382 1358 Persam
2412 1304 2613 1374 scripta
2655 1305 2898 1360 continet
2920 1304 3072 1360 ibam
3109 1307 3420 1377 episcopum
3466 1324 3561 1364 sua
3613 1319 3770 1365 atte-

2152 1392 2399 1449 statione
2441 1395 2803 1465 purgaverint.
2836 1393 2973 1450 Cum
3014 1396 3157 1450 enim
3184 1397 3472 1467 smpcdicta
3499 1399 3764 1470 epistola,

2154 1486 2395 1542 dicendo
2418 1487 2635 1542 beatum
2657 1487 2918 1558 Cyrillum
2941 1488 2995 1543 in
3026 1488 3355 1559 Apollinaris
3378 1490 3624 1546 hmresim
3673 1491 3771 1547 in-

2155 1576 2361 1634 cidisse
2376 1586 2433 1635 et
2459 1580 2509 1633 ei
2540 1579 2734 1635 similia
2766 1580 3174 1652 conscripsisse,
3213 1581 3438 1652 ejusque
3466 1582 3767 1640 duodecim

2154 1668 2397 1740 capitula
2424 1671 2571 1724 omni
2588 1669 2872 1741 impietate
2899 1671 3056 1741 plena
3078 1679 3134 1727 et
3159 1681 3323 1729 recta:
3365 1671 3488 1729 ﬁdei
3534 1683 3772 1731 contra-

2158 1762 2262 1827 ria,
2293 1762 2712 1834 Nestoriumque
2728 1764 2931 1834 judicio
2952 1773 3009 1821 et
3057 1765 3408 1837 inquisitione
3457 1784 3567 1825 non
3611 1768 3768 1828 facta

464 1852 797 1925 prmedenti
824 1852 948 1909 loco
965 1851 1018 1908 ei
1044 1851 1256 1920 objecta
1276 1860 1404 1907 sunt
1428 1858 1486 1907 et
1510 1851 1581 1906 ab
1605 1849 1836 1921 epistola
1856 1848 1928 1905 ad
1944 1848 2054 1904 Μει-
2083 1862 2131 1924 B
2158 1851 2491 1917 damnatum,
2507 1870 2616 1910 non
2638 1855 2813 1911 solum
2834 1857 3085 1913 videatur
3108 1858 3309 1929 aliquid
3332 1868 3522 1916 contra
3545 1870 3766 1918 rectam

465 1944 572 2001 rim
597 1943 822 2001 Persam
843 1942 1066 2013 scripta,
1093 1958 1215 2014 quae
1240 1942 1426 2001 statim
1455 1942 1656 1998 reiecta
1703 1941 1902 2008 fuerat,
1930 1940 2063 1997 alie-

468 2052 599 2093 num
648 2051 710 2093 se
754 2050 855 2107 per
881 2036 1064 2092 omnia
1106 2035 1489 2095 demonstrari.
1540 2033 1640 2091 Ubi
1690 2033 1819 2089 illud
1847 2045 2064 2102 quoque

467 2127 616 2198 quod
659 2141 826 2197 supra
852 2126 1129 2197 ingressus
1152 2124 1276 2183 Ibus
1312 2125 1601 2196 episcopus
1624 2131 1872 2179 sanctam
1898 2121 2064 2178 Chal-

464 2216 835 2274 cedonensem
860 2215 1124 2286 synodum
1145 2213 1468 2283 gravissime
1506 2212 1705 2281 legitur
1731 2211 1898 2268 fuisse
1924 2225 2062 2267 coui-

464 2318 693 2380 questus
719 2324 752 2364 a
780 2308 930 2364 falsis
950 2322 1012 2364 se
1027 2308 1083 2363 in
1099 2307 1336 2364 secunda
1349 2306 1617 2378 Ephesina
1632 2304 2064 2365 accusationibus

465 2399 791 2472 impetitum,
822 2399 876 2455 in
905 2398 1198 2455 concilium
1224 2397 1437 2467 ingredi
1460 2412 1569 2454 non
1618 2397 1785 2453 fuisse
1830 2394 2062 2467 pet-mis.

467 2504 611 2558 sum,
636 2488 831 2559 viginti
856 2496 1038 2545 autem
1067 2488 1189 2560 plus
1232 2502 1485 2545 carceres
1510 2496 1868 2559 permutasse,
1920 2501 2064 2542 nunc

465 2590 594 2652 post
618 2580 911 2641 lectionem
939 2579 1184 2651 epistolm
1204 2595 1309 2636 non
1329 2580 1515 2635 omisit
1540 2578 1867 2648 adjungere;
1890 2587 1952 2634 ut
1972 2594 2070 2650 ap-

465 2680 661 2744 pareat
713 2671 845 2728 illud
897 2671 1063 2744 quod,
1096 2672 1240 2729 sicut
1265 2672 1471 2728 dictum
1499 2680 1605 2738 est,
1635 2672 1909 2741 ingressus
1936 2688 2063 2729 san-

468 2772 615 2821 ctam
637 2762 1136 2823 Chalcedoueusem
1165 2764 1452 2836 synodum.
1480 2763 1550 2821 de
1574 2763 1835 2834 injustitia
1861 2766 1915 2821 in
1968 2781 2061 2822 se-

466 2857 644 2915 suda
672 2856 945 2928 Ephesius
973 2858 1074 2914 sibi
1103 2857 1251 2915 illata
1278 2856 1653 2927 conqueritur,
1676 2857 1744 2912 ad
1760 2857 1919 2927 hujus
1940 2872 2063 2914 cauo

468 2964 587 3005 sam
613 2947 857 3020 epistolae
868 2948 1171 3019 pertinere;
1186 2956 1309 3019 post
1335 2947 1490 3018 cujus
1507 2948 1794 3025 lectionem
1813 2959 2063 3005 astruens

472 3040 710 3097 alienum
734 3055 800 3096 se
826 3040 897 3097 ab
925 3040 1013 3097 his
1038 3055 1161 3111 quae
1187 3040 1292 3098 sibi
1320 3040 1622 3098 inferuntur
1647 3042 1904 3105 existere,
1939 3041 2060 3097 vio-

468 3134 689 3191 lentiam
734 3149 902 3205 quam
956 3134 1025 3190 ab
1069 3132 1317 3206 Eutyche
1363 3140 1449 3189 est
1475 3147 1765 3205 perpessus
1792 3132 2059 3203 sdjuuxit.

2160 1942 2324 1998 ﬁdem
2350 1943 2552 2011 dicere,
2580 1959 2766 2000 verum
2795 1947 2962 2001 etiam
2990 1948 3162 2018 ipsam
3191 1956 3398 2003 rectam
3441 1947 3600 2006 ﬁdem
3654 1952 3771 2007 im-

2161 2034 2456 2105 pugnando
2477 2049 2760 2105 respuere,
2789 2035 3051 2092 Edesseni
3073 2054 3203 2095 vero
3224 2039 3407 2096 clerici
3434 2041 3565 2097 nihil
3604 2041 3766 2099 Ibam

2160 2122 2480 2194 episcopum
2509 2140 2665 2180 suum
2694 2135 2860 2181 rectae
2889 2127 3012 2183 ﬁdei
3039 2132 3372 2185 contrarium
3420 2133 3625 2189 dixisse
3676 2143 3771 2192 te-

2160 2221 2399 2284 stentur,
2426 2223 2644 2272 constat
2671 2230 2739 2272 ex
2769 2218 3120 2275 attestatione
3146 2218 3405 2277 Edesaeni
3459 2222 3589 2279 cieri
3640 2240 3769 2280 me—

2163 2312 2431 2360 moratam
2450 2319 2572 2376 qute
2598 2304 2667 2361 ad
2695 2300 2883 2360 Mai-im
2911 2305 3129 2363 Persam
3148 2310 3351 2380 scripta
3374 2311 3569 2381 legitur
3588 2310 3766 2369 fuisse

2164 2399 2450 2471 epistolam
2473 2399 2828 2456 confutatam.
2856 2400 2999 2469 Quid
3024 2403 3283 2473 evestigio
3309 2402 3643 2477 The0philus
3666 2422 3768 2463 ac-

2163 2499 2381 2548 cusator
2406 2491 2566 2547 fuerit
2591 2502 2933 2563 prosecutus,
2964 2493 3276 2565 diligentius
3303 2504 3521 2567 oportet
3576 2507 3769 2554 atten-

2162 2581 2219 2638 di
2246 2600 2262 2636 :
2293 2582 2385 2653 qui
2412 2596 2524 2638 non
2551 2582 2694 2639 hanc
2715 2581 3113 2639 Edesseuérum
3141 2585 3289 2640 velut
3316 2587 3647 2657 superﬂuam
3665 2596 3769 2643 aut

2163 2672 2232 2728 ad
2258 2672 2502 2742 epistolis
2522 2670 2589 2727 ad
2618 2672 2807 2727 Marim
2850 2671 3072 2729 Persam
3114 2677 3328 2745 scriptu
3373 2676 3770 2733 subversiohcs

2165 2764 2297 2821 nihil
2315 2763 2564 2835 judicans
2588 2765 2946 2837 profuturam.
2997 2768 3223 2823 credidit
3249 2769 3627 2839 omittendam,
3661 2772 3767 2827 sed

2165 2869 2491 2928 magnopere
2516 2864 2629 2912 tota
2649 2857 2847 2911 mentis
2876 2857 3178 2914 intentione
3206 2874 3451 2915 asserere
3498 2861 3649 2917 nisus
3676 2870 3768 2918 est

2164 2945 2266 3001 has
2286 2944 2681 3002 Edessenorum
2707 2946 2911 3001 litteras
2932 2948 3252 3005 clericorum
3276 2965 3394 3006 esse
3418 2950 3657 3018 falsatas,
3690 2967 3768 3009 ex

2162 3051 2230 3094 eo
2254 3036 2468 3093 scilicet
2490 3036 2645 3092 valde
2667 3047 2946 3109 permotus
2966 3039 3110 3109 quod
3132 3038 3267 3095 nihil
3290 3042 3619 3096 contrarium
3666 3057 3769 3098 ca-

2165 3127 2380 3183 tholicae
2404 3126 2527 3182 ﬁdei
2551 3126 2698 3182 ibam
2723 3126 2923 3183 dixisse
2952 3129 3131 3184 testati
3182 3137 3329 3185 sunt.
3362 3128 3482 3197 Quo
3511 3130 3663 3187 dicto
3685 3133 3770 3188 vi-

469 3226 631 3283 Lecta
674 3227 880 3297 itaque,
913 3234 970 3282 ut
997 3226 1118 3283 lbas
1159 3227 1336 3299 petiit,
1387 3242 1455 3283 ex
1492 3226 1659 3295 gestis
1688 3225 2055 3295 Pbotiiatque
2081 3233 2130 3297 ρ
2162 3216 2296 3272 deus
2342 3216 2601 3271 continuo
2649 3214 2795 3270 illam
2844 3217 3129 3287 epistolam
3187 3218 3255 3272 ad
3286 3218 3475 3274 Marim
3527 3217 3761 3277 Persam

467 3318 734 3375 Eustathii
778 3317 1044 3388 iudicum,
1089 3317 1160 3373 ad
1211 3332 1352 3388 quos
1404 3317 1593 3388 utique
1636 3317 1845 3372 directa
1884 3314 2064 3371 {iterat

465 3407 866 3465 Edessenorum
892 3406 1124 3477 epistola
1150 3407 1502 3473 clericorum,
1533 3407 1626 3476 qui
1654 3421 1776 3461 eam
1805 3414 1866 3461 ut
1915 3404 2062 3462 Pho-

466 3499 574 3563 tiss
624 3505 685 3555 et
728 3494 1047 3559 Eustathius
1072 3496 1129 3551 iu
1157 3496 1323 3564 gestis
1352 3495 1693 3552 innectereut
1729 3496 2060 3566 petiverunt,

465 3606 589 3662 qua:
614 3598 767 3660 gesta
809 3590 878 3646 ab
907 3589 1234 3645 adversariis
1259 3588 1364 3644 Iba:
1391 3589 1633 3659 episcopi
1680 3588 1733 3643 in
1761 3587 2063 3645 Chalcedo-

466 3682 622 3739 ncnsi
649 3679 857 3752 synodo
883 3686 1010 3735 sunt
1035 3678 1267 3749 prolata,
1293 3678 1364 3734 ob
1389 3691 1551 3747 quam
1578 3692 1795 3733 causam
1817 3676 2060 3748 ejusdem

466 3770 711 3842 epistola:
735 3768 1042 3826 desiderata
1069 3769 1140 3824 sit
1168 3768 1347 3830 lectio,
1383 3768 1551 3839 ipsius
1596 3768 1776 3826 verbis
1813 3769 2063 3839 agnosci-

466 3869 575 3925 tur,
597 3875 719 3930 quat
736 3860 812 3937 ita
833 3875 894 3917 se
914 3860 1114 3915 habent
1137 3860 1276 3930 (Act.
1297 3859 1386 3929 10)
1413 3877 1427 3913 :
1452 3858 1494 3912 Α
1513 3859 1686 3914 multis
1714 3867 1868 3927 atque
1885 3860 2061 3916 dicer-

466 3952 541 4007 sis
567 3950 633 4006 de
660 3949 918 4022 Pltynicia
947 3951 1016 4006 ad
1044 3967 1138 4006 nos
1166 3952 1483 4007 venientibus
1506 3951 1834 4023 regnavimus
1854 3968 1919 4007 ea
1945 3969 2062 4025 qua:

465 4040 532 4096 ab
562 4041 643 4096 Itis
670 4041 758 4113 qui
784 4042 1181 4096 insurrexerunt
1204 4043 1264 4096 in
1292 4041 1679 4096 sanctissimum
1715 4050 1766 4096 et
1808 4059 2059 4098 reveren-

468 4129 724 4185 tissimum
750 4132 1049 4199 episcopum
1077 4138 1313 4183 nostrum
1341 4127 1494 4183 Ibam
1520 4137 1666 4199 gesta
1693 4139 1835 4197 sunt,
1860 4141 2059 4203 perter-

463 4221 553 4275 riti
580 4222 638 4275 in
667 4236 727 4276 eo
755 4220 892 4291 quod
913 4220 1107 4274 dictum
1133 4227 1232 4283 est,
1255 4218 1675 4290 (Transcenduut
1700 4222 1839 4275 enim
1865 4229 1916 4275 et
1938 4221 2058 4280 illas

464 4314 552 4385 qui
580 4315 693 4368 sine
726 4312 832 4367 Deo
861 4323 999 4379 sunt,
1031 4324 1080 4367 et
1103 4313 1342 4382 inﬁdeles
1370 4321 1422 4367 et
1446 4312 1677 4369 lateretici
1700 4321 1755 4368 et
1797 4312 1972 4371 Judari
2006 4324 2057 4371 et

464 4402 661 4473 pagani
680 4418 796 4474 qua:
818 4402 959 4456 dicta
1001 4410 1120 4457 sunt
1159 4401 1325 4469 nobis,
1371 4403 1493 4475 quia
1533 4402 1682 4459 nobis
1708 4406 2057 4471 prwsentibus

464 4492 684 4548 dixisset
728 4491 865 4547 idem
894 4492 1330 4548 reuerentissimus
1368 4494 1636 4564 episcopus
1657 4510 1676 4548 :
1698 4492 1825 4550 Non
1852 4495 2056 4551 invideo

2162 3306 2441 3376 scriptam,
2466 3320 2587 3375 qua:
2614 3314 2806 3361 contra
2852 3315 3062 3362 rectam
3093 3308 3253 3364 ﬁdem
3284 3310 3626 3380 apertissime
3676 3312 3768 3368 lo—

2160 3394 2362 3464 quitur,
2395 3394 2785 3464 impugnatum,
2809 3394 2970 3450 istam
3021 3394 3419 3459 Edessenorum
3466 3399 3760 3472 epistolam

2161 3487 2335 3543 voluit
2360 3500 2592 3555 arguere
2615 3485 2882 3553 falsitatis,
2905 3502 3006 3557 per
3021 3500 3187 3556 quam
3208 3488 3430 3544 videbat
3455 3505 3645 3545 omnes
3662 3491 3767 3545 ob-

2154 3577 2424 3646 jectiones
2452 3591 2577 3631 suas
2606 3574 2773 3630 fuisse
2822 3575 3119 3632 convictas.
3173 3574 3275 3631 Cui
3322 3578 3400 3633 rei
3447 3579 3762 3635 astruendi:

2160 3668 2375 3739 proﬁcit
2394 3669 2735 3736 subsequens
2755 3666 2891 3722 ordo
2910 3676 3211 3737 gestorum.
3244 3668 3380 3724 Dum
3409 3672 3555 3726 enim
3580 3670 3765 3729 Theo-

2159 3759 2341 3830 philus
2366 3757 2711 3817 adversarius
2738 3755 2865 3823 ibin,
2887 3757 3027 3812 sicut
3048 3757 3162 3827 jam
3187 3773 3370 3829 supra,
3397 3760 3471 3814 ita
3492 3768 3549 3815 et
3571 3761 3624 3816 in
3646 3761 3762 3819 hoc

2160 3853 2282 3909 loco
2302 3851 2473 3922 qureri
2500 3866 2569 3907 ex
2591 3850 2756 3919 gestis
2784 3850 2839 3905 in
2865 3849 3134 3921 Ephesina
3157 3851 3393 3909 secunda
3418 3851 3616 3909 habitis
3633 3869 3760 3924 qua:

2160 3942 2437 4000 nitebatur
2461 3949 2709 3997 astruere
2729 3940 3069 4012 poposcisset
3097 3940 3166 3996 ab
3195 3942 3343 3997 omni
3370 3943 3759 4014 episcoporum

2158 4034 2389 4092 concilio
2408 4033 2465 4088 in
2484 4030 2829 4088 Chalcedona
2854 4031 3227 4101 residentium,
3253 4042 3405 4102 gesta
3430 4035 3484 4089 in
3513 4036 3759 4093 secunda

2159 4123 2431 4195 Ephesiua
2485 4123 2669 4180 habita
2715 4132 2845 4179 sunt
2899 4123 3170 4194 prohibita
3199 4126 3497 4182 recenseri.
3542 4126 3622 4183 Ex
3645 4143 3758 4199 qua

2158 4216 2526 4290 prohibitione
2550 4224 2768 4273 constat
2793 4216 3148 4273 assertionem
3178 4216 3283 4272 Iba:
3309 4218 3550 4289 episcopi
3600 4234 3759 4275 com.

2159 4307 2466 4380 probatam,
2493 4319 2601 4376 qua
2623 4320 2685 4362 se
2704 4320 2803 4377 per
2828 4306 3155 4363 calumniam
3185 4316 3242 4362 et
3280 4305 3431 4363 falsis
3482 4308 3759 4377 ﬁgmentis

2158 4400 2228 4457 ab
2282 4397 2524 4470 Eutyche
2576 4398 2850 4467 perhibuit
2897 4398 3237 4467 impetitum;
3280 4399 3368 4454 ubi
3398 4400 3758 4459 mendacibus

2158 4491 2436 4563 productis
2480 4490 2710 4547 testibus
2752 4490 2881 4559 quia
2907 4490 3190 4560 epistolam
3218 4491 3286 4546 ad
3307 4490 3495 4548 Marim
3527 4492 3754 4551 Persam

465 4580 673 4639 Christo
726 4583 838 4638 Dea
884 4586 1045 4656 facio,
1100 4584 1345 4655 quoniam
1396 4594 1448 4639 et
1473 4602 1587 4658 ego,
1619 4587 1664 4640 si
1692 4587 1826 4655 uolo,
1847 4603 2055 4657 possunt
2086 4606 2135 4666 ι)
2158 4583 2415 4655 scriptam
2427 4598 2524 4639 sua
2538 4597 2662 4639 esse
2686 4581 2809 4638 lbas
2836 4581 3170 4655 [episcopus]
3188 4584 3517 4641 essedixerit
3532 4596 3756 4644 constat

465 4673 583 4745 ﬁeri
603 4674 882 4729 secundum
908 4675 1056 4731 illum
1083 4676 1121 4746 :)
1148 4691 1323 4729 omnes
1346 4692 1460 4741 nos,
1491 4693 1620 4748 quos
1641 4677 1819 4731 dicunt
1849 4678 2057 4734 audisse

464 4782 527 4820 ea
552 4782 666 4837 qua:
687 4766 888 4835 dicunt,
914 4767 1245 4838 manifestum
1269 4768 1488 4839 facimus
1536 4777 1715 4824 uestrae
1758 4771 2058 4825 reverentiae

465 4874 643 4912 coram
690 4856 790 4912 Dei
810 4858 1079 4913 clementia
1099 4859 1221 4930 quia
1247 4875 1408 4930 neque
1437 4858 1502 4912 ab
1551 4876 1611 4914 eo
1654 4875 1817 4932 neque
1853 4859 1919 4914 ab
1947 4862 2055 4917 ulla

464 4948 570 5002 alio
597 4947 702 5002 tale
729 4947 919 5002 dictum
946 4947 1227 5018 aliquando
1248 4949 1555 5013 audivimus,
1585 4965 1751 5021 neque
1794 4952 1851 5005 in
1899 4968 2052 5007 aures

462 5048 668 5094 nostras
714 5039 1003 5112 ingressum
1039 5048 1117 5094 est
1145 5040 1249 5094 tale
1269 5041 1468 5108 aliquid
1495 5041 1800 5113 aliquando,
1830 5043 2052 5099 anathe-

461 5131 767 5189 matizanles
795 5148 891 5188 nos
911 5132 1051 5201 ipsos
1080 5139 1129 5186 et
1172 5130 1389 5195 terribili
1415 5132 1666 5204 gehennae
1707 5136 2051 5206 nosmetipsos

458 5219 711 5278 obnoxios
732 5223 1002 5294 facientes,
1018 5223 1063 5275 si
1082 5222 1315 5275 novimus
1335 5221 1532 5294 aliquid
1560 5223 1673 5299 tale
1691 5224 1885 5279 dictum
1910 5224 2050 5281 abeo

458 5322 549 5366 aut
569 5312 769 5385 aliquid
794 5311 940 5367 aliud
966 5314 1286 5368 contrarium
1313 5313 1580 5368 catholica:
1620 5314 1765 5385 ﬁdei.
1797 5316 1860 5371 Si
1908 5318 2048 5372 enim

457 5403 630 5476 aliqua
652 5403 752 5471 tali
780 5403 917 5458 dicto
944 5404 1087 5474 passi
1125 5404 1400 5474 fuissemus
1439 5407 1823 5462 communicare
1868 5408 1918 5462 ei
1960 5411 2047 5479 qui

458 5494 590 5548 dixit
618 5503 707 5549 aut
735 5493 922 5548 missas
951 5511 1065 5548 cum
1102 5511 1163 5549 ea
1193 5504 1380 5562 tenere,
1408 5497 1590 5554 ultima
1615 5499 1869 5571 supplicio
1917 5502 2050 5572 fuis-

456 5597 628 5636 semus
679 5581 912 5641 obnoxii.
957 5590 1208 5654 tanquam
1259 5587 1696 5642 conmumicantes
1748 5589 1843 5643 tali
1879 5591 2051 5646 errori

461 5669 786 5745 [Cotelerius
815 5672 945 5743 legit
964 5669 1222 5743 horrore],
1252 5682 1307 5727 et
1332 5684 1547 5730 ca‘tera.

531 5757 670 5817 Xlll.
710 5762 913 5830 Quibus
941 5764 1014 5820 ita
1042 5780 1101 5821 se
1154 5763 1475 5821 habentibus
1503 5767 1779 5824 evidenter
1806 5771 2048 5826 ostendi-

464 5861 552 5910 tur
581 5854 760 5911 omnia
790 5855 843 5913 iu
871 5856 1062 5927 quibus
1091 5856 1160 5915 ab
1185 5856 1587 5915 accusatoribus
1617 5865 1723 5915 tam
1752 5874 1822 5918 sx
1844 5861 2047 5935 scripto

2162 4690 2286 4733 esse
2312 4674 2625 4732 conﬁctum.
2653 4672 2713 4728 in
2741 4672 2825 4729 his
2849 4680 3031 4729 autem
3063 4672 3285 4729 Patrum
3315 4676 3754 4734 interlocutioni-

2158 4768 2261 4825 bus
2302 4782 2425 4838 qua:
2469 4767 2539 4824 de
2584 4766 2902 4822 evacuanda
2948 4765 3217 4837 Ephesius
3271 4768 3506 4825 secunda
3534 4771 3753 4842 synodo

2157 4866 2284 4915 sunt
2309 4859 2535 4929 prolatae
2558 4857 2690 4913 nihil
2711 4856 2856 4912 aliud
2878 4868 3077 4928 praeter
3102 4859 3293 4915 Domni
3338 4859 3742 4930 depositiouem

2158 4958 2215 5004 et
2248 4948 2647 5006 ordinationem
2667 4945 2887 5001 Maximi
2916 4954 3125 5002 certum
3152 4957 3236 5002 est
3278 4963 3399 5004 esse
3451 4949 3750 5008 ﬁrmatum.

2160 5040 2426 5095 Domuum
2456 5052 2585 5092 vero
2605 5050 2705 5107 pro
2726 5035 2874 5092 nullo
2895 5036 3003 5091 alio
3031 5036 3256 5092 crimine
3277 5038 3380 5093 nisi
3409 5038 3554 5108 quod
3601 5041 3751 5099 beati

2158 5127 2345 5201 Cyrilli
2370 5126 2660 5182 duodecim
2687 5126 2924 5195 capitula
2954 5127 3306 5197 prohibuerat
3334 5130 3612 5199 prmdicari
3635 5134 3751 5189 cla-

2157 5236 2276 5277 rum
2304 5228 2390 5275 est
2408 5216 2572 5274 fuisse
2598 5217 2931 5273 damnatum.
2968 5216 3119 5273 Unde
3142 5219 3580 5279 manifestatione
3609 5223 3750 5295 [ma-

2155 5310 2350 5367 nifesta
2370 5306 2606 5380 ratione]
2634 5316 2691 5364 et
2717 5309 2953 5364 evidenti
2981 5309 3212 5365 veritate
3252 5318 3487 5381 constat,
3538 5314 3584 5370 si
3631 5317 3750 5387 epi-

2155 5403 2351 5459 stolam
2397 5400 2463 5456 ad
2490 5399 2707 5471 -Marim
2753 5397 2997 5465 Persam,
3048 5414 3169 5469 qua:
3196 5400 3481 5458 duodecim
3508 5409 3748 5476 capitula

2155 5494 2299 5551 beati
2328 5491 2514 5564 Cyrilli
2543 5506 2663 5549 esse
2683 5488 2871 5547 deﬁnit
2899 5491 3175 5556 haeretica,
3207 5493 3491 5563 ipsumque
3524 5495 3749 5553 beatum

2154 5584 2410 5657 Cyrillum
2422 5580 2717 5652 Apollinari
2734 5580 2927 5636 similia
2940 5582 3349 5652 conscripsisse,
3364 5586 3535 5640 sancti
3556 5584 3750 5644 Patres
3778 5606 3783 5609 λ

2154 5676 2209 5731 in
2230 5674 2571 5733 Chalcedona
2596 5672 2898 5729 residentes
2922 5672 3028 5728 lbae
3047 5673 3285 5743 episcopi
3302 5675 3559 5731 eumdem
3578 5677 3748 5737 fuisse

2154 5770 2331 5842 [[ονιε,
2379 5767 2621 5822 addenda
2667 5782 2765 5821 vos:
2814 5766 3052 5839 sensum]
3089 5768 3474 5839 quoquomodo
3503 5774 3744 5841 reperis.

2150 5871 2291 5931 serit,
2318 5876 2441 5918 eum
2465 5859 2769 5917 nullatenus
2799 5858 2850 5913 in
2880 5858 3115 5929 graviori
3143 5859 3381 5931 ejusdem
3422 5876 3603 5918 causa
3632 5865 3741 5921 eri»-
