  <div class='ocr_page' id='page_1' title='image "/cluster/home/n/w/nwhite01/storage/ocr_20150623/69/umn.31951002477362u/090.png"; bbox 0 0 3986 6362; ppageno 0'>
   <div class='ocr_carea' id='block_1_1' title="bbox 176 321 268 374">
    <p class='ocr_par' dir='ltr' id='par_1_1' title="bbox 176 321 268 374">
     <span class='ocr_line' id='line_1_1' title="bbox 176 321 268 374; baseline 0 0"><span class='ocrx_word' id='word_1_1' title='bbox 176 321 268 374; x_wconf 67' lang='grc' dir='ltr'><strong>ίϐἷ</strong></span> 
     </span>
    </p>
   </div>
   <div class='ocr_carea' id='block_1_2' title="bbox 1075 324 2512 388">
    <p class='ocr_par' dir='ltr' id='par_1_2' title="bbox 1075 324 2512 388">
     <span class='ocr_line' id='line_1_2' title="bbox 1075 324 2512 388; baseline 0.006 -10"><span class='ocrx_word' id='word_1_2' title='bbox 1075 324 1210 381; x_wconf 76' lang='lat' dir='ltr'><strong>PRO</strong></span> <span class='ocrx_word' id='word_1_3' title='bbox 1249 324 1695 384; x_wconf 68' lang='lat' dir='ltr'><strong>DAMNATIONE</strong></span> <span class='ocrx_word' id='word_1_4' title='bbox 1733 325 1955 383; x_wconf 70' lang='lat' dir='ltr'><strong>TRlUll</strong></span> <span class='ocrx_word' id='word_1_5' title='bbox 1993 327 2512 388; x_wconf 71' lang='lat' dir='ltr'><strong>CAPITULOHL&#39;M.</strong></span> 
     </span>
    </p>
   </div>
   <div class='ocr_carea' id='block_1_3' title="bbox 172 435 3480 514">
    <p class='ocr_par' dir='ltr' id='par_1_3' title="bbox 172 435 3480 514">
     <span class='ocr_line' id='line_1_3' title="bbox 172 435 3480 514; baseline 0.006 -22"><span class='ocrx_word' id='word_1_6' title='bbox 172 441 318 492; x_wconf 77' lang='lat' dir='ltr'><strong>aliam</strong></span> <span class='ocrx_word' id='word_1_7' title='bbox 345 435 753 496; x_wconf 67' lang='lat' dir='ltr'><strong>Edessenorum</strong></span> <span class='ocrx_word' id='word_1_8' title='bbox 791 455 896 512; x_wconf 83' lang='lat' dir='ltr'><strong>pro</strong></span> <span class='ocrx_word' id='word_1_9' title='bbox 933 455 993 497; x_wconf 86' lang='lat' dir='ltr'><strong>se</strong></span> <span class='ocrx_word' id='word_1_10' title='bbox 1020 440 1188 511; x_wconf 81' lang='lat' dir='ltr'><strong>relegi</strong></span> <span class='ocrx_word' id='word_1_11' title='bbox 1223 443 1564 513; x_wconf 74' lang='lat' dir='ltr'><strong>postulantis.</strong></span> <span class='ocrx_word' id='word_1_12' title='bbox 1613 443 1769 512; x_wconf 82' lang='lat' dir='ltr'><strong>Quod</strong></span> <span class='ocrx_word' id='word_1_13' title='bbox 1799 455 1844 506; x_wconf 74' lang='grc' dir='ltr'>Α</span> <span class='ocrx_word' id='word_1_14' title='bbox 1871 460 1989 514; x_wconf 77' lang='lat' dir='ltr'><strong>qua:</strong></span> <span class='ocrx_word' id='word_1_15' title='bbox 2009 455 2128 500; x_wconf 81' lang='lat' dir='ltr'><strong>sunt</strong></span> <span class='ocrx_word' id='word_1_16' title='bbox 2149 446 2422 501; x_wconf 72' lang='lat' dir='ltr'><strong>subsecuta</strong></span> <span class='ocrx_word' id='word_1_17' title='bbox 2447 447 2808 506; x_wconf 83' lang='lat' dir='ltr'><strong>demonstrant</strong></span> <span class='ocrx_word' id='word_1_18' title='bbox 2833 451 3105 510; x_wconf 57' lang='lat' dir='ltr'><strong>amasium</strong></span> <span class='ocrx_word' id='word_1_19' title='bbox 3153 453 3300 512; x_wconf 77' lang='lat' dir='ltr'><strong>Ibam</strong></span> <span class='ocrx_word' id='word_1_20' title='bbox 3336 473 3480 514; x_wconf 79' lang='lat' dir='ltr'><strong>ress-</strong></span> 
     </span>
    </p>
   </div>
   <div class='ocr_carea' id='block_1_4' title="bbox 173 531 1777 608">
    <p class='ocr_par' dir='ltr' id='par_1_4' title="bbox 173 531 1777 608">
     <span class='ocr_line' id='line_1_4' title="bbox 173 531 1777 608; baseline 0.005 -20"><span class='ocrx_word' id='word_1_21' title='bbox 173 531 442 603; x_wconf 78' lang='lat' dir='ltr'><strong>Tbcophili</strong></span> <span class='ocrx_word' id='word_1_22' title='bbox 479 533 694 591; x_wconf 86' lang='lat' dir='ltr'><strong>inimici</strong></span> <span class='ocrx_word' id='word_1_23' title='bbox 719 533 834 590; x_wconf 77' lang='lat' dir='ltr'><strong>lbze</strong></span> <span class='ocrx_word' id='word_1_24' title='bbox 861 535 1103 606; x_wconf 79' lang='lat' dir='ltr'><strong>episcopi</strong></span> <span class='ocrx_word' id='word_1_25' title='bbox 1133 535 1334 592; x_wconf 79' lang='lat' dir='ltr'><strong>deserti</strong></span> <span class='ocrx_word' id='word_1_26' title='bbox 1355 536 1613 608; x_wconf 76' lang='lat' dir='ltr'><strong>suﬁ‘ragio</strong></span> <span class='ocrx_word' id='word_1_27' title='bbox 1635 541 1777 596; x_wconf 85' lang='lat' dir='ltr'><strong>veri-</strong></span> 
     </span>
    </p>
   </div>
   <div class='ocr_carea' id='block_1_5' title="bbox 172 625 1774 687">
    <p class='ocr_par' dir='ltr' id='par_1_5' title="bbox 172 625 1774 687">
     <span class='ocr_line' id='line_1_5' title="bbox 172 625 1774 687; baseline 0.004 -6"><span class='ocrx_word' id='word_1_28' title='bbox 172 626 291 682; x_wconf 87' lang='lat' dir='ltr'><strong>tatis</strong></span> <span class='ocrx_word' id='word_1_29' title='bbox 309 625 649 682; x_wconf 69' lang='lat' dir='ltr'><strong>demonstrat</strong></span> <span class='ocrx_word' id='word_1_30' title='bbox 681 627 1038 685; x_wconf 80' lang='lat' dir='ltr'><strong>nihilominus</strong></span> <span class='ocrx_word' id='word_1_31' title='bbox 1063 627 1301 686; x_wconf 88' lang='lat' dir='ltr'><strong>evidenti</strong></span> <span class='ocrx_word' id='word_1_32' title='bbox 1329 631 1546 687; x_wconf 89' lang='lat' dir='ltr'><strong>ratione</strong></span> <span class='ocrx_word' id='word_1_33' title='bbox 1574 629 1774 687; x_wconf 84' lang='lat' dir='ltr'><strong>suffra-</strong></span> 
     </span>
    </p>
   </div>
   <div class='ocr_carea' id='block_1_6' title="bbox 168 717 1780 794">
    <p class='ocr_par' dir='ltr' id='par_1_6' title="bbox 168 717 1780 794">
     <span class='ocr_line' id='line_1_6' title="bbox 168 717 1780 794; baseline 0.006 -21"><span class='ocrx_word' id='word_1_34' title='bbox 168 720 332 787; x_wconf 78' lang='lat' dir='ltr'><strong>gium,</strong></span> <span class='ocrx_word' id='word_1_35' title='bbox 359 718 452 788; x_wconf 88' lang='lat' dir='ltr'><strong>qui</strong></span> <span class='ocrx_word' id='word_1_36' title='bbox 479 734 593 774; x_wconf 88' lang='lat' dir='ltr'><strong>non</strong></span> <span class='ocrx_word' id='word_1_37' title='bbox 624 717 782 774; x_wconf 75' lang='lat' dir='ltr'><strong>illam</strong></span> <span class='ocrx_word' id='word_1_38' title='bbox 811 720 883 775; x_wconf 89' lang='lat' dir='ltr'><strong>ad</strong></span> <span class='ocrx_word' id='word_1_39' title='bbox 911 719 1099 776; x_wconf 77' lang='lat' dir='ltr'><strong>Marim</strong></span> <span class='ocrx_word' id='word_1_40' title='bbox 1129 719 1352 778; x_wconf 79' lang='lat' dir='ltr'><strong>Persam</strong></span> <span class='ocrx_word' id='word_1_41' title='bbox 1379 738 1543 794; x_wconf 88' lang='lat' dir='ltr'><strong>quam</strong></span> <span class='ocrx_word' id='word_1_42' title='bbox 1568 723 1780 794; x_wconf 88' lang='lat' dir='ltr'><strong>objece-</strong></span> 
     </span>
    </p>
   </div>
   <div class='ocr_carea' id='block_1_7' title="bbox 171 810 1778 888">
    <p class='ocr_par' dir='ltr' id='par_1_7' title="bbox 171 810 1778 888">
     <span class='ocr_line' id='line_1_7' title="bbox 171 810 1778 888; baseline 0.005 -22"><span class='ocrx_word' id='word_1_43' title='bbox 171 819 252 866; x_wconf 82' lang='lat' dir='ltr'><strong>rat</strong></span> <span class='ocrx_word' id='word_1_44' title='bbox 270 810 615 881; x_wconf 64' lang='lat' dir='ltr'><strong>praesumpsit</strong></span> <span class='ocrx_word' id='word_1_45' title='bbox 635 819 910 878; x_wconf 76' lang='lat' dir='ltr'><strong>astruere,</strong></span> <span class='ocrx_word' id='word_1_46' title='bbox 925 813 1020 869; x_wconf 85' lang='lat' dir='ltr'><strong>sed</strong></span> <span class='ocrx_word' id='word_1_47' title='bbox 1041 813 1183 868; x_wconf 89' lang='lat' dir='ltr'><strong>illam</strong></span> <span class='ocrx_word' id='word_1_48' title='bbox 1205 814 1389 885; x_wconf 90' lang='lat' dir='ltr'><strong>potius</strong></span> <span class='ocrx_word' id='word_1_49' title='bbox 1409 831 1572 886; x_wconf 88' lang='lat' dir='ltr'><strong>quam</strong></span> <span class='ocrx_word' id='word_1_50' title='bbox 1599 833 1697 888; x_wconf 90' lang='lat' dir='ltr'><strong>pro</strong></span> <span class='ocrx_word' id='word_1_51' title='bbox 1717 833 1778 874; x_wconf 87' lang='lat' dir='ltr'><strong>se</strong></span> 
     </span>
    </p>
   </div>
   <div class='ocr_carea' id='block_1_8' title="bbox 169 900 1779 980">
    <p class='ocr_par' dir='ltr' id='par_1_8' title="bbox 169 900 1779 980">
     <span class='ocr_line' id='line_1_8' title="bbox 169 900 1779 980; baseline 0.007 -26"><span class='ocrx_word' id='word_1_52' title='bbox 169 900 288 956; x_wconf 83' lang='lat' dir='ltr'><strong>ibas</strong></span> <span class='ocrx_word' id='word_1_53' title='bbox 306 903 598 972; x_wconf 77' lang='lat' dir='ltr'><strong>episcopus</strong></span> <span class='ocrx_word' id='word_1_54' title='bbox 618 903 792 972; x_wconf 79' lang='lat' dir='ltr'><strong>relegi</strong></span> <span class='ocrx_word' id='word_1_55' title='bbox 813 914 1160 975; x_wconf 85' lang='lat' dir='ltr'><strong>poposcerat,</strong></span> <span class='ocrx_word' id='word_1_56' title='bbox 1183 915 1241 962; x_wconf 89' lang='lat' dir='ltr'><strong>et</strong></span> <span class='ocrx_word' id='word_1_57' title='bbox 1257 923 1318 962; x_wconf 87' lang='lat' dir='ltr'><strong>se</strong></span> <span class='ocrx_word' id='word_1_58' title='bbox 1347 907 1779 980; x_wconf 71' lang='lat' dir='ltr'><strong>incompetentul&#39;</strong></span> 
     </span>
    </p>
   </div>
   <div class='ocr_carea' id='block_1_9' title="bbox 175 995 1780 1072">
    <p class='ocr_par' dir='ltr' id='par_1_9' title="bbox 175 995 1780 1072">
     <span class='ocr_line' id='line_1_9' title="bbox 175 995 1780 1072; baseline 0.006 -24"><span class='ocrx_word' id='word_1_59' title='bbox 175 1003 348 1050; x_wconf 83' lang='lat' dir='ltr'><strong>tamen</strong></span> <span class='ocrx_word' id='word_1_60' title='bbox 379 995 530 1051; x_wconf 88' lang='lat' dir='ltr'><strong>nisus</strong></span> <span class='ocrx_word' id='word_1_61' title='bbox 556 1004 644 1051; x_wconf 86' lang='lat' dir='ltr'><strong>est</strong></span> <span class='ocrx_word' id='word_1_62' title='bbox 665 1010 901 1066; x_wconf 81' lang='lat' dir='ltr'><strong>arguere</strong></span> <span class='ocrx_word' id='word_1_63' title='bbox 928 996 1194 1055; x_wconf 78' lang='lat' dir='ltr'><strong>falsitatis.</strong></span> <span class='ocrx_word' id='word_1_64' title='bbox 1228 999 1382 1067; x_wconf 84' lang='lat' dir='ltr'><strong>Quod</strong></span> <span class='ocrx_word' id='word_1_65' title='bbox 1408 1002 1646 1072; x_wconf 89' lang='lat' dir='ltr'><strong>ipsorum</strong></span> <span class='ocrx_word' id='word_1_66' title='bbox 1677 1001 1780 1058; x_wconf 88' lang='lat' dir='ltr'><strong>Pa-</strong></span> 
     </span>
    </p>
   </div>
   <div class='ocr_carea' id='block_1_10' title="bbox 171 1089 1776 1153">
    <p class='ocr_par' dir='ltr' id='par_1_10' title="bbox 171 1089 1776 1153">
     <span class='ocr_line' id='line_1_10' title="bbox 171 1089 1776 1153; baseline 0.007 -11"><span class='ocrx_word' id='word_1_67' title='bbox 171 1095 311 1142; x_wconf 86' lang='lat' dir='ltr'><strong>trum</strong></span> <span class='ocrx_word' id='word_1_68' title='bbox 340 1098 656 1150; x_wconf 84' lang='lat' dir='ltr'><strong>nostrorum</strong></span> <span class='ocrx_word' id='word_1_69' title='bbox 678 1089 735 1144; x_wconf 88' lang='lat' dir='ltr'><strong>in</strong></span> <span class='ocrx_word' id='word_1_70' title='bbox 756 1089 1103 1148; x_wconf 77' lang='lat' dir='ltr'><strong>Chalcedona</strong></span> <span class='ocrx_word' id='word_1_71' title='bbox 1130 1093 1484 1150; x_wconf 87' lang='lat' dir='ltr'><strong>residentium</strong></span> <span class='ocrx_word' id='word_1_72' title='bbox 1508 1095 1776 1153; x_wconf 90' lang='lat' dir='ltr'><strong>Domuum</strong></span> 
     </span>
    </p>
   </div>
   <div class='ocr_carea' id='block_1_11' title="bbox 172 1177 1777 1258">
    <p class='ocr_par' dir='ltr' id='par_1_11' title="bbox 172 1177 1777 1258">
     <span class='ocr_line' id='line_1_11' title="bbox 172 1177 1777 1258; baseline 0.006 -25"><span class='ocrx_word' id='word_1_73' title='bbox 172 1179 222 1234; x_wconf 90' lang='lat' dir='ltr'><strong>in</strong></span> <span class='ocrx_word' id='word_1_74' title='bbox 245 1177 442 1235; x_wconf 86' lang='lat' dir='ltr'><strong>eodem</strong></span> <span class='ocrx_word' id='word_1_75' title='bbox 472 1189 789 1236; x_wconf 86' lang='lat' dir='ltr'><strong>accusatum</strong></span> <span class='ocrx_word' id='word_1_76' title='bbox 814 1183 1035 1252; x_wconf 85' lang='lat' dir='ltr'><strong>negotio</strong></span> <span class='ocrx_word' id='word_1_77' title='bbox 1057 1183 1433 1254; x_wconf 85' lang='lat' dir='ltr'><strong>permittentes</strong></span> <span class='ocrx_word' id='word_1_78' title='bbox 1455 1184 1633 1258; x_wconf 65' lang='lat' dir='ltr'><strong>&quot;orte,</strong></span> <span class='ocrx_word' id='word_1_79' title='bbox 1650 1204 1777 1257; x_wconf 92' lang='lat' dir='ltr'><strong>per-</strong></span> 
     </span>
    </p>
   </div>
   <div class='ocr_carea' id='block_1_12' title="bbox 173 1267 1776 1345">
    <p class='ocr_par' dir='ltr' id='par_1_12' title="bbox 173 1267 1776 1345">
     <span class='ocr_line' id='line_1_12' title="bbox 173 1267 1776 1345; baseline 0.008 -22"><span class='ocrx_word' id='word_1_80' title='bbox 173 1267 525 1342; x_wconf 86' lang='lat' dir='ltr'><strong>mittentium]</strong></span> <span class='ocrx_word' id='word_1_81' title='bbox 547 1287 773 1328; x_wconf 88' lang='lat' dir='ltr'><strong>manere</strong></span> <span class='ocrx_word' id='word_1_82' title='bbox 793 1271 1106 1328; x_wconf 82' lang='lat' dir='ltr'><strong>damnatum</strong></span> <span class='ocrx_word' id='word_1_83' title='bbox 1119 1273 1374 1345; x_wconf 83' lang='lat' dir='ltr'><strong>[bamque</strong></span> <span class='ocrx_word' id='word_1_84' title='bbox 1388 1277 1776 1336; x_wconf 80' lang='lat' dir='ltr'><strong>absolvendum</strong></span> 
     </span>
    </p>
   </div>
   <div class='ocr_carea' id='block_1_13' title="bbox 172 1357 1774 1438">
    <p class='ocr_par' dir='ltr' id='par_1_13' title="bbox 172 1357 1774 1438">
     <span class='ocr_line' id='line_1_13' title="bbox 172 1357 1774 1438; baseline 0.009 -27"><span class='ocrx_word' id='word_1_85' title='bbox 172 1357 424 1428; x_wconf 76' lang='lat' dir='ltr'><strong>patefecit</strong></span> <span class='ocrx_word' id='word_1_86' title='bbox 472 1359 682 1430; x_wconf 83' lang='lat' dir='ltr'><strong>absque</strong></span> <span class='ocrx_word' id='word_1_87' title='bbox 721 1363 1079 1432; x_wconf 75' lang='lat' dir='ltr'><strong>ambiguitate</strong></span> <span class='ocrx_word' id='word_1_88' title='bbox 1121 1367 1392 1422; x_wconf 77' lang='lat' dir='ltr'><strong>sententia</strong></span> <span class='ocrx_word' id='word_1_89' title='bbox 1441 1368 1588 1438; x_wconf 88' lang='lat' dir='ltr'><strong>quod</strong></span> <span class='ocrx_word' id='word_1_90' title='bbox 1636 1371 1774 1426; x_wconf 89' lang='lat' dir='ltr'><strong>idem</strong></span> 
     </span>
    </p>
   </div>
   <div class='ocr_carea' id='block_1_14' title="bbox 173 1448 1778 1530">
    <p class='ocr_par' dir='ltr' id='par_1_14' title="bbox 173 1448 1778 1530">
     <span class='ocr_line' id='line_1_14' title="bbox 173 1448 1778 1530; baseline 0.011 -28"><span class='ocrx_word' id='word_1_91' title='bbox 173 1448 416 1516; x_wconf 83' lang='lat' dir='ltr'><strong>ejusdem</strong></span> <span class='ocrx_word' id='word_1_92' title='bbox 444 1452 743 1508; x_wconf 78' lang='lat' dir='ltr'><strong>venerandi</strong></span> <span class='ocrx_word' id='word_1_93' title='bbox 769 1451 1230 1512; x_wconf 82' lang='lat' dir='ltr'><strong>Chalcedonensis</strong></span> <span class='ocrx_word' id='word_1_94' title='bbox 1254 1459 1445 1530; x_wconf 85' lang='lat' dir='ltr'><strong>synodi</strong></span> <span class='ocrx_word' id='word_1_95' title='bbox 1472 1461 1778 1520; x_wconf 83' lang='lat' dir='ltr'><strong>evidentius</strong></span> 
     </span>
    </p>
   </div>
   <div class='ocr_carea' id='block_1_15' title="bbox 173 1539 1780 1626">
    <p class='ocr_par' dir='ltr' id='par_1_15' title="bbox 173 1539 1780 1626">
     <span class='ocr_line' id='line_1_15' title="bbox 173 1539 1780 1626; baseline 0.011 -33"><span class='ocrx_word' id='word_1_96' title='bbox 173 1539 542 1612; x_wconf 80' lang='lat' dir='ltr'><strong>nudtipliciter</strong></span> <span class='ocrx_word' id='word_1_97' title='bbox 571 1545 808 1601; x_wconf 80' lang='lat' dir='ltr'><strong>decretis</strong></span> <span class='ocrx_word' id='word_1_98' title='bbox 829 1549 1153 1617; x_wconf 84' lang='lat' dir='ltr'><strong>ostenditur,</strong></span> <span class='ocrx_word' id='word_1_99' title='bbox 1184 1549 1431 1607; x_wconf 86' lang='lat' dir='ltr'><strong>dicentes</strong></span> <span class='ocrx_word' id='word_1_100' title='bbox 1452 1554 1569 1626; x_wconf 87' lang='lat' dir='ltr'><strong>[pro</strong></span> <span class='ocrx_word' id='word_1_101' title='bbox 1597 1555 1780 1612; x_wconf 85' lang='lat' dir='ltr'><strong>dicen-</strong></span> 
     </span>
    </p>
   </div>
   <div class='ocr_carea' id='block_1_16' title="bbox 175 1630 1778 1717">
    <p class='ocr_par' dir='ltr' id='par_1_16' title="bbox 175 1630 1778 1717">
     <span class='ocr_line' id='line_1_16' title="bbox 175 1630 1778 1717; baseline 0.01 -30"><span class='ocrx_word' id='word_1_102' title='bbox 175 1630 262 1704; x_wconf 91' lang='lat' dir='ltr'><strong>tis]</strong></span> <span class='ocrx_word' id='word_1_103' title='bbox 289 1648 445 1690; x_wconf 89' lang='lat' dir='ltr'><strong>suam</strong></span> <span class='ocrx_word' id='word_1_104' title='bbox 475 1634 638 1690; x_wconf 79' lang='lat' dir='ltr'><strong>iidem</strong></span> <span class='ocrx_word' id='word_1_105' title='bbox 667 1651 791 1693; x_wconf 87' lang='lat' dir='ltr'><strong>esse</strong></span> <span class='ocrx_word' id='word_1_106' title='bbox 837 1653 1000 1708; x_wconf 88' lang='lat' dir='ltr'><strong>quam</strong></span> <span class='ocrx_word' id='word_1_107' title='bbox 1031 1639 1122 1695; x_wconf 88' lang='lat' dir='ltr'><strong>illa</strong></span> <span class='ocrx_word' id='word_1_108' title='bbox 1153 1642 1222 1696; x_wconf 90' lang='lat' dir='ltr'><strong>ad</strong></span> <span class='ocrx_word' id='word_1_109' title='bbox 1264 1641 1456 1699; x_wconf 75' lang='lat' dir='ltr'><strong>Marini</strong></span> <span class='ocrx_word' id='word_1_110' title='bbox 1498 1647 1778 1717; x_wconf 76' lang='lat' dir='ltr'><strong>impugnat</strong></span> 
     </span>
    </p>
   </div>
   <div class='ocr_carea' id='block_1_17' title="bbox 173 1723 1774 1806">
    <p class='ocr_par' dir='ltr' id='par_1_17' title="bbox 173 1723 1774 1806">
     <span class='ocr_line' id='line_1_17' title="bbox 173 1723 1774 1806; baseline 0.011 -30"><span class='ocrx_word' id='word_1_111' title='bbox 173 1723 432 1793; x_wconf 79' lang='lat' dir='ltr'><strong>cpistola,</strong></span> <span class='ocrx_word' id='word_1_112' title='bbox 471 1733 530 1780; x_wconf 86' lang='lat' dir='ltr'><strong>et</strong></span> <span class='ocrx_word' id='word_1_113' title='bbox 559 1725 666 1782; x_wconf 89' lang='lat' dir='ltr'><strong>hoc</strong></span> <span class='ocrx_word' id='word_1_114' title='bbox 705 1742 828 1782; x_wconf 85' lang='lat' dir='ltr'><strong>eam</strong></span> <span class='ocrx_word' id='word_1_115' title='bbox 877 1729 1056 1801; x_wconf 66' lang='lat' dir='ltr'><strong>iforte,</strong></span> <span class='ocrx_word' id='word_1_116' title='bbox 1083 1739 1140 1786; x_wconf 89' lang='lat' dir='ltr'><strong>et</strong></span> <span class='ocrx_word' id='word_1_117' title='bbox 1167 1747 1266 1801; x_wconf 86' lang='lat' dir='ltr'><strong>per</strong></span> <span class='ocrx_word' id='word_1_118' title='bbox 1303 1732 1430 1806; x_wconf 88' lang='lat' dir='ltr'><strong>hoc]</strong></span> <span class='ocrx_word' id='word_1_119' title='bbox 1459 1750 1646 1792; x_wconf 89' lang='lat' dir='ltr'><strong>eorum</strong></span> <span class='ocrx_word' id='word_1_120' title='bbox 1675 1737 1774 1792; x_wconf 87' lang='lat' dir='ltr'><strong>da-</strong></span> 
     </span>
    </p>
   </div>
   <div class='ocr_carea' id='block_1_18' title="bbox 1879 535 3472 606">
    <p class='ocr_par' dir='ltr' id='par_1_18' title="bbox 1879 535 3472 606">
     <span class='ocr_line' id='line_1_18' title="bbox 1879 535 3472 606; baseline 0.009 -19"><span class='ocrx_word' id='word_1_121' title='bbox 1879 535 2230 590; x_wconf 79' lang='lat' dir='ltr'><strong>rentissimum</strong></span> <span class='ocrx_word' id='word_1_122' title='bbox 2258 538 2323 592; x_wconf 85' lang='lat' dir='ltr'><strong>ab</strong></span> <span class='ocrx_word' id='word_1_123' title='bbox 2345 537 2426 592; x_wconf 74' lang='lat' dir='ltr'><strong>liis</strong></span> <span class='ocrx_word' id='word_1_124' title='bbox 2445 555 2560 606; x_wconf 67' lang='lat' dir='ltr'><strong>quia</strong></span> <span class='ocrx_word' id='word_1_125' title='bbox 2585 540 2638 594; x_wconf 84' lang='lat' dir='ltr'><strong>in</strong></span> <span class='ocrx_word' id='word_1_126' title='bbox 2665 557 2779 595; x_wconf 82' lang='lat' dir='ltr'><strong>eum</strong></span> <span class='ocrx_word' id='word_1_127' title='bbox 2809 558 2871 596; x_wconf 86' lang='lat' dir='ltr'><strong>ac</strong></span> <span class='ocrx_word' id='word_1_128' title='bbox 2890 553 3138 600; x_wconf 65' lang='lat' dir='ltr'><strong>&#39;asatores</strong></span> <span class='ocrx_word' id='word_1_129' title='bbox 3163 547 3472 602; x_wconf 67' lang='lat' dir='ltr'><strong>intulerant.</strong></span> 
     </span>
    </p>
   </div>
   <div class='ocr_carea' id='block_1_19' title="bbox 1878 625 3482 702">
    <p class='ocr_par' dir='ltr' id='par_1_19' title="bbox 1878 625 3482 702">
     <span class='ocr_line' id='line_1_19' title="bbox 1878 625 3482 702; baseline 0.008 -21"><span class='ocrx_word' id='word_1_130' title='bbox 1878 625 1976 682; x_wconf 88' lang='lat' dir='ltr'><strong>Cui</strong></span> <span class='ocrx_word' id='word_1_131' title='bbox 2008 628 2218 697; x_wconf 79' lang='lat' dir='ltr'><strong>planius</strong></span> <span class='ocrx_word' id='word_1_132' title='bbox 2239 628 2418 684; x_wconf 84' lang='lat' dir='ltr'><strong>adhuc</strong></span> <span class='ocrx_word' id='word_1_133' title='bbox 2441 632 2780 702; x_wconf 83' lang='lat' dir='ltr'><strong>superiorum</strong></span> <span class='ocrx_word' id='word_1_134' title='bbox 2802 649 3020 690; x_wconf 88' lang='lat' dir='ltr'><strong>sensum</strong></span> <span class='ocrx_word' id='word_1_135' title='bbox 3040 644 3293 693; x_wconf 83' lang='lat' dir='ltr'><strong>astruens</strong></span> <span class='ocrx_word' id='word_1_136' title='bbox 3314 637 3482 694; x_wconf 73' lang='lat' dir='ltr'><strong>Masi-</strong></span> 
     </span>
    </p>
   </div>
   <div class='ocr_carea' id='block_1_20' title="bbox 1878 716 3480 798">
    <p class='ocr_par' dir='ltr' id='par_1_20' title="bbox 1878 716 3480 798">
     <span class='ocr_line' id='line_1_20' title="bbox 1878 716 3480 798; baseline 0.009 -28"><span class='ocrx_word' id='word_1_137' title='bbox 1878 716 1950 771; x_wconf 92' lang='lat' dir='ltr'><strong>mi</strong></span> <span class='ocrx_word' id='word_1_138' title='bbox 1983 718 2305 775; x_wconf 79' lang='lat' dir='ltr'><strong>Antioebeni</strong></span> <span class='ocrx_word' id='word_1_139' title='bbox 2335 721 2602 776; x_wconf 88' lang='lat' dir='ltr'><strong>sententia</strong></span> <span class='ocrx_word' id='word_1_140' title='bbox 2643 734 3040 793; x_wconf 86' lang='lat' dir='ltr'><strong>consequenter</strong></span> <span class='ocrx_word' id='word_1_141' title='bbox 3065 725 3376 798; x_wconf 83' lang='lat' dir='ltr'><strong>adjungitur</strong></span> <span class='ocrx_word' id='word_1_142' title='bbox 3404 728 3480 785; x_wconf 88' lang='lat' dir='ltr'><strong>ita</strong></span> 
     </span>
    </p>
   </div>
   <div class='ocr_carea' id='block_1_21' title="bbox 1877 809 3477 889">
    <p class='ocr_par' dir='ltr' id='par_1_21' title="bbox 1877 809 3477 889">
     <span class='ocr_line' id='line_1_21' title="bbox 1877 809 3477 889; baseline 0.008 -28"><span class='ocrx_word' id='word_1_143' title='bbox 1877 823 1938 862; x_wconf 86' lang='lat' dir='ltr'><strong>se</strong></span> <span class='ocrx_word' id='word_1_144' title='bbox 1967 809 2172 865; x_wconf 81' lang='lat' dir='ltr'><strong>habens</strong></span> <span class='ocrx_word' id='word_1_145' title='bbox 2198 827 2211 862; x_wconf 92' lang='lat'><strong>:</strong></span> <span class='ocrx_word' id='word_1_146' title='bbox 2244 809 2328 866; x_wconf 66' lang='lat' dir='ltr'><strong>Ex</strong></span> <span class='ocrx_word' id='word_1_147' title='bbox 2351 810 2432 864; x_wconf 81' lang='lat' dir='ltr'><strong>his</strong></span> <span class='ocrx_word' id='word_1_148' title='bbox 2456 827 2571 883; x_wconf 81' lang='lat' dir='ltr'><strong>qua:</strong></span> <span class='ocrx_word' id='word_1_149' title='bbox 2599 813 2750 867; x_wconf 86' lang='lat' dir='ltr'><strong>modo</strong></span> <span class='ocrx_word' id='word_1_150' title='bbox 2779 815 2969 870; x_wconf 80' lang='lat' dir='ltr'><strong>relecto</strong></span> <span class='ocrx_word' id='word_1_151' title='bbox 2993 825 3114 870; x_wconf 86' lang='lat' dir='ltr'><strong>sunt</strong></span> <span class='ocrx_word' id='word_1_152' title='bbox 3142 819 3477 889; x_wconf 62' lang='lat' dir='ltr'><strong>manifestum</strong></span> 
     </span>
    </p>
   </div>
   <div class='ocr_carea' id='block_1_22' title="bbox 1877 899 3480 969">
    <p class='ocr_par' dir='ltr' id='par_1_22' title="bbox 1877 899 3480 969">
     <span class='ocr_line' id='line_1_22' title="bbox 1877 899 3480 969; baseline 0.007 -16"><span class='ocrx_word' id='word_1_153' title='bbox 1877 909 1954 953; x_wconf 86' lang='lat' dir='ltr'><strong>est</strong></span> <span class='ocrx_word' id='word_1_154' title='bbox 1976 901 2101 969; x_wconf 84' lang='lat' dir='ltr'><strong>quia</strong></span> <span class='ocrx_word' id='word_1_155' title='bbox 2126 899 2190 954; x_wconf 78' lang='lat' dir='ltr'><strong>ab</strong></span> <span class='ocrx_word' id='word_1_156' title='bbox 2220 900 2458 956; x_wconf 84' lang='lat' dir='ltr'><strong>omnibus</strong></span> <span class='ocrx_word' id='word_1_157' title='bbox 2480 902 2529 956; x_wconf 86' lang='lat' dir='ltr'><strong>ei</strong></span> <span class='ocrx_word' id='word_1_158' title='bbox 2558 901 2720 957; x_wconf 78' lang='lat' dir='ltr'><strong>illatis</strong></span> <span class='ocrx_word' id='word_1_159' title='bbox 2759 907 3200 960; x_wconf 77' lang='lat' dir='ltr'><strong>reuerentissimus</strong></span> <span class='ocrx_word' id='word_1_160' title='bbox 3240 905 3365 963; x_wconf 78' lang='lat' dir='ltr'><strong>Ibus</strong></span> <span class='ocrx_word' id='word_1_161' title='bbox 3390 909 3480 964; x_wconf 83' lang='lat' dir='ltr'><strong>itt-</strong></span> 
     </span>
    </p>
   </div>
   <div class='ocr_carea' id='block_1_23' title="bbox 1878 1001 2453 1059">
    <p class='ocr_par' dir='ltr' id='par_1_23' title="bbox 1878 1001 2453 1059">
     <span class='ocr_line' id='line_1_23' title="bbox 1878 1001 2453 1059; baseline 0.005 -16"><span class='ocrx_word' id='word_1_162' title='bbox 1878 1006 2070 1045; x_wconf 79' lang='lat' dir='ltr'><strong>rtoreus</strong></span> <span class='ocrx_word' id='word_1_163' title='bbox 2097 1001 2174 1046; x_wconf 80' lang='lat' dir='ltr'><strong>est</strong></span> <span class='ocrx_word' id='word_1_164' title='bbox 2199 1002 2453 1059; x_wconf 84' lang='lat' dir='ltr'><strong>repertus.</strong></span> 
     </span>
    </p>
   </div>
   <div class='ocr_carea' id='block_1_24' title="bbox 1949 1079 3480 1156">
    <p class='ocr_par' dir='ltr' id='par_1_24' title="bbox 1949 1079 3480 1156">
     <span class='ocr_line' id='line_1_24' title="bbox 1949 1079 3480 1156; baseline 0.005 -20"><span class='ocrx_word' id='word_1_165' title='bbox 1949 1079 2090 1136; x_wconf 78' lang='lat' dir='ltr'><strong>XIX.</strong></span> <span class='ocrx_word' id='word_1_166' title='bbox 2125 1081 2353 1153; x_wconf 85' lang='lat' dir='ltr'><strong>Oportet</strong></span> <span class='ocrx_word' id='word_1_167' title='bbox 2383 1083 2548 1150; x_wconf 81' lang='lat' dir='ltr'><strong>igitur</strong></span> <span class='ocrx_word' id='word_1_168' title='bbox 2579 1083 2778 1139; x_wconf 88' lang='lat' dir='ltr'><strong>intueri</strong></span> <span class='ocrx_word' id='word_1_169' title='bbox 2823 1086 3281 1156; x_wconf 75' lang='lat' dir='ltr'><strong>quemadmodum</strong></span> <span class='ocrx_word' id='word_1_170' title='bbox 3312 1088 3480 1144; x_wconf 88' lang='lat' dir='ltr'><strong>inter-</strong></span> 
     </span>
    </p>
   </div>
   <div class='ocr_carea' id='block_1_25' title="bbox 1878 1169 3477 1246">
    <p class='ocr_par' dir='ltr' id='par_1_25' title="bbox 1878 1169 3477 1246">
     <span class='ocr_line' id='line_1_25' title="bbox 1878 1169 3477 1246; baseline 0.006 -22"><span class='ocrx_word' id='word_1_171' title='bbox 1878 1169 2206 1228; x_wconf 90' lang='lat' dir='ltr'><strong>locutioncm</strong></span> <span class='ocrx_word' id='word_1_172' title='bbox 2238 1173 2398 1228; x_wconf 88' lang='lat' dir='ltr'><strong>trium</strong></span> <span class='ocrx_word' id='word_1_173' title='bbox 2431 1174 2657 1230; x_wconf 89' lang='lat' dir='ltr'><strong>istorum</strong></span> <span class='ocrx_word' id='word_1_174' title='bbox 2687 1175 2922 1246; x_wconf 89' lang='lat' dir='ltr'><strong>primum</strong></span> <span class='ocrx_word' id='word_1_175' title='bbox 2962 1176 3142 1232; x_wconf 89' lang='lat' dir='ltr'><strong>locum</strong></span> <span class='ocrx_word' id='word_1_176' title='bbox 3173 1180 3477 1234; x_wconf 88' lang='lat' dir='ltr'><strong>tenentium</strong></span> 
     </span>
    </p>
   </div>
   <div class='ocr_carea' id='block_1_26' title="bbox 1871 1261 3473 1339">
    <p class='ocr_par' dir='ltr' id='par_1_26' title="bbox 1871 1261 3473 1339">
     <span class='ocr_line' id='line_1_26' title="bbox 1871 1261 3473 1339; baseline 0.005 -23"><span class='ocrx_word' id='word_1_177' title='bbox 1871 1261 2112 1332; x_wconf 88' lang='lat' dir='ltr'><strong>judicum</strong></span> <span class='ocrx_word' id='word_1_178' title='bbox 2139 1263 2473 1319; x_wconf 83' lang='lat' dir='ltr'><strong>adiciendam</strong></span> <span class='ocrx_word' id='word_1_179' title='bbox 2497 1265 2586 1338; x_wconf 82' lang='lat' dir='ltr'><strong>[ad</strong></span> <span class='ocrx_word' id='word_1_180' title='bbox 2609 1266 2970 1339; x_wconf 88' lang='lat' dir='ltr'><strong>abiciendam]</strong></span> <span class='ocrx_word' id='word_1_181' title='bbox 2994 1276 3051 1324; x_wconf 90' lang='lat' dir='ltr'><strong>et</strong></span> <span class='ocrx_word' id='word_1_182' title='bbox 3077 1269 3473 1339; x_wconf 87' lang='lat' dir='ltr'><strong>reprobandam</strong></span> 
     </span>
    </p>
   </div>
   <div class='ocr_carea' id='block_1_27' title="bbox 1877 1353 3476 1426">
    <p class='ocr_par' dir='ltr' id='par_1_27' title="bbox 1877 1353 3476 1426">
     <span class='ocr_line' id='line_1_27' title="bbox 1877 1353 3476 1426; baseline 0.006 -18"><span class='ocrx_word' id='word_1_183' title='bbox 1877 1355 1945 1409; x_wconf 88' lang='lat' dir='ltr'><strong>ad</strong></span> <span class='ocrx_word' id='word_1_184' title='bbox 1975 1353 2162 1409; x_wconf 78' lang='lat' dir='ltr'><strong>Marini</strong></span> <span class='ocrx_word' id='word_1_185' title='bbox 2195 1353 2415 1410; x_wconf 83' lang='lat' dir='ltr'><strong>Persam</strong></span> <span class='ocrx_word' id='word_1_186' title='bbox 2446 1357 2726 1426; x_wconf 84' lang='lat' dir='ltr'><strong>epistolam</strong></span> <span class='ocrx_word' id='word_1_187' title='bbox 2757 1359 3062 1425; x_wconf 83' lang='lat' dir='ltr'><strong>sententia,</strong></span> <span class='ocrx_word' id='word_1_188' title='bbox 3115 1359 3220 1415; x_wconf 85' lang='lat' dir='ltr'><strong>etsi</strong></span> <span class='ocrx_word' id='word_1_189' title='bbox 3257 1361 3476 1417; x_wconf 86' lang='lat' dir='ltr'><strong>diverso</strong></span> 
     </span>
    </p>
   </div>
   <div class='ocr_carea' id='block_1_28' title="bbox 1878 1445 3475 1520">
    <p class='ocr_par' dir='ltr' id='par_1_28' title="bbox 1878 1445 3475 1520">
     <span class='ocr_line' id='line_1_28' title="bbox 1878 1445 3475 1520; baseline 0.008 -22"><span class='ocrx_word' id='word_1_190' title='bbox 1878 1445 2090 1515; x_wconf 86' lang='lat' dir='ltr'><strong>prolata</strong></span> <span class='ocrx_word' id='word_1_191' title='bbox 2135 1461 2270 1513; x_wconf 88' lang='lat' dir='ltr'><strong>ore,</strong></span> <span class='ocrx_word' id='word_1_192' title='bbox 2317 1463 2424 1503; x_wconf 91' lang='lat' dir='ltr'><strong>uno</strong></span> <span class='ocrx_word' id='word_1_193' title='bbox 2467 1457 2646 1504; x_wconf 89' lang='lat' dir='ltr'><strong>tamen</strong></span> <span class='ocrx_word' id='word_1_194' title='bbox 2683 1449 2874 1520; x_wconf 84' lang='lat' dir='ltr'><strong>spiritu</strong></span> <span class='ocrx_word' id='word_1_195' title='bbox 2916 1449 3120 1506; x_wconf 87' lang='lat' dir='ltr'><strong>dictata</strong></span> <span class='ocrx_word' id='word_1_196' title='bbox 3162 1453 3475 1510; x_wconf 80' lang='lat' dir='ltr'><strong>conveniat.</strong></span> 
     </span>
    </p>
   </div>
   <div class='ocr_carea' id='block_1_29' title="bbox 1877 1539 3476 1613">
    <p class='ocr_par' dir='ltr' id='par_1_29' title="bbox 1877 1539 3476 1613">
     <span class='ocr_line' id='line_1_29' title="bbox 1877 1539 3476 1613; baseline 0.004 -17"><span class='ocrx_word' id='word_1_197' title='bbox 1877 1539 2015 1607; x_wconf 87' lang='lat' dir='ltr'><strong>Quid</strong></span> <span class='ocrx_word' id='word_1_198' title='bbox 2044 1550 2128 1596; x_wconf 90' lang='lat' dir='ltr'><strong>est</strong></span> <span class='ocrx_word' id='word_1_199' title='bbox 2157 1541 2300 1596; x_wconf 90' lang='lat' dir='ltr'><strong>enim</strong></span> <span class='ocrx_word' id='word_1_200' title='bbox 2330 1541 2476 1612; x_wconf 87' lang='lat' dir='ltr'><strong>quod</strong></span> <span class='ocrx_word' id='word_1_201' title='bbox 2506 1541 2706 1597; x_wconf 90' lang='lat' dir='ltr'><strong>dicitur</strong></span> <span class='ocrx_word' id='word_1_202' title='bbox 2745 1549 2844 1613; x_wconf 85' lang='lat' dir='ltr'><strong>per</strong></span> <span class='ocrx_word' id='word_1_203' title='bbox 2885 1541 3067 1601; x_wconf 91' lang='lat' dir='ltr'><strong>Photii</strong></span> <span class='ocrx_word' id='word_1_204' title='bbox 3113 1555 3171 1600; x_wconf 90' lang='lat' dir='ltr'><strong>et</strong></span> <span class='ocrx_word' id='word_1_205' title='bbox 3208 1543 3476 1603; x_wconf 86' lang='lat' dir='ltr'><strong>Eustathii</strong></span> 
     </span>
    </p>
   </div>
   <div class='ocr_carea' id='block_1_30' title="bbox 1877 1629 3474 1693">
    <p class='ocr_par' dir='ltr' id='par_1_30' title="bbox 1877 1629 3474 1693">
     <span class='ocr_line' id='line_1_30' title="bbox 1877 1629 3474 1693; baseline 0.003 -5"><span class='ocrx_word' id='word_1_206' title='bbox 1877 1631 2234 1688; x_wconf 88' lang='lat' dir='ltr'><strong>constitutum</strong></span> <span class='ocrx_word' id='word_1_207' title='bbox 2281 1641 2338 1687; x_wconf 92' lang='lat' dir='ltr'><strong>et</strong></span> <span class='ocrx_word' id='word_1_208' title='bbox 2385 1649 2456 1688; x_wconf 79' lang='lat' dir='ltr'><strong>ex</strong></span> <span class='ocrx_word' id='word_1_209' title='bbox 2499 1629 2718 1690; x_wconf 78' lang='lat' dir='ltr'><strong>reiectis</strong></span> <span class='ocrx_word' id='word_1_210' title='bbox 2756 1635 2962 1690; x_wconf 87' lang='lat' dir='ltr'><strong>chartis</strong></span> <span class='ocrx_word' id='word_1_211' title='bbox 3001 1635 3150 1692; x_wconf 89' lang='lat' dir='ltr'><strong>lham</strong></span> <span class='ocrx_word' id='word_1_212' title='bbox 3195 1637 3474 1693; x_wconf 75' lang='lat' dir='ltr'><strong>innoxium</strong></span> 
     </span>
    </p>
   </div>
   <div class='ocr_carea' id='block_1_31' title="bbox 1876 1722 3478 1801">
    <p class='ocr_par' dir='ltr' id='par_1_31' title="bbox 1876 1722 3478 1801">
     <span class='ocr_line' id='line_1_31' title="bbox 1876 1722 3478 1801; baseline 0.006 -25"><span class='ocrx_word' id='word_1_213' title='bbox 1876 1722 1944 1777; x_wconf 86' lang='lat' dir='ltr'><strong>ab</strong></span> <span class='ocrx_word' id='word_1_214' title='bbox 1973 1723 2224 1779; x_wconf 88' lang='lat' dir='ltr'><strong>omnibus</strong></span> <span class='ocrx_word' id='word_1_215' title='bbox 2261 1737 2383 1793; x_wconf 67' lang='lat' dir='ltr'><strong>qua:</strong></span> <span class='ocrx_word' id='word_1_216' title='bbox 2428 1723 2477 1779; x_wconf 89' lang='lat' dir='ltr'><strong>ei</strong></span> <span class='ocrx_word' id='word_1_217' title='bbox 2526 1733 2876 1781; x_wconf 83' lang='lat' dir='ltr'><strong>accusatores</strong></span> <span class='ocrx_word' id='word_1_218' title='bbox 2930 1726 3224 1783; x_wconf 87' lang='lat' dir='ltr'><strong>intulerunt</strong></span> <span class='ocrx_word' id='word_1_219' title='bbox 3279 1745 3478 1801; x_wconf 84' lang='lat' dir='ltr'><strong>appro-</strong></span> 
     </span>
    </p>
   </div>
   <div class='ocr_carea' id='block_1_32' title="bbox 171 1813 3475 1894">
    <p class='ocr_par' dir='ltr' id='par_1_32' title="bbox 171 1813 3475 1894">
     <span class='ocr_line' id='line_1_32' title="bbox 171 1813 3475 1894; baseline 0.005 -32"><span class='ocrx_word' id='word_1_220' title='bbox 171 1824 408 1870; x_wconf 74' lang='lat' dir='ltr'><strong>mnaiam</strong></span> <span class='ocrx_word' id='word_1_221' title='bbox 440 1816 606 1874; x_wconf 75' lang='lat' dir='ltr'><strong>fuisse</strong></span> <span class='ocrx_word' id='word_1_222' title='bbox 619 1818 829 1888; x_wconf 75' lang='lat' dir='ltr'><strong>judicio</strong></span> <span class='ocrx_word' id='word_1_223' title='bbox 857 1836 1088 1891; x_wconf 69' lang='lat' dir='ltr'><strong>quorum</strong></span> <span class='ocrx_word' id='word_1_224' title='bbox 1113 1821 1334 1894; x_wconf 67' lang='lat' dir='ltr'><strong>ﬁngim-</strong></span> <span class='ocrx_word' id='word_1_225' title='bbox 1352 1827 1771 1886; x_wconf 65' lang='lat' dir='ltr'><strong>iujerjocuuone</strong></span> <span class='ocrx_word' id='word_1_226' title='bbox 1800 1825 1850 1887; x_wconf 79' lang='grc' dir='ltr'><strong>Β</strong></span> <span class='ocrx_word' id='word_1_227' title='bbox 1873 1813 2012 1881; x_wconf 90' lang='lat' dir='ltr'><strong>bari,</strong></span> <span class='ocrx_word' id='word_1_228' title='bbox 2035 1815 2133 1870; x_wconf 92' lang='lat' dir='ltr'><strong>nisi</strong></span> <span class='ocrx_word' id='word_1_229' title='bbox 2156 1816 2282 1885; x_wconf 90' lang='lat' dir='ltr'><strong>quia</strong></span> <span class='ocrx_word' id='word_1_230' title='bbox 2302 1815 2529 1888; x_wconf 89' lang='lat' dir='ltr'><strong>epistola</strong></span> <span class='ocrx_word' id='word_1_231' title='bbox 2551 1817 2642 1872; x_wconf 90' lang='lat' dir='ltr'><strong>illa</strong></span> <span class='ocrx_word' id='word_1_232' title='bbox 2665 1817 2720 1873; x_wconf 92' lang='lat' dir='ltr'><strong>in</strong></span> <span class='ocrx_word' id='word_1_233' title='bbox 2741 1818 3199 1876; x_wconf 86' lang='lat' dir='ltr'><strong>obtrectationem</strong></span> <span class='ocrx_word' id='word_1_234' title='bbox 3213 1821 3475 1878; x_wconf 70' lang='lat' dir='ltr'><strong>doctrina:</strong></span> 
     </span>
    </p>
   </div>
   <div class='ocr_carea' id='block_1_33' title="bbox 171 1917 448 1976">
    <p class='ocr_par' dir='ltr' id='par_1_33' title="bbox 171 1917 448 1976">
     <span class='ocr_line' id='line_1_33' title="bbox 171 1917 448 1976; baseline 0.011 -15"><span class='ocrx_word' id='word_1_235' title='bbox 171 1917 448 1976; x_wconf 83' lang='lat' dir='ltr'><strong>suscepta.</strong></span> 
     </span>
    </p>
   </div>
   <div class='ocr_carea' id='block_1_34' title="bbox 238 1997 1770 2080">
    <p class='ocr_par' dir='ltr' id='par_1_34' title="bbox 238 1997 1770 2080">
     <span class='ocr_line' id='line_1_34' title="bbox 238 1997 1770 2080; baseline 0.01 -28"><span class='ocrx_word' id='word_1_236' title='bbox 238 1997 426 2054; x_wconf 74' lang='lat' dir='ltr'><strong>XVIII.</strong></span> <span class='ocrx_word' id='word_1_237' title='bbox 458 1999 718 2068; x_wconf 78' lang='lat' dir='ltr'><strong>Quamvis</strong></span> <span class='ocrx_word' id='word_1_238' title='bbox 745 2003 910 2073; x_wconf 79' lang='lat' dir='ltr'><strong>igitur</strong></span> <span class='ocrx_word' id='word_1_239' title='bbox 936 2013 993 2060; x_wconf 87' lang='lat' dir='ltr'><strong>et</strong></span> <span class='ocrx_word' id='word_1_240' title='bbox 1022 2019 1090 2061; x_wconf 81' lang='lat' dir='ltr'><strong>ex</strong></span> <span class='ocrx_word' id='word_1_241' title='bbox 1128 2008 1496 2080; x_wconf 88' lang='lat' dir='ltr'><strong>suprascripta</strong></span> <span class='ocrx_word' id='word_1_242' title='bbox 1525 2009 1647 2067; x_wconf 87' lang='lat' dir='ltr'><strong>luce</strong></span> <span class='ocrx_word' id='word_1_243' title='bbox 1677 2027 1770 2068; x_wconf 86' lang='lat' dir='ltr'><strong>ve-</strong></span> 
     </span>
    </p>
   </div>
   <div class='ocr_carea' id='block_1_35' title="bbox 171 2089 1770 2166">
    <p class='ocr_par' dir='ltr' id='par_1_35' title="bbox 171 2089 1770 2166">
     <span class='ocr_line' id='line_1_35' title="bbox 171 2089 1770 2166; baseline 0.011 -22"><span class='ocrx_word' id='word_1_244' title='bbox 171 2089 344 2147; x_wconf 87' lang='lat' dir='ltr'><strong>ritatis</strong></span> <span class='ocrx_word' id='word_1_245' title='bbox 389 2091 759 2149; x_wconf 82' lang='lat' dir='ltr'><strong>indubitanter</strong></span> <span class='ocrx_word' id='word_1_246' title='bbox 801 2105 1063 2166; x_wconf 84' lang='lat' dir='ltr'><strong>appareat</strong></span> <span class='ocrx_word' id='word_1_247' title='bbox 1113 2098 1258 2153; x_wconf 86' lang='lat' dir='ltr'><strong>nulla</strong></span> <span class='ocrx_word' id='word_1_248' title='bbox 1305 2116 1406 2156; x_wconf 91' lang='lat' dir='ltr'><strong>nos</strong></span> <span class='ocrx_word' id='word_1_249' title='bbox 1445 2103 1770 2162; x_wconf 85' lang='lat' dir='ltr'><strong>necessitate</strong></span> 
     </span>
    </p>
   </div>
   <div class='ocr_carea' id='block_1_36' title="bbox 173 2181 1773 2261">
    <p class='ocr_par' dir='ltr' id='par_1_36' title="bbox 173 2181 1773 2261">
     <span class='ocr_line' id='line_1_36' title="bbox 173 2181 1773 2261; baseline 0.011 -28"><span class='ocrx_word' id='word_1_250' title='bbox 173 2181 468 2250; x_wconf 75' lang='lat' dir='ltr'><strong>constringi</strong></span> <span class='ocrx_word' id='word_1_251' title='bbox 497 2197 741 2252; x_wconf 54' lang='lat' dir='ltr'><strong>quaerere</strong></span> <span class='ocrx_word' id='word_1_252' title='bbox 763 2200 830 2240; x_wconf 81' lang='lat' dir='ltr'><strong>ex</strong></span> <span class='ocrx_word' id='word_1_253' title='bbox 861 2184 1014 2254; x_wconf 71' lang='lat' dir='ltr'><strong>cujus</strong></span> <span class='ocrx_word' id='word_1_254' title='bbox 1033 2187 1278 2258; x_wconf 70' lang='lat' dir='ltr'><strong>epistolae</strong></span> <span class='ocrx_word' id='word_1_255' title='bbox 1308 2195 1456 2244; x_wconf 83' lang='lat' dir='ltr'><strong>textu</strong></span> <span class='ocrx_word' id='word_1_256' title='bbox 1485 2191 1650 2261; x_wconf 87' lang='lat' dir='ltr'><strong>aliqui</strong></span> <span class='ocrx_word' id='word_1_257' title='bbox 1679 2194 1773 2250; x_wconf 87' lang='lat' dir='ltr'><strong>Pa-</strong></span> 
     </span>
    </p>
   </div>
   <div class='ocr_carea' id='block_1_37' title="bbox 172 2273 1770 2342">
    <p class='ocr_par' dir='ltr' id='par_1_37' title="bbox 172 2273 1770 2342">
     <span class='ocr_line' id='line_1_37' title="bbox 172 2273 1770 2342; baseline 0.009 -16"><span class='ocrx_word' id='word_1_258' title='bbox 172 2280 312 2328; x_wconf 87' lang='lat' dir='ltr'><strong>trum</strong></span> <span class='ocrx_word' id='word_1_259' title='bbox 342 2273 695 2331; x_wconf 86' lang='lat' dir='ltr'><strong>Chalcedona</strong></span> <span class='ocrx_word' id='word_1_260' title='bbox 721 2276 1072 2332; x_wconf 88' lang='lat' dir='ltr'><strong>residentium</strong></span> <span class='ocrx_word' id='word_1_261' title='bbox 1102 2279 1217 2334; x_wconf 87' lang='lat' dir='ltr'><strong>suis</strong></span> <span class='ocrx_word' id='word_1_262' title='bbox 1264 2279 1770 2342; x_wconf 88' lang='lat' dir='ltr'><strong>interlocutionibus</strong></span> 
     </span>
    </p>
   </div>
   <div class='ocr_carea' id='block_1_38' title="bbox 170 2361 1769 2440">
    <p class='ocr_par' dir='ltr' id='par_1_38' title="bbox 170 2361 1769 2440">
     <span class='ocr_line' id='line_1_38' title="bbox 170 2361 1769 2440; baseline 0.008 -23"><span class='ocrx_word' id='word_1_263' title='bbox 170 2361 314 2419; x_wconf 87' lang='lat' dir='ltr'><strong>Ibam</strong></span> <span class='ocrx_word' id='word_1_264' title='bbox 343 2365 662 2436; x_wconf 84' lang='lat' dir='ltr'><strong>episcopum</strong></span> <span class='ocrx_word' id='word_1_265' title='bbox 695 2367 1166 2438; x_wconf 85' lang='lat' dir='ltr'><strong>pronuntiaverint</strong></span> <span class='ocrx_word' id='word_1_266' title='bbox 1190 2372 1508 2440; x_wconf 87' lang='lat' dir='ltr'><strong>apparuisse</strong></span> <span class='ocrx_word' id='word_1_267' title='bbox 1535 2374 1769 2430; x_wconf 87' lang='lat' dir='ltr'><strong>catholi-</strong></span> 
     </span>
    </p>
   </div>
   <div class='ocr_carea' id='block_1_39' title="bbox 171 2453 1775 2524">
    <p class='ocr_par' dir='ltr' id='par_1_39' title="bbox 171 2453 1775 2524">
     <span class='ocr_line' id='line_1_39' title="bbox 171 2453 1775 2524; baseline 0.007 -15"><span class='ocrx_word' id='word_1_268' title='bbox 171 2469 314 2522; x_wconf 81' lang='lat' dir='ltr'><strong>cum,</strong></span> <span class='ocrx_word' id='word_1_269' title='bbox 337 2453 489 2524; x_wconf 86' lang='lat' dir='ltr'><strong>quod</strong></span> <span class='ocrx_word' id='word_1_270' title='bbox 509 2456 666 2512; x_wconf 88' lang='lat' dir='ltr'><strong>nobis</strong></span> <span class='ocrx_word' id='word_1_271' title='bbox 689 2457 850 2514; x_wconf 80' lang='lat' dir='ltr'><strong>valde</strong></span> <span class='ocrx_word' id='word_1_272' title='bbox 871 2456 1104 2515; x_wconf 78' lang='lat' dir='ltr'><strong>sufﬁciat</strong></span> <span class='ocrx_word' id='word_1_273' title='bbox 1123 2458 1528 2518; x_wconf 78' lang='lat' dir='ltr'><strong>evidentissima</strong></span> <span class='ocrx_word' id='word_1_274' title='bbox 1553 2463 1775 2520; x_wconf 87' lang='lat' dir='ltr'><strong>demon-</strong></span> 
     </span>
    </p>
   </div>
   <div class='ocr_carea' id='block_1_40' title="bbox 168 2551 1768 2630">
    <p class='ocr_par' dir='ltr' id='par_1_40' title="bbox 168 2551 1768 2630">
     <span class='ocr_line' id='line_1_40' title="bbox 168 2551 1768 2630; baseline 0.006 -24"><span class='ocrx_word' id='word_1_275' title='bbox 168 2558 396 2607; x_wconf 86' lang='lat' dir='ltr'><strong>stratum</strong></span> <span class='ocrx_word' id='word_1_276' title='bbox 423 2556 568 2620; x_wconf 88' lang='lat' dir='ltr'><strong>quod</strong></span> <span class='ocrx_word' id='word_1_277' title='bbox 597 2551 670 2608; x_wconf 91' lang='lat' dir='ltr'><strong>de</strong></span> <span class='ocrx_word' id='word_1_278' title='bbox 709 2553 942 2624; x_wconf 87' lang='lat' dir='ltr'><strong>epistola</strong></span> <span class='ocrx_word' id='word_1_279' title='bbox 968 2554 1036 2612; x_wconf 87' lang='lat' dir='ltr'><strong>ad</strong></span> <span class='ocrx_word' id='word_1_280' title='bbox 1077 2553 1266 2611; x_wconf 70' lang='lat' dir='ltr'><strong>Marini</strong></span> <span class='ocrx_word' id='word_1_281' title='bbox 1309 2554 1529 2612; x_wconf 89' lang='lat' dir='ltr'><strong>Persam</strong></span> <span class='ocrx_word' id='word_1_282' title='bbox 1569 2559 1768 2630; x_wconf 84' lang='lat' dir='ltr'><strong>scripta</strong></span> 
     </span>
    </p>
   </div>
   <div class='ocr_carea' id='block_1_41' title="bbox 171 2639 1771 2713">
    <p class='ocr_par' dir='ltr' id='par_1_41' title="bbox 171 2639 1771 2713">
     <span class='ocr_line' id='line_1_41' title="bbox 171 2639 1771 2713; baseline 0.006 -19"><span class='ocrx_word' id='word_1_283' title='bbox 171 2639 373 2694; x_wconf 86' lang='lat' dir='ltr'><strong>nullum</strong></span> <span class='ocrx_word' id='word_1_284' title='bbox 405 2640 516 2696; x_wconf 88' lang='lat' dir='ltr'><strong>tale</strong></span> <span class='ocrx_word' id='word_1_285' title='bbox 543 2641 826 2711; x_wconf 88' lang='lat' dir='ltr'><strong>potuerint</strong></span> <span class='ocrx_word' id='word_1_286' title='bbox 867 2643 1110 2713; x_wconf 87' lang='lat' dir='ltr'><strong>proferre</strong></span> <span class='ocrx_word' id='word_1_287' title='bbox 1135 2642 1417 2712; x_wconf 85' lang='lat' dir='ltr'><strong>judicium.</strong></span> <span class='ocrx_word' id='word_1_288' title='bbox 1471 2642 1588 2703; x_wconf 86' lang='lat' dir='ltr'><strong>Hoc</strong></span> <span class='ocrx_word' id='word_1_289' title='bbox 1626 2647 1771 2703; x_wconf 89' lang='lat' dir='ltr'><strong>enim</strong></span> 
     </span>
    </p>
   </div>
   <div class='ocr_carea' id='block_1_42' title="bbox 169 2729 1770 2793">
    <p class='ocr_par' dir='ltr' id='par_1_42' title="bbox 169 2729 1770 2793">
     <span class='ocr_line' id='line_1_42' title="bbox 169 2729 1770 2793; baseline 0.004 -9"><span class='ocrx_word' id='word_1_290' title='bbox 169 2729 326 2786; x_wconf 84' lang='lat' dir='ltr'><strong>nobis</strong></span> <span class='ocrx_word' id='word_1_291' title='bbox 365 2731 702 2787; x_wconf 77' lang='lat' dir='ltr'><strong>sufficienter</strong></span> <span class='ocrx_word' id='word_1_292' title='bbox 729 2739 918 2788; x_wconf 82' lang='lat' dir='ltr'><strong>contra</strong></span> <span class='ocrx_word' id='word_1_293' title='bbox 947 2732 1324 2788; x_wconf 64' lang='lat' dir='ltr'><strong>haereticorum</strong></span> <span class='ocrx_word' id='word_1_294' title='bbox 1348 2735 1628 2791; x_wconf 86' lang='lat' dir='ltr'><strong>machinas</strong></span> <span class='ocrx_word' id='word_1_295' title='bbox 1653 2736 1770 2793; x_wconf 87' lang='lat' dir='ltr'><strong>suf-</strong></span> 
     </span>
    </p>
   </div>
   <div class='ocr_carea' id='block_1_43' title="bbox 167 2820 1770 2896">
    <p class='ocr_par' dir='ltr' id='par_1_43' title="bbox 167 2820 1770 2896">
     <span class='ocr_line' id='line_1_43' title="bbox 167 2820 1770 2896; baseline 0.006 -21"><span class='ocrx_word' id='word_1_296' title='bbox 167 2820 424 2890; x_wconf 74' lang='lat' dir='ltr'><strong>fragatur,</strong></span> <span class='ocrx_word' id='word_1_297' title='bbox 445 2821 539 2891; x_wconf 90' lang='lat' dir='ltr'><strong>qui</strong></span> <span class='ocrx_word' id='word_1_298' title='bbox 561 2822 752 2878; x_wconf 84' lang='lat' dir='ltr'><strong>volunt</strong></span> <span class='ocrx_word' id='word_1_299' title='bbox 779 2823 919 2879; x_wconf 83' lang='lat' dir='ltr'><strong>hanc</strong></span> <span class='ocrx_word' id='word_1_300' title='bbox 938 2821 1004 2878; x_wconf 91' lang='lat' dir='ltr'><strong>ad</strong></span> <span class='ocrx_word' id='word_1_301' title='bbox 1026 2822 1215 2878; x_wconf 77' lang='lat' dir='ltr'><strong>Marim</strong></span> <span class='ocrx_word' id='word_1_302' title='bbox 1238 2823 1461 2880; x_wconf 84' lang='lat' dir='ltr'><strong>Persam</strong></span> <span class='ocrx_word' id='word_1_303' title='bbox 1485 2826 1770 2896; x_wconf 88' lang='lat' dir='ltr'><strong>epistolam</strong></span> 
     </span>
    </p>
   </div>
   <div class='ocr_carea' id='block_1_44' title="bbox 168 2912 1766 2990">
    <p class='ocr_par' dir='ltr' id='par_1_44' title="bbox 168 2912 1766 2990">
     <span class='ocr_line' id='line_1_44' title="bbox 168 2912 1766 2990; baseline 0.004 -24"><span class='ocrx_word' id='word_1_304' title='bbox 168 2926 202 2966; x_wconf 85' lang='lat' dir='ltr'><strong>a</strong></span> <span class='ocrx_word' id='word_1_305' title='bbox 243 2922 440 2969; x_wconf 88' lang='lat' dir='ltr'><strong>sancto</strong></span> <span class='ocrx_word' id='word_1_306' title='bbox 483 2912 919 2969; x_wconf 87' lang='lat' dir='ltr'><strong>Chalcedonensi</strong></span> <span class='ocrx_word' id='word_1_307' title='bbox 962 2913 1172 2985; x_wconf 80' lang='lat' dir='ltr'><strong>synodo</strong></span> <span class='ocrx_word' id='word_1_308' title='bbox 1219 2915 1392 2971; x_wconf 84' lang='lat' dir='ltr'><strong>videri</strong></span> <span class='ocrx_word' id='word_1_309' title='bbox 1441 2926 1766 2990; x_wconf 86' lang='lat' dir='ltr'><strong>susceptam,</strong></span> 
     </span>
    </p>
   </div>
   <div class='ocr_carea' id='block_1_45' title="bbox 167 3001 1772 3078">
    <p class='ocr_par' dir='ltr' id='par_1_45' title="bbox 167 3001 1772 3078">
     <span class='ocr_line' id='line_1_45' title="bbox 167 3001 1772 3078; baseline 0.004 -20"><span class='ocrx_word' id='word_1_310' title='bbox 167 3002 315 3076; x_wconf 84' lang='lat' dir='ltr'><strong>quod</strong></span> <span class='ocrx_word' id='word_1_311' title='bbox 335 3019 446 3058; x_wconf 90' lang='lat' dir='ltr'><strong>non</strong></span> <span class='ocrx_word' id='word_1_312' title='bbox 466 3003 643 3058; x_wconf 87' lang='lat' dir='ltr'><strong>solum</strong></span> <span class='ocrx_word' id='word_1_313' title='bbox 673 3001 958 3060; x_wconf 89' lang='lat' dir='ltr'><strong>docuimus</strong></span> <span class='ocrx_word' id='word_1_314' title='bbox 986 3019 1092 3060; x_wconf 90' lang='lat' dir='ltr'><strong>non</strong></span> <span class='ocrx_word' id='word_1_315' title='bbox 1119 3005 1288 3060; x_wconf 88' lang='lat' dir='ltr'><strong>videri</strong></span> <span class='ocrx_word' id='word_1_316' title='bbox 1316 3016 1645 3078; x_wconf 87' lang='lat' dir='ltr'><strong>susceptam,</strong></span> <span class='ocrx_word' id='word_1_317' title='bbox 1677 3026 1772 3065; x_wconf 87' lang='lat' dir='ltr'><strong>ve-</strong></span> 
     </span>
    </p>
   </div>
   <div class='ocr_carea' id='block_1_46' title="bbox 167 3095 1768 3156">
    <p class='ocr_par' dir='ltr' id='par_1_46' title="bbox 167 3095 1768 3156">
     <span class='ocr_line' id='line_1_46' title="bbox 167 3095 1768 3156; baseline 0.002 -4"><span class='ocrx_word' id='word_1_318' title='bbox 167 3113 286 3153; x_wconf 89' lang='lat' dir='ltr'><strong>rum</strong></span> <span class='ocrx_word' id='word_1_319' title='bbox 313 3097 478 3153; x_wconf 89' lang='lat' dir='ltr'><strong>etiam</strong></span> <span class='ocrx_word' id='word_1_320' title='bbox 514 3112 546 3152; x_wconf 89' lang='lat' dir='ltr'><strong>a</strong></span> <span class='ocrx_word' id='word_1_321' title='bbox 589 3095 846 3152; x_wconf 87' lang='lat' dir='ltr'><strong>Patribus</strong></span> <span class='ocrx_word' id='word_1_322' title='bbox 882 3097 1083 3153; x_wconf 88' lang='lat' dir='ltr'><strong>nostris</strong></span> <span class='ocrx_word' id='word_1_323' title='bbox 1123 3099 1438 3155; x_wconf 89' lang='lat' dir='ltr'><strong>omnimodo</strong></span> <span class='ocrx_word' id='word_1_324' title='bbox 1480 3099 1768 3156; x_wconf 79' lang='lat' dir='ltr'><strong>refutatum</strong></span> 
     </span>
    </p>
   </div>
   <div class='ocr_carea' id='block_1_47' title="bbox 1871 1907 3472 1990">
    <p class='ocr_par' dir='ltr' id='par_1_47' title="bbox 1871 1907 3472 1990">
     <span class='ocr_line' id='line_1_47' title="bbox 1871 1907 3472 1990; baseline 0.004 -27"><span class='ocrx_word' id='word_1_325' title='bbox 1871 1907 2017 1964; x_wconf 89' lang='lat' dir='ltr'><strong>beati</strong></span> <span class='ocrx_word' id='word_1_326' title='bbox 2039 1907 2224 1982; x_wconf 84' lang='lat' dir='ltr'><strong>Cyrilli</strong></span> <span class='ocrx_word' id='word_1_327' title='bbox 2250 1918 2307 1965; x_wconf 89' lang='lat' dir='ltr'><strong>et</strong></span> <span class='ocrx_word' id='word_1_328' title='bbox 2329 1909 2382 1964; x_wconf 93' lang='lat' dir='ltr'><strong>in</strong></span> <span class='ocrx_word' id='word_1_329' title='bbox 2411 1907 2783 1976; x_wconf 78' lang='lat' dir='ltr'><strong>defensionem</strong></span> <span class='ocrx_word' id='word_1_330' title='bbox 2809 1909 3064 1979; x_wconf 81' lang='lat' dir='ltr'><strong>Nestorii,</strong></span> <span class='ocrx_word' id='word_1_331' title='bbox 3092 1912 3284 1983; x_wconf 88' lang='lat' dir='ltr'><strong>ipsius,</strong></span> <span class='ocrx_word' id='word_1_332' title='bbox 3317 1922 3374 1969; x_wconf 92' lang='lat' dir='ltr'><strong>ut</strong></span> <span class='ocrx_word' id='word_1_333' title='bbox 3397 1915 3472 1990; x_wconf 86' lang='lat' dir='ltr'><strong>ita</strong></span> 
     </span>
    </p>
   </div>
   <div class='ocr_carea' id='block_1_48' title="bbox 1871 1999 3466 2068">
    <p class='ocr_par' dir='ltr' id='par_1_48' title="bbox 1871 1999 3466 2068">
     <span class='ocr_line' id='line_1_48' title="bbox 1871 1999 3466 2068; baseline 0.004 -12"><span class='ocrx_word' id='word_1_334' title='bbox 1871 1999 2070 2068; x_wconf 81' lang='lat' dir='ltr'><strong>dicam,</strong></span> <span class='ocrx_word' id='word_1_335' title='bbox 2102 2001 2422 2057; x_wconf 74' lang='lat' dir='ltr'><strong>orthodoxa:</strong></span> <span class='ocrx_word' id='word_1_336' title='bbox 2463 2001 2585 2057; x_wconf 86' lang='lat' dir='ltr'><strong>fidei</strong></span> <span class='ocrx_word' id='word_1_337' title='bbox 2626 2003 2803 2059; x_wconf 88' lang='lat' dir='ltr'><strong>nitens</strong></span> <span class='ocrx_word' id='word_1_338' title='bbox 2849 2000 3196 2060; x_wconf 87' lang='lat' dir='ltr'><strong>fundamenta</strong></span> <span class='ocrx_word' id='word_1_339' title='bbox 3235 2007 3466 2063; x_wconf 87' lang='lat' dir='ltr'><strong>subver-</strong></span> 
     </span>
    </p>
   </div>
   <div class='ocr_carea' id='block_1_49' title="bbox 1874 2091 3472 2188">
    <p class='ocr_par' dir='ltr' id='par_1_49' title="bbox 1874 2091 3472 2188">
     <span class='ocr_line' id='line_1_49' title="bbox 1874 2091 3472 2188; baseline 0.004 -43"><span class='ocrx_word' id='word_1_340' title='bbox 1874 2097 2012 2159; x_wconf 90' lang='lat' dir='ltr'><strong>tere,</strong></span> <span class='ocrx_word' id='word_1_341' title='bbox 2057 2092 2126 2146; x_wconf 89' lang='lat' dir='ltr'><strong>ab</strong></span> <span class='ocrx_word' id='word_1_342' title='bbox 2151 2091 2493 2160; x_wconf 84' lang='lat' dir='ltr'><strong>adversariis,</strong></span> <span class='ocrx_word' id='word_1_343' title='bbox 2543 2093 2686 2148; x_wconf 90' lang='lat' dir='ltr'><strong>sicut</strong></span> <span class='ocrx_word' id='word_1_344' title='bbox 2729 2109 2918 2188; x_wconf 66' lang='lat' dir='ltr'><strong>revera</strong></span> <span class='ocrx_word' id='word_1_345' title='bbox 2967 2103 3073 2166; x_wconf 90' lang='lat' dir='ltr'><strong>est,</strong></span> <span class='ocrx_word' id='word_1_346' title='bbox 3125 2112 3226 2168; x_wconf 89' lang='lat' dir='ltr'><strong>pro</strong></span> <span class='ocrx_word' id='word_1_347' title='bbox 3271 2111 3472 2166; x_wconf 83' lang='lat' dir='ltr'><strong>magno</strong></span> 
     </span>
    </p>
   </div>
   <div class='ocr_carea' id='block_1_50' title="bbox 1871 2181 3467 2257">
    <p class='ocr_par' dir='ltr' id='par_1_50' title="bbox 1871 2181 3467 2257">
     <span class='ocr_line' id='line_1_50' title="bbox 1871 2181 3467 2257; baseline 0.004 -20"><span class='ocrx_word' id='word_1_348' title='bbox 1871 2182 2221 2238; x_wconf 78' lang='lat' dir='ltr'><strong>criminclba:</strong></span> <span class='ocrx_word' id='word_1_349' title='bbox 2261 2181 2472 2252; x_wconf 76' lang='lat' dir='ltr'><strong>objecta</strong></span> <span class='ocrx_word' id='word_1_350' title='bbox 2519 2181 2795 2257; x_wconf 55' lang='lat' dir='ltr'><strong>episcOpo&#39;,</strong></span> <span class='ocrx_word' id='word_1_351' title='bbox 2845 2186 2914 2240; x_wconf 90' lang='lat' dir='ltr'><strong>ab</strong></span> <span class='ocrx_word' id='word_1_352' title='bbox 2955 2187 3148 2242; x_wconf 85' lang='lat' dir='ltr'><strong>eodem</strong></span> <span class='ocrx_word' id='word_1_353' title='bbox 3173 2187 3348 2244; x_wconf 88' lang='lat' dir='ltr'><strong>aliena</strong></span> <span class='ocrx_word' id='word_1_354' title='bbox 3375 2203 3467 2244; x_wconf 89' lang='lat' dir='ltr'><strong>re-</strong></span> 
     </span>
    </p>
   </div>
   <div class='ocr_carea' id='block_1_51' title="bbox 1872 2274 3470 2344">
    <p class='ocr_par' dir='ltr' id='par_1_51' title="bbox 1872 2274 3470 2344">
     <span class='ocr_line' id='line_1_51' title="bbox 1872 2274 3470 2344; baseline 0.004 -16"><span class='ocrx_word' id='word_1_355' title='bbox 1872 2282 2026 2343; x_wconf 89' lang='lat' dir='ltr'><strong>perta</strong></span> <span class='ocrx_word' id='word_1_356' title='bbox 2050 2274 2561 2344; x_wconf 86' lang='lat' dir='ltr'><strong>suprascriptorum,</strong></span> <span class='ocrx_word' id='word_1_357' title='bbox 2605 2283 2665 2330; x_wconf 90' lang='lat' dir='ltr'><strong>ut</strong></span> <span class='ocrx_word' id='word_1_358' title='bbox 2691 2275 2894 2332; x_wconf 89' lang='lat' dir='ltr'><strong>dictum</strong></span> <span class='ocrx_word' id='word_1_359' title='bbox 2924 2288 3025 2344; x_wconf 88' lang='lat' dir='ltr'><strong>est,</strong></span> <span class='ocrx_word' id='word_1_360' title='bbox 3055 2279 3216 2336; x_wconf 88' lang='lat' dir='ltr'><strong>trium</strong></span> <span class='ocrx_word' id='word_1_361' title='bbox 3247 2277 3470 2335; x_wconf 88' lang='lat' dir='ltr'><strong>Patrum</strong></span> 
     </span>
    </p>
   </div>
   <div class='ocr_carea' id='block_1_52' title="bbox 1871 2363 3468 2442">
    <p class='ocr_par' dir='ltr' id='par_1_52' title="bbox 1871 2363 3468 2442">
     <span class='ocr_line' id='line_1_52' title="bbox 1871 2363 3468 2442; baseline 0.004 -23"><span class='ocrx_word' id='word_1_362' title='bbox 1871 2363 2102 2420; x_wconf 89' lang='lat' dir='ltr'><strong>decretis</strong></span> <span class='ocrx_word' id='word_1_363' title='bbox 2147 2365 2551 2422; x_wconf 82' lang='lat' dir='ltr'><strong>evidentissime</strong></span> <span class='ocrx_word' id='word_1_364' title='bbox 2597 2367 2935 2437; x_wconf 87' lang='lat' dir='ltr'><strong>reprobatur.</strong></span> <span class='ocrx_word' id='word_1_365' title='bbox 2986 2369 3172 2442; x_wconf 85' lang='lat' dir='ltr'><strong>Neque</strong></span> <span class='ocrx_word' id='word_1_366' title='bbox 3214 2371 3360 2426; x_wconf 89' lang='lat' dir='ltr'><strong>enim</strong></span> <span class='ocrx_word' id='word_1_367' title='bbox 3397 2371 3468 2426; x_wconf 89' lang='lat' dir='ltr'><strong>ab</strong></span> 
     </span>
    </p>
   </div>
   <div class='ocr_carea' id='block_1_53' title="bbox 1871 2457 3472 2531">
    <p class='ocr_par' dir='ltr' id='par_1_53' title="bbox 1871 2457 3472 2531">
     <span class='ocr_line' id='line_1_53' title="bbox 1871 2457 3472 2531; baseline 0.004 -19"><span class='ocrx_word' id='word_1_368' title='bbox 1871 2457 2121 2512; x_wconf 87' lang='lat' dir='ltr'><strong>omnibus</strong></span> <span class='ocrx_word' id='word_1_369' title='bbox 2144 2471 2265 2526; x_wconf 79' lang='lat' dir='ltr'><strong>qua:</strong></span> <span class='ocrx_word' id='word_1_370' title='bbox 2310 2458 2378 2512; x_wconf 88' lang='lat' dir='ltr'><strong>ab</strong></span> <span class='ocrx_word' id='word_1_371' title='bbox 2422 2459 2825 2514; x_wconf 85' lang='lat' dir='ltr'><strong>accusatoribus</strong></span> <span class='ocrx_word' id='word_1_372' title='bbox 2867 2459 2918 2515; x_wconf 91' lang='lat' dir='ltr'><strong>ei</strong></span> <span class='ocrx_word' id='word_1_373' title='bbox 2963 2459 3110 2516; x_wconf 90' lang='lat' dir='ltr'><strong>illata</strong></span> <span class='ocrx_word' id='word_1_374' title='bbox 3154 2473 3282 2518; x_wconf 90' lang='lat' dir='ltr'><strong>sunt</strong></span> <span class='ocrx_word' id='word_1_375' title='bbox 3323 2461 3472 2531; x_wconf 80' lang='lat' dir='ltr'><strong>justo</strong></span> 
     </span>
    </p>
   </div>
   <div class='ocr_carea' id='block_1_54' title="bbox 1873 2549 3468 2624">
    <p class='ocr_par' dir='ltr' id='par_1_54' title="bbox 1873 2549 3468 2624">
     <span class='ocr_line' id='line_1_54' title="bbox 1873 2549 3468 2624; baseline 0.003 -18"><span class='ocrx_word' id='word_1_376' title='bbox 1873 2551 2212 2622; x_wconf 83' lang='lat' dir='ltr'><strong>pronuntiari</strong></span> <span class='ocrx_word' id='word_1_377' title='bbox 2242 2551 2503 2606; x_wconf 86' lang='lat' dir='ltr'><strong>innocens</strong></span> <span class='ocrx_word' id='word_1_378' title='bbox 2527 2549 2796 2606; x_wconf 73' lang='lat' dir='ltr'><strong>videbitur</strong></span> <span class='ocrx_word' id='word_1_379' title='bbox 2813 2551 2859 2606; x_wconf 92' lang='lat' dir='ltr'><strong>si</strong></span> <span class='ocrx_word' id='word_1_380' title='bbox 2881 2553 3168 2624; x_wconf 87' lang='lat' dir='ltr'><strong>epistolam</strong></span> <span class='ocrx_word' id='word_1_381' title='bbox 3189 2553 3256 2609; x_wconf 90' lang='lat' dir='ltr'><strong>ad</strong></span> <span class='ocrx_word' id='word_1_382' title='bbox 3279 2553 3468 2610; x_wconf 74' lang='lat' dir='ltr'><strong>Marini</strong></span> 
     </span>
    </p>
   </div>
   <div class='ocr_carea' id='block_1_55' title="bbox 1874 2641 3470 2718">
    <p class='ocr_par' dir='ltr' id='par_1_55' title="bbox 1874 2641 3470 2718">
     <span class='ocr_line' id='line_1_55' title="bbox 1874 2641 3470 2718; baseline 0.005 -22"><span class='ocrx_word' id='word_1_383' title='bbox 1874 2641 2118 2708; x_wconf 84' lang='lat' dir='ltr'><strong>Persam,</strong></span> <span class='ocrx_word' id='word_1_384' title='bbox 2147 2656 2267 2712; x_wconf 66' lang='lat' dir='ltr'><strong>qua:</strong></span> <span class='ocrx_word' id='word_1_385' title='bbox 2291 2642 2526 2698; x_wconf 77' lang='lat' dir='ltr'><strong>maxima</strong></span> <span class='ocrx_word' id='word_1_386' title='bbox 2558 2658 2684 2714; x_wconf 88' lang='lat' dir='ltr'><strong>pars</strong></span> <span class='ocrx_word' id='word_1_387' title='bbox 2711 2653 2794 2699; x_wconf 89' lang='lat' dir='ltr'><strong>est</strong></span> <span class='ocrx_word' id='word_1_388' title='bbox 2821 2643 3127 2711; x_wconf 90' lang='lat' dir='ltr'><strong>criminum,</strong></span> <span class='ocrx_word' id='word_1_389' title='bbox 3153 2646 3262 2702; x_wconf 91' lang='lat' dir='ltr'><strong>imo</strong></span> <span class='ocrx_word' id='word_1_390' title='bbox 3289 2645 3345 2702; x_wconf 92' lang='lat' dir='ltr'><strong>in</strong></span> <span class='ocrx_word' id='word_1_391' title='bbox 3363 2663 3470 2718; x_wconf 88' lang='lat' dir='ltr'><strong>qua</strong></span> 
     </span>
    </p>
   </div>
   <div class='ocr_carea' id='block_1_56' title="bbox 1870 2733 3471 2802">
    <p class='ocr_par' dir='ltr' id='par_1_56' title="bbox 1870 2733 3471 2802">
     <span class='ocr_line' id='line_1_56' title="bbox 1870 2733 3471 2802; baseline -0.001 -11"><span class='ocrx_word' id='word_1_392' title='bbox 1870 2734 2054 2791; x_wconf 89' lang='lat' dir='ltr'><strong>omnia</strong></span> <span class='ocrx_word' id='word_1_393' title='bbox 2083 2734 2132 2790; x_wconf 88' lang='lat' dir='ltr'><strong>ei</strong></span> <span class='ocrx_word' id='word_1_394' title='bbox 2161 2733 2376 2802; x_wconf 84' lang='lat' dir='ltr'><strong>objecta</strong></span> <span class='ocrx_word' id='word_1_395' title='bbox 2415 2733 2640 2790; x_wconf 85' lang='lat' dir='ltr'><strong>crimina</strong></span> <span class='ocrx_word' id='word_1_396' title='bbox 2668 2733 3034 2801; x_wconf 85' lang='lat' dir='ltr'><strong>continentur,</strong></span> <span class='ocrx_word' id='word_1_397' title='bbox 3067 2735 3151 2791; x_wconf 90' lang='lat' dir='ltr'><strong>his</strong></span> <span class='ocrx_word' id='word_1_398' title='bbox 3177 2737 3471 2792; x_wconf 81' lang='lat' dir='ltr'><strong>interlocu-</strong></span> 
     </span>
    </p>
   </div>
   <div class='ocr_carea' id='block_1_57' title="bbox 1873 2823 3472 2897">
    <p class='ocr_par' dir='ltr' id='par_1_57' title="bbox 1873 2823 3472 2897">
     <span class='ocr_line' id='line_1_57' title="bbox 1873 2823 3472 2897; baseline 0.004 -20"><span class='ocrx_word' id='word_1_399' title='bbox 1873 2823 2112 2880; x_wconf 86' lang='lat' dir='ltr'><strong>tionibus</strong></span> <span class='ocrx_word' id='word_1_400' title='bbox 2133 2839 2243 2878; x_wconf 93' lang='lat' dir='ltr'><strong>non</strong></span> <span class='ocrx_word' id='word_1_401' title='bbox 2271 2823 2532 2896; x_wconf 84' lang='lat' dir='ltr'><strong>probetur</strong></span> <span class='ocrx_word' id='word_1_402' title='bbox 2561 2824 2799 2880; x_wconf 75' lang='lat' dir='ltr'><strong>exclusa.</strong></span> <span class='ocrx_word' id='word_1_403' title='bbox 2830 2823 2898 2880; x_wconf 83' lang='lat' dir='ltr'><strong>Et</strong></span> <span class='ocrx_word' id='word_1_404' title='bbox 2921 2825 3044 2882; x_wconf 90' lang='lat' dir='ltr'><strong>idco</strong></span> <span class='ocrx_word' id='word_1_405' title='bbox 3072 2827 3326 2897; x_wconf 90' lang='lat' dir='ltr'><strong>quoniam</strong></span> <span class='ocrx_word' id='word_1_406' title='bbox 3349 2842 3472 2884; x_wconf 78' lang='lat' dir='ltr'><strong>cer—-</strong></span> 
     </span>
    </p>
   </div>
   <div class='ocr_carea' id='block_1_58' title="bbox 1872 2914 3472 2989">
    <p class='ocr_par' dir='ltr' id='par_1_58' title="bbox 1872 2914 3472 2989">
     <span class='ocr_line' id='line_1_58' title="bbox 1872 2914 3472 2989; baseline 0.003 -20"><span class='ocrx_word' id='word_1_407' title='bbox 1872 2922 1988 2972; x_wconf 87' lang='lat' dir='ltr'><strong>tum</strong></span> <span class='ocrx_word' id='word_1_408' title='bbox 2013 2923 2120 2980; x_wconf 86' lang='lat' dir='ltr'><strong>est,</strong></span> <span class='ocrx_word' id='word_1_409' title='bbox 2151 2914 2196 2970; x_wconf 90' lang='lat' dir='ltr'><strong>si</strong></span> <span class='ocrx_word' id='word_1_410' title='bbox 2240 2915 2360 2984; x_wconf 89' lang='lat' dir='ltr'><strong>ejus</strong></span> <span class='ocrx_word' id='word_1_411' title='bbox 2397 2917 2685 2972; x_wconf 88' lang='lat' dir='ltr'><strong>doceretur</strong></span> <span class='ocrx_word' id='word_1_412' title='bbox 2718 2917 2972 2988; x_wconf 87' lang='lat' dir='ltr'><strong>epistola,</strong></span> <span class='ocrx_word' id='word_1_413' title='bbox 3019 2917 3164 2989; x_wconf 87' lang='lat' dir='ltr'><strong>quod</strong></span> <span class='ocrx_word' id='word_1_414' title='bbox 3210 2919 3472 2974; x_wconf 87' lang='lat' dir='ltr'><strong>innocens</strong></span> 
     </span>
    </p>
   </div>
   <div class='ocr_carea' id='block_1_59' title="bbox 1871 3005 3469 3080">
    <p class='ocr_par' dir='ltr' id='par_1_59' title="bbox 1871 3005 3469 3080">
     <span class='ocr_line' id='line_1_59' title="bbox 1871 3005 3469 3080; baseline 0.004 -20"><span class='ocrx_word' id='word_1_415' title='bbox 1871 3005 2206 3076; x_wconf 87' lang='lat' dir='ltr'><strong>pronuntiari</strong></span> <span class='ocrx_word' id='word_1_416' title='bbox 2232 3022 2340 3060; x_wconf 88' lang='lat' dir='ltr'><strong>non</strong></span> <span class='ocrx_word' id='word_1_417' title='bbox 2381 3005 2574 3076; x_wconf 87' lang='lat' dir='ltr'><strong>possit,</strong></span> <span class='ocrx_word' id='word_1_418' title='bbox 2604 3014 2835 3072; x_wconf 86' lang='lat' dir='ltr'><strong>constat,</strong></span> <span class='ocrx_word' id='word_1_419' title='bbox 2880 3007 3004 3078; x_wconf 88' lang='lat' dir='ltr'><strong>quia</strong></span> <span class='ocrx_word' id='word_1_420' title='bbox 3048 3007 3312 3066; x_wconf 89' lang='lat' dir='ltr'><strong>innocens</strong></span> <span class='ocrx_word' id='word_1_421' title='bbox 3337 3024 3469 3080; x_wconf 56' lang='lat' dir='ltr'><strong>pro.</strong></span> 
     </span>
    </p>
   </div>
   <div class='ocr_carea' id='block_1_60' title="bbox 1869 3091 3472 3170">
    <p class='ocr_par' dir='ltr' id='par_1_60' title="bbox 1869 3091 3472 3170">
     <span class='ocr_line' id='line_1_60' title="bbox 1869 3091 3472 3170; baseline 0.004 -21"><span class='ocrx_word' id='word_1_422' title='bbox 1869 3094 2148 3150; x_wconf 86' lang='lat' dir='ltr'><strong>nuntiatus</strong></span> <span class='ocrx_word' id='word_1_423' title='bbox 2177 3103 2284 3163; x_wconf 87' lang='lat' dir='ltr'><strong>est,</strong></span> <span class='ocrx_word' id='word_1_424' title='bbox 2323 3091 2440 3164; x_wconf 87' lang='lat' dir='ltr'><strong>ejus</strong></span> <span class='ocrx_word' id='word_1_425' title='bbox 2465 3094 2747 3165; x_wconf 89' lang='lat' dir='ltr'><strong>epistolam</strong></span> <span class='ocrx_word' id='word_1_426' title='bbox 2785 3110 2894 3150; x_wconf 89' lang='lat' dir='ltr'><strong>non</strong></span> <span class='ocrx_word' id='word_1_427' title='bbox 2941 3095 3123 3152; x_wconf 84' lang='lat' dir='ltr'><strong>fuisse.</strong></span> <span class='ocrx_word' id='word_1_428' title='bbox 3171 3095 3270 3154; x_wconf 81' lang='lat' dir='ltr'><strong>llis</strong></span> <span class='ocrx_word' id='word_1_429' title='bbox 3307 3098 3472 3170; x_wconf 77' lang='lat' dir='ltr'><strong>igitur</strong></span> 
     </span>
    </p>
   </div>
   <div class='ocr_carea' id='block_1_61' title="bbox 166 3184 3467 3264">
    <p class='ocr_par' dir='ltr' id='par_1_61' title="bbox 166 3184 3467 3264">
     <span class='ocr_line' id='line_1_61' title="bbox 166 3184 3467 3264; baseline 0.001 -22"><span class='ocrx_word' id='word_1_430' title='bbox 166 3187 329 3245; x_wconf 87' lang='lat' dir='ltr'><strong>fuisse</strong></span> <span class='ocrx_word' id='word_1_431' title='bbox 369 3187 825 3252; x_wconf 74' lang='lat' dir='ltr'><strong>monstravimus,</strong></span> <span class='ocrx_word' id='word_1_432' title='bbox 869 3187 1069 3258; x_wconf 88' lang='lat' dir='ltr'><strong>quippe</strong></span> <span class='ocrx_word' id='word_1_433' title='bbox 1113 3189 1205 3259; x_wconf 89' lang='lat' dir='ltr'><strong>qui</strong></span> <span class='ocrx_word' id='word_1_434' title='bbox 1245 3205 1366 3245; x_wconf 83' lang='lat' dir='ltr'><strong>eam</strong></span> <span class='ocrx_word' id='word_1_435' title='bbox 1413 3191 1556 3246; x_wconf 81' lang='lat' dir='ltr'><strong>inter</strong></span> <span class='ocrx_word' id='word_1_436' title='bbox 1582 3191 1768 3249; x_wconf 77' lang='lat' dir='ltr'><strong>hostes</strong></span> <span class='ocrx_word' id='word_1_437' title='bbox 1795 3202 1842 3264; x_wconf 73' lang='grc' dir='ltr'><strong>ρ</strong></span> <span class='ocrx_word' id='word_1_438' title='bbox 1872 3184 2380 3242; x_wconf 80' lang='lat' dir='ltr'><strong>interlocutionibus</strong></span> <span class='ocrx_word' id='word_1_439' title='bbox 2429 3187 2553 3256; x_wconf 87' lang='lat' dir='ltr'><strong>quia</strong></span> <span class='ocrx_word' id='word_1_440' title='bbox 2583 3187 2820 3242; x_wconf 80' lang='lat' dir='ltr'><strong>maxime</strong></span> <span class='ocrx_word' id='word_1_441' title='bbox 2847 3185 2914 3242; x_wconf 89' lang='lat' dir='ltr'><strong>ad</strong></span> <span class='ocrx_word' id='word_1_442' title='bbox 2958 3187 3349 3246; x_wconf 80' lang='lat' dir='ltr'><strong>excludendam</strong></span> <span class='ocrx_word' id='word_1_443' title='bbox 3379 3199 3467 3246; x_wconf 84' lang='lat' dir='ltr'><strong>at-</strong></span> 
     </span>
    </p>
   </div>
   <div class='ocr_carea' id='block_1_62' title="bbox 165 3280 1764 3353">
    <p class='ocr_par' dir='ltr' id='par_1_62' title="bbox 165 3280 1764 3353">
     <span class='ocr_line' id='line_1_62' title="bbox 165 3280 1764 3353; baseline 0.003 -15"><span class='ocrx_word' id='word_1_444' title='bbox 165 3296 274 3338; x_wconf 67' lang='lat' dir='ltr'><strong>sute</strong></span> <span class='ocrx_word' id='word_1_445' title='bbox 300 3291 467 3337; x_wconf 69' lang='lat' dir='ltr'><strong>rectae</strong></span> <span class='ocrx_word' id='word_1_446' title='bbox 501 3280 623 3336; x_wconf 88' lang='lat' dir='ltr'><strong>fidei</strong></span> <span class='ocrx_word' id='word_1_447' title='bbox 665 3280 1070 3338; x_wconf 71' lang='lat' dir='ltr'><strong>evidentissima</strong></span> <span class='ocrx_word' id='word_1_448' title='bbox 1103 3281 1315 3353; x_wconf 85' lang='lat' dir='ltr'><strong>prolata</strong></span> <span class='ocrx_word' id='word_1_449' title='bbox 1353 3284 1622 3340; x_wconf 86' lang='lat' dir='ltr'><strong>sententia</strong></span> <span class='ocrx_word' id='word_1_450' title='bbox 1663 3285 1764 3342; x_wconf 86' lang='lat' dir='ltr'><strong>da-</strong></span> 
     </span>
    </p>
   </div>
   <div class='ocr_carea' id='block_1_63' title="bbox 165 3369 1764 3442">
    <p class='ocr_par' dir='ltr' id='par_1_63' title="bbox 165 3369 1764 3442">
     <span class='ocr_line' id='line_1_63' title="bbox 165 3369 1764 3442; baseline 0.004 -16"><span class='ocrx_word' id='word_1_451' title='bbox 165 3381 507 3428; x_wconf 86' lang='lat' dir='ltr'><strong>mnaverunt.</strong></span> <span class='ocrx_word' id='word_1_452' title='bbox 537 3369 680 3441; x_wconf 82' lang='lat' dir='ltr'><strong>Ergo</strong></span> <span class='ocrx_word' id='word_1_453' title='bbox 707 3377 870 3442; x_wconf 87' lang='lat' dir='ltr'><strong>quia,</strong></span> <span class='ocrx_word' id='word_1_454' title='bbox 900 3385 961 3427; x_wconf 87' lang='lat' dir='ltr'><strong>ut</strong></span> <span class='ocrx_word' id='word_1_455' title='bbox 993 3375 1254 3437; x_wconf 76' lang='lat' dir='ltr'><strong>diximus,</strong></span> <span class='ocrx_word' id='word_1_456' title='bbox 1286 3383 1475 3429; x_wconf 88' lang='lat' dir='ltr'><strong>contra</strong></span> <span class='ocrx_word' id='word_1_457' title='bbox 1505 3375 1764 3433; x_wconf 86' lang='lat' dir='ltr'><strong>adversa-</strong></span> 
     </span>
    </p>
   </div>
   <div class='ocr_carea' id='block_1_64' title="bbox 167 3461 1766 3538">
    <p class='ocr_par' dir='ltr' id='par_1_64' title="bbox 167 3461 1766 3538">
     <span class='ocr_line' id='line_1_64' title="bbox 167 3461 1766 3538; baseline 0.005 -20"><span class='ocrx_word' id='word_1_458' title='bbox 167 3464 277 3519; x_wconf 89' lang='lat' dir='ltr'><strong>rios</strong></span> <span class='ocrx_word' id='word_1_459' title='bbox 300 3471 508 3520; x_wconf 73' lang='lat' dir='ltr'><strong>sancue</strong></span> <span class='ocrx_word' id='word_1_460' title='bbox 532 3461 996 3521; x_wconf 84' lang='lat' dir='ltr'><strong>Chalcedonensis</strong></span> <span class='ocrx_word' id='word_1_461' title='bbox 1031 3462 1246 3537; x_wconf 84' lang='lat' dir='ltr'><strong>synodi,</strong></span> <span class='ocrx_word' id='word_1_462' title='bbox 1295 3475 1476 3521; x_wconf 86' lang='lat' dir='ltr'><strong>utrum</strong></span> <span class='ocrx_word' id='word_1_463' title='bbox 1516 3479 1766 3538; x_wconf 87' lang='lat' dir='ltr'><strong>suscepta</strong></span> 
     </span>
    </p>
   </div>
   <div class='ocr_carea' id='block_1_65' title="bbox 169 3556 1766 3625">
    <p class='ocr_par' dir='ltr' id='par_1_65' title="bbox 169 3556 1766 3625">
     <span class='ocr_line' id='line_1_65' title="bbox 169 3556 1766 3625; baseline 0.004 -16"><span class='ocrx_word' id='word_1_464' title='bbox 169 3569 234 3609; x_wconf 89' lang='lat' dir='ltr'><strong>an</strong></span> <span class='ocrx_word' id='word_1_465' title='bbox 263 3571 376 3610; x_wconf 89' lang='lat' dir='ltr'><strong>non</strong></span> <span class='ocrx_word' id='word_1_466' title='bbox 417 3563 672 3625; x_wconf 87' lang='lat' dir='ltr'><strong>suscepta</strong></span> <span class='ocrx_word' id='word_1_467' title='bbox 700 3569 830 3609; x_wconf 87' lang='lat' dir='ltr'><strong>vere</strong></span> <span class='ocrx_word' id='word_1_468' title='bbox 853 3556 1028 3625; x_wconf 84' lang='lat' dir='ltr'><strong>possit</strong></span> <span class='ocrx_word' id='word_1_469' title='bbox 1070 3557 1312 3622; x_wconf 89' lang='lat' dir='ltr'><strong>ostendi,</strong></span> <span class='ocrx_word' id='word_1_470' title='bbox 1363 3557 1580 3620; x_wconf 82' lang='lat' dir='ltr'><strong>videtur</strong></span> <span class='ocrx_word' id='word_1_471' title='bbox 1606 3560 1766 3616; x_wconf 85' lang='lat' dir='ltr'><strong>nobis</strong></span> 
     </span>
    </p>
   </div>
   <div class='ocr_carea' id='block_1_66' title="bbox 169 3643 1764 3723">
    <p class='ocr_par' dir='ltr' id='par_1_66' title="bbox 169 3643 1764 3723">
     <span class='ocr_line' id='line_1_66' title="bbox 169 3643 1764 3723; baseline 0.005 -25"><span class='ocrx_word' id='word_1_472' title='bbox 169 3643 331 3701; x_wconf 77' lang='lat' dir='ltr'><strong>fuisse</strong></span> <span class='ocrx_word' id='word_1_473' title='bbox 359 3645 661 3715; x_wconf 78' lang='lat' dir='ltr'><strong>negotium,</strong></span> <span class='ocrx_word' id='word_1_474' title='bbox 682 3653 738 3700; x_wconf 90' lang='lat' dir='ltr'><strong>et</strong></span> <span class='ocrx_word' id='word_1_475' title='bbox 767 3645 874 3700; x_wconf 89' lang='lat' dir='ltr'><strong>illis</strong></span> <span class='ocrx_word' id='word_1_476' title='bbox 898 3653 1206 3716; x_wconf 88' lang='lat' dir='ltr'><strong>susceptam</strong></span> <span class='ocrx_word' id='word_1_477' title='bbox 1227 3663 1562 3719; x_wconf 84' lang='lat' dir='ltr'><strong>supervacue</strong></span> <span class='ocrx_word' id='word_1_478' title='bbox 1588 3651 1764 3723; x_wconf 86' lang='lat' dir='ltr'><strong>suspi-</strong></span> 
     </span>
    </p>
   </div>
   <div class='ocr_carea' id='block_1_67' title="bbox 167 3731 1764 3811">
    <p class='ocr_par' dir='ltr' id='par_1_67' title="bbox 167 3731 1764 3811">
     <span class='ocr_line' id='line_1_67' title="bbox 167 3731 1764 3811; baseline 0.004 -23"><span class='ocrx_word' id='word_1_479' title='bbox 167 3732 451 3811; x_wconf 77' lang='lat' dir='ltr'><strong>cantibus,</strong></span> <span class='ocrx_word' id='word_1_480' title='bbox 491 3747 594 3786; x_wconf 90' lang='lat' dir='ltr'><strong>nos</strong></span> <span class='ocrx_word' id='word_1_481' title='bbox 620 3746 688 3786; x_wconf 79' lang='lat' dir='ltr'><strong>ex</strong></span> <span class='ocrx_word' id='word_1_482' title='bbox 732 3731 864 3802; x_wconf 87' lang='lat' dir='ltr'><strong>ipsis</strong></span> <span class='ocrx_word' id='word_1_483' title='bbox 891 3732 1053 3786; x_wconf 85' lang='lat' dir='ltr'><strong>etiam</strong></span> <span class='ocrx_word' id='word_1_484' title='bbox 1095 3731 1315 3788; x_wconf 87' lang='lat' dir='ltr'><strong>Patrum</strong></span> <span class='ocrx_word' id='word_1_485' title='bbox 1342 3733 1564 3792; x_wconf 78' lang='lat' dir='ltr'><strong>vocibus</strong></span> <span class='ocrx_word' id='word_1_486' title='bbox 1585 3737 1764 3806; x_wconf 86' lang='lat' dir='ltr'><strong>potius</strong></span> 
     </span>
    </p>
   </div>
   <div class='ocr_carea' id='block_1_68' title="bbox 167 3822 1764 3893">
    <p class='ocr_par' dir='ltr' id='par_1_68' title="bbox 167 3822 1764 3893">
     <span class='ocr_line' id='line_1_68' title="bbox 167 3822 1764 3893; baseline 0.004 -15"><span class='ocrx_word' id='word_1_487' title='bbox 167 3822 564 3880; x_wconf 87' lang='lat' dir='ltr'><strong>declaravimus</strong></span> <span class='ocrx_word' id='word_1_488' title='bbox 593 3823 976 3893; x_wconf 88' lang='lat' dir='ltr'><strong>improbatam,</strong></span> <span class='ocrx_word' id='word_1_489' title='bbox 1006 3839 1116 3879; x_wconf 92' lang='lat' dir='ltr'><strong>non</strong></span> <span class='ocrx_word' id='word_1_490' title='bbox 1145 3833 1230 3882; x_wconf 89' lang='lat' dir='ltr'><strong>est</strong></span> <span class='ocrx_word' id='word_1_491' title='bbox 1269 3828 1634 3883; x_wconf 86' lang='lat' dir='ltr'><strong>necessarium</strong></span> <span class='ocrx_word' id='word_1_492' title='bbox 1664 3843 1764 3884; x_wconf 88' lang='lat' dir='ltr'><strong>nos</strong></span> 
     </span>
    </p>
   </div>
   <div class='ocr_carea' id='block_1_69' title="bbox 166 3911 1764 3984">
    <p class='ocr_par' dir='ltr' id='par_1_69' title="bbox 166 3911 1764 3984">
     <span class='ocr_line' id='line_1_69' title="bbox 166 3911 1764 3984; baseline 0.003 -17"><span class='ocrx_word' id='word_1_493' title='bbox 166 3913 284 3983; x_wconf 86' lang='lat' dir='ltr'><strong>cogi</strong></span> <span class='ocrx_word' id='word_1_494' title='bbox 307 3913 496 3969; x_wconf 88' lang='lat' dir='ltr'><strong>dicere</strong></span> <span class='ocrx_word' id='word_1_495' title='bbox 522 3911 590 3969; x_wconf 88' lang='lat' dir='ltr'><strong>de</strong></span> <span class='ocrx_word' id='word_1_496' title='bbox 627 3927 734 3984; x_wconf 83' lang='lat' dir='ltr'><strong>qua</strong></span> <span class='ocrx_word' id='word_1_497' title='bbox 756 3913 986 3984; x_wconf 86' lang='lat' dir='ltr'><strong>epistola</strong></span> <span class='ocrx_word' id='word_1_498' title='bbox 1015 3911 1206 3971; x_wconf 87' lang='lat' dir='ltr'><strong>Patres</strong></span> <span class='ocrx_word' id='word_1_499' title='bbox 1228 3917 1398 3972; x_wconf 85' lang='lat' dir='ltr'><strong>nostri</strong></span> <span class='ocrx_word' id='word_1_500' title='bbox 1429 3917 1482 3972; x_wconf 86' lang='lat' dir='ltr'><strong>in</strong></span> <span class='ocrx_word' id='word_1_501' title='bbox 1515 3917 1622 3972; x_wconf 85' lang='lat' dir='ltr'><strong>illis</strong></span> <span class='ocrx_word' id='word_1_502' title='bbox 1650 3918 1764 3984; x_wconf 83' lang='lat' dir='ltr'><strong>suis</strong></span> 
     </span>
    </p>
   </div>
   <div class='ocr_carea' id='block_1_70' title="bbox 166 4004 1764 4068">
    <p class='ocr_par' dir='ltr' id='par_1_70' title="bbox 166 4004 1764 4068">
     <span class='ocr_line' id='line_1_70' title="bbox 166 4004 1764 4068; baseline 0.001 -8"><span class='ocrx_word' id='word_1_503' title='bbox 166 4004 680 4060; x_wconf 71' lang='lat' dir='ltr'><strong>interlocutionibus</strong></span> <span class='ocrx_word' id='word_1_504' title='bbox 707 4005 996 4068; x_wconf 83' lang='lat' dir='ltr'><strong>senserint,</strong></span> <span class='ocrx_word' id='word_1_505' title='bbox 1030 4013 1146 4062; x_wconf 89' lang='lat' dir='ltr'><strong>tum</strong></span> <span class='ocrx_word' id='word_1_506' title='bbox 1173 4005 1328 4061; x_wconf 88' lang='lat' dir='ltr'><strong>nobis</strong></span> <span class='ocrx_word' id='word_1_507' title='bbox 1355 4005 1571 4064; x_wconf 87' lang='lat' dir='ltr'><strong>abunde</strong></span> <span class='ocrx_word' id='word_1_508' title='bbox 1614 4009 1764 4064; x_wconf 80' lang='lat' dir='ltr'><strong>suffl-</strong></span> 
     </span>
    </p>
   </div>
   <div class='ocr_carea' id='block_1_71' title="bbox 165 4093 1761 4169">
    <p class='ocr_par' dir='ltr' id='par_1_71' title="bbox 165 4093 1761 4169">
     <span class='ocr_line' id='line_1_71' title="bbox 165 4093 1761 4169; baseline 0.003 -18"><span class='ocrx_word' id='word_1_509' title='bbox 165 4097 272 4151; x_wconf 88' lang='lat' dir='ltr'><strong>ciat</strong></span> <span class='ocrx_word' id='word_1_510' title='bbox 297 4095 447 4167; x_wconf 87' lang='lat' dir='ltr'><strong>quod</strong></span> <span class='ocrx_word' id='word_1_511' title='bbox 475 4093 543 4151; x_wconf 89' lang='lat' dir='ltr'><strong>de</strong></span> <span class='ocrx_word' id='word_1_512' title='bbox 571 4095 672 4151; x_wconf 87' lang='lat' dir='ltr'><strong>ista</strong></span> <span class='ocrx_word' id='word_1_513' title='bbox 703 4096 882 4169; x_wconf 79' lang='lat' dir='ltr'><strong>[forte,</strong></span> <span class='ocrx_word' id='word_1_514' title='bbox 914 4094 1059 4166; x_wconf 82' lang='lat' dir='ltr'><strong>quod</strong></span> <span class='ocrx_word' id='word_1_515' title='bbox 1080 4095 1210 4152; x_wconf 88' lang='lat' dir='ltr'><strong>licet</strong></span> <span class='ocrx_word' id='word_1_516' title='bbox 1235 4094 1364 4168; x_wconf 80' lang='lat' dir='ltr'><strong>ista]</strong></span> <span class='ocrx_word' id='word_1_517' title='bbox 1406 4098 1549 4154; x_wconf 88' lang='lat' dir='ltr'><strong>unde</strong></span> <span class='ocrx_word' id='word_1_518' title='bbox 1577 4109 1761 4156; x_wconf 87' lang='lat' dir='ltr'><strong>verta-</strong></span> 
     </span>
    </p>
   </div>
   <div class='ocr_carea' id='block_1_72' title="bbox 167 4186 1762 4260">
    <p class='ocr_par' dir='ltr' id='par_1_72' title="bbox 167 4186 1762 4260">
     <span class='ocr_line' id='line_1_72' title="bbox 167 4186 1762 4260; baseline 0.005 -20"><span class='ocrx_word' id='word_1_519' title='bbox 167 4195 254 4242; x_wconf 85' lang='lat' dir='ltr'><strong>tur</strong></span> <span class='ocrx_word' id='word_1_520' title='bbox 275 4202 448 4242; x_wconf 80' lang='lat' dir='ltr'><strong>causa</strong></span> <span class='ocrx_word' id='word_1_521' title='bbox 474 4202 584 4242; x_wconf 89' lang='lat' dir='ltr'><strong>non</strong></span> <span class='ocrx_word' id='word_1_522' title='bbox 607 4186 903 4251; x_wconf 86' lang='lat' dir='ltr'><strong>senserint,</strong></span> <span class='ocrx_word' id='word_1_523' title='bbox 937 4194 1117 4243; x_wconf 88' lang='lat' dir='ltr'><strong>tamen</strong></span> <span class='ocrx_word' id='word_1_524' title='bbox 1144 4187 1403 4260; x_wconf 77' lang='lat' dir='ltr'><strong>inspectis</strong></span> <span class='ocrx_word' id='word_1_525' title='bbox 1429 4190 1762 4258; x_wconf 78' lang='lat' dir='ltr'><strong>singulorum</strong></span> 
     </span>
    </p>
   </div>
   <div class='ocr_carea' id='block_1_73' title="bbox 165 4273 1764 4351">
    <p class='ocr_par' dir='ltr' id='par_1_73' title="bbox 165 4273 1764 4351">
     <span class='ocr_line' id='line_1_73' title="bbox 165 4273 1764 4351; baseline 0.004 -21"><span class='ocrx_word' id='word_1_526' title='bbox 165 4273 392 4332; x_wconf 85' lang='lat' dir='ltr'><strong>Patrum</strong></span> <span class='ocrx_word' id='word_1_527' title='bbox 424 4275 934 4332; x_wconf 89' lang='lat' dir='ltr'><strong>interlocutionibus</strong></span> <span class='ocrx_word' id='word_1_528' title='bbox 961 4283 1018 4332; x_wconf 91' lang='lat' dir='ltr'><strong>et</strong></span> <span class='ocrx_word' id='word_1_529' title='bbox 1044 4277 1311 4351; x_wconf 78' lang='lat' dir='ltr'><strong>superiori</strong></span> <span class='ocrx_word' id='word_1_530' title='bbox 1333 4293 1494 4349; x_wconf 89' lang='lat' dir='ltr'><strong>quam</strong></span> <span class='ocrx_word' id='word_1_531' title='bbox 1513 4279 1764 4336; x_wconf 85' lang='lat' dir='ltr'><strong>disserui-</strong></span> 
     </span>
    </p>
   </div>
   <div class='ocr_carea' id='block_1_74' title="bbox 165 4365 1760 4443">
    <p class='ocr_par' dir='ltr' id='par_1_74' title="bbox 165 4365 1760 4443">
     <span class='ocr_line' id='line_1_74' title="bbox 165 4365 1760 4443; baseline 0.003 -21"><span class='ocrx_word' id='word_1_532' title='bbox 165 4385 287 4425; x_wconf 84' lang='lat' dir='ltr'><strong>mus</strong></span> <span class='ocrx_word' id='word_1_533' title='bbox 307 4367 616 4424; x_wconf 86' lang='lat' dir='ltr'><strong>rectitudini</strong></span> <span class='ocrx_word' id='word_1_534' title='bbox 637 4367 924 4438; x_wconf 86' lang='lat' dir='ltr'><strong>coaptatis,</strong></span> <span class='ocrx_word' id='word_1_535' title='bbox 945 4365 1050 4424; x_wconf 88' lang='lat' dir='ltr'><strong>hoc</strong></span> <span class='ocrx_word' id='word_1_536' title='bbox 1068 4383 1286 4440; x_wconf 86' lang='lat' dir='ltr'><strong>quoque</strong></span> <span class='ocrx_word' id='word_1_537' title='bbox 1310 4367 1379 4424; x_wconf 91' lang='lat' dir='ltr'><strong>de</strong></span> <span class='ocrx_word' id='word_1_538' title='bbox 1399 4383 1504 4439; x_wconf 86' lang='lat' dir='ltr'><strong>qua</strong></span> <span class='ocrx_word' id='word_1_539' title='bbox 1533 4371 1760 4443; x_wconf 85' lang='lat' dir='ltr'><strong>epistola</strong></span> 
     </span>
    </p>
   </div>
   <div class='ocr_carea' id='block_1_75' title="bbox 165 4457 1761 4532">
    <p class='ocr_par' dir='ltr' id='par_1_75' title="bbox 165 4457 1761 4532">
     <span class='ocr_line' id='line_1_75' title="bbox 165 4457 1761 4532; baseline 0.004 -18"><span class='ocrx_word' id='word_1_540' title='bbox 165 4458 331 4517; x_wconf 87' lang='lat' dir='ltr'><strong>locuti</strong></span> <span class='ocrx_word' id='word_1_541' title='bbox 379 4466 508 4516; x_wconf 88' lang='lat' dir='ltr'><strong>sunt</strong></span> <span class='ocrx_word' id='word_1_542' title='bbox 560 4457 720 4514; x_wconf 82' lang='lat' dir='ltr'><strong>facile</strong></span> <span class='ocrx_word' id='word_1_543' title='bbox 767 4459 910 4530; x_wconf 86' lang='lat' dir='ltr'><strong>piam</strong></span> <span class='ocrx_word' id='word_1_544' title='bbox 965 4460 1302 4518; x_wconf 82' lang='lat' dir='ltr'><strong>sectantibus</strong></span> <span class='ocrx_word' id='word_1_545' title='bbox 1352 4460 1761 4532; x_wconf 58' lang='lat' dir='ltr'><strong>intelligentiam</strong></span> 
     </span>
    </p>
   </div>
   <div class='ocr_carea' id='block_1_76' title="bbox 1869 3273 3467 3346">
    <p class='ocr_par' dir='ltr' id='par_1_76' title="bbox 1869 3273 3467 3346">
     <span class='ocr_line' id='line_1_76' title="bbox 1869 3273 3467 3346; baseline 0.003 -14"><span class='ocrx_word' id='word_1_546' title='bbox 1869 3290 1978 3346; x_wconf 88' lang='lat' dir='ltr'><strong>que</strong></span> <span class='ocrx_word' id='word_1_547' title='bbox 2003 3273 2345 3332; x_wconf 84' lang='lat' dir='ltr'><strong>refutandam</strong></span> <span class='ocrx_word' id='word_1_548' title='bbox 2375 3276 2440 3331; x_wconf 89' lang='lat' dir='ltr'><strong>ad</strong></span> <span class='ocrx_word' id='word_1_549' title='bbox 2476 3275 2664 3332; x_wconf 83' lang='lat' dir='ltr'><strong>Marim</strong></span> <span class='ocrx_word' id='word_1_550' title='bbox 2691 3274 2911 3332; x_wconf 89' lang='lat' dir='ltr'><strong>Persam</strong></span> <span class='ocrx_word' id='word_1_551' title='bbox 2953 3276 3238 3344; x_wconf 85' lang='lat' dir='ltr'><strong>epistolam</strong></span> <span class='ocrx_word' id='word_1_552' title='bbox 3265 3293 3467 3336; x_wconf 88' lang='lat' dir='ltr'><strong>conve-</strong></span> 
     </span>
    </p>
   </div>
   <div class='ocr_carea' id='block_1_77' title="bbox 1869 3367 3464 3442">
    <p class='ocr_par' dir='ltr' id='par_1_77' title="bbox 1869 3367 3464 3442">
     <span class='ocr_line' id='line_1_77' title="bbox 1869 3367 3464 3442; baseline 0.003 -18"><span class='ocrx_word' id='word_1_553' title='bbox 1869 3367 2039 3424; x_wconf 90' lang='lat' dir='ltr'><strong>nienti</strong></span> <span class='ocrx_word' id='word_1_554' title='bbox 2091 3383 2256 3426; x_wconf 89' lang='lat' dir='ltr'><strong>sensu</strong></span> <span class='ocrx_word' id='word_1_555' title='bbox 2281 3375 2447 3440; x_wconf 81' lang='lat' dir='ltr'><strong>atque</strong></span> <span class='ocrx_word' id='word_1_556' title='bbox 2483 3367 2664 3424; x_wconf 88' lang='lat' dir='ltr'><strong>studio</strong></span> <span class='ocrx_word' id='word_1_557' title='bbox 2707 3384 2808 3440; x_wconf 88' lang='lat' dir='ltr'><strong>pro</strong></span> <span class='ocrx_word' id='word_1_558' title='bbox 2847 3367 3188 3426; x_wconf 87' lang='lat' dir='ltr'><strong>absolutione</strong></span> <span class='ocrx_word' id='word_1_559' title='bbox 3214 3369 3320 3427; x_wconf 78' lang='lat' dir='ltr'><strong>lba:</strong></span> <span class='ocrx_word' id='word_1_560' title='bbox 3345 3371 3464 3442; x_wconf 84' lang='lat' dir='ltr'><strong>epi-</strong></span> 
     </span>
    </p>
   </div>
   <div class='ocr_carea' id='block_1_78' title="bbox 1867 3461 3466 3534">
    <p class='ocr_par' dir='ltr' id='par_1_78' title="bbox 1867 3461 3466 3534">
     <span class='ocr_line' id='line_1_78' title="bbox 1867 3461 3466 3534; baseline 0.001 -14"><span class='ocrx_word' id='word_1_561' title='bbox 1867 3463 2016 3534; x_wconf 84' lang='lat' dir='ltr'><strong>scopi</strong></span> <span class='ocrx_word' id='word_1_562' title='bbox 2054 3463 2163 3519; x_wconf 91' lang='lat' dir='ltr'><strong>sint</strong></span> <span class='ocrx_word' id='word_1_563' title='bbox 2185 3462 2410 3534; x_wconf 77' lang='lat' dir='ltr'><strong>prolata:</strong></span> <span class='ocrx_word' id='word_1_564' title='bbox 2437 3463 2775 3534; x_wconf 87' lang='lat' dir='ltr'><strong>apertissime</strong></span> <span class='ocrx_word' id='word_1_565' title='bbox 2817 3461 3222 3530; x_wconf 86' lang='lat' dir='ltr'><strong>demonstratis,</strong></span> <span class='ocrx_word' id='word_1_566' title='bbox 3271 3479 3466 3521; x_wconf 87' lang='lat' dir='ltr'><strong>conse-</strong></span> 
     </span>
    </p>
   </div>
   <div class='ocr_carea' id='block_1_79' title="bbox 1866 3553 3464 3626">
    <p class='ocr_par' dir='ltr' id='par_1_79' title="bbox 1866 3553 3464 3626">
     <span class='ocr_line' id='line_1_79' title="bbox 1866 3553 3464 3626; baseline 0.003 -16"><span class='ocrx_word' id='word_1_567' title='bbox 1866 3569 2038 3626; x_wconf 83' lang='lat' dir='ltr'><strong>quens</strong></span> <span class='ocrx_word' id='word_1_568' title='bbox 2081 3564 2166 3612; x_wconf 86' lang='lat' dir='ltr'><strong>est</strong></span> <span class='ocrx_word' id='word_1_569' title='bbox 2205 3563 2264 3615; x_wconf 86' lang='lat' dir='ltr'><strong>ut</strong></span> <span class='ocrx_word' id='word_1_570' title='bbox 2290 3565 2614 3613; x_wconf 54' lang='lat' dir='ltr'><strong>ceterorum</strong></span> <span class='ocrx_word' id='word_1_571' title='bbox 2655 3555 2874 3612; x_wconf 86' lang='lat' dir='ltr'><strong>Patrum</strong></span> <span class='ocrx_word' id='word_1_572' title='bbox 2920 3553 3064 3612; x_wconf 85' lang='lat' dir='ltr'><strong>idem</strong></span> <span class='ocrx_word' id='word_1_573' title='bbox 3111 3557 3464 3614; x_wconf 88' lang='lat' dir='ltr'><strong>sentientium</strong></span> 
     </span>
    </p>
   </div>
   <div class='ocr_carea' id='block_1_80' title="bbox 1866 3645 3466 3721">
    <p class='ocr_par' dir='ltr' id='par_1_80' title="bbox 1866 3645 3466 3721">
     <span class='ocr_line' id='line_1_80' title="bbox 1866 3645 3466 3721; baseline 0.004 -18"><span class='ocrx_word' id='word_1_574' title='bbox 1866 3645 2208 3705; x_wconf 78' lang='lat' dir='ltr'><strong>definitiones</strong></span> <span class='ocrx_word' id='word_1_575' title='bbox 2235 3649 2350 3721; x_wconf 84' lang='lat' dir='ltr'><strong>pari</strong></span> <span class='ocrx_word' id='word_1_576' title='bbox 2379 3649 2608 3706; x_wconf 86' lang='lat' dir='ltr'><strong>veritate</strong></span> <span class='ocrx_word' id='word_1_577' title='bbox 2636 3647 2926 3706; x_wconf 88' lang='lat' dir='ltr'><strong>debeamus</strong></span> <span class='ocrx_word' id='word_1_578' title='bbox 2963 3649 3252 3720; x_wconf 80' lang='lat' dir='ltr'><strong>inspicere,</strong></span> <span class='ocrx_word' id='word_1_579' title='bbox 3285 3653 3466 3709; x_wconf 79' lang='lat' dir='ltr'><strong>tacitis</strong></span> 
     </span>
    </p>
   </div>
   <div class='ocr_carea' id='block_1_81' title="bbox 1865 3737 3466 3814">
    <p class='ocr_par' dir='ltr' id='par_1_81' title="bbox 1865 3737 3466 3814">
     <span class='ocr_line' id='line_1_81' title="bbox 1865 3737 3466 3814; baseline 0.006 -23"><span class='ocrx_word' id='word_1_580' title='bbox 1865 3737 2140 3808; x_wconf 88' lang='lat' dir='ltr'><strong>paulisper</strong></span> <span class='ocrx_word' id='word_1_581' title='bbox 2186 3739 2748 3803; x_wconf 86' lang='lat' dir='ltr'><strong>reverentissimorum</strong></span> <span class='ocrx_word' id='word_1_582' title='bbox 2775 3737 3050 3798; x_wconf 83' lang='lat' dir='ltr'><strong>Juvenalis</strong></span> <span class='ocrx_word' id='word_1_583' title='bbox 3093 3751 3256 3814; x_wconf 87' lang='lat' dir='ltr'><strong>atque</strong></span> <span class='ocrx_word' id='word_1_584' title='bbox 3284 3741 3466 3800; x_wconf 82' lang='lat' dir='ltr'><strong>Euno—</strong></span> 
     </span>
    </p>
   </div>
   <div class='ocr_carea' id='block_1_82' title="bbox 1865 3828 3464 3904">
    <p class='ocr_par' dir='ltr' id='par_1_82' title="bbox 1865 3828 3464 3904">
     <span class='ocr_line' id='line_1_82' title="bbox 1865 3828 3464 3904; baseline 0.006 -22"><span class='ocrx_word' id='word_1_585' title='bbox 1865 3828 1960 3882; x_wconf 90' lang='lat' dir='ltr'><strong>mii</strong></span> <span class='ocrx_word' id='word_1_586' title='bbox 1988 3829 2370 3900; x_wconf 85' lang='lat' dir='ltr'><strong>episcoporum</strong></span> <span class='ocrx_word' id='word_1_587' title='bbox 2395 3828 2938 3898; x_wconf 83' lang='lat' dir='ltr'><strong>interlocutionibus;</strong></span> <span class='ocrx_word' id='word_1_588' title='bbox 2967 3847 3100 3904; x_wconf 70' lang='lat' dir='ltr'><strong>quas</strong></span> <span class='ocrx_word' id='word_1_589' title='bbox 3121 3831 3250 3890; x_wconf 83' lang='lat' dir='ltr'><strong>licet</strong></span> <span class='ocrx_word' id='word_1_590' title='bbox 3267 3849 3334 3890; x_wconf 80' lang='lat' dir='ltr'><strong>ex</strong></span> <span class='ocrx_word' id='word_1_591' title='bbox 3357 3835 3464 3892; x_wconf 89' lang='lat' dir='ltr'><strong>alia</strong></span> 
     </span>
    </p>
   </div>
   <div class='ocr_carea' id='block_1_83' title="bbox 1864 3917 3464 3992">
    <p class='ocr_par' dir='ltr' id='par_1_83' title="bbox 1864 3917 3464 3992">
     <span class='ocr_line' id='line_1_83' title="bbox 1864 3917 3464 3992; baseline 0.004 -21"><span class='ocrx_word' id='word_1_592' title='bbox 1864 3930 2040 3988; x_wconf 88' lang='lat' dir='ltr'><strong>parte,</strong></span> <span class='ocrx_word' id='word_1_593' title='bbox 2070 3917 2170 3988; x_wconf 86' lang='lat' dir='ltr'><strong>ipsi</strong></span> <span class='ocrx_word' id='word_1_594' title='bbox 2197 3923 2376 3974; x_wconf 89' lang='lat' dir='ltr'><strong>tamen</strong></span> <span class='ocrx_word' id='word_1_595' title='bbox 2402 3918 2585 3974; x_wconf 85' lang='lat' dir='ltr'><strong>sensui</strong></span> <span class='ocrx_word' id='word_1_596' title='bbox 2603 3920 2894 3976; x_wconf 86' lang='lat' dir='ltr'><strong>convenire</strong></span> <span class='ocrx_word' id='word_1_597' title='bbox 2917 3937 3016 3978; x_wconf 86' lang='lat' dir='ltr'><strong>suo</strong></span> <span class='ocrx_word' id='word_1_598' title='bbox 3041 3922 3163 3980; x_wconf 88' lang='lat' dir='ltr'><strong>loco</strong></span> <span class='ocrx_word' id='word_1_599' title='bbox 3192 3939 3464 3992; x_wconf 71' lang='lat' dir='ltr'><strong>monstra.</strong></span> 
     </span>
    </p>
   </div>
   <div class='ocr_carea' id='block_1_84' title="bbox 1865 3997 3454 4084">
    <p class='ocr_par' dir='ltr' id='par_1_84' title="bbox 1865 3997 3454 4084">
     <span class='ocr_line' id='line_1_84' title="bbox 1865 3997 3454 4084; baseline 0.006 -23"><span class='ocrx_word' id='word_1_600' title='bbox 1865 4007 2058 4066; x_wconf 82' lang='lat' dir='ltr'><strong>vimus.</strong></span> <span class='ocrx_word' id='word_1_601' title='bbox 2103 4005 2290 4078; x_wconf 85' lang='lat' dir='ltr'><strong>itaque</strong></span> <span class='ocrx_word' id='word_1_602' title='bbox 2334 4005 2646 4066; x_wconf 82' lang='lat' dir='ltr'><strong>Thalassius</strong></span> <span class='ocrx_word' id='word_1_603' title='bbox 2669 4007 2931 4066; x_wconf 68' lang='lat' dir='ltr'><strong>Ctesareai</strong></span> <span class='ocrx_word' id='word_1_604' title='bbox 2957 3997 3309 4081; x_wconf 70' lang='lat' dir='ltr'><strong>Cappadocia:</strong></span> <span class='ocrx_word' id='word_1_605' title='bbox 3337 4014 3454 4084; x_wconf 85' lang='lat' dir='ltr'><strong>epi-</strong></span> 
     </span>
    </p>
   </div>
   <div class='ocr_carea' id='block_1_85' title="bbox 1861 4097 3452 4174">
    <p class='ocr_par' dir='ltr' id='par_1_85' title="bbox 1861 4097 3452 4174">
     <span class='ocr_line' id='line_1_85' title="bbox 1861 4097 3452 4174; baseline 0.001 -18"><span class='ocrx_word' id='word_1_606' title='bbox 1861 4114 2059 4168; x_wconf 81' lang='lat' dir='ltr'><strong>scopus</strong></span> <span class='ocrx_word' id='word_1_607' title='bbox 2085 4101 2166 4156; x_wconf 91' lang='lat' dir='ltr'><strong>sic</strong></span> <span class='ocrx_word' id='word_1_608' title='bbox 2191 4099 2320 4157; x_wconf 83' lang='lat' dir='ltr'><strong>dicit</strong></span> <span class='ocrx_word' id='word_1_609' title='bbox 2359 4097 2497 4170; x_wconf 75' lang='lat' dir='ltr'><strong>(Act.</strong></span> <span class='ocrx_word' id='word_1_610' title='bbox 2529 4098 2620 4172; x_wconf 79' lang='lat' dir='ltr'><strong>i0)</strong></span> <span class='ocrx_word' id='word_1_611' title='bbox 2652 4110 2669 4150; x_wconf 90' lang='lat'><strong>:</strong></span> <span class='ocrx_word' id='word_1_612' title='bbox 2699 4098 3147 4156; x_wconf 76' lang='lat' dir='ltr'><strong>Revereatissinsis</strong></span> <span class='ocrx_word' id='word_1_613' title='bbox 3191 4103 3452 4174; x_wconf 81' lang='lat' dir='ltr'><strong>episcopis</strong></span> 
     </span>
    </p>
   </div>
   <div class='ocr_carea' id='block_1_86' title="bbox 1865 4189 3460 4266">
    <p class='ocr_par' dir='ltr' id='par_1_86' title="bbox 1865 4189 3460 4266">
     <span class='ocr_line' id='line_1_86' title="bbox 1865 4189 3460 4266; baseline 0.001 -20"><span class='ocrx_word' id='word_1_614' title='bbox 1865 4191 2060 4248; x_wconf 75' lang='lat' dir='ltr'><strong>Plutia</strong></span> <span class='ocrx_word' id='word_1_615' title='bbox 2083 4201 2134 4246; x_wconf 89' lang='lat' dir='ltr'><strong>et</strong></span> <span class='ocrx_word' id='word_1_616' title='bbox 2168 4189 2447 4246; x_wconf 76' lang='lat' dir='ltr'><strong>Eustatltio</strong></span> <span class='ocrx_word' id='word_1_617' title='bbox 2475 4189 2927 4262; x_wconf 81' lang='lat' dir='ltr'><strong>comprobantibus</strong></span> <span class='ocrx_word' id='word_1_618' title='bbox 2968 4189 3079 4248; x_wconf 70' lang='lat' dir='ltr'><strong>Ibo:</strong></span> <span class='ocrx_word' id='word_1_619' title='bbox 3102 4194 3382 4266; x_wconf 75' lang='lat' dir='ltr'><strong>negotium,</strong></span> <span class='ocrx_word' id='word_1_620' title='bbox 3406 4203 3460 4248; x_wconf 87' lang='lat' dir='ltr'><strong>et</strong></span> 
     </span>
    </p>
   </div>
   <div class='ocr_carea' id='block_1_87' title="bbox 1863 4281 3459 4356">
    <p class='ocr_par' dir='ltr' id='par_1_87' title="bbox 1863 4281 3459 4356">
     <span class='ocr_line' id='line_1_87' title="bbox 1863 4281 3459 4356; baseline 0.003 -20"><span class='ocrx_word' id='word_1_621' title='bbox 1863 4297 1968 4338; x_wconf 72' lang='lat' dir='ltr'><strong>non</strong></span> <span class='ocrx_word' id='word_1_622' title='bbox 1996 4281 2418 4354; x_wconf 81' lang='lat' dir='ltr'><strong>odjudicantibus</strong></span> <span class='ocrx_word' id='word_1_623' title='bbox 2439 4298 2576 4350; x_wconf 83' lang='lat' dir='ltr'><strong>eunt,</strong></span> <span class='ocrx_word' id='word_1_624' title='bbox 2605 4283 2787 4338; x_wconf 78' lang='lat' dir='ltr'><strong>horum</strong></span> <span class='ocrx_word' id='word_1_625' title='bbox 2815 4283 3061 4354; x_wconf 80' lang='lat' dir='ltr'><strong>opinione</strong></span> <span class='ocrx_word' id='word_1_626' title='bbox 3087 4299 3271 4338; x_wconf 80' lang='lat' dir='ltr'><strong>suasus</strong></span> <span class='ocrx_word' id='word_1_627' title='bbox 3295 4292 3347 4338; x_wconf 90' lang='lat' dir='ltr'><strong>et</strong></span> <span class='ocrx_word' id='word_1_628' title='bbox 3363 4300 3459 4356; x_wconf 81' lang='lat' dir='ltr'><strong>ego</strong></span> 
     </span>
    </p>
   </div>
   <div class='ocr_carea' id='block_1_88' title="bbox 1861 4373 3459 4440">
    <p class='ocr_par' dir='ltr' id='par_1_88' title="bbox 1861 4373 3459 4440">
     <span class='ocr_line' id='line_1_88' title="bbox 1861 4373 3459 4440; baseline 0.003 -11"><span class='ocrx_word' id='word_1_629' title='bbox 1861 4375 1975 4430; x_wconf 66' lang='lat' dir='ltr'><strong>toto</strong></span> <span class='ocrx_word' id='word_1_630' title='bbox 2000 4373 2183 4430; x_wconf 71' lang='lat' dir='ltr'><strong>haberi</strong></span> <span class='ocrx_word' id='word_1_631' title='bbox 2209 4391 2329 4430; x_wconf 80' lang='lat' dir='ltr'><strong>eum</strong></span> <span class='ocrx_word' id='word_1_632' title='bbox 2375 4375 2430 4430; x_wconf 85' lang='lat' dir='ltr'><strong>in</strong></span> <span class='ocrx_word' id='word_1_633' title='bbox 2477 4374 2794 4440; x_wconf 84' lang='lat' dir='ltr'><strong>sacerdotio,</strong></span> <span class='ocrx_word' id='word_1_634' title='bbox 2846 4376 2980 4430; x_wconf 77' lang='lat' dir='ltr'><strong>sicut</strong></span> <span class='ocrx_word' id='word_1_635' title='bbox 3019 4384 3070 4431; x_wconf 87' lang='lat' dir='ltr'><strong>et</strong></span> <span class='ocrx_word' id='word_1_636' title='bbox 3115 4377 3459 4434; x_wconf 80' lang='lat' dir='ltr'><strong>sanctissimis</strong></span> 
     </span>
    </p>
   </div>
   <div class='ocr_carea' id='block_1_89' title="bbox 1861 4463 3458 4540">
    <p class='ocr_par' dir='ltr' id='par_1_89' title="bbox 1861 4463 3458 4540">
     <span class='ocr_line' id='line_1_89' title="bbox 1861 4463 3458 4540; baseline 0.003 -22"><span class='ocrx_word' id='word_1_637' title='bbox 1861 4463 2168 4537; x_wconf 73' lang='lat' dir='ltr'><strong>prmlibus</strong></span> <span class='ocrx_word' id='word_1_638' title='bbox 2208 4465 2372 4524; x_wconf 77' lang='lat' dir='ltr'><strong>uisum</strong></span> <span class='ocrx_word' id='word_1_639' title='bbox 2416 4475 2514 4531; x_wconf 89' lang='lat' dir='ltr'><strong>est,</strong></span> <span class='ocrx_word' id='word_1_640' title='bbox 2544 4467 2668 4539; x_wconf 84' lang='lat' dir='ltr'><strong>quia</strong></span> <span class='ocrx_word' id='word_1_641' title='bbox 2697 4467 2926 4522; x_wconf 71' lang='lat' dir='ltr'><strong>maxime</strong></span> <span class='ocrx_word' id='word_1_642' title='bbox 2960 4467 3119 4539; x_wconf 81' lang='lat' dir='ltr'><strong>gestis</strong></span> <span class='ocrx_word' id='word_1_643' title='bbox 3145 4471 3370 4540; x_wconf 78' lang='lat' dir='ltr'><strong>suscepit</strong></span> <span class='ocrx_word' id='word_1_644' title='bbox 3398 4477 3458 4524; x_wconf 86' lang='lat' dir='ltr'><strong>ut</strong></span> 
     </span>
    </p>
   </div>
   <div class='ocr_carea' id='block_1_90' title="bbox 165 4547 1767 4654">
    <p class='ocr_par' dir='ltr' id='par_1_90' title="bbox 165 4547 1757 4622">
     <span class='ocr_line' id='line_1_90' title="bbox 165 4547 1757 4622; baseline 0.001 -16"><span class='ocrx_word' id='word_1_645' title='bbox 165 4551 367 4622; x_wconf 87' lang='lat' dir='ltr'><strong>poterit</strong></span> <span class='ocrx_word' id='word_1_646' title='bbox 397 4563 682 4620; x_wconf 87' lang='lat' dir='ltr'><strong>apparere.</strong></span> <span class='ocrx_word' id='word_1_647' title='bbox 719 4547 818 4604; x_wconf 77' lang='lat' dir='ltr'><strong>Ubi</strong></span> <span class='ocrx_word' id='word_1_648' title='bbox 847 4549 1079 4620; x_wconf 91' lang='lat' dir='ltr'><strong>primum</strong></span> <span class='ocrx_word' id='word_1_649' title='bbox 1101 4550 1344 4606; x_wconf 88' lang='lat' dir='ltr'><strong>omnium</strong></span> <span class='ocrx_word' id='word_1_650' title='bbox 1375 4552 1534 4608; x_wconf 90' lang='lat' dir='ltr'><strong>nobis</strong></span> <span class='ocrx_word' id='word_1_651' title='bbox 1558 4560 1643 4609; x_wconf 87' lang='lat' dir='ltr'><strong>est</strong></span> <span class='ocrx_word' id='word_1_652' title='bbox 1671 4552 1757 4608; x_wconf 83' lang='lat' dir='ltr'><strong>di-</strong></span> 
     </span>
    </p>
   </div>
   <div class='ocr_carea' id='block_1_91' title="bbox 1869 4547 3454 4654">
    <p class='ocr_par' dir='ltr' id='par_1_91' title="bbox 1869 4555 3454 4630">
     <span class='ocr_line' id='line_1_91' title="bbox 1869 4555 3454 4630; baseline 0.003 -20"><span class='ocrx_word' id='word_1_653' title='bbox 1869 4555 2344 4620; x_wconf 43' lang='lat' dir='ltr'><strong>anathentatisaret,</strong></span> <span class='ocrx_word' id='word_1_654' title='bbox 2367 4557 2460 4612; x_wconf 79' lang='lat' dir='ltr'><strong>illa</strong></span> <span class='ocrx_word' id='word_1_655' title='bbox 2506 4573 2624 4628; x_wconf 77' lang='lat' dir='ltr'><strong>qua:</strong></span> <span class='ocrx_word' id='word_1_656' title='bbox 2667 4559 2782 4630; x_wconf 84' lang='lat' dir='ltr'><strong>ejus</strong></span> <span class='ocrx_word' id='word_1_657' title='bbox 2829 4568 3158 4615; x_wconf 80' lang='lat' dir='ltr'><strong>accusatores</strong></span> <span class='ocrx_word' id='word_1_658' title='bbox 3207 4559 3454 4616; x_wconf 78' lang='lat' dir='ltr'><strong>adversus</strong></span> 
     </span>
    </p>
   </div>
   <div class='ocr_carea' id='block_1_92' title="bbox 164 4638 1762 4711">
    <p class='ocr_par' dir='ltr' id='par_1_92' title="bbox 164 4638 1762 4711">
     <span class='ocr_line' id='line_1_92' title="bbox 164 4638 1762 4711; baseline 0.003 -15"><span class='ocrx_word' id='word_1_659' title='bbox 164 4641 395 4711; x_wconf 83' lang='lat' dir='ltr'><strong>ligenter</strong></span> <span class='ocrx_word' id='word_1_660' title='bbox 417 4647 584 4711; x_wconf 87' lang='lat' dir='ltr'><strong>atque</strong></span> <span class='ocrx_word' id='word_1_661' title='bbox 602 4638 872 4708; x_wconf 85' lang='lat' dir='ltr'><strong>sagaciter</strong></span> <span class='ocrx_word' id='word_1_662' title='bbox 898 4639 1214 4698; x_wconf 85' lang='lat' dir='ltr'><strong>intuendum</strong></span> <span class='ocrx_word' id='word_1_663' title='bbox 1243 4639 1387 4711; x_wconf 89' lang='lat' dir='ltr'><strong>quod</strong></span> <span class='ocrx_word' id='word_1_664' title='bbox 1412 4641 1631 4700; x_wconf 88' lang='lat' dir='ltr'><strong>Patrum</strong></span> <span class='ocrx_word' id='word_1_665' title='bbox 1659 4659 1762 4700; x_wconf 88' lang='lat' dir='ltr'><strong>no—</strong></span> 
     </span>
    </p>
   </div>
   <div class='ocr_carea' id='block_1_93' title="bbox 163 4731 1760 4800">
    <p class='ocr_par' dir='ltr' id='par_1_93' title="bbox 163 4731 1760 4800">
     <span class='ocr_line' id='line_1_93' title="bbox 163 4731 1760 4800; baseline 0.002 -12"><span class='ocrx_word' id='word_1_666' title='bbox 163 4743 403 4788; x_wconf 89' lang='lat' dir='ltr'><strong>strorum</strong></span> <span class='ocrx_word' id='word_1_667' title='bbox 428 4745 542 4786; x_wconf 90' lang='lat' dir='ltr'><strong>uno</strong></span> <span class='ocrx_word' id='word_1_668' title='bbox 568 4745 732 4786; x_wconf 89' lang='lat' dir='ltr'><strong>sensu</strong></span> <span class='ocrx_word' id='word_1_669' title='bbox 752 4745 965 4800; x_wconf 89' lang='lat' dir='ltr'><strong>unaque</strong></span> <span class='ocrx_word' id='word_1_670' title='bbox 992 4740 1175 4788; x_wconf 87' lang='lat' dir='ltr'><strong>mente</strong></span> <span class='ocrx_word' id='word_1_671' title='bbox 1201 4731 1268 4788; x_wconf 89' lang='lat' dir='ltr'><strong>de</strong></span> <span class='ocrx_word' id='word_1_672' title='bbox 1295 4732 1634 4790; x_wconf 88' lang='lat' dir='ltr'><strong>absolutione</strong></span> <span class='ocrx_word' id='word_1_673' title='bbox 1654 4734 1760 4792; x_wconf 60' lang='lat' dir='ltr'><strong>lbra</strong></span> 
     </span>
    </p>
   </div>
   <div class='ocr_carea' id='block_1_94' title="bbox 164 4821 1759 4893">
    <p class='ocr_par' dir='ltr' id='par_1_94' title="bbox 164 4821 1759 4893">
     <span class='ocr_line' id='line_1_94' title="bbox 164 4821 1759 4893; baseline 0.004 -15"><span class='ocrx_word' id='word_1_674' title='bbox 164 4821 404 4893; x_wconf 87' lang='lat' dir='ltr'><strong>episcopi</strong></span> <span class='ocrx_word' id='word_1_675' title='bbox 427 4835 685 4878; x_wconf 73' lang='lat' dir='ltr'><strong>consona:</strong></span> <span class='ocrx_word' id='word_1_676' title='bbox 707 4821 908 4876; x_wconf 88' lang='lat' dir='ltr'><strong>fuerint</strong></span> <span class='ocrx_word' id='word_1_677' title='bbox 919 4821 1143 4893; x_wconf 70' lang='lat' dir='ltr'><strong>prolata:</strong></span> <span class='ocrx_word' id='word_1_678' title='bbox 1156 4825 1439 4882; x_wconf 64' lang='lat' dir='ltr'><strong>sententiae</strong></span> <span class='ocrx_word' id='word_1_679' title='bbox 1464 4824 1759 4884; x_wconf 89' lang='lat' dir='ltr'><strong>dicentium</strong></span> 
     </span>
    </p>
   </div>
   <div class='ocr_carea' id='block_1_95' title="bbox 165 4911 1761 4988">
    <p class='ocr_par' dir='ltr' id='par_1_95' title="bbox 165 4911 1761 4988">
     <span class='ocr_line' id='line_1_95' title="bbox 165 4911 1761 4988; baseline 0.003 -18"><span class='ocrx_word' id='word_1_680' title='bbox 165 4912 307 4983; x_wconf 82' lang='lat' dir='ltr'><strong>quod</strong></span> <span class='ocrx_word' id='word_1_681' title='bbox 334 4912 482 4968; x_wconf 86' lang='lat' dir='ltr'><strong>idem</strong></span> <span class='ocrx_word' id='word_1_682' title='bbox 510 4911 631 4968; x_wconf 86' lang='lat' dir='ltr'><strong>lbas</strong></span> <span class='ocrx_word' id='word_1_683' title='bbox 657 4913 943 4982; x_wconf 86' lang='lat' dir='ltr'><strong>episcopus</strong></span> <span class='ocrx_word' id='word_1_684' title='bbox 968 4913 1038 4968; x_wconf 89' lang='lat' dir='ltr'><strong>ab</strong></span> <span class='ocrx_word' id='word_1_685' title='bbox 1061 4915 1312 4976; x_wconf 88' lang='lat' dir='ltr'><strong>omnibus</strong></span> <span class='ocrx_word' id='word_1_686' title='bbox 1337 4931 1459 4988; x_wconf 70' lang='lat' dir='ltr'><strong>quae</strong></span> <span class='ocrx_word' id='word_1_687' title='bbox 1486 4917 1537 4972; x_wconf 89' lang='lat' dir='ltr'><strong>ci</strong></span> <span class='ocrx_word' id='word_1_688' title='bbox 1567 4919 1636 4974; x_wconf 88' lang='lat' dir='ltr'><strong>ab</strong></span> <span class='ocrx_word' id='word_1_689' title='bbox 1666 4935 1761 4977; x_wconf 84' lang='lat' dir='ltr'><strong>ac.</strong></span> 
     </span>
    </p>
   </div>
   <div class='ocr_carea' id='block_1_96' title="bbox 163 4999 1755 5082">
    <p class='ocr_par' dir='ltr' id='par_1_96' title="bbox 163 4999 1755 5082">
     <span class='ocr_line' id='line_1_96' title="bbox 163 4999 1755 5082; baseline 0.005 -26"><span class='ocrx_word' id='word_1_690' title='bbox 163 5001 507 5057; x_wconf 87' lang='lat' dir='ltr'><strong>cusatoribus</strong></span> <span class='ocrx_word' id='word_1_691' title='bbox 531 4999 746 5072; x_wconf 89' lang='lat' dir='ltr'><strong>objecta</strong></span> <span class='ocrx_word' id='word_1_692' title='bbox 783 5009 910 5057; x_wconf 89' lang='lat' dir='ltr'><strong>sunt</strong></span> <span class='ocrx_word' id='word_1_693' title='bbox 937 5002 1009 5057; x_wconf 89' lang='lat' dir='ltr'><strong>sit</strong></span> <span class='ocrx_word' id='word_1_694' title='bbox 1045 5003 1314 5062; x_wconf 79' lang='lat' dir='ltr'><strong>obnoxius</strong></span> <span class='ocrx_word' id='word_1_695' title='bbox 1341 5006 1636 5082; x_wconf 78' lang='lat' dir='ltr'><strong>[innoxius]</strong></span> <span class='ocrx_word' id='word_1_696' title='bbox 1661 5025 1755 5082; x_wconf 81' lang='lat' dir='ltr'><strong>ap-</strong></span> 
     </span>
    </p>
   </div>
   <div class='ocr_carea' id='block_1_97' title="bbox 163 5091 1760 5168">
    <p class='ocr_par' dir='ltr' id='par_1_97' title="bbox 163 5091 1760 5168">
     <span class='ocr_line' id='line_1_97' title="bbox 163 5091 1760 5168; baseline 0.005 -18"><span class='ocrx_word' id='word_1_697' title='bbox 163 5095 446 5168; x_wconf 85' lang='lat' dir='ltr'><strong>probatus.</strong></span> <span class='ocrx_word' id='word_1_698' title='bbox 480 5091 804 5163; x_wconf 84' lang='lat' dir='ltr'><strong>Legatorum</strong></span> <span class='ocrx_word' id='word_1_699' title='bbox 833 5093 976 5149; x_wconf 89' lang='lat' dir='ltr'><strong>enim</strong></span> <span class='ocrx_word' id='word_1_700' title='bbox 1021 5093 1166 5151; x_wconf 87' lang='lat' dir='ltr'><strong>sedis</strong></span> <span class='ocrx_word' id='word_1_701' title='bbox 1193 5097 1508 5167; x_wconf 69' lang='lat' dir='ltr'><strong>apostolicae</strong></span> <span class='ocrx_word' id='word_1_702' title='bbox 1535 5099 1760 5158; x_wconf 88' lang='lat' dir='ltr'><strong>interlo-</strong></span> 
     </span>
    </p>
   </div>
   <div class='ocr_carea' id='block_1_98' title="bbox 165 5184 1758 5255">
    <p class='ocr_par' dir='ltr' id='par_1_98' title="bbox 165 5184 1758 5255">
     <span class='ocr_line' id='line_1_98' title="bbox 165 5184 1758 5255; baseline 0.003 -14"><span class='ocrx_word' id='word_1_703' title='bbox 165 5184 310 5242; x_wconf 87' lang='lat' dir='ltr'><strong>cutio</strong></span> <span class='ocrx_word' id='word_1_704' title='bbox 337 5185 394 5240; x_wconf 91' lang='lat' dir='ltr'><strong>in</strong></span> <span class='ocrx_word' id='word_1_705' title='bbox 419 5185 592 5255; x_wconf 86' lang='lat' dir='ltr'><strong>prima</strong></span> <span class='ocrx_word' id='word_1_706' title='bbox 621 5184 704 5239; x_wconf 86' lang='lat' dir='ltr'><strong>sui</strong></span> <span class='ocrx_word' id='word_1_707' title='bbox 733 5193 886 5254; x_wconf 85' lang='lat' dir='ltr'><strong>parte</strong></span> <span class='ocrx_word' id='word_1_708' title='bbox 916 5185 989 5240; x_wconf 90' lang='lat' dir='ltr'><strong>ita</strong></span> <span class='ocrx_word' id='word_1_709' title='bbox 1022 5200 1083 5240; x_wconf 89' lang='lat' dir='ltr'><strong>se</strong></span> <span class='ocrx_word' id='word_1_710' title='bbox 1107 5185 1272 5242; x_wconf 87' lang='lat' dir='ltr'><strong>habet</strong></span> <span class='ocrx_word' id='word_1_711' title='bbox 1303 5205 1316 5242; x_wconf 89' lang='lat'><strong>:</strong></span> <span class='ocrx_word' id='word_1_712' title='bbox 1348 5185 1572 5246; x_wconf 84' lang='lat' dir='ltr'><strong>Retectis</strong></span> <span class='ocrx_word' id='word_1_713' title='bbox 1600 5191 1758 5247; x_wconf 72' lang='lat' dir='ltr'><strong>citar-</strong></span> 
     </span>
    </p>
   </div>
   <div class='ocr_carea' id='block_1_99' title="bbox 165 5266 1758 5356">
    <p class='ocr_par' dir='ltr' id='par_1_99' title="bbox 165 5266 1758 5356">
     <span class='ocr_line' id='line_1_99' title="bbox 165 5266 1758 5356; baseline 0.008 -26"><span class='ocrx_word' id='word_1_714' title='bbox 165 5266 228 5332; x_wconf 82' lang='lat' dir='ltr'><strong>tis</strong></span> <span class='ocrx_word' id='word_1_715' title='bbox 247 5277 554 5349; x_wconf 74' lang='lat' dir='ltr'><strong>agnovimus</strong></span> <span class='ocrx_word' id='word_1_716' title='bbox 581 5293 646 5331; x_wconf 68' lang='lat' dir='ltr'><strong>ex</strong></span> <span class='ocrx_word' id='word_1_717' title='bbox 667 5278 924 5331; x_wconf 82' lang='lat' dir='ltr'><strong>sententia</strong></span> <span class='ocrx_word' id='word_1_718' title='bbox 945 5280 1469 5336; x_wconf 75' lang='lat' dir='ltr'><strong>rererentissimorum</strong></span> <span class='ocrx_word' id='word_1_719' title='bbox 1489 5284 1758 5356; x_wconf 84' lang='lat' dir='ltr'><strong>episcopo-</strong></span> 
     </span>
    </p>
   </div>
   <div class='ocr_carea' id='block_1_100' title="bbox 161 5367 1756 5444">
    <p class='ocr_par' dir='ltr' id='par_1_100' title="bbox 161 5367 1756 5444">
     <span class='ocr_line' id='line_1_100' title="bbox 161 5367 1756 5444; baseline 0.005 -20"><span class='ocrx_word' id='word_1_720' title='bbox 161 5386 276 5426; x_wconf 77' lang='lat' dir='ltr'><strong>runt</strong></span> <span class='ocrx_word' id='word_1_721' title='bbox 296 5367 453 5425; x_wconf 79' lang='lat' dir='ltr'><strong>Ibam</strong></span> <span class='ocrx_word' id='word_1_722' title='bbox 475 5369 946 5428; x_wconf 72' lang='lat' dir='ltr'><strong>reverentissimum</strong></span> <span class='ocrx_word' id='word_1_723' title='bbox 967 5369 1240 5426; x_wconf 61' lang='lat' dir='ltr'><strong>innoxium</strong></span> <span class='ocrx_word' id='word_1_724' title='bbox 1259 5369 1569 5443; x_wconf 76' lang='lat' dir='ltr'><strong>approbari;</strong></span> <span class='ocrx_word' id='word_1_725' title='bbox 1593 5389 1756 5444; x_wconf 88' lang='lat' dir='ltr'><strong>quam</strong></span> 
     </span>
    </p>
   </div>
   <div class='ocr_carea' id='block_1_101' title="bbox 163 5459 1754 5538">
    <p class='ocr_par' dir='ltr' id='par_1_101' title="bbox 163 5459 1754 5538">
     <span class='ocr_line' id='line_1_101' title="bbox 163 5459 1754 5538; baseline 0.004 -20"><span class='ocrx_word' id='word_1_726' title='bbox 163 5461 444 5518; x_wconf 85' lang='lat' dir='ltr'><strong>evidenter</strong></span> <span class='ocrx_word' id='word_1_727' title='bbox 469 5461 538 5516; x_wconf 87' lang='lat' dir='ltr'><strong>ab</strong></span> <span class='ocrx_word' id='word_1_728' title='bbox 578 5459 832 5516; x_wconf 71' lang='lat' dir='ltr'><strong>Anatolio</strong></span> <span class='ocrx_word' id='word_1_729' title='bbox 859 5459 1468 5533; x_wconf 85' lang='lat' dir='ltr'><strong>Constantinopolitano</strong></span> <span class='ocrx_word' id='word_1_730' title='bbox 1497 5465 1754 5538; x_wconf 86' lang='lat' dir='ltr'><strong>episcopo</strong></span> 
     </span>
    </p>
   </div>
   <div class='ocr_carea' id='block_1_102' title="bbox 161 5552 1758 5626">
    <p class='ocr_par' dir='ltr' id='par_1_102' title="bbox 161 5552 1758 5626">
     <span class='ocr_line' id='line_1_102' title="bbox 161 5552 1758 5626; baseline 0.004 -16"><span class='ocrx_word' id='word_1_731' title='bbox 161 5553 509 5612; x_wconf 87' lang='lat' dir='ltr'><strong>interlocutio</strong></span> <span class='ocrx_word' id='word_1_732' title='bbox 547 5553 756 5624; x_wconf 83' lang='lat' dir='ltr'><strong>prolata</strong></span> <span class='ocrx_word' id='word_1_733' title='bbox 800 5552 1149 5624; x_wconf 88' lang='lat' dir='ltr'><strong>subsequitur</strong></span> <span class='ocrx_word' id='word_1_734' title='bbox 1175 5555 1488 5626; x_wconf 81' lang='lat' dir='ltr'><strong>exprimens</strong></span> <span class='ocrx_word' id='word_1_735' title='bbox 1517 5558 1660 5626; x_wconf 90' lang='lat' dir='ltr'><strong>quod</strong></span> <span class='ocrx_word' id='word_1_736' title='bbox 1690 5559 1758 5616; x_wconf 89' lang='lat' dir='ltr'><strong>ab</strong></span> 
     </span>
    </p>
   </div>
   <div class='ocr_carea' id='block_1_103' title="bbox 162 5644 1760 5716">
    <p class='ocr_par' dir='ltr' id='par_1_103' title="bbox 162 5644 1760 5716">
     <span class='ocr_line' id='line_1_103' title="bbox 162 5644 1760 5716; baseline 0.004 -16"><span class='ocrx_word' id='word_1_737' title='bbox 162 5644 243 5700; x_wconf 88' lang='lat' dir='ltr'><strong>bis</strong></span> <span class='ocrx_word' id='word_1_738' title='bbox 262 5661 383 5716; x_wconf 68' lang='lat' dir='ltr'><strong>qua:</strong></span> <span class='ocrx_word' id='word_1_739' title='bbox 410 5645 466 5701; x_wconf 89' lang='lat' dir='ltr'><strong>in</strong></span> <span class='ocrx_word' id='word_1_740' title='bbox 493 5660 624 5701; x_wconf 87' lang='lat' dir='ltr'><strong>eum</strong></span> <span class='ocrx_word' id='word_1_741' title='bbox 651 5653 998 5699; x_wconf 85' lang='lat' dir='ltr'><strong>accusatores</strong></span> <span class='ocrx_word' id='word_1_742' title='bbox 1027 5644 1322 5702; x_wconf 85' lang='lat' dir='ltr'><strong>intulerunt</strong></span> <span class='ocrx_word' id='word_1_743' title='bbox 1349 5646 1610 5703; x_wconf 84' lang='lat' dir='ltr'><strong>innocens</strong></span> <span class='ocrx_word' id='word_1_744' title='bbox 1629 5645 1760 5706; x_wconf 86' lang='lat' dir='ltr'><strong>fuis-</strong></span> 
     </span>
    </p>
   </div>
   <div class='ocr_carea' id='block_1_104' title="bbox 161 5731 1756 5808">
    <p class='ocr_par' dir='ltr' id='par_1_104' title="bbox 161 5731 1756 5808">
     <span class='ocr_line' id='line_1_104' title="bbox 161 5731 1756 5808; baseline 0.001 -16"><span class='ocrx_word' id='word_1_745' title='bbox 161 5745 244 5792; x_wconf 86' lang='lat' dir='ltr'><strong>set</strong></span> <span class='ocrx_word' id='word_1_746' title='bbox 269 5737 545 5792; x_wconf 87' lang='lat' dir='ltr'><strong>inventus.</strong></span> <span class='ocrx_word' id='word_1_747' title='bbox 559 5732 652 5791; x_wconf 88' lang='lat' dir='ltr'><strong>Sic</strong></span> <span class='ocrx_word' id='word_1_748' title='bbox 671 5733 818 5790; x_wconf 84' lang='lat' dir='ltr'><strong>enim</strong></span> <span class='ocrx_word' id='word_1_749' title='bbox 839 5731 969 5789; x_wconf 89' lang='lat' dir='ltr'><strong>dicit</strong></span> <span class='ocrx_word' id='word_1_750' title='bbox 991 5732 1128 5808; x_wconf 77' lang='lat' dir='ltr'><strong>(Act.</strong></span> <span class='ocrx_word' id='word_1_751' title='bbox 1145 5733 1233 5806; x_wconf 83' lang='lat' dir='ltr'><strong>i0)</strong></span> <span class='ocrx_word' id='word_1_752' title='bbox 1258 5753 1272 5788; x_wconf 89' lang='lat'><strong>:</strong></span> <span class='ocrx_word' id='word_1_753' title='bbox 1298 5733 1756 5794; x_wconf 68' lang='lat' dir='ltr'><strong>Reuerentissimo-</strong></span> 
     </span>
    </p>
   </div>
   <div class='ocr_carea' id='block_1_105' title="bbox 164 5823 1755 5903">
    <p class='ocr_par' dir='ltr' id='par_1_105' title="bbox 164 5823 1755 5903">
     <span class='ocr_line' id='line_1_105' title="bbox 164 5823 1755 5903; baseline 0.004 -21"><span class='ocrx_word' id='word_1_754' title='bbox 164 5843 273 5883; x_wconf 84' lang='lat' dir='ltr'><strong>rum</strong></span> <span class='ocrx_word' id='word_1_755' title='bbox 318 5829 686 5903; x_wconf 82' lang='lat' dir='ltr'><strong>episcoporum</strong></span> <span class='ocrx_word' id='word_1_756' title='bbox 726 5835 776 5882; x_wconf 86' lang='lat' dir='ltr'><strong>et</strong></span> <span class='ocrx_word' id='word_1_757' title='bbox 811 5823 1046 5896; x_wconf 82' lang='lat' dir='ltr'><strong>judicnm</strong></span> <span class='ocrx_word' id='word_1_758' title='bbox 1075 5825 1204 5897; x_wconf 82' lang='lat' dir='ltr'><strong>ﬁdes</strong></span> <span class='ocrx_word' id='word_1_759' title='bbox 1233 5843 1296 5883; x_wconf 87' lang='lat' dir='ltr'><strong>ac</strong></span> <span class='ocrx_word' id='word_1_760' title='bbox 1333 5825 1484 5884; x_wconf 82' lang='lat' dir='ltr'><strong>lectio</strong></span> <span class='ocrx_word' id='word_1_761' title='bbox 1525 5831 1755 5888; x_wconf 82' lang='lat' dir='ltr'><strong>omnium</strong></span> 
     </span>
    </p>
   </div>
   <div class='ocr_carea' id='block_1_106' title="bbox 1861 4647 3460 4724">
    <p class='ocr_par' dir='ltr' id='par_1_106' title="bbox 1861 4647 3460 4724">
     <span class='ocr_line' id='line_1_106' title="bbox 1861 4647 3460 4724; baseline 0.004 -22"><span class='ocrx_word' id='word_1_762' title='bbox 1861 4664 1978 4702; x_wconf 72' lang='lat' dir='ltr'><strong>eum</strong></span> <span class='ocrx_word' id='word_1_763' title='bbox 2015 4647 2361 4720; x_wconf 81' lang='lat' dir='ltr'><strong>deposuerant</strong></span> <span class='ocrx_word' id='word_1_764' title='bbox 2386 4665 2453 4706; x_wconf 77' lang='lat' dir='ltr'><strong>ea:</strong></span> <span class='ocrx_word' id='word_1_765' title='bbox 2488 4649 2700 4722; x_wconf 83' lang='lat' dir='ltr'><strong>scripto.</strong></span> <span class='ocrx_word' id='word_1_766' title='bbox 2733 4649 2830 4707; x_wconf 92' lang='lat' dir='ltr'><strong>Cui</strong></span> <span class='ocrx_word' id='word_1_767' title='bbox 2879 4648 3116 4706; x_wconf 83' lang='lat' dir='ltr'><strong>fidelium</strong></span> <span class='ocrx_word' id='word_1_768' title='bbox 3157 4658 3214 4706; x_wconf 87' lang='lat' dir='ltr'><strong>et</strong></span> <span class='ocrx_word' id='word_1_769' title='bbox 3257 4652 3460 4724; x_wconf 72' lang='lat' dir='ltr'><strong>perspi-</strong></span> 
     </span>
    </p>
   </div>
   <div class='ocr_carea' id='block_1_107' title="bbox 1863 4739 3458 4812">
    <p class='ocr_par' dir='ltr' id='par_1_107' title="bbox 1863 4739 3458 4812">
     <span class='ocr_line' id='line_1_107' title="bbox 1863 4739 3458 4812; baseline 0.004 -18"><span class='ocrx_word' id='word_1_770' title='bbox 1863 4754 1978 4794; x_wconf 67' lang='lat' dir='ltr'><strong>cuae</strong></span> <span class='ocrx_word' id='word_1_771' title='bbox 2003 4739 2246 4797; x_wconf 87' lang='lat' dir='ltr'><strong>veritatis</strong></span> <span class='ocrx_word' id='word_1_772' title='bbox 2287 4741 2518 4796; x_wconf 86' lang='lat' dir='ltr'><strong>amatori</strong></span> <span class='ocrx_word' id='word_1_773' title='bbox 2543 4755 2654 4797; x_wconf 85' lang='lat' dir='ltr'><strong>non</strong></span> <span class='ocrx_word' id='word_1_774' title='bbox 2694 4741 2901 4798; x_wconf 87' lang='lat' dir='ltr'><strong>clareat</strong></span> <span class='ocrx_word' id='word_1_775' title='bbox 2944 4757 3162 4798; x_wconf 91' lang='lat' dir='ltr'><strong>omnem</strong></span> <span class='ocrx_word' id='word_1_776' title='bbox 3197 4756 3361 4812; x_wconf 86' lang='lat' dir='ltr'><strong>quam</strong></span> <span class='ocrx_word' id='word_1_777' title='bbox 3387 4742 3458 4800; x_wconf 86' lang='lat' dir='ltr'><strong>de</strong></span> 
     </span>
    </p>
   </div>
   <div class='ocr_carea' id='block_1_108' title="bbox 1864 4831 3458 4908">
    <p class='ocr_par' dir='ltr' id='par_1_108' title="bbox 1864 4831 3458 4908">
     <span class='ocr_line' id='line_1_108' title="bbox 1864 4831 3458 4908; baseline 0.004 -21"><span class='ocrx_word' id='word_1_778' title='bbox 1864 4833 2128 4905; x_wconf 76' lang='lat' dir='ltr'><strong>abuegata</strong></span> <span class='ocrx_word' id='word_1_779' title='bbox 2157 4833 2244 4888; x_wconf 85' lang='lat' dir='ltr'><strong>vel</strong></span> <span class='ocrx_word' id='word_1_780' title='bbox 2275 4831 2502 4890; x_wconf 84' lang='lat' dir='ltr'><strong>refutata</strong></span> <span class='ocrx_word' id='word_1_781' title='bbox 2543 4833 2614 4889; x_wconf 92' lang='lat' dir='ltr'><strong>ad</strong></span> <span class='ocrx_word' id='word_1_782' title='bbox 2643 4833 2832 4892; x_wconf 71' lang='lat' dir='ltr'><strong>Marim</strong></span> <span class='ocrx_word' id='word_1_783' title='bbox 2859 4835 3076 4892; x_wconf 81' lang='lat' dir='ltr'><strong>Persam</strong></span> <span class='ocrx_word' id='word_1_784' title='bbox 3111 4836 3337 4908; x_wconf 85' lang='lat' dir='ltr'><strong>epistola</strong></span> <span class='ocrx_word' id='word_1_785' title='bbox 3364 4853 3458 4894; x_wconf 81' lang='lat' dir='ltr'><strong>sn-</strong></span> 
     </span>
    </p>
   </div>
   <div class='ocr_carea' id='block_1_109' title="bbox 1863 4925 3454 5000">
    <p class='ocr_par' dir='ltr' id='par_1_109' title="bbox 1863 4925 3454 5000">
     <span class='ocr_line' id='line_1_109' title="bbox 1863 4925 3454 5000; baseline 0.006 -19"><span class='ocrx_word' id='word_1_786' title='bbox 1863 4926 2045 4995; x_wconf 87' lang='lat' dir='ltr'><strong>perius</strong></span> <span class='ocrx_word' id='word_1_787' title='bbox 2072 4925 2399 4983; x_wconf 88' lang='lat' dir='ltr'><strong>reddidimus</strong></span> <span class='ocrx_word' id='word_1_788' title='bbox 2417 4927 2686 4986; x_wconf 79' lang='lat' dir='ltr'><strong>rationem</strong></span> <span class='ocrx_word' id='word_1_789' title='bbox 2715 4937 2770 4984; x_wconf 89' lang='lat' dir='ltr'><strong>et</strong></span> <span class='ocrx_word' id='word_1_790' title='bbox 2789 4931 3210 5000; x_wconf 74' lang='lat' dir='ltr'><strong>pmcedentium</strong></span> <span class='ocrx_word' id='word_1_791' title='bbox 3236 4930 3454 4990; x_wconf 85' lang='lat' dir='ltr'><strong>Patrum</strong></span> 
     </span>
    </p>
   </div>
   <div class='ocr_carea' id='block_1_110' title="bbox 1862 5014 3452 5095">
    <p class='ocr_par' dir='ltr' id='par_1_110' title="bbox 1862 5014 3452 5095">
     <span class='ocr_line' id='line_1_110' title="bbox 1862 5014 3452 5095; baseline 0.006 -25"><span class='ocrx_word' id='word_1_792' title='bbox 1862 5014 2367 5073; x_wconf 76' lang='lat' dir='ltr'><strong>interlocutionibus</strong></span> <span class='ocrx_word' id='word_1_793' title='bbox 2393 5019 2684 5075; x_wconf 86' lang='lat' dir='ltr'><strong>convenire</strong></span> <span class='ocrx_word' id='word_1_794' title='bbox 2712 5023 3151 5084; x_wconf 83' lang='lat' dir='ltr'><strong>monstravimus,</strong></span> <span class='ocrx_word' id='word_1_795' title='bbox 3191 5022 3292 5079; x_wconf 87' lang='lat' dir='ltr'><strong>hac</strong></span> <span class='ocrx_word' id='word_1_796' title='bbox 3312 5040 3452 5095; x_wconf 87' lang='lat' dir='ltr'><strong>quo-</strong></span> 
     </span>
    </p>
   </div>
   <div class='ocr_carea' id='block_1_111' title="bbox 1859 5107 3452 5184">
    <p class='ocr_par' dir='ltr' id='par_1_111' title="bbox 1859 5107 3452 5184">
     <span class='ocr_line' id='line_1_111' title="bbox 1859 5107 3452 5184; baseline 0.004 -23"><span class='ocrx_word' id='word_1_797' title='bbox 1859 5121 1967 5177; x_wconf 88' lang='lat' dir='ltr'><strong>que</strong></span> <span class='ocrx_word' id='word_1_798' title='bbox 1995 5107 2414 5164; x_wconf 84' lang='lat' dir='ltr'><strong>reverentissimi</strong></span> <span class='ocrx_word' id='word_1_799' title='bbox 2443 5107 2713 5167; x_wconf 81' lang='lat' dir='ltr'><strong>Thalassii</strong></span> <span class='ocrx_word' id='word_1_800' title='bbox 2741 5111 2950 5181; x_wconf 87' lang='lat' dir='ltr'><strong>prolata</strong></span> <span class='ocrx_word' id='word_1_801' title='bbox 2979 5113 3246 5168; x_wconf 86' lang='lat' dir='ltr'><strong>sententis</strong></span> <span class='ocrx_word' id='word_1_802' title='bbox 3293 5113 3452 5184; x_wconf 85' lang='lat' dir='ltr'><strong>plene</strong></span> 
     </span>
    </p>
   </div>
   <div class='ocr_carea' id='block_1_112' title="bbox 1859 5196 3453 5266">
    <p class='ocr_par' dir='ltr' id='par_1_112' title="bbox 1859 5196 3453 5266">
     <span class='ocr_line' id='line_1_112' title="bbox 1859 5196 3453 5266; baseline 0.004 -14"><span class='ocrx_word' id='word_1_803' title='bbox 1859 5211 1925 5254; x_wconf 80' lang='lat' dir='ltr'><strong>ac</strong></span> <span class='ocrx_word' id='word_1_804' title='bbox 1955 5196 2193 5254; x_wconf 87' lang='lat' dir='ltr'><strong>breviter</strong></span> <span class='ocrx_word' id='word_1_805' title='bbox 2232 5197 2514 5266; x_wconf 75' lang='lat' dir='ltr'><strong>explicari.</strong></span> <span class='ocrx_word' id='word_1_806' title='bbox 2542 5197 2679 5256; x_wconf 87' lang='lat' dir='ltr'><strong>Cum</strong></span> <span class='ocrx_word' id='word_1_807' title='bbox 2707 5201 2853 5257; x_wconf 86' lang='lat' dir='ltr'><strong>enim</strong></span> <span class='ocrx_word' id='word_1_808' title='bbox 2894 5201 3028 5258; x_wconf 90' lang='lat' dir='ltr'><strong>dicit</strong></span> <span class='ocrx_word' id='word_1_809' title='bbox 3060 5201 3236 5257; x_wconf 86' lang='lat' dir='ltr'><strong>Photii</strong></span> <span class='ocrx_word' id='word_1_810' title='bbox 3263 5210 3320 5258; x_wconf 88' lang='lat' dir='ltr'><strong>et</strong></span> <span class='ocrx_word' id='word_1_811' title='bbox 3341 5201 3453 5258; x_wconf 81' lang='lat' dir='ltr'><strong>Eu-</strong></span> 
     </span>
    </p>
   </div>
   <div class='ocr_carea' id='block_1_113' title="bbox 1855 5288 3452 5366">
    <p class='ocr_par' dir='ltr' id='par_1_113' title="bbox 1855 5288 3452 5366">
     <span class='ocr_line' id='line_1_113' title="bbox 1855 5288 3452 5366; baseline 0.006 -23"><span class='ocrx_word' id='word_1_812' title='bbox 1855 5288 2040 5344; x_wconf 87' lang='lat' dir='ltr'><strong>stathii</strong></span> <span class='ocrx_word' id='word_1_813' title='bbox 2067 5289 2533 5361; x_wconf 68' lang='lat' dir='ltr'><strong>comprobandum</strong></span> <span class='ocrx_word' id='word_1_814' title='bbox 2567 5291 2674 5348; x_wconf 75' lang='lat' dir='ltr'><strong>lbse</strong></span> <span class='ocrx_word' id='word_1_815' title='bbox 2701 5293 2976 5363; x_wconf 86' lang='lat' dir='ltr'><strong>negotium</strong></span> <span class='ocrx_word' id='word_1_816' title='bbox 3003 5302 3060 5350; x_wconf 91' lang='lat' dir='ltr'><strong>et</strong></span> <span class='ocrx_word' id='word_1_817' title='bbox 3101 5309 3210 5350; x_wconf 88' lang='lat' dir='ltr'><strong>non</strong></span> <span class='ocrx_word' id='word_1_818' title='bbox 3237 5294 3452 5366; x_wconf 67' lang='lat' dir='ltr'><strong>adjudi~</strong></span> 
     </span>
    </p>
   </div>
   <div class='ocr_carea' id='block_1_114' title="bbox 1854 5379 3446 5455">
    <p class='ocr_par' dir='ltr' id='par_1_114' title="bbox 1854 5379 3446 5455">
     <span class='ocr_line' id='line_1_114' title="bbox 1854 5379 3446 5455; baseline 0.008 -23"><span class='ocrx_word' id='word_1_819' title='bbox 1854 5379 2092 5434; x_wconf 86' lang='lat' dir='ltr'><strong>cautium</strong></span> <span class='ocrx_word' id='word_1_820' title='bbox 2121 5393 2243 5434; x_wconf 89' lang='lat' dir='ltr'><strong>eum</strong></span> <span class='ocrx_word' id='word_1_821' title='bbox 2271 5381 2423 5449; x_wconf 85' lang='lat' dir='ltr'><strong>sequi</strong></span> <span class='ocrx_word' id='word_1_822' title='bbox 2453 5383 2798 5450; x_wconf 77' lang='lat' dir='ltr'><strong>sententiam,</strong></span> <span class='ocrx_word' id='word_1_823' title='bbox 2839 5391 2896 5440; x_wconf 88' lang='lat' dir='ltr'><strong>et</strong></span> <span class='ocrx_word' id='word_1_824' title='bbox 2923 5393 3321 5455; x_wconf 86' lang='lat' dir='ltr'><strong>consequenter</strong></span> <span class='ocrx_word' id='word_1_825' title='bbox 3345 5388 3446 5444; x_wconf 83' lang='lat' dir='ltr'><strong>ad-</strong></span> 
     </span>
    </p>
   </div>
   <div class='ocr_carea' id='block_1_115' title="bbox 1857 5467 3449 5544">
    <p class='ocr_par' dir='ltr' id='par_1_115' title="bbox 1857 5467 3449 5544">
     <span class='ocr_line' id='line_1_115' title="bbox 1857 5467 3449 5544; baseline 0.008 -20"><span class='ocrx_word' id='word_1_826' title='bbox 1857 5467 2033 5539; x_wconf 83' lang='lat' dir='ltr'><strong>jungit</strong></span> <span class='ocrx_word' id='word_1_827' title='bbox 2072 5469 2216 5540; x_wconf 83' lang='lat' dir='ltr'><strong>quod</strong></span> <span class='ocrx_word' id='word_1_828' title='bbox 2246 5471 2360 5542; x_wconf 86' lang='lat' dir='ltr'><strong>ipse</strong></span> <span class='ocrx_word' id='word_1_829' title='bbox 2387 5470 2510 5528; x_wconf 87' lang='lat' dir='ltr'><strong>lbas</strong></span> <span class='ocrx_word' id='word_1_830' title='bbox 2548 5473 2837 5544; x_wconf 87' lang='lat' dir='ltr'><strong>episcopus</strong></span> <span class='ocrx_word' id='word_1_831' title='bbox 2871 5473 2944 5528; x_wconf 86' lang='lat' dir='ltr'><strong>ad</strong></span> <span class='ocrx_word' id='word_1_832' title='bbox 2987 5475 3310 5534; x_wconf 62' lang='lat' dir='ltr'><strong>innocentia</strong></span> <span class='ocrx_word' id='word_1_833' title='bbox 3337 5493 3449 5537; x_wconf 76' lang='lat' dir='ltr'><strong>sine</strong></span> 
     </span>
    </p>
   </div>
   <div class='ocr_carea' id='block_1_116' title="bbox 1858 5560 3446 5640">
    <p class='ocr_par' dir='ltr' id='par_1_116' title="bbox 1858 5560 3446 5640">
     <span class='ocr_line' id='line_1_116' title="bbox 1858 5560 3446 5640; baseline 0.006 -25"><span class='ocrx_word' id='word_1_834' title='bbox 1858 5560 2132 5616; x_wconf 88' lang='lat' dir='ltr'><strong>cumulum</strong></span> <span class='ocrx_word' id='word_1_835' title='bbox 2173 5576 2296 5631; x_wconf 68' lang='lat' dir='ltr'><strong>qua:</strong></span> <span class='ocrx_word' id='word_1_836' title='bbox 2337 5562 2388 5617; x_wconf 88' lang='lat' dir='ltr'><strong>ei</strong></span> <span class='ocrx_word' id='word_1_837' title='bbox 2428 5571 2556 5618; x_wconf 90' lang='lat' dir='ltr'><strong>sunt</strong></span> <span class='ocrx_word' id='word_1_838' title='bbox 2582 5563 2650 5619; x_wconf 86' lang='lat' dir='ltr'><strong>ab</strong></span> <span class='ocrx_word' id='word_1_839' title='bbox 2697 5567 3104 5622; x_wconf 79' lang='lat' dir='ltr'><strong>accusatoribus</strong></span> <span class='ocrx_word' id='word_1_840' title='bbox 3147 5584 3213 5622; x_wconf 79' lang='lat' dir='ltr'><strong>ex</strong></span> <span class='ocrx_word' id='word_1_841' title='bbox 3241 5568 3446 5640; x_wconf 86' lang='lat' dir='ltr'><strong>scripto</strong></span> 
     </span>
    </p>
   </div>
   <div class='ocr_carea' id='block_1_117' title="bbox 1857 5651 3446 5724">
    <p class='ocr_par' dir='ltr' id='par_1_117' title="bbox 1857 5651 3446 5724">
     <span class='ocr_line' id='line_1_117' title="bbox 1857 5651 3446 5724; baseline 0.008 -18"><span class='ocrx_word' id='word_1_842' title='bbox 1857 5651 2068 5721; x_wconf 87' lang='lat' dir='ltr'><strong>objecta</strong></span> <span class='ocrx_word' id='word_1_843' title='bbox 2111 5651 2469 5724; x_wconf 86' lang='lat' dir='ltr'><strong>damnaverit,</strong></span> <span class='ocrx_word' id='word_1_844' title='bbox 2517 5655 2888 5714; x_wconf 86' lang='lat' dir='ltr'><strong>indubitanter</strong></span> <span class='ocrx_word' id='word_1_845' title='bbox 2930 5660 3166 5724; x_wconf 76' lang='lat' dir='ltr'><strong>ostendit</strong></span> <span class='ocrx_word' id='word_1_846' title='bbox 3207 5661 3279 5715; x_wconf 91' lang='lat' dir='ltr'><strong>ita</strong></span> <span class='ocrx_word' id='word_1_847' title='bbox 3306 5669 3357 5716; x_wconf 89' lang='lat' dir='ltr'><strong>et</strong></span> <span class='ocrx_word' id='word_1_848' title='bbox 3389 5663 3446 5719; x_wconf 89' lang='lat' dir='ltr'><strong>in</strong></span> 
     </span>
    </p>
   </div>
   <div class='ocr_carea' id='block_1_118' title="bbox 1857 5741 3448 5818">
    <p class='ocr_par' dir='ltr' id='par_1_118' title="bbox 1857 5741 3448 5818">
     <span class='ocr_line' id='line_1_118' title="bbox 1857 5741 3448 5818; baseline 0.007 -21"><span class='ocrx_word' id='word_1_849' title='bbox 1857 5741 2312 5798; x_wconf 86' lang='lat' dir='ltr'><strong>Chalcedonensis</strong></span> <span class='ocrx_word' id='word_1_850' title='bbox 2355 5745 2546 5818; x_wconf 80' lang='lat' dir='ltr'><strong>synodi</strong></span> <span class='ocrx_word' id='word_1_851' title='bbox 2594 5747 2842 5803; x_wconf 79' lang='lat' dir='ltr'><strong>examine</strong></span> <span class='ocrx_word' id='word_1_852' title='bbox 2881 5759 2936 5804; x_wconf 87' lang='lat' dir='ltr'><strong>et</strong></span> <span class='ocrx_word' id='word_1_853' title='bbox 2979 5749 3032 5803; x_wconf 92' lang='lat' dir='ltr'><strong>in</strong></span> <span class='ocrx_word' id='word_1_854' title='bbox 3064 5749 3154 5803; x_wconf 86' lang='lat' dir='ltr'><strong>illo</strong></span> <span class='ocrx_word' id='word_1_855' title='bbox 3185 5747 3362 5805; x_wconf 86' lang='lat' dir='ltr'><strong>Photii</strong></span> <span class='ocrx_word' id='word_1_856' title='bbox 3391 5759 3448 5808; x_wconf 78' lang='lat' dir='ltr'><strong>et</strong></span> 
     </span>
    </p>
   </div>
   <div class='ocr_carea' id='block_1_119' title="bbox 1857 5833 3442 5918">
    <p class='ocr_par' dir='ltr' id='par_1_119' title="bbox 1857 5833 3442 5918">
     <span class='ocr_line' id='line_1_119' title="bbox 1857 5833 3442 5918; baseline 0.007 -29"><span class='ocrx_word' id='word_1_857' title='bbox 1857 5833 2118 5891; x_wconf 84' lang='lat' dir='ltr'><strong>Eustathii</strong></span> <span class='ocrx_word' id='word_1_858' title='bbox 2143 5834 2346 5906; x_wconf 86' lang='lat' dir='ltr'><strong>judicio</strong></span> <span class='ocrx_word' id='word_1_859' title='bbox 2369 5838 2438 5894; x_wconf 88' lang='lat' dir='ltr'><strong>ab</strong></span> <span class='ocrx_word' id='word_1_860' title='bbox 2467 5838 2608 5897; x_wconf 90' lang='lat' dir='ltr'><strong>illius</strong></span> <span class='ocrx_word' id='word_1_861' title='bbox 2634 5841 2872 5912; x_wconf 70' lang='lat' dir='ltr'><strong>epistola)</strong></span> <span class='ocrx_word' id='word_1_862' title='bbox 2901 5841 2966 5897; x_wconf 86' lang='lat' dir='ltr'><strong>ad</strong></span> <span class='ocrx_word' id='word_1_863' title='bbox 3008 5840 3194 5896; x_wconf 72' lang='lat' dir='ltr'><strong>Marini</strong></span> <span class='ocrx_word' id='word_1_864' title='bbox 3221 5841 3442 5918; x_wconf 75' lang='lat' dir='ltr'><strong>Persam</strong></span> 
     </span>
    </p>
   </div>
   <div class='ocr_carea' id='block_1_120' title="bbox 3372 343 3569 418">
    <p class='ocr_par' dir='ltr' id='par_1_120' title="bbox 3372 343 3569 418">
     <span class='ocr_line' id='line_1_120' title="bbox 3372 343 3569 418; baseline 0.01 -21"><span class='ocrx_word' id='word_1_865' title='bbox 3372 343 3475 399; x_wconf 70' lang='grc' dir='ltr'><strong>«θα</strong></span> <span class='ocrx_word' id='word_1_866' title='bbox 3559 399 3569 418; x_wconf 70' lang='grc'><strong><em>,</em></strong></span> 
     </span>
    </p>
   </div>
  </div>
