3986 6366
471 353 572 412 167

1651 345 1882 404 “CILI!
1923 344 2030 401 PP.
2071 341 2558 403 CUNSTITUTUM

3646 334 3756 388 168

464 471 691 531 crimine
719 471 948 526 alienam
974 467 1084 524 ibat
1110 466 1456 523 dictationem
1481 473 1644 536 atque
1669 463 2054 521 conscientiam
2084 468 2128 524 Λ
2157 461 2252 517 sed
2297 461 2636 531 objecturum
2683 455 2852 526 magis
2900 453 3186 524 negatione
3233 459 3524 524 purgatus,
3573 439 3648 507 ita
3698 459 3757 508 et

465 567 629 621 fuisse
657 573 944 634 repertam,
991 568 1050 616 ut
1081 559 1191 617 illic
1219 560 1423 629 omnia,
1453 575 1562 615 non
1590 558 1764 614 solum
1795 555 2053 612 adversa-

468 659 562 714 riis
589 672 695 712 non
739 653 1110 725 probantibus,
1158 660 1254 707 aut
1299 651 1391 708 lba
1435 651 1690 722 episcopo
1732 650 2055 718 denegante,

469 763 651 805 verum
696 747 860 802 etiam
911 745 1242 812 damnante,
1292 743 1488 799 fuerint
1531 741 1850 812 improbata.
1907 738 2060 794 Un'le

468 845 682 895 constat
709 836 992 906 epistolam
1017 835 1084 890 ad
1112 834 1300 889 Maritn
1321 833 1541 890 Persam
1573 832 1660 888 illa
1689 847 1809 901 qua:
1836 845 2060 886 accusa—

470 937 617 984 tores
646 925 959 996 objecerant
987 925 1210 981 crimina
1239 923 1604 979 continentem
1635 938 1742 976 non
1772 923 1945 977 solum
1967 921 2064 975 Pa-

473 1027 616 1074 trum
643 1018 699 1073 in
737 1015 1078 1072 Chalcedona
1126 1015 1470 1071 residentiutn
1499 1015 1714 1085 judicio,
1764 1014 1858 1070 sed
1897 1014 2064 1084 ipsius

472 1111 580 1166 "NB
601 1110 888 1172 sententia,
919 1109 1058 1164 sicut
1080 1106 1254 1163 Photii
1286 1115 1448 1176 atque
1471 1105 1736 1160 Eustnlhii
1766 1105 2064 1161 constituto

474 1202 654 1259 edocti
687 1201 968 1257 memorati
993 1199 1179 1252 Patres
1206 1197 1494 1262 allirmant,
1543 1196 1704 1251 fuisse
1733 1195 2062 1250 damnatam.

476 1293 692 1364 Eusebii
736 1305 952 1362 quoque
975 1289 1231 1362 Ancyra},
1265 1288 1525 1358 Stephani
1556 1285 1750 1358 Ephesi
1776 1327 1791 1352 ,
1818 1287 1950 1356 Diog
1971 1283 2069 1340 'nis

479 1384 680 1458 Cyzici,
713 1391 768 1438 et
792 1381 1018 1436 Romani
1052 1380 1321 1452 Myrorum
1347 1379 1537 1452 Lyciae,
1570 1379 1815 1450 quamvis
1843 1378 2070 1434 diversis

478 1477 508 1530 ll
533 1475 632 1536 eis.
681 1489 790 1528 uno
820 1481 1000 1527 tamen
1045 1487 1206 1526 sensu
1246 1471 1471 1542 prolatae
1499 1471 1781 1526 sententia:
1825 1471 2072 1541 superio-

479 1580 598 1620 rum
617 1563 859 1634 judicum
897 1560 1115 1616 decreta
1141 1560 1480 1617 conﬁrmant.
1510 1561 1644 1615 Nam
1693 1560 1784 1616 alii
1811 1559 1988 1616 Photii
2016 1567 2074 1616 et

479 1640 747 1710 Eustathii
793 1649 1037 1733 faciendo
1073 1653 1298 1724 judicati
1326 1653 1666 1719 memoriam,
1709 1653 1797 1708 alii
1825 1669 1895 1708 ex
1922 1653 2076 1708 dam-

481 1752 702 1808 natione
727 1750 788 1804 Nl
807 1749 958 1807 storii
1003 1747 1228 1818 ejusque
1254 1745 1476 1801 haeresis
1501 1743 1608 1799 lba:
1637 1743 1876 1814 epise0pi
1915 1744 2075 1800 iuno-

2159 561 2317 608 antea
2339 559 2346 565 '
2365 553 2600 608 sensisse
2627 548 3082 620 quemadmodum
3116 546 3320 600 sentire
3365 543 3643 616 professus
3669 553 3762 598 est

2159 645 2488 702 creteretur.
2517 641 2671 698 Sicut
2695 640 2840 695 enim
2869 638 2995 694 facti
3034 637 3302 692 confessio
3347 643 3636 690 nocentem
3671 633 3762 687 vel

2162 737 2216 790 in
2243 733 2576 806 prteterltum
2607 731 2784 787 facere
2822 729 3016 801 potuit,
3049 728 3123 782 ita
3156 743 3263 781 non
3293 727 3540 782 ctuwicta
3587 737 3762 792 nega-

2163 829 2241 882 tio
2269 825 2500 882 reddidit
2522 825 2685 880 etiam
2711 823 2778 878 de
2807 821 3090 892 pne-teritis
3117 818 3482 873 innocentmn.
3513 817 3612 872 Cui
3661 839 3678 868 ι’
3697 831 3763 870 e—

2164 917 2389 988 gationi,
2419 932 2520 986 per
2544 929 2706 984 quam
2737 913 2857 968 thas
2895 911 3191 980 episcopus
3217 909 3502 978 epistolam
3544 906 3612 960 ad
3644 905 3766 960 Ila-

2166 1016 2265 1069 rim
2298 1011 2516 1067 Persam
2547 1005 2848 1064 ostenditur
2871 1005 3158 1065 refutasse,
3187 1000 3436 1058 Eunomii
3477 1009 3644 1069 atque
3667 997 3768 1051 Ju-

2167 1103 2373 1159 venalis
2387 1101 2764 1171 episcoporum
2781 1094 3124 1152 interlocutio
3138 1103 3422 1164 eompeten
3430 1100 3511 1146 ter
3521 1097 3766 1160 aptatur.

2169 1193 2315 1260 Quas
2347 1189 2791 1247 interlocutiones
2827 1187 3076 1258 primitus
3096 1199 3398 1240 consonare
3411 1183 3522 1238 Deo
3538 1181 3770 1251 iuvante

2169 1281 2578 1340 monstrandum
2605 1288 2708 1346 est,
2738 1279 2934 1334 deinde
2970 1275 3276 1332 docendum
3301 1272 3770 1349 quemadmodum

2170 1376 2460 1448 epistolam
2484 1375 2553 1430 ab
2569 1373 2659 1428 lba
2687 1378 2940 1440 negatam
2955 1384 3076 1426 esse
3103 1367 3447 1433 conllrmeut,
3465 1380 3586 1436 qua:
3608 1365 3684 1418 ita
3710 1381 3773 1420 se

2171 1473 2375 1528 habent
2397 1469 2534 1540 (Act.
2568 1464 2655 1537 l0)
2687 1484 2700 1520 :
2731 1464 2998 1519 Iuvenalis
3027 1458 3469 1516 reuerentissimus
3495 1459 3773 1528 episcopus

2174 1559 2682 1631 Hierosolymitanus
2712 1556 2846 1610 dixit
2867 1569 2886 1608 :
2911 1552 3014 1618 Qui
3038 1558 3421 1606 convertuntur.
3455 1548 3546 1602 Itos
3569 1547 3777 1618 scripta

2175 1653 2353 1708 divina
2379 1650 2574 1721 suscipi
2607 1647 2811 1720 jubent.
2847 1643 3174 1716 Quapmpter
3213 1649 3268 1696 et
3303 1640 3370 1694 ab
3399 1639 3660 1696 timetis-is
3687 1655 3776 1692 re-

2175 1750 2426 1798 vertentes
2468 1740 2794 1810 suscipimus.
2831 1735 2982 1792 Unde
3023 1744 3073 1790 et
3119 1733 3377 1804 praevideo
3416 1731 3780 1787 reuerentissi-

481 1843 716 1899 ceutiam
745 1839 1182 1910 comprobantes,
1210 1835 1494 1907 epistolam
1520 1834 1586 1890 ad
1609 1833 1798 1890 Marini
1826 1833 2070 1900 Persam,
2103 1845 2150 1906 Β
2175 1853 2316 1891 mum
2349 1834 2498 1890 Ibam
2542 1833 2730 1888 mereri
2771 1831 3114 1893 clementiam,
3145 1829 3265 1900 quin
3291 1834 3342 1881 et
3369 1840 3530 1880 senex
3575 1831 3678 1888 est,
3726 1829 3782 1878 et

481 1947 601 2003 quae
630 1939 850 1986 excusat
875 1928 1179 2003 Nestorium
1213 1936 1269 1981 et
1297 1927 1512 1982 beatum
1538 1925 1797 1996 Cyrillum
1836 1924 2076 1996 appellat

485 2002 818 2092 litereticum,
847 2022 913 2078 ad
942 2021 1087 2078 Ibam
1118 2002 1432 2092 episcopum
1461 2034 1571 2074 non
1596 2018 1772 2076 solum
1805 2033 1912 2073 non
1939 2025 2080 2073 atte-

487 2114 691 2182 nuisse,
705 2128 893 2168 verum
921 2113 1083 2167 etiam
1111 2112 1180 2166 ab
1203 2126 1268 2176 co
1298 2108 1609 2164 damnatam
1639 2123 1762 2164 esse
1789 2115 2076 2163 testantur.

483 2206 723 2264 Joannes
743 2207 1029 2277 episcopus
1046 2205 1327 2273 Sebastize,
1349 2203 1608 2260 Seleucus
1626 2205 1912 2274 episcopus
1927 2205 2083 2258 Ama-

485 2298 598 2360 size.
628 2297 1016 2354 Constantinus
1043 2297 1331 2366 episcopus
1357 2295 1627 2361 Melitinm,
1671 2293 1936 2349 Patricius
1962 2293 2081 2364 epi-

483 2403 686 2458 scopus
705 2386 1033 2460 Tyanorum,
1066 2385 1259 2442 Petrus
1303 2386 1591 2457 episcopus
1618 2384 1980 2454 Cangrorum,
2029 2392 2086 2440 et

486 2477 742 2535 Anan—ius
767 2477 1051 2548 episcopus
1073 2475 1430 2547 Trapezuntis
1446 2519 1462 2545 ,
1511 2475 1762 2532 similiter
1787 2486 2084 2530 consense-

486 2574 615 2623 runt
645 2567 718 2621 ita
748 2567 990 2622 dicentes
1035 2565 1172 2637 (Act.
1203 2565 1292 2636 10)
1323 2584 1336 2620 :
1366 2565 1612 2635 Deﬁnitio
1642 2566 2086 2620 reverentissimo-

489 2671 606 2711 rttm
642 2657 1000 2727 episcoporum
1047 2657 1219 2712 Photii
1264 2667 1318 2712 et
1365 2657 1625 2714 Eustathii
1655 2657 1974 2713 demonstrat
2006 2660 2086 2714 in-

491 2749 708 2804 noxium
761 2751 1226 2805 reverentissimum
1280 2748 1452 2805 Ibam.
1512 2751 1766 2806 Similiter
1816 2761 1986 2806 autem
2037 2760 2091 2806 et

493 2839 608 2912 ejus
634 2837 908 2912 abnegatia
932 2841 1060 2910 facit
1087 2857 1181 2896 nos
1201 2843 1256 2896 in
1283 2858 1342 2896 eo
1365 2841 1501 2912 quod
1523 2843 1770 2913 receperit
1797 2843 2088 2910 proniores.

495 2929 615 2998 Qua
630 2930 1049 2988 interlocutione
1073 2937 1496 2988 memoratarum
1513 2933 1856 2989 sacerdotum
1879 2932 2094 2988 eviden-

2181 1938 2237 1982 ut
2258 1926 2442 1982 habeat
2467 1926 2792 1997 episcopatus
2821 1921 3061 1994 gradum,
3095 1936 3208 1974 esse
3229 1919 3560 1973 catholicum.
3595 1916 3780 1972 Euno-

2181 2024 2315 2077 mius
2343 2024 2615 2091 episcopus
2641 2017 2692 2072 Ν
2698 2015 2964 2072 icomrdia:
3003 2014 3136 2068 dixit
3159 2028 3178 2066 :
3207 2011 3330 2066 1am
3357 2011 3564 2084 quidam
3609 2027 3678 2064 ex
3701 2009 3784 2065 his

2181 2127 2296 2184 qua
2335 2111 2526 2165 reiecta
2563 2117 2684 2164 sunt
2711 2107 2960 2161 innoxius
3003 2105 3323 2175 approbatur:
3366 2111 3444 2156 est
3471 2102 3784 2156 venerabilis

2185 2204 2330 2260 lbos.
2359 2203 2425 2258 In
2451 2202 2630 2276 quibus
2659 2201 2849 2256 etenim
2878 2197 3096 2253 dicendo
3124 2196 3262 2251 male
3299 2195 3512 2266 culpare
3538 2197 3680 2249 risus
3709 2203 3786 2249 est

2183 2296 2536 2352 beatissimum
2583 2292 2850 2365 Cyrillum,
2899 2291 2955 2346 in
2991 2289 3264 2356 postremis
3305 2296 3444 2342 recte
3487 2289 3781 2359 confessus,

2185 2386 2282 2442 illa
2310 2401 2426 2457 quae
2453 2385 2750 2456 culpaverat
2779 2382 3040 2454 refutarit.
3094 2379 3244 2435 Unde
3269 2387 3320 2434 et
3345 2396 3441 2450 ego
3469 2378 3787 2432 anathema-

2187 2479 2432 2532 tizantem
2459 2491 2574 2530 eum
2615 2472 2918 2530 Nestorium
2947 2480 3000 2526 et
3021 2469 3287 2542 Eutychen
3317 2479 3367 2524 et
3403 2469 3567 2539 impia
3607 2482 3788 2522 eorum

2187 2569 2459 2641 dogmata,
2500 2577 2552 2622 et
2578 2567 2980 2621 consentientem
3008 2564 3089 2618 his
3129 2579 3314 2635 qute'a
3343 2562 3679 2616 sanctissimo
3701 2577 3789 2614 ar-

2191 2659 2519 2729 chiepiscopo
2553 2657 2720 2712 Leone
2763 2658 2959 2726 scripta
3005 2663 3124 2710 sunt
3163 2662 3214 2710 et
3250 2653 3315 2708 ab
3359 2653 3458 2706 hac
3501 2653 3790 2707 universali

2189 2748 2414 2822 synodo,
2441 2748 2656 2820 dignum
2697 2763 2808 2802 esse
2852 2747 3152 2818 episcopatu
3177 2745 3418 2800 decerno.
3453 2743 3628 2799 Antea
3659 2757 3790 2816 ergo

2193 2839 2350 2896 nobis
2377 2837 2708 2908 inspicienda
2738 2845 2822 2892 est
2850 2835 3099 2891 Eunomii
3139 2835 3505 2904 interlocutio,
3528 2850 3652 2904 qua:
3677 2835 3792 2906 pla-

2194 2930 2448 2989 niuslbae
2475 2931 2712 3002 episcopi
2761 2930 3096 2985 intellectum
3136 2945 3402 2997 asserens,
3453 2931 3581 3000 quid
3633 2946 3701 2987 ex
3727 2946 3792 2988 ea

495 3032 582 3080 ter
609 3031 835 3094 apparet
859 3038 958 3096 per
985 3023 1099 3080 hme
1119 3024 1226 3079 duo
1256 3024 1400 3080 Ibam
1429 3024 1742 3094 episcopum
1771 3023 1840 3079 de
1869 3023 1952 3080 his
1972 3023 2094 3093 qui-
2193 3037 2256 3077 re
2283 3022 2446 3077 etiam
2474 3021 2764 3092 episcopus
2788 3020 3064 3076 iuvenalis
3101 3021 3274 3076 sensit
3321 3024 3565 3092 exponit.
3601 3021 3792 3078 Dicent

493 3115 596 3170 bus
619 3122 904 3172 accusatus
939 3123 1022 3169 est
1051 3115 1328 3170 innoxium
1358 3131 1478 3172 esse
1503 3123 1798 3184 repertum,
1829 3113 1879 3169 id
1911 3122 1995 3171 est
2023 3129 2093 3170 ex
2197 3114 2342 3170 enim
2364 3129 2432 3170 ex
2452 3114 2534 3169 his
2557 3127 2678 3184 qua:
2705 3112 2902 3168 relecta
2928 3121 3053 3168 sunt
3072 3111 3217 3168 Ibam
3243 3113 3516 3168 innoxium
3541 3129 3793 3186 compro-

496 3203 812 3262 dclinitione
841 3203 1018 3262 Photii
1048 3215 1209 3278 atque
1239 3205 1502 3263 Eustatbii
1533 3207 1913 3278 episcoporum
1941 3213 1996 3259 et
2023 3221 2092 3261 ex
2121 3227 2166 3288 ο
2196 3207 2402 3271 batum,
2435 3203 2614 3260 Photii
2641 3211 2698 3260 et
2724 3201 2990 3258 Eustathii
3021 3203 3159 3259 sicut
3186 3211 3242 3260 et
3269 3205 3579 3275 superiores
3605 3205 3793 3262 Patres

495 3311 592 3352 sua
620 3297 998 3366 abnegatione.
1046 3295 1216 3352 Porro
1245 3295 1561 3352 deﬁnitione
1611 3295 1787 3353 Photii
1817 3305 1875 3352 et
1899 3295 2094 3354 Eusta-
2196 3295 2514 3369 comprobat
2538 3297 2656 3352 sine
2682 3295 3032 3364 ambiguitate
3068 3295 3351 3366 judicium,
3397 3305 3458 3352 ut
3501 3297 3590 3356 his
3619 3298 3794 3355 verbis

499 3388 596 3444 tbii
623 3388 934 3444 declaratur
955 3387 1082 3458 quia
1113 3387 1238 3443 licet
1264 3385 1398 3441 false
1419 3387 1488 3440 ab
1509 3387 1914 3442 accusatoribus
1936 3384 2097 3442 fuerit
2199 3391 2360 3446 etiam
2403 3388 2744 3458 negationem
2773 3387 2878 3443 lst
2927 3388 3170 3460 epiSCOpi
3217 3397 3274 3446 et
3317 3405 3416 3462 pro
3462 3391 3661 3446 eodem
3705 3389 3790 3448 lba

498 3479 796 3550 impetitus,
829 3487 1009 3533 tamen
1039 3477 1108 3532 ad
1129 3477 1552 3533 satisfactionem
1574 3478 1661 3532 vel
1689 3477 1822 3533 false
1851 3476 2099 3546 objecto—
2199 3480 2599 3536 attestationem
2621 3477 3015 3536 Edessenorum
3045 3480 3286 3552 epistolae
3307 3481 3632 3537 clericorum
3656 3496 3794 3538 eom-

501 3585 620 3627 rom
643 3586 817 3642 prone
844 3570 1086 3640 sapuerit
1112 3585 1178 3625 ex
1207 3570 1413 3642 scripto
1433 3569 1560 3640 quid
1581 3571 1650 3626 de
1678 3579 1824 3626 recta
1851 3568 1956 3626 ﬁde
1982 3585 2102 3627 seno

500 3661 636 3716 serit
683 3657 954 3730 proﬁteri,
1007 3667 1063 3715 et
1109 3675 1178 3716 ex
1225 3659 1522 3715 abundanti
1567 3660 2098 3716 anathematizaverit

502 3753 831 3819 Nestorium,
863 3760 920 3823 et
946 3753 1147 3808 habere
1175 3767 1236 3809 se
1261 3753 1460 3808 dixerit
1485 3755 1668 3810 omnia
1698 3769 1818 3826 qua:
1847 3755 1900 3811 in
1921 3754 2103 3826 Ephe-

503 3845 624 3898 sino
669 3843 844 3914 primo
899 3845 1130 3900 concilio
1184 3846 1522 3916 placuerunt.
1571 3845 1776 3902 Deinde
1811 3847 1937 3917 quia
1984 3848 2101 3916 ejus

503 3950 720 4006 quoque
749 3937 1054 4006 abnegatio,
1102 3951 1200 4008 per
1225 3952 1389 4008 quam
1419 3953 1480 3995 se
1519 3939 1681 3996 etiam
1713 3940 1766 3994 in
1796 3939 2098 3998 Chalcedo-

509 4025 665 4080 uensi
693 4026 924 4082 concilio
949 4035 1074 4097 post
1099 4027 1388 4082 lectionem
1419 4028 1485 4082 ad
1516 4027 1704 4084 Marim
1735 4027 1955 4085 Persam
1985 4031 2100 4101 cpio

505 4113 678 4179 stulte,
711 4130 830 4186 qua:
857 4115 1096 4184 ejusdem
1119 4115 1226 4170 Ibat
1267 4117 1507 4186 episc0pi
1539 4120 1891 4188 apertissima:
1919 4128 1973 4176 ct
2001 4123 2102 4192 piae

509 4204 836 4262 confessioni
867 4207 1140 4261 contraria
1171 4214 1292 4270 est,‘
1317 4208 1386 4262 ab
1413 4207 1499 4263 his
1525 4223 1644 4277 qua:
1671 4210 1770 4264 sibi
1801 4210 1948 4266 illata
1979 4220 2104 4266 sunt

507 4298 744 4352 existere
781 4297 1052 4368 perhibuit
1075 4297 1338 4367 alienum,
1387 4301 1673 4370 proniores
1719 4301 1957 4358 alliceret
1987 4306 2103 4359 ani-

511 4405 630 4444 mos
649 4388 982 4458 iudicantum
1013 4401 1072 4446 ut
1099 4389 1388 4446 crederent
1413 4391 1538 4461 quia
1561 4394 1758 4463 Spretis
1779 4404 1834 4450 et
1858 4395 2104 4452 refutatis

511 4485 634 4549 qua:
655 4481 722 4535 ab
750 4491 818 4536 eo
849 4488 1041 4550 negata
1071 4489 1214 4544 sunt,
1243 4482 1332 4537 illa
1357 4491 1564 4538 tantum
1593 4492 1648 4540 ct
1671 4495 1830 4542 antea
1857 4486 2106 4543 habuerit

513 4579 632 4640 quat
676 4585 740 4626 se
774 4570 1026 4626 habuisse
1065 4581 1120 4628 et
1147 4574 1422 4644 recepisse
1461 4576 1735 4644 prolessus
1763 4585 1865 4631 est.
1899 4576 2103 4645 Quibus

515 4660 590 4714 ita
620 4661 954 4725 monstratis,
987 4662 1190 4717 clarum
1219 4671 1302 4718 est
1345 4664 1628 4734 epistolam
1659 4668 1724 4720 ad
1754 4667 1940 4722 Marim
1973 4667 2104 4724 Pcr-

513 4765 631 4805 sam
654 4752 908 4807 omnibus
931 4763 1052 4822 qutc
1081 4767 1140 4808 se
1167 4755 1436 4825 mepisse
1461 4756 1582 4810 lbas
1618 4755 1754 4812 dixit
1779 4760 2105 4814 contrariam

514 4843 857 4908 existentem,
891 4852 945 4898 et
987 4845 1075 4899 illa
1106 4847 1288 4916 potius
1336 4863 1456 4917 qua:
1485 4848 1964 4904 anathematizavit
1989 4850 2109 4907 lbas

513 4933 805 5005 episcopus
833 4936 1230 5007 defendentem,
1283 4940 1588 4996 nullatenus
1634 4941 1704 4996 ab
1732 4939 1825 4996 lba
1852 4943 2111 5014 episcopo

515 5024 680 5081 fuisse
702 5026 983 5081 dictatam.

587 5114 706 5170 XX.
736 5115 868 5172 Nam
901 5127 958 5172 ut
983 5119 1236 5177 omnibus
1263 5120 1416 5176 fleret
1447 5121 1792 5179 manifestum
1821 5123 1965 5194 quod
1987 5123 2109 5181 lbas

516 5208 766 5279 negando
813 5225 878 5265 ea
920 5226 1042 5280 qum
1084 5213 1153 5266 ab
1181 5215 1588 5270 accusatoribus
1633 5217 1782 5270 illata
1827 5225 1971 5282 sunt,
2017 5212 2107 5271 illa

515 5313 636 5370 quae
663 5297 731 5356 de
759 5301 848 5370 pia
879 5301 983 5357 lide
1007 5303 1284 5359 confessus
1311 5314 1394 5358 est
1423 5305 1711 5362 reddiderit
1739 5307 1992 5370 certiora,
2033 5308 2108 5362 ita

517 5387 861 5445 interlocutio
905 5389 1034 5446 dicit
1067 5408 1080 5443 :
1113 5389 1182 5444 Et
1213 5389 1490 5464 abitegatio
1509 5394 1621 5464 ejus
1648 5397 1772 5466 fecit
1816 5411 1909 5450 nos
1956 5396 2009 5450 in
2049 5411 2111 5450 eo

517 5482 656 5554 quod
681 5484 926 5554 receperit
957 5487 1249 5554 proniores.
1277 5486 1354 5542 Ac
1381 5486 1426 5542 si
1454 5485 1658 5543 diceret
1686 5505 1699 5542 :
1733 5487 1810 5542 Ex
1841 5504 1907 5544 eo
1935 5490 2113 5546 credi-

521 5571 680 5628 bilius
711 5587 834 5643 qute
859 5574 926 5628 de
956 5575 1043 5644 pia
1087 5586 1172 5630 est
1207 5577 1311 5632 title
1339 5577 1615 5648 professus
1645 5580 1936 5648 accipimus
1969 5581 2109 5648 quo!

524 5661 614 5716 illa
637 5677 763 5732 quae
789 5663 839 5718 ei
869 5663 1082 5733 objecta
1113 5668 1325 5721 fuerant
1372 5669 1678 5738 abnegavit,
1729 5681 1786 5726 ut
1817 5688 1922 5726 non
1967 5673 2114 5726 relut

524 5751 864 5820 objectorum
894 5757 1122 5812 veritate
1148 5759 1446 5824 convictus,
1504 5769 1760 5830 tanquam
1809 5778 1877 5816 ex
1923 5777 2111 5817 neces«

528 5845 688 5902 citate
713 5849 1015 5920 corrigens,
1035 5851 1162 5922 quid
1190 5852 1258 5908 de
1284 5853 1374 5925 pia
1403 5852 1508 5910 ﬁde
1535 5855 1757 5911 sentiret
1779 5855 2108 5920 ostenderet,

2200 3569 2536 3642 prehendere
2564 3569 2828 3625 videatur.
2854 3568 2959 3626 Pro
2979 3585 3085 3640 qua
3113 3586 3170 3627 re
3189 3582 3462 3644 gestorum
3489 3573 3635 3644 apud
3662 3571 3795 3630 Pho-

2202 3663 2334 3717 tium
2363 3671 2416 3717 et
2448 3661 2784 3718 Eustathium
2815 3659 3120 3717 habitorum
3149 3663 3392 3718 ordinem
3420 3680 3583 3736 comp
3621 3673 3795 3722 tenter

2201 3754 2507 3823 attendens,
2524 3769 2592 3810 ne
2608 3755 2729 3824 quis
2751 3755 2804 3809 in
2827 3755 3128 3825 aliquorum
3155 3757 3350 3812 animis
3371 3756 3633 3814 adversus
3652 3757 3794 3814 Ibam

2203 3848 2514 3918 episcopum
2559 3862 2626 3902 cx
2675 3847 2779 3903 hoc
2823 3849 3108 3920 scrupulus
3152 3859 3460 3906 remaneret
3505 3853 3656 3924 quod
3702 3851 3796 3908 ali-

2202 3939 2418 4008 quando
2447 3946 2571 3992 ante
2597 3937 2893 3993 unitionem
2925 3939 3082 3995 aliter
3106 3940 3412 4010 intelligens
3439 3942 3586 3999 beati
3615 3943 3795 4018 Cyrilli

2203 4029 2463 4085 doctrina:
2493 4029 2666 4083 luerat
2704 4030 3008 4093 olllocutus,
3067 4032 3373 4089 necessarie
3413 4043 3612 4103 purgat
3655 4019 3795 4106 quod

2204 4129 2446 4175 correcta
2467 4119 2588 4175 lbas
2608 4119 2959 4190 intelligentia
2981 4137 3096 4183 sua,
3121 4122 3265 4177 beati
3288 4120 3473 4194 Cyrilli
3493 4124 3796 4180 orthodoxa

2205 4211 2456 4280 dogmata
2479 4211 2793 4282 suscipiens,
2829 4219 2884 4267 et
2913 4228 2975 4268 ea
3006 4223 3151 4270 recta
3179 4231 3300 4271 esse
3325 4215 3626 4283 confessus,
3657 4219 3799 4288 prio-

2205 4303 2281 4358 ris
2323 4303 2710 4372 intelligentiae,
2756 4319 2916 4374 quam
2948 4315 3072 4362 ante
3110 4307 3407 4364 uuitionem
3439 4308 3793 4366 Eeelesiarum

2208 4391 2411 4456 habuit,
2453 4389 2707 4446 refutavit
2747 4408 3012 4462 errorem,
3063 4399 3353 4454 ostendens
3396 4397 3796 4455 evidentissime

2208 4483 2276 4536 ab
2307 4481 2396 4536 lba
2426 4483 2682 4554 episcopo
2705 4483 2849 4553 quod
2874 4485 2990 4554 ejus
3019 4484 3124 4540 fuel
3139 4488 3180 4542 it
3207 4503 3328 4557 quae
3356 4487 3422 4546 ad
3451 4487 3646 4544 Marim
3675 4487 3800 4546 Per-

2136 4603 2186 4665 ο
2207 4589 2323 4628 sam
2355 4575 2547 4644 legitur
2573 4575 2798 4646 epistola
2831 4575 3170 4652 denegatum.
3200 4579 3334 4634 Cum
3365 4580 3508 4636 enim
3538 4581 3798 4652 approbet

2211 4666 2280 4720 ab
2309 4665 2390 4719 his
2413 4680 2531 4734 qua:
2552 4673 2677 4721 ante
2705 4666 2999 4721 unitionetn
3029 4665 3390 4724 Ecclesiarum
3413 4669 3532 4724 lbas
3557 4671 3628 4727 de
3643 4672 3797 4726 beato

2209 4755 2412 4830 Cyrillo
2447 4756 2656 4813 dixerat
2699 4749 3240 4832 recedentemfpost
3282 4763 3540 4818 unitatem
3589 4765 3715 4836 quia
3741 4780 3798 4820 se

2209 4859 2360 4906 recte
2401 4851 2637 4914 habeant
2665 4848 2826 4908 fuisse
2862 4852 3190 4920 confessum,
3243 4854 3470 4925 epistola
3519 4867 3702 4912 autem
3730 4854 3796 4910 ad

2143 4963 2168 4978 ν
2211 4940 2397 4996 Mat-im
2449 4939 2669 4996 Persam
2719 4951 2842 5013 post
2887 4944 3148 4998 unitatem
3189 4945 3388 5016 scripta
3436 4946 3579 5001 beati
3619 4945 3798 5018 Cyrilli

2210 5033 2352 5088 dicta
2382 5048 2501 5088 esse
2543 5033 2795 5088 haeretica
2825 5023 3133 5098 mentiatur,
3185 5035 3468 5106 ipsumque
3515 5036 3567 5090 in
3597 5035 3796 5108 Apolli-

2211 5126 2358 5180 naris
2381 5125 2916 5180 hau'e.-.itn-incidisse
2951 5125 3242 5196 conlingat,
3287 5136 3492 5181 eertum
3541 5135 3623 5182 est
3667 5128 3798 5182 hanc

2212 5216 2280 5272 ab
2305 5204 2394 5269 lba
2425 5217 2587 5272 etiam
2617 5217 2894 5287 pnescntis
2917 5217 3344 5274 interlocutionis
3374 5220 3684 5276 testimonio
3711 5219 3798 5276 de—

2214 5316 2484 5376 negatam.
2509 5307 2604 5363 Cui
2637 5309 2814 5363 sensui
2845 5307 3118 5364 Iuvenalis
3143 5311 3382 5380 episcopi
3405 5312 3663 5366 convenit
3689 5309 3798 5365 sine

2217 5398 2564 5467 ambiguitate
2585 5399 2880 5460 sententia;
2906 5414 3024 5468 qutc
3055 5416 3177 5454 cum
3222 5402 3416 5456 astruit
3443 5401 3588 5456 lbam
3619 5401 3798 5456 ortho-

2217 5488 2418 5544 doxum
2446 5492 2736 5560 exstitisse,
2781 5493 3016 5548 ostendit
3045 5495 3112 5550 ab
3159 5509 3228 5550 eo
3269 5493 3556 5564 epistolam
3593 5511 3710 5565 qnzc
3737 5493 3796 5552 ad

2220 5578 2407 5637 Marini
2440 5581 2654 5636 Persam
2703 5584 2904 5654 scripta
2947 5593 3029 5640 est
3074 5585 3410 5653 denegatam,
3460 5587 3659 5657 quippe
3686 5596 3798 5640 tan-

2219 5662 2380 5744 quam
2432 5675 2595 5731 rectis
2634 5677 2972 5746 dogmatibus
3013 5677 3304 5742 inimicam,
3355 5687 3412 5734 et
3439 5679 3615 5734 Photii
3638 5687 3788 5747 atque

2223 5765 2486 5821 Eustathii
2533 5777 2847 5822 metet-orum
2892 5768 3125 5826 decretis
3171 5771 3498 5826 conveniens
3532 5780 3784 5844 approbat

2217 5857 2532 5926 judicatum.
2553 5858 2684 5912 Cum
2711 5875 2836 5914 vero
2859 5875 3180 5916 conversum
3203 5860 3332 5916 dicit
3355 5861 3547 5919 delere
3581 5865 3790 5934 suscipi,

3933 315 3940 370 Ι

3935 437 3940 478 |

3933 525 3940 582 l

3933 621 3940 660 t

3933 717 3940 760 l

3934 811 3940 854 ι

3934 903 3940 946 l

3935 995 3940 1036 τ

3937 1073 3940 1128 |

3935 1181 3940 1222 l

3928 1269 3940 1310 1

3935 1347 3940 1400 l

3933 1449 3940 1494 l

3933 1543 3940 1586 ι

3933 1633 3940 1678 l

3933 1721 3940 1768 I

3932 1817 3940 1858 l

3932 1909 3940 1960 Ι

3933 2003 3940 2056 l

3933 2091 3940 2136 ι

3934 2183 3940 2236 l

3933 2267 3940 2320 t

3935 2371 3940 2410 I

3933 2467 3940 2506 I

3933 2559 3940 2598 l

3933 2649 3940 2688 ι

3933 2747 3940 2782 l

3933 2835 3940 2878 ι

3933 2929 3940 2970 l

3933 3023 3940 3074 l

3933 3101 3940 3156 l

3933 3201 3940 3246 ι

3935 3293 3940 3338 l

3935 3387 3940 3430 l

3936 3479 3940 3524 ι

3937 3571 3940 3612 |

3937 3663 3940 3702 ι

3937 3763 3940 3792 ι

3937 3837 3940 3888 |

3937 3939 3940 3980 ε
