3986 6356
193 341 278 398 ιω
1111 331 1246 388 uno
1283 329 1727 390 DAMNATIONE
1767 332 1774 352 ·

1876 331 1986 390 [UM
2025 332 2542 398 CAPITULORUM.

3255 405 3260 412 .
3339 349 3478 442 .no

205 437 427 504 Monii
461 441 876 502 imminentium
919 457 1242 516 congruens,
1289 445 1358 502 de
1402 443 1548 502 beati
1584 446 1768 518 Cyrilli
1801 453 1854 540 Α.
1874 445 2002 502 dum
2051 450 2200 520 prius
2228 465 2308 522 ex
2354 452 2591 511 lectione
2629 415 2964 515 chartarum
3006 423 3180 518 e'ttex
3226 421 3477 534 ludicato

179 537 533 607 dogmatibus,
561 537 632 592 de
659 538 863 606 quibus
888 543 1017 594 ante
1045 537 1298 594 unionem
1325 539 1482 594 aliter
1507 549 1774 602 senserat,

201 640 310 684 sum
349 627 460 698 jam
505 635 631 699 post
675 638 830 684 recte
873 628 1018 686 sicut
1063 631 1307 700 oportuit
1349 631 1671 688 sentientem
1708 632 1778 688 ad

201 737 432 793 congrua
469 723 847 792 intelligentiae
866 737 1082 780 sensum
1113 723 1378 794 approbat
1403 739 1525 781 esse
1551 739 1778 780 conver-

201 833 320 874 sum.
348 816 450 873 Per
469 817 636 888 quod,
665 817 814 874 sicut
840 815 1210 888 multipliciter
1232 815 1345 886 jam
1368 826 1642 874 ostensum
1672 827 1774 882 est,

199 917 392 967 constat
410 909 567 964 illam
609 908 902 980 epistolam
931 922 1050 978 quae
1077 918 1201 978 post
1229 909 1528 966 unitionem
1557 919 1777 966 contra-

185 1000 267 1054 ria
290 998 522 1068 loquitur
545 995 656 1053 lbze
685 997 931 1070 episcopi
959 1013 1068 1053 non
1099 996 1294 1054 fuisse.

241 1089 390 1146 ιιι.
420 1089 681 1158 Quamvis
729 1089 896 1160 igitur
939 1088 1136 1146 idonee
1182 1089 1622 1162 sufficienter-que
1665 1103 1776 1150 tam

197 1195 256 1238 ex
275 1195 428 1252 supra
457 1179 778 1236 memoratis
805 1180 1056 1236 omnibus
1097 1181 1485 1241 assertionibus
1516 1197 1680 1254 quam
1710 1199 1777 1238 ex

196 1269 680 1327 intorlocutiouibus
707 1271 930 1327 Patrum
971 1271 1028 1326 in
1057 1269 1404 1329 Chalcedona
1446 1273 1777 1330 residentum

193 1361 255 1417 de
271 1360 369 1415 lbre
393 1360 636 1431 episcopi
664 1359 1010 1417 absolutione
1029 1360 1135 1417 sibi
1161 1375 1259 1433 per
1278 1362 1460 1418 omnia
1481 1377 1780 1420 consonan-

193 1451 322 1506 tibus
361 1447 525 1506 fuerit
565 1449 1000 1507 demonstratum
1049 1451 1175 1521 quia
1211 1451 1444 1523 epistola
1491 1453 1560 1510 ad
1587 1453 1778 1510 Marim

194 1539 392 1598 Persam
436 1541 607 1598 rectis
633 1541 858 1598 inimica
903 1541 1245 1612 dogmatibus
1285 1553 1343 1600 et
1387 1543 1630 1616 ejusdem
1673 1543 1780 1604 Iba:

175 1632 494 1704 professioni
519 1633 824 1702 contraria,
867 1633 940 1690 ab
967 1633 1161 1690 eodem
1199 1633 1362 1692 fuerit
1398 1637 1683 1707 abnegata,
1723 1647 1775 1697 et

193 1722 392 1778 Patrum
417 1723 746 1780 multimode
786 1723 1018 1780 refutata
1038 1724 1262 1796 judicio,
1311 1733 1370 1783 et
1409 1741 1506 1800 per
1529 1728 1636 1784 hoc
1663 1718 1777 1784 cla-

193 1823 299 1870 teat
319 1829 350 1869 a
376 1813 530 1871 nullo
559 1829 634 1871 ex
659 1815 855 1872 eodem
885 1813 1106 1872 Patrum
1130 1827 1358 1876 numero
1386 1820 1627 1890 potuisse
1653 1837 1776 1878 sus—
1809 1847 1850 1904 η

189 1905 316 1975 eipi,
360 1921 523 1976 quam
569 1915 631 1962 et
672 1905 792 1978 ipse
832 1907 918 1963 cui
967 1907 1184 1978 objecta
1228 1917 1313 1966 est
1353 1911 1604 1980 negando
1643 1926 1675 1968 a
1717 1928 1778 1968 se

179 1997 392 2068 repulit,
411 2005 467 2053 et
489 1997 699 2069 ubique
726 1999 1040 2056 earumdem
1065 1999 1287 2058 Patrum
1315 2001 1387 2061 de
1413 2004 1502 2077 pia
1531 2003 1634 2062 fide
1654 2021 1780 2062 sen-

193 2087 344 2143 tentia
366 2088 585 2159 proluta
613 2089 914 2158 damnavit,
965 2099 1146 2148 tamen
1175 2107 1246 2150 ex
1273 2093 1574 2151 abundanti
1617 2095 1778 2154 intel-

195 2177 344 2250 ligere
367 2177 587 2248 adjaeet
615 2179 686 2235 de
711 2195 820 2251 qua
845 2181 1076 2252 cpistola
1104 2181 1406 2254 legatorum
1453 2185 1599 2243 sedis
1645 2203 1778 2260 apo-

191 2271 378 2328 stolica:
400 2271 487 2327 vel
525 2271 757 2327 maximi
784 2272 1111 2330 Antioche‘ui
1147 2275 1384 2334 sensisse
1430 2275 1778 2336 interlocutio

185 2361 434 2426 rideatur,
485 2369 546 2418 et
576 2369 640 2418 ut
683 2363 816 2420 illud
854 2365 1000 2434 quod
1038 2363 1277 2422 ﬁdelium
1323 2365 1484 2422 decet
1530 2367 1779 2426 sensibus

195 2455 456 2523 inbuit-ere,
506 2455 652 2512 nihil
696 2457 753 2512 in
776 2457 996 2514 Patrum
1037 2457 1272 2516 decretis
1305 2457 1536 2517 inveniri
1562 2471 1778 2518 contra-

193 2546 314 2607 rium
333 2548 796 2606 demonstremus.
827 2548 1181 2623 Apertissime
1197 2551 1440 2607 creditur
1457 2549 1526 2608 de
1547 2551 1778 2626 epistola

191 2635 575 2694 Edesseuorurn
623 2638 972 2708 clericorum,
1015 2653 1188 2711 quam
1214 2637 1338 2698 lbas
1361 2641 1649 2716 episcopus
1676 2659 1778 2714 pro

191 2745 246 2788 se
265 2732 424 2804 relegi
451 2733 778 2806 postulavit,
827 2732 1020 2790 Patres
1067 2741 1289 2792 nostros
1333 2733 1390 2792 in
1425 2735 1541 2792 suis
1587 2735 1778 2792 fecisse

194 2825 693 2882 interlocutionibus
719 2825 1074 2884 mentionem.
1109 2823 1283 2894 Quam
1329 2825 1518 2898 utique
1543 2823 1776 2882 Edesse-

193 2931 368 2973 uertnn
411 2917 748 2974 clericorum
774 2916 1058 2990 epistolam
1082 2931 1152 2974 ex
1187 2917 1278 2974 illa
1316 2923 1474 2990 parte
1498 2923 1778 2990 gestorum

193 3009 319 3080 apud
344 3007 605 3066 Pbotium
633 3015 689 3066 et
714 3007 1058 3065 Eustathium
1085 3007 1421 3076 habitorum,
1467 3024 1630 3082 quam
1664 3009 1778 3068 eal-

193 3101 288 3157 lide
311 3116 371 3158 ac
397 3099 1145 3159 fraudulenteradversarius
1170 3100 1290 3172 ejus
1308 3101 1587 3172 omiserat,
1610 3101 1776 3174 relegi

193 3189 462 3259 Iestinavit,
508 3199 581 3248 ut
624 3189 777 3247 illam
826 3190 895 3247 ad
936 3189 1148 3258 Marim,
1193 3206 1314 3264 quae
1360 3207 1431 3250 ex
1475 3189 1606 3264 ipsis
1630 3189 1774 3248 idem

185 3281 350 3356 {item}
373 3283 539 3353 gestis
562 3291 761 3341 contra
803 3297 924 3339 eum
951 3283 1155 3341 reiecta
1195 3282 1392 3353 fuerat,
1443 3283 1771 3353 confutaret,

187 3385 284 3444 per
301 3389 458 3446 quam
505 3373 880 3447 supradictam
905 3371 977 3430 ad
1003 3373 1192 3430 Marim
1218 3373 1443 3432 Persam
1487 3374 1773 3446 epistolam

195 3465 306 3537 quia
331 3465 448 3524 lbas
468 3475 685 3525 rectam
713 3465 875 3523 ﬁdem
901 3465 1316 3538 impugnaverit,
1345 3473 1404 3521 et
1419 3465 1571 3522 beati
1589 3464 1776 3540 Cyrilli

195 3556 427 3626 dogmata
473 3558 529 3614 in
567 3556 846 3628 Ephesina
899 3557 1078 3628 prima
1125 3555 1336 3629 synodo
1382 3556 1580 3612 tradita
1625 3556 1775 3613 omni

196 3645 454 3720 impietate
484 3651 645 3722 plena
672 3658 730 3706 et
767 3657 930 3706 recta:
959 3647 1085 3706 ﬁdei
1109 3648 1308 3705 dixerit
1331 3663 1454 3705 esse
1480 3649 1771 3714 contraria,

195 3740 468 3798 adversarii
507 3741 804 3800 ostendere
847 3741 1184 3798 nitebantur.
1214 3739 1368 3797 Unde
1413 3755 1641 3798 necesse
1675 3739 1778 3798 fuit

191 3833 326 3888 illam
352 3849 470 3905 quo
514 3835 877 3906 dirigentibus
903 3831 1193 3890 Edessenis
1231 3833 1442 3890 clericis
1483 3831 1681 3890 Pbotio
1721 3843 1778 3890 et

191 3922 452 3984 Eustathio
481 3927 760 3999 episcopis
781 3925 894 3997 jam
927 3925 1136 3998 pridem
1163 3925 1360 3982 tradita
1398 3925 1596 3996 fuerat,
1636 3931 1694 3982 et
1721 3923 1775 3982 in

185 4027 360 4073 eorum
389 4019 665 4077 recensita
703 4018 948 4090 judicio,
980 4018 1217 4090 ipsisque
1253 4017 1422 4088 gestis
1447 4018 1670 4084 inserta,
1707 4017 1776 4073 ad

187 4112 262 4166 sui
303 4113 683 4184 purgationem
727 4109 850 4167 ibas
894 4111 950 4166 in
977 4109 1404 4168 Chalcedonensi
1431 4125 1650 4182 quoque
1681 4125 1774 4182 sy-

185 4201 326 4258 nodo
350 4205 515 4276 relegi
545 4209 890 4275 precaretur,
939 4216 1064 4272 qua:
1109 4201 1254 4258 inter
1277 4209 1475 4258 cratera
1523 4201 1598 4257 ita
1645 4200 1778 4256 dicit

187 4293 1026 4366 (Aet.10):Anatltemalizantes
1071 4309 1168 4348 nos
1214 4293 1388 4364 ipsos,
1433 4299 1484 4347 et
1531 4289 1775 4346 terribilis

181 4377 421 4455 gean
451 4385 802 4456 nosmetipsos
841 4383 1098 4440 obnoxios
1135 4383 1410 4458 facientes,
1455 4385 1502 4438 si
1543 4384 1774 4439 novimus

184 4479 370 4552 aliquid
389 4481 496 4536 tale
523 4481 724 4534 dictum
753 4479 818 4534 ab
845 4496 906 4534 eo
936 4486 1028 4533 aut
1056 4477 1256 4548 aliquid
1280 4475 1427 4532 aliud
1453 4477 1773 4532 contrarium

1879 537 2059 597 Photii
2099 549 2155 597 et
2183 540 2450 599 Eustatliii
2479 547 2856 619 episcoporum
2906 552 3169 610 dixissent
3214 555 3366 614 Ibam
3392 557 3478 616 in-

1847 621 1854 630 ’
1879 631 2102 686 noxium
2130 635 2561 704 comprobatum,
2588 639 2760 694 secuti
2783 650 2908 695 sunt
2929 640 3170 700 dicentes
3194 645 3328 716 (Act.
3349 644 3474 717 10):

1880 717 2092 776 Παιδεία
2121 723 2259 778 enim
2285 725 2398 796 ejus
2426 726 2648 797 epistola
2685 730 2986 800 agnovimus
3014 749 3131 788 eum
3157 751 3269 790 esse
3294 736 3478 804 catho-

1877 813 2066 880 licum;
2097 823 2154 871 ut
2183 817 2416 887 primum
2459 835 2529 876 ex
2559 819 2676 890 ipso
2713 837 2894 876 rerum
2927 824 3107 895 (apud
3138 824 3390 882 Photium
3419 837 3478 885 et

1879 900 2245 978 Eustathium)
2276 916 2548 976 gestarum
2591 909 2782 968 ordine
2823 912 2892 968 de
2919 929 3004 982 ea,
3055 914 3108 968 id
3135 925 3220 970 est
3248 909 3478 974 Edesse-

1877 1010 2092 1063 norum,
2107 1013 2231 1067 quae.
2251 997 2394 1070 apud
2423 1015 2518 1056 eos
2537 1010 2816 1073 postremo
2836 1003 2961 1060 loco
2984 1007 3181 1062 reiecta
3202 989 3476 1064 monstra-

1880 1095 1968 1142 tur
2010 1088 2261 1160 epistola,
2311 1091 2423 1148 suis
2469 1092 2758 1150 credantur
2807 1095 3311 1155 interlocutionibus
3341 1115 3475 1156 ccu-

1877 1178 2070 1234 suisse.
2127 1177 2282 1246 Quod
2326 1191 2508 1238 autem
2537 1181 2672 1252 ejus,
2717 1183 2772 1240 id
2801 1193 2882 1242 est
2909 1185 3016 1242 lbra
3043 1189 3306 1260 episcopi,
3351 1183 3475 1247 eam

1877 1272 2208 1342 signiﬁcasse
2230 1273 2484 1332 videntur
2503 1277 2788 1350 epistolam
2816 1279 3066 1351 signante
3082 1283 3240 1358 [forte
3255 1286 3475 1356 signan-

1880 1359 1988 1436 tur]
2011 1365 2183 1436 magis
2209 1365 2353 1423 hanc
2395 1368 2563 1440 ipsius
2608 1373 2932 1444 appellando
2961 1391 3122 1446 quam
3161 1394 3262 1450 pro
3289 1393 3352 1436 se
3387 1394 3476 1436 re-

1879 1449 1984 1538 legi
2013 1455 2190 1526 petiit,
2221 1457 2368 1516 illam
2396 1461 2578 1530 potius
2604 1461 2674 1516 ad
2703 1461 2891 1519 Marim
2923 1449 3168 1534 Persam,
3195 1483 3316 1538 qua:
3343 1483 3476 1526 cou-

1879 1536 1963 1599 'tra
1992 1559 2118 1602 eum
2146 1549 2358 1619 prolata
2380 1557 2485 1618 est,
2514 1551 2807 1609 ostendunt
2831 1555 2998 1627 ipsius
3028 1573 3137 1613 non
3168 1536 3350 1626 fuisse,
3379 1558 3474 1616 illo

1877 1633 2133 1706 loquendi
2168 1637 2335 1696 modo
2363 1655 2472 1714 quo
2519 1641 2886 1702 indubitanter
2912 1661 3104 1704 omnes
3131 1648 3380 1706 homines
3417 1659 3477 1712 et

1878 1726 1948 1782 de
1975 1727 2096 1784 aliis
2142 1738 2198 1786 et
2225 1729 2294 1786 de
2336 1746 2396 1788 se
2439 1733 2520 1790 uti
2562 1733 2760 1802 solent,
2809 1745 2870 1792 ut
2911 1753 3099 1794 eorum
3128 1739 3478 1816 documenta,

1878 1815 2099 1888 chartm,
2131 1821 2379 1891 epistola:
2400 1823 2648 1880 dicantur
2673 1826 2766 1904 qui
2808 1827 2890 1886 eis
2916 1845 3015 1900 pro
3041 1845 3101 1894 se
3139 1838 3380 1900 utuntur,
3420 1815 3478 1894 et

1880 1921 2112 1977 quorum
2143 1911 2504 1969 ostenduntur
2529 1915 2790 1988 prodesse
2831 1919 3096 1996 negotiis.
3129 1919 3305 1990 Quam
3333 1925 3478 1984 enim

1879 1999 1959 2092 illi
1986 2003 2316 2060 sanctissimi
2341 2006 2653 2076 cognitores
2677 1993 2859 2080 potius
2884 1993 3010 2092 ibas,
3037 2028 3200 2084 quem
3231 2015 3477 2080 absolve-

1879 2091 2032 2160 bant,
2065 2108 2186 2150 esse
2215 2095 2503 2166 epistolam
2523 2097 2851 2170 judicarent,
2879 2101 3025 2158 illam
3047 2103 3114 2158 ad
3135 2101 3324 2162 Marini
3347 2099 3476 2162 Per-

1879 2198 2016 2253 sam,
2044 2195 2208 2256 quam
2231 2203 2332 2268 pro
2359 2189 2568 2260 magnis
2589 2175 2904 2252 criminibus
2931 2209 3052 2267 qua:
3076 2195 3129 2251 in
3157 2207 3224 2252 ea
3248 2197 3476 2269 episwla

1880 2275 2228 2334 continentur
2253 2275 2323 2332 ad
2369 2275 2528 2334 ibam
2566 2271 2986 2353 impugnamlom
3033 2283 3350 2356 objecerant
3375 2287 3477 2346 ad-

1879 2366 2106 2422 versarii
2134 2366 2272 2437 ejus,
2317 2384 2385 2424 au
2429 2369 2580 2426 illam
2605 2369 3021 2442 Edessenorum,
3072 2367 3193 2446 quae
3235 2391 3362 2434 eum
3407 2373 3477 2438 ab

1881 2455 2130 2514 omnibus
2155 2468 2350 2531 purgat
2377 2460 2642 2532 objectis;
2685 2463 2833 2519 illam
2861 2465 2930 2520 ad
2955 2465 3144 2522 Marim
3167 2457 3474 2540 epistulam,

1881 2561 2043 2617 quam
2092 2547 2362 2619 objectam
2411 2550 2514 2607 sibi
2557 2553 2674 2624 ipse
2717 2553 2870 2624 ibas,
2915 2555 3056 2612 sicut
3103 2552 3476 2629 multipliciter

1880 2648 2163 2698 ostensqu
2209 2649 2314 2710 est,
2375 2645 2697 2716 abnegavit,
2739 2662 2810 2703 an
2857 2647 3003 2704 illam
3052 2637 3472 2719 Edessenorum,

1880 2745 2044 2801 quam
2071 2731 2140 2788 ad
2169 2732 2311 2790 illius
2332 2733 2576 2805 epistola:
2603 2735 2672 2793 ad
2699 2735 2887 2794 Marim
2931 2739 3391 2813 impugnationem
3420 2753 3476 2802 et

1880 2836 1982 2893 pro
2025 2837 2139 2880 sum
2175 2823 2497 2882 orthodoxae
2536 2825 2658 2884 lidei
2701 2829 3098 2902 approbatione
3140 2833 3476 2903 relegeretur

1881 2914 2096 2984 exegit;
2127 2915 2274 2971 illam
2299 2916 2366 2973 ad
2390 2915 2582 2974 Marini
2607 2917 2852 2990 Persam,
2897 2939 3019 2994 quae
3047 2940 3195 2996 eum,
3225 2927 3270 2984 si
3305 2927 3475 3000 ipsius

1879 3003 2234 3072 probaretur,
2282 3013 2492 3064 rectam
2537 3007 2697 3066 ﬁdem
2746 3010 3089 3085 irnpugnasse
3135 3017 3352 3083 astruit,
3400 3033 3474 3080 an

1880 3093 2026 3150 illam
2057 3095 2474 3167 Edessenorum,
2505 3117 2626 3174 qua:
2649 3117 2775 3160 eum
2815 3113 3006 3162 contra
3037 3107 3365 3176 catholicam
3403 3108 3473 3165 ﬁ-

1877 3186 2004 3244 dem
2047 3187 2182 3246 nihil
2225 3189 2428 3247 dixisse
2479 3198 2740 3262 testatur;
2793 3193 2940 3250 illam
2981 3196 3052 3254 ad
3097 3197 3288 3256 Marini
3333 3194 3470 3258 Per-

1877 3294 2014 3348 sam,
2057 3291 2184 3354 post
2207 3281 2362 3354 cujus
2403 3283 2693 3342 lectionem
2721 3287 2878 3344 statis
2903 3288 3026 3346 ibas
3072 3289 3372 3366 episcopus.
3387 3293 3471 3350 in-
3585 3324 3590 3333 ι

1877 3368 2002 3426 tulit
2061 3371 2192 3442 quia
2247 3380 2306 3429 et
2370 3372 2440 3431 ab
2481 3374 2568 3430 his
2609 3389 2733 3447 qua:
2770 3375 2874 3434 sibi
2920 3378 3069 3436 illata
3107 3389 3294 3454 essent
3337 3375 3472 3454 alie-

1874 3474 1980 3516 nus
2021 3461 2302 3532 existeret,
2349 3477 2420 3519 an
2474 3461 2621 3523 illam
2675 3465 3096 3540 Edessenorum,
3153 3447 3268 3543 per
3305 3447 3471 3546 quam

1869 3549 2208 3624 .TbeOphilus
2233 3553 2574 3614 adversarius
2593 3555 2710 3629 ejus
2729 3574 3062 3632 cognoscens
3081 3577 3140 3620 se
3161 3561 3324 3620 fuisse
3339 3579 3472 3640 eon-

1875 3643 2100 3710 victnm,
2126 3659 2252 3702 eum
2293 3644 2544 3704 falsitatis
2572 3649 2802 3707 crimine
2844 3653 3126 3710 nitebatur
3154 3652 3469 3726 infringere.

1878 3731 2022 3804 Ergo
2051 3733 2141 3790 illa
2175 3733 2246 3790 ad
2293 3733 2485 3794 Mai-im
2530 3735 2750 3796 Persam
2791 3741 3122 3801 accusatoris
3149 3745 3352 3816 potius,
3381 3747 3474 3819 qui

1875 3837 1997 3880 eam
2025 3824 2252 3895 protulit
2278 3841 2379 3882 nec
2404 3827 2674 3900 probavit,
2699 3845 2858 3901 quam
2884 3831 3008 3900 lbte,
3035 3833 3130 3905 qui
3152 3815 3280 3892 eam
3303 3815 3473 3906 nega:

1874 3915 1972 3982 vit,
1997 3929 2119 3972 esse
2159 3913 2458 3986 iustissime
2484 3917 2553 3973 ab
2593 3917 2844 3978 omnibus
2874 3921 2960 3976 vel
2985 3922 3248 3979 :estimata
3276 3933 3361 3982 est
3386 3919 3474 3982 vel

1875 4007 2130 4062 aestimari
2157 4006 2318 4066 debet
2343 4008 2594 4080 epistola.
2637 4009 2791 4070 Nunc
2817 4011 2949 4068 illud
2993 4013 3344 4073 nihilominus
3389 4029 3473 4076 est

1877 4101 2124 4171 sagacius
2167 4099 2507 4172 intuendum,
2549 4118 2651 4176 per
2693 4120 2857 4177 quam
2891 4107 3232 4178 potissimum
3279 4110 3472 4166 ortho-

1876 4191 2050 4248 doxus
2073 4191 2197 4251 lbas
2216 4193 2504 4266 episcopus
2524 4207 2556 4250 a
2575 4195 2792 4252 vicariis
2812 4197 2956 4256 sedis
2977 4199 3288 4269 apostolica:
3311 4198 3472 4258 fuerit

1871 4281 2164 4353 judicatus,
2211 4299 2311 4355 per
2353 4285 2500 4340 illam
2529 4286 2598 4342 ad
2644 4285 2833 4344 Marim
2883 4285 3125 4356 Persam,
3173 4304 3294 4362 qua:
3347 4307 3473 4348 cum

1877 4375 2530 4449 apertissime-Ephesium
2569 4379 2756 4452 primm
2795 4377 2954 4455 [adde
2994 4369 3226 4455 synodo]
3247 4392 3303 4440 et
3327 4383 3473 4441 beati

1877 4465 2061 4540 Cyrilli
2091 4465 2215 4524 ﬁdei
2235 4467 2308 4526 ibi
2328 4470 2607 4542 expositae,
2634 4486 2797 4542 quam
2824 4469 3266 4530 Chalcedonense
3289 4476 3474 4531 conci-

183 4573 439 4628 eatholica:
461 4574 614 4644 fidei.
649 4573 712 4628 Si
739 4572 877 4627 enim
907 4572 1082 4644 aliqua
1109 4571 1206 4626 tali
1243 4569 1382 4624 dicto
1409 4569 1554 4640 passi
1580 4569 1772 4642 {uisse-
1801 4609 1853 4670 Β
1877 4558 2008 4615 “om
2032 4558 2212 4670 (gula!
2235 4561 2592 4666 adsequitur,
2614 4563 2957 4670 contradicit:
2969 4565 3294 4670 scriptorem
3317 4581 3474 4622 suum

183 4677 286 4718 mss
313 4665 702 4720 communicare
729 4663 780 4718 ei
805 4665 891 4736 qni
933 4663 1086 4730 dixit,
1135 4670 1226 4718 aut
1251 4663 1442 4717 missas
1466 4676 1581 4715 cum
1608 4677 1669 4716 eo
1699 4669 1772 4716 te-

182 4769 312 4820 nere,
332 4756 522 4810 ultimo
538 4755 794 4827 supplicio
817 4755 1094 4828 fuissemus
1113 4752 1345 4819 obnoxii,
1363 4762 1610 4826 tanquam
1631 4767 1772 4807 com-

183 4843 628 4902 municantes‘tali
663 4847 852 4914 errori,
884 4853 940 4902 et
975 4853 1192 4902 caetera.
1225 4839 1296 4900 Ut
1334 4859 1435 4914 per
1471 4843 1578 4900 hoc
1623 4841 1770 4910 quod

183 4939 420 4994 adu-unt
459 4935 728 4993 Μεδειηὶ
775 4933 964 4993 clerici
984 4935 1120 4992 nihil
1149 4949 1272 4991 eum
1301 4934 1408 4990 tale
1435 4935 1523 4990 vel
1567 4933 1768 5004 aliquid

183 5013 671 5104 mittitis-0661a!
695 5024 832 5104 ﬁdei
845 5025 1048 5084 dixisse
1075 5026 1428 5094 contrarium,
1469 5027 1560 5082 illa
1585 5027 1765 5082 omnia

182 5103 296 5188 qui:
317 5127 485 5175 recta:
511 5117 643 5175 ﬁdei
684 5118 955 5176 contraria
983 5117 1054 5174 ad
1079 5117 1269 5174 Marim
1299 5117 1518 5175 Persam
1542 5118 1770 5190 epistola

182 5209 506 5278 continebat,
530 5217 590 5266 et
619 5212 687 5267 ab
715 5203 1044 5282 adversariis.
1080 5207 1148 5264 ad
1179 5208 1638 5279 impugnationem
1666 5207 1770 5264 Iba:

182 5303 411 5373 episcopi
437 5304 572 5374 quia
601 5303 672 5358 ab
701 5317 769 5358 eo
795 5301 941 5357 dicta
990 5301 1189 5356 fuerint
1227 5300 1566 5370 ﬁngebantur
1591 5301 1774 5357 exclu—

183 5393 304 5450 dere
343 5393 508 5470 [forte
534 5389 932 5465 excluderent],
978 5399 1036 5448 et
1064 5393 1410 5462 negationem
1440 5409 1592 5448 suam
1633 5393 1773 5448 idem

183 5484 294 5543 Ilias
311 5488 606 5558 episc0pus
627 5487 682 5542 in
709 5501 815 5558 qua
826 5485 995 5558 paulo
1017 5493 1146 5540 ante
1159 5484 1371 5540 dixerat
1395 5485 1515 5556 quia
1530 5493 1579 5539 et
1601 5481 1666 5540 ab
1688 5487 1769 5540 his

179 5591 288 5647 qua
317 5579 448 5634 mihi
479 5577 641 5634 illata
667 5585 786 5632 sunt
814 5577 1020 5632 alienas
1049 5577 1239 5644 arista,
1267 5575 1608 5644 apertissime
1634 5594 1766 5633 cou-

184 5672 444 5727 lirntarett
485 5679 488 5686 '
531 5681 552 5694 "
665 5689 668 5692 '

247 5753 406 5814 XXII.
435 5759 597 5816 Hanc
637 5771 768 5829 ergo
791 5756 1188 5815 Edessenorum
1237 5757 1560 5814 clericorum
1607 5757 1767 5826 legati

192 5849 487 5918 apostolica:
536 5847 688 5907 sedis
731 5856 858 5905 ante
911 5849 1098 5906 oculos
1148 5849 1411 5909 habentes
1457 5848 1768 5920 epistolam,

583 5936 879 6025 Parnor.._
905 5923 1135 6007 LXIX.

1875 4650 2115 4708 ostendit
2135 4651 2473 4720 hatreticum,
2504 4669 2573 4710 an
2595 4659 2702 4726 'per
2720 4653 2880 4712 istam
2905 4648 3328 4728 Edessenorum,
3357 4673 3474 4728 qum

1873 4743 2006 4800 nihil
2027 4733 2175 4801 ibam
2195 4745 2508 4818 episcopum
2531 4746 2815 4809 catholica:
2839 4743 2968 4824 ﬁdei
2985 4749 3315 4805 contrarium
3336 4766 3474 4808 nuu-

1871 4851 2034 4908 quam
2066 4833 2270 4893 dixisse
2289 4837 2390 4894 sub
2420 4837 2675 4895 terribilis
2695 4837 3048 4911 jurisjurandi
3078 4849 3134 4896 et
3157 4841 3474 4900 anathema-

1871 4929 1941 4987 tis
1971 4930 2386 5003 interpositione
2413 4929 2775 5000 conﬁrmans,
2817 4933 2886 4990 ab
2921 4933 3355 4991 adversariorum
3383 4921 3474 5014 ob‘

1863 5021 2108 5093 jectione
2135 5029 2419 5095 purgatum
2444 5023 2783 5096 pronuntiari
2811 5023 2938 5081 fecit
2958 5025 3352 5094 orthodoxum;
3375 5040 3474 5103 per

1873 5113 2019 5172 illam
2046 5115 2114 5170 ad
2145 5113 2332 5170 Marim
2363 5113 2604 5185 Persam,
2633 5130 2796 5186 quam
2826 5115 2968 5174 inter
2987 5133 3085 5174 eos
3109 5111 3201 5190 qui
3227 5131 3335 5174 non
3355 5133 3474 5196 ere;

1875 5208 2016 5273 dunt.
2035 5209 2174 5266 sicut
2215 5208 2266 5262 in
2291 5207 2564 5279 Ephesina
2591 5210 2765 5282 prima
2810 5210 3018 5282 synodo
3045 5208 3277 5282 Cyrillus
3303 5224 3474 5282 expo-

1875 5303 2013 5370 suit,
2073 5311 2260 5358 sancta
2307 5295 2765 5358 Chalcedonensis
2823 5301 3062 5374 synodus
3114 5303 3476 5358 anathematis

1878 5410 2036 5466 [emitti
2065 5394 2350 5465 percussit,
2381 5409 2449 5458 an
2475 5407 2576 5464 per
2605 5379 2752 5462 illam
2778 5383 3192 5470 Edesseuorum,
3223 5405 3344 5462 quae
3382 5407 3477 5448 eo-

1879 5483 2122 5540 rumdem
2171 5483 2392 5540 Patrum
2440 5477 2644 5554 judicio
2687 5495 3017 5549 consonans,
3046 5483 3126 5538 eis
3155 5482 3333 5552 magni
3384 5483 3475 5554 qui

1878 5574 2079 5647 aliquid
2107 5582 2294 5632 contra
2327 5573 2487 5628 ﬁdem
2517 5573 2840 5629 catholicam
2881 5571 3182 5630 dicentibus
3229 5561 3474 5628 commu-

1879 5669 2062 5724 nicant
2084 5667 2275 5739 inlligit
2299 5668 2606 5724 anathema.
2631 5665 2761 5735 Quae
2780 5666 2961 5722 omnia
2991 5665 3151 5721 etiam
3182 5665 3473 5742 interlocu-

1881 5759 2011 5813 tioni
2057 5757 2277 5814 Maximi
2313 5757 2635 5814 Antiocheni
2663 5755 2900 5828 episcopi
2947 5755 3239 5812 convenire
3279 5755 3476 5810 eadem

1879 5864 2000 5922 qua:
2026 5851 2255 5910 disserta
2283 5859 2367 5910 est
2393 5852 2622 5908 veritate
2649 5848 3003 5922 perspicitur;
3032 5847 3124 5919 qui
3153 5848 3470 5920 rescriptum

2959 5941 2998 5999 6
