3986 6362
496 286 590 344 171

1709 290 1930 353 Visun
1971 295 2073 354 rp.
2100 295 2589 361 consumtus
2802 332 2857 391 ,λ

3688 305 3802 365 ιτς

762 399 1108 493 nominando,
1140 417 1249 493 non
1278 402 1346 463 de
1375 400 1466 458 illa
1504 403 1574 460 ad
1609 403 1801 463 larim
1842 405 2086 476 Persam,
2117 417 2170 478 Α
2192 411 2303 468 vim
2344 410 2557 470 idonea:
2580 411 2919 486 probationis
2946 415 3257 488 exprimens
3304 417 3444 491 (Act.
3494 418 3609 493 ιο),
3667 431 3801 493 post

487 492 588 551 sed
640 492 711 551 de
760 492 1155 551 Edesseuorum
1201 492 1524 551 clericorum
1574 497 1803 568 epistola
1858 500 2092 560 sensisse

487 594 844 646 monstratur.
873 582 1160 661 Quomodo
1198 585 1345 642 enim
1389 586 1458 645 de
1504 588 1737 661 epistola
1781 592 1853 649 ad
1897 592 2091 651 Marini

488 678 732 747 Persam,
757 692 790 736 a
819 693 926 751 qua
953 658 1184 752 primam
1213 658 1557 752 Ephesinam—
1571 685 1841 758 synodum
1865 695 1924 744 et
1946 687 2090 745 beati

483 769 676 845 Cyrilli
702 770 816 829 illic
844 771 1190 844 praedicatam
1218 780 1427 830 certum
1451 781 1536 832 est
1562 775 1863 849 impugnari
1886 778 2091 837 doctri-

492 877 617 918 nam
644 902 662 932 ,
727 861 932 935 aliquid
997 871 1334 922 memoratus
1398 865 1664 926 Maximus
1728 870 2091 927 orthodoxam

486 953 688 1012 dixisse
712 954 983 1028 putandus
1004 961 1109 1026 est,
1131 957 1246 1028 qui,
1275 957 1417 1014 sicut
1440 973 1602 1032 supra
1630 960 1790 1033 plene
1811 959 1924 1032 jam
1953 961 2094 1018 dixi-

485 1061 630 1119 mus,
657 1047 785 1105 dum
813 1047 882 1105 de
928 1047 1239 1122 recipienda
1283 1050 1462 1109 beatis
1506 1051 1901 1111 recordationis
1939 1067 2091 1126 papae

478 1138 687 1197 Leonis
715 1137 943 1211 epistola
972 1148 1312 1211 censeretur,
1338 1156 1460 1198 eam
1487 1141 1558 1198 ob
1581 1142 1687 1201 hoc
1725 1142 2091 1214 recipiendam

486 1229 678 1286 statuit
715 1230 843 1302 quia
890 1229 1038 1286 beati
1070 1229 1258 1303 Cyrilli
1297 1231 1354 1287 in
1399 1229 1617 1303 Epheso
1659 1234 1921 1305 expositas
1968 1232 2091 1292 lidei

472 1320 827 1387 sconveniret,
855 1319 1088 1377 dicendo
1129 1322 1203 1377 ita
1234 1322 1373 1393 (Act.
1415 1321 1471 1396 4)
1500 1339 1514 1378 :
1547 1321 1841 1380 Concordat
1868 1325 2091 1396 epistola

475 1412 801 1469 sanctissimi
831 1411 1207 1484 archiepiscopi
1247 1413 1405 1486 regia:
1433 1411 1616 1469 Romae
1665 1412 1859 1470 Leonis
1884 1415 2091 1487 exposi-

2194 502 2452 560 reiectam
2475 500 2870 562 Etlessenorum
2912 506 3202 577 epistolam
3244 508 3567 569 clericorurn
3607 527 3682 570 ex
3708 514 3800 573 his

2192 590 2395 648 chartis
2434 607 2572 665 quas
2600 592 2943 652 adversarius
2978 598 3280 669 protulerat
3313 610 3593 661 ostensum
3639 602 3800 663 Ibam

2193 682 2569 753 pronuntiavit
2591 683 2980 743 orthodoxum.
3012 686 3084 744 Ut
3108 698 3292 746 autem
3333 693 3545 764 plenius
3571 705 3805 757 conten-

2193 769 2317 826 tiosi
2344 769 2724 829 btereticorum
2758 773 2926 831 animi
2963 786 3310 849 superentur,
3340 780 3569 841 diversis
3614 786 3804 844 modis

2191 856 2497 915 ostenditur
2539 859 2687 917 hanc
2709 858 3104 922 Edessenorum
3150 869 3440 941 epistolam
3485 887 3597 931 non
3644 875 3803 933 velut

2192 964 2389 1043 novam
2426 950 2938 1043 in_(_3haicedonensi
2984 958 3217 1016 concilio
3252 962 3321 1018 ab
3362 961 3461 1021 iba
3490 962 3800 1043 probitatis,

2190 1037 2286 1095 sed
2312 1038 2444 1095 olim
2473 1038 2667 1100 Photio
2695 1053 2752 1101 et
2794 1043 3079 1105 Eustatitio
3107 1050 3379 1123 episcopis
3423 1037 3798 1117 contraditaus

2190 1134 2250 1185 et
2273 1144 2463 1187 eorum
2488 1136 2657 1201 gestis
2701 1134 2980 1195 insertam.
3030 1139 3213 1199 Primo
3252 1146 3397 1201 enim
3423 1163 3494 1204 ex
3533 1164 3601 1207 eo
3640 1154 3798 1224 quod

2190 1226 2439 1292 tempore
2459 1222 2650 1294 judicii
2678 1225 2749 1282 ad
2776 1242 2872 1285 cos
2899 1228 3026 1287 data
3059 1231 3281 1304 legitur,
3312 1236 3393 1294 eis
3417 1238 3488 1295 ad
3530 1222 3677 1314 quos
3708 1245 3799 1302 die

2189 1320 2341 1405 recta
2364 1322 2448 1370 est
2474 1315 2674 1405 tradita
2700 1318 2851 1376 nullo
2894 1321 3060 1378 modo
3096 1323 3400 1403 dubitatur;
3430 1332 3632 1405 quippe
3661 1350 3798 1395 cum

2190 1400 2247 1459 in
2274 1418 2463 1460 eorum
2480 1403 2685 1475 judicio
2710 1423 2809 1480 per
2827 1425 2950 1467 eam
2969 1411 3090 1470 ibas
3110 1415 3177 1471 ad
3200 1400 3580 1488 purgationem
3595 1441 3797 1487 eorum

488 1502 712 1562 tionibus
735 1512 1078 1564 trecentorum
1100 1504 1278 1562 decem
1304 1515 1357 1562 et
1383 1516 1499 1562 octo
1534 1507 1674 1579 apud
1700 1503 1939 1563 Nicteam
1962 1523 2089 1563 san-
2338 1494 2551 1587 abiecta
2575 1494 2791 1555 Ῑιιθηιιι
2811 1499 3101 1573 ἱιιάίευοτὶι
3126 1506 3390 1577 Μίανεά
3418 1511 3621 1571 Deinde
3638 1516 3797 1587 «ιυοιι

486 1603 689 1655 (torum
714 1595 959 1663 Patrum,
980 1604 1034 1652 et
1052 1604 1256 1651 centum
1275 1596 1653 1670 quinquaginta
1675 1596 1816 1669 apud
1836 1595 2092 1654 Constan-
2289 1585 2480 1684 Qatie_m
2507 1588 2739 1684 epistola
2780 1593 3005 1684 petiisse
3041 1611 3074 1652 a
3113 1603 3430 1684 memoratis
3481 1583 3680 1665 Photio
3729 1617 3799 1670 es

474 1688 763 1761 ‘tinopo’lim
790 1703 977 1744 nouam
1006 1686 1250 1753 Romam,
1281 1696 1333 1743 et
1358 1688 1415 1743 in
1446 1685 1661 1760 Epheso
1690 1703 1725 1741 a
1755 1686 2084 1745 sanctissimo

2188 1672 2472 1769 Eustathio
2513 1680 2810 1753 impensius
2843 1682 3102 1745 Edesseni
3139 1677 3322 1750 clerici
3369 1695 3686 1769 releguntur
3727 1712 3799 1763 ιι

491 1779 692 1854 Cyritio
738 1781 980 1852 cpiscOpo
1025 1779 1280 1852 eapositte
1308 1778 1473 1878 ﬁdei;
1513 1787 1570 1878 et
1610 1777 1918 1878 subscripsi.
1949 1776 2091 1878 _Quis
2118 1816 2169 1878 Β
2190 1766 2917 1878 gestis
2954 1778 3236 1878 inserere;
3266 1786 3414 1878 quod
3443 1766 3558 1847 ﬁcri
3584 1792 3799 1852 nihilo.

479 1871 659 1941 igitur
686 1868 769 1928 sic
784 1885 827 1927 ι
851 1870 1021 1949 totius
1045 1868 1399 1928 humanitatis
1424 1868 1639 1927 ratione
1657 1870 1927 1944 sepositus
1948 1869 2093 1926 inve-
2118 1858 2169 1878 "
2196 1858 2377 1917 minus
2397 1869 2472 1955 _et
2514 1861 2643 1955 ipse
2660 1862 2851 1936 iudicii
2872 1866 3011 1927 ordo
3038 1873 3321 1942 poscebat-
3361 1875 3493 1946 Qua
3531 1880 3606 1938 ita
3632 1893 3801 1955 gesta

495 1962 638 2017 nitur
667 1968 727 2017 ut
753 1959 944 2019 credat
968 1961 1115 2018 hunc
1142 1959 1485 2019 sacerdotem
1512 1960 1569 2017 iu
1594 1976 1757 2018 causa
1784 1959 1873 2018 vel
1898 1958 2084 2018 delini-

2194 1961 2303 2047 non
2331 1949 2506 2007 solum
2534 1952 2734 2011 veritas
2763 1960 3046 2027 praesentis
3071 1963 3502 2027 ratiocinationis
3526 1949 3797 2047 ostendit,

490 2052 639 2110 none
678 2051 807 2110 ﬁdei
843 2051 919 2109 ita
959 2052 1062 2112 sibi
1098 2051 1371 2110 exstitisse
1411 2053 1746 2111 contrarium
1773 2060 1833 2109 ut
1858 2051 1950 2123 qui
1980 2058 2092 2107 tan
2191 2037 2288 2095 sed
2315 2047 2373 2096 et
2409 2041 2578 2113 ipsius
2603 2042 2708 2101 Iba
2735 2053 2967 2105 testatur
2999 2054 3250 2125 superius
3275 2066 3335 2116 et
3386 2058 3442 2116 in
3485 2037 3800 2125 Chalcedo;

491 2141 735 2216 praeclari
759 2141 1033 2215 pontiﬁcis
1052 2129 1217 2214 atque
1234 2141 1491 2214 doctoris,
1520 2142 1573 2200 id
1597 2151 1683 2201 est
1699 2142 1848 2201 beati
1868 2141 2091 2213 Leonis,
2192 2131 2347 2231 ιξθιιεί
2375 2134 2583 2205 8111οά0
2612 2143 2679 2231 (εξ
2714 2137 2775 2231 in,
2806 2136 2986 2231 Plautii
3013 2152 3177 2215 atque
3220 2145 3488 2210 Eustatbii
3532 2160 3800 2220 examino

489 2235 773 2307 epistolam
800 2240 988 2306 aperte
1013 2234 1102 2307 pia
1123 2232 1376 2304 dogmata
1404 2233 1776 2297 imminentem
1804 2232 1952 2290 beati
1981 2232 2091 2307 Cy-
2191 2220 2511 2297 ἀθρωιιιυιει
2550 2226 2837 2297 professio.
2862 2220 3151 2305 'Siquidem
3190 2249 3437 2300 metu
3480 2246 3798 2311 Chalcedo—

488 2325 593 2382 riiii
614 2339 734 2398 qua:
758 2324 813 2381 in
833 2324 1050 2397 Epheso
1071 2331 1156 2382 est
1175 2325 1423 2397 exposita
1441 2323 1813 2415 comparando
1832 2324 2092 2415 doctrinas
2191 2315 2676 2415 ηθιιεξείξηοίξίιιηι
2713 2320 2999 2415 episcopus
3036 2324 3158 2415 ibas
3201 2328 3495 2404 ingressus,
3541 2338 3672 2398 dum
3734 2359 3805 2403 se

484 2415 747 2486 judicavit
786 2414 1173 2483 orthodoxam,
1206 2414 1350 2471 illius
1396 2415 1706 2471 econtrario
1734 2413 1975 2486 epistola:
2003 2428 2095 2471 or-
2193 2405 2723 2502 asseritabsqluluu}
2753 2409 2932 2468 Ριιοιϋ
2961 2423 3016 2471 ει
3041 2413 3307 2478 Emathii
3345 2429 3664 2502 constituto.
3711 2433 3796 2494 ita

481 2505 785 2563 tltodoxum
847 2505 1056 2563 diceret
1109 2521 1231 2562 esse
1290 2505 1554 2576 scriptum
1576 2545 1594 2573 ,
1645 2504 1793 2576 quod
1838 2504 2093 2601 heretica
2193 2494 2324 2552 ἀῖθῖῑ
2349 2494 2486 2601 (Αιξιο
2528 2498 2623 2572 9)ε
2662 2499 2821 2601 ΝιιιηΔ
2842 2515 2893 2601 et
2939 2524 3118 2566 omnes
3157 2513 3331 2572 clerici
3366 2494 3661 2593 Ειίεοιοὶιὶ,⁷
3689 2546 3800 2601 ρετ

484 2612 628 2655 voce
670 2594 789 2669 ipsa
826 2592 974 2653 beati
1021 2594 1207 2668 Cyriili
1249 2594 1504 2666 dogmata
1536 2595 1758 2651 molitur
1804 2594 2095 2652 evertere?
2191 2601 2320 2657 quos
2345 2590 2661 2661 scripserunt
2682 2597 2919 2667 prefatis
2954 2601 3230 2674 episcopis,
3259 2616 3517 2667 testantur

494 2685 632 2743 Cum
656 2697 788 2755 ergo
836 2683 1171 2756 impossibile
1212 2684 1284 2741 sit
1311 2683 1484 2741 videri
1525 2700 1691 2740 unum
1736 2686 2094 2756 eumtiemque
2193 2677 2540 2774 catholicum:
2568 2685 2862 2743 ostendens
2890 2691 3075 2761 utique
3111 2694 3179 2750 ad
3218 2712 3316 2755 eos
3344 2701 3604 2774 scriptum
3632 2715 3693 2764 et
3732 2710 3794 2766 in

489 2774 723 2847 iudicem
751 2774 806 2831 in
835 2775 1149 2832 deﬁnitione
1191 2775 1316 2833 iidei
1357 2783 1453 2832 aut
1492 2777 1763 2849 respuisse
1802 2777 1946 2849 quod
1989 2777 2093 2835 sibi
2193 2768 2406 2828 ίυοηιω
2428 2771 2543 2844 iam
2566 2774 2772 2845 iudicio
2800 2778 3202 2843 Edessenorum
3232 2768 3556 2852 clericorum
3583 2802 3795 2859 rescri-

489 2865 695 2939 phcnn
721 2874 815 2922 aut
841 2864 984 2922 idem
1013 2866 1115 2923 sibi
1148 2866 1334 2924 dicere
1381 2867 1650 2939 placuisse
1675 2868 1822 2940 quod
1865 2870 2089 2941 respuit,
2191 2871 2287 2934 pto
2311 2880 2373 2921 se
2400 2864 2468 2922 ab
2496 2865 2727 2938 objectis
2753 2874 3003 2932 omnibus
3030 2878 3342 2938 absolutum
3370 2893 3426 2941 et
3450 2888 3794 2951 catholicum

486 2971 714 3015 necesse
733 2964 819 3013 est
846 2964 906 3014 ut
933 2957 1185 3013 omnibus
1211 2957 1415 3014 ciareat
1442 2974 1554 3015 non
1582 2973 1706 3014 eum
1740 2957 1811 3016 de
1855 2960 1943 3015 illa
1972 2960 2091 3032 θρῖο-
2191 2952 2935 3054 declaratumzbeindedum‘
2954 2966 3008 3022 in
3039 2967 3129 3024 illa
3154 2980 3311 3042 parte
3333 2984 3609 3045 gestorum
3640 2984 3794 3054 apud

488 3049 629 3107 stola
647 3049 716 3105 ad
742 3047 929 3105 Marim
955 3046 1196 3118 Persam,
1225 3047 1320 3106 sed
1340 3048 1409 3106 de
1437 3049 1539 3107 ista
1568 3051 1750 3122 potius
1780 3049 2089 3109 Edesseno-
2192 3039 2443 3100 Ρίιοιίυω
2472 3052 2530 3101 ei
2553 3045 2894 3109 Ευειδιδίυῐιι
2922 3039 3255 3131 [lamminis
3278 3039 3460 3133 ﬁliam.
3492 3075 3553 3122 ιιι

485 3155 630 3210 rum,
673 3156 797 3213 quas
843 3142 1115 3214 posterius
1160 3141 1303 3199 lecta
1349 3149 1452 3210 est,
1492 3143 1618 3214 quia
1659 3143 1730 3200 sit
1764 3143 1882 3215 ejus
1910 3144 2093 3202 ortho-
2116 3184 2160 3247 ο
2194 3144 2301 3206 est.
2337 3147 2529 3196 00mm
2560 3157 2713 3247 “ent-Il
2752 3143 3041 3206 adversarii
3079 3152 3245 3226 relegi
3294 3157 3627 3231 petiverunt,
3675 3174 3793 3225 tres

484 3232 627 3291 don
655 3232 928 3289 declarata
957 3232 1180 3291 ἀῖοωιίο
1208 3234 1511 3291 censuisse,
2118 3232 2160 3247 "
2194 3237 2357 3285 testes
2381 3246 2520 3303 quos
2559 3232 2613 3288 in
2656 3232 2835 3293 Photii
2864 3247 2920 3295 et
2956 3239 3226 3300 Eustathii
3264 3246 3471 3316 judicio
3516 3252 3792 3316 adversus

556 3322 747 3380 XXiil.
776 3323 888 3381 Nec
915 3323 1118 3395 aliquid
1143 3322 1424 3399 [aliquem]
1453 3333 1674 3383 moveat
1701 3325 1834 3383 illud
1860 3326 2004 3398 quod
2034 3327 2087 3383 in
2189 3333 2314 3375 eum
2370 3321 2665 3380 adversarii
2718 3328 3018 3399 producere
3056 3332 3395 3409 nitebantur,
3449 3354 3790 3405 memorati-

485 3417 682 3474 eadem
708 3415 1122 3472 interlocutione
1150 3423 1482 3472 memoratur
1504 3418 1825 3489 rescriptum
1845 3417 2088 3489 epistola:

483 3505 637 3578 quod
658 3505 928 3579 prolatum
955 3512 1040 3561 est
1066 3503 1135 3559 ab
1164 3519 1231 3561 eo
1259 3507 1351 3576 qui
1381 3505 1500 3578 ejus
1524 3506 1863 3565 adversarius
1882 3509 2083 3577 existit,

488 3607 551 3655 ut
580 3612 651 3655 ex
688 3597 774 3653 his
810 3595 1014 3665 verbis,
1060 3597 1200 3653 sicut
1248 3598 1447 3655 inimici
1487 3599 1802 3656 orthodoxa:
1846 3598 1968 3656 ﬁdei
2018 3600 2085 3656 ad

483 3688 906 3761 impugnandam
950 3686 1183 3759 primam
1231 3687 1558 3760 Epliesinam
1603 3690 1867 3764 synodum
1915 3691 2083 3747 astrui

485 3782 733 3854 cupiunt,
761 3780 913 3852 quasi
942 3780 1010 3837 de
1040 3781 1128 3837 illa
1159 3798 1277 3852 qua:
1298 3781 1366 3838 ad
1392 3780 1581 3838 Marim
1633 3782 1852 3840 Persam
1889 3785 2085 3859 legitur

485 3871 736 3930 epistola.
770 3887 930 3944 quam
958 3880 1146 3929 contra
1184 3871 1330 3928 ibam
1362 3874 1673 3946 episcopum
1720 3876 1774 3931 in
1823 3874 2002 3933 Photii
2029 3886 2086 3933 et

2189 3411 2474 3485 episcopus
2506 3418 2846 3488 reprobaret,
2879 3421 2953 3476 ita
2981 3422 3117 3478 dixit
3147 3426 3285 3495 (Act.
3318 3427 3443 3499 i0):
3471 3429 3571 3488 Est
3611 3435 3790 3495 clerus

2188 3514 2362 3559 noster
2379 3504 2632 3576 plurimus
2652 3506 2792 3581 [plus
2820 3510 3011 3584 minus]
3033 3518 3299 3573 nominum
3328 3520 3665 3582 ducentorum
3692 3538 3790 3585 ω

2185 3596 2465 3667 plurimum
2485 3614 2505 3654 :
2538 3615 2701 3673 neque
2726 3604 2864 3657 enim
2903 3607 3098 3662 retineo
3126 3625 3414 3669 numerum.
3445 3613 3641 3673 Omnes
3671 3620 3788 3677 cle-

2185 3687 2282 3741 rici
2311 3690 2483 3743 testati
2505 3700 2623 3745 sunt
2641 3693 2747 3748 sive
2774 3696 3094 3753 ortltodoxus
3113 3700 3231 3769 sint,
3262 3703 3368 3759 sive
3402 3694 3698 3777 hereticus,
3731 3721 3789 3767 et

2184 3796 2275 3851 per
2300 3783 2651 3853 confessiones
2680 3787 2921 3858 scriptas,
2943 3805 3057 3861 quae
3082 3804 3133 3846 et
3161 3794 3371 3852 directte
3396 3808 3519 3853 sunt
3553 3804 3789 3860 sanctis-

2183 3871 2315 3926 simo
2343 3876 2582 3946 episcopo
2610 3873 2838 3945 Domita,
2863 3888 2913 3934 et
2938 3881 3012 3935 ad
3035 3893 3254 3938 uestram
3286 3891 3625 3946 reuerentiam
3644 3897 3789 3949 scri-

485 3961 752 4019 Eusthatii
776 3962 977 4033 judicio
1001 3962 1119 4034 ejus
1155 3962 1449 4021 adversarii
1478 3965 1837 4037 protulerunt,
1879 3967 2081 4023 intelii-
2183 3972 2415 4033 pserunt.
2442 3964 2506 4022 Si
2526 3978 2778 4023 consonat
2807 3978 3067 4028 tantorum
3087 3976 3437 4033 testimonium
3475 3981 3788 4041 clericorum

484 4064 641 4124 gatur
669 4055 742 4109 ita
788 4053 1079 4110 Maximum
1125 4054 1526 4111 Antiochenam
1572 4057 1890 4127 episcopum
1929 4056 2080 4127 judiw
2186 4048 2370 4124 tribus,
2399 4058 2532 4112 sicut
2555 4058 2683 4114 dicit
2711 4062 2846 4132 ipse,
2877 4064 3090 4119 testibus
3118 4069 3205 4139 qui
3235 4084 3350 4123 cum
3375 4072 3502 4141 ipsis
3527 4086 3787 4132 veneunt

487 4162 664 4204 casse.
697 4144 853 4215 Quod
883 4146 1043 4217 longe
1072 4147 1140 4202 ab
1169 4145 1411 4217 ejusdem
1440 4144 1655 4203 Maximi
1686 4164 1807 4205 esse
1833 4151 2081 4207 sensibus
2182 4149 2253 4203 ad
2279 4153 2628 4209 accusandum
2648 4155 2700 4210 in
2732 4153 3254 4232 Constantinopolim,
3279 4174 3331 4220 et
3348 4183 3484 4222 nunc
3504 4184 3624 4225 cum
3647 4172 3786 4242 ipsis

486 4237 721 4293 alienum
744 4237 989 4307 superius
1018 4236 1213 4293 idonea
1240 4245 1295 4294 et
1323 4236 1603 4307 multiplici
1640 4240 1852 4296 ratione
1891 4242 2082 4312 proba-
2179 4239 2428 4308 existunt,
2458 4253 2675 4299 uestrum
2716 4256 2796 4301 est
2826 4247 3085 4319 judicare.
3129 4250 3206 4312 Ex
3237 4270 3345 4326 quo
3366 4257 3649 4316 evidenter
3664 4236 3781 4334 ap-

483 4329 681 4385 vimus.
712 4327 846 4385 Nam
876 4327 1005 4383 illud
1027 4326 1173 4400 quod
1223 4328 1292 4385 ab
1341 4327 1650 4420 adversario
1675 4330 1793 4401 ejus
1820 4333 2077 4406 scriptum
2179 4339 2336 4403 paret
2364 4332 2437 4389 ita
2466 4349 2591 4391 eum
2622 4337 2674 4392 in
2702 4338 2820 4410 ipso
2846 4338 3024 4397 Photii
3063 4354 3118 4399 ct
3163 4343 3429 4404 Eustatiiii
3471 4350 3680 4420 judicio

484 4420 759 4490 prolatum
802 4420 1019 4477 nomina
1059 4418 1221 4493 [forte
1256 4419 1519 4494 nominat]
1550 4419 1619 4478 de
1647 4422 1749 4479 ista
1779 4422 2078 4481 Edesseno-
2179 4425 2537 4487 coniutandos
2566 4438 2732 4488 testes
2760 4433 2829 4490 ab
2857 4434 3166 4495 adversario
3210 4418 3587 4511 producendos
3613 4448 3782 4506 cieri-

484 4529 605 4569 rnm
630 4513 949 4569 clericorum
976 4512 1178 4569 dictum
1208 4530 1328 4572 esse
1371 4531 1478 4571 non
1522 4515 1742 4575 dubium
1791 4528 1893 4576 est.
1942 4518 2074 4576 Cum
2105 4560 2154 4620 Β
2178 4533 2364 4605 corum
2396 4518 2790 4580 Edesscnorum
2813 4527 3056 4597 epistolae
3074 4528 3266 4588 fecisse
3294 4537 3610 4594 memoriam
3638 4551 3701 4597 ut
3719 4553 3777 4599 et

484 4603 629 4658 enim
653 4602 782 4658 nihil
813 4601 957 4658 aliud
986 4601 1314 4675 Theophilus
1340 4605 1679 4665 adversarius
1706 4608 1811 4664 ibas
1833 4610 2072 4681 episcopi
2105 4601 2152 4620 "
2178 4601 2300 4665 eam
2342 4609 2610 4682 judicibus
2645 4616 2756 4687 jam
2790 4618 3038 4676 traditam
3063 4622 3477 4695 demonstraret,
3508 4641 3564 4686 et
3592 4648 3660 4688 ex
3688 4651 3786 4692 co-

484 4704 674 4751 contra
704 4711 825 4751 eum
857 4696 909 4752 in
942 4696 1366 4755 Chalcedonensi
1395 4699 1601 4771 synodo
1622 4701 1725 4758 nisi
1753 4712 1903 4770 gesta
1932 4702 2073 4774 apud
2176 4703 2326 4774 gnito
2352 4705 2545 4796 iisdem
2568 4707 2839 4777 judicibus
2861 4713 3024 4770 totius
3043 4712 3298 4773 Edesseni
3326 4718 3457 4776 cieri
3480 4724 3783 4796 rescripto.

481 4783 737 4843 Photinm
765 4796 821 4843 et
866 4787 1203 4845 Eustathiu’m
1239 4788 1423 4845 habita
1463 4791 1798 4862 protulisset,
1848 4802 1905 4849 et
1954 4808 2073 4861 eam
2179 4808 2474 4863 paucorum
2502 4795 2824 4853 clericorum
2854 4801 3097 4871 exigeret
3134 4819 3243 4861 non
3284 4807 3483 4866 debere

479 4887 690 4949 partem
720 4887 1014 4948 gestorum,
1046 4888 1105 4935 ut
1128 4880 1406 4940 evidenter
1434 4891 1681 4955 apparet,
1705 4885 1758 4940 in
1783 4899 1888 4955 qua
1910 4886 2079 4942 conti-
2179 4881 2353 4938 tiones
2383 4883 2611 4940 admitti.
2632 4881 2799 4975 Unde
2822 4888 3043 4946 minime
3061 4891 3335 4967 dubitatur
3361 4913 3460 4969 per
3481 4899 3779 4975 illampar-

486 4967 713 5023 uehatur
738 4966 1133 5025 Edessenorum
1181 4972 1409 5043 epistola
1456 4971 1775 5028 clericorum
1814 4972 2077 5029 malevola
2178 4982 2285 5028 tem
2313 4983 2589 5043 gestorum
2619 4974 2782 5034 fuisse
2805 4980 2873 5035 ab
2899 4979 3223 5041 adversariis
3241 4966 3311 5042 ex
3333 4966 3512 5047 studio
3537 4966 3777 5064 preter-

482 5056 842 5128 supprimens,
876 5058 1019 5113 illam
1046 5067 1253 5115 tantum
1283 5077 1382 5131 per
1408 5075 1571 5131 quam
1605 5062 1816 5134 gravari
1855 5064 2077 5135 putabat
2176 5064 2394 5121 missam
2440 5065 2495 5121 in
2549 5083 2655 5137 qua
2702 5065 3098 5128 Edessenorum
3148 5074 3468 5136 clericorum
3524 5056 3627 5154 pro
3677 5085 3774 5145 ihs

478 5144 625 5200 ibam
658 5146 970 5218 episcopum
1020 5148 1185 5205 fuisse
1235 5149 1455 5207 fecisset
1498 5152 1736 5219 recitari,
1786 5162 1916 5210 tunc
1956 5154 2078 5212 ibas
2175 5157 2368 5213 iittcrzc
2396 5158 2720 5216 tenebantur
2748 5160 2983 5233 insertae,
3010 5174 3066 5220 et
3101 5165 3250 5224 ibam
3294 5144 3600 5232 necessaiie
3628 5180 3776 5240 hanc

481 5235 802 5310 episcopus,
862 5245 923 5294 ut
976 5254 1101 5296 cum
1152 5240 1460 5298 evidentius
1508 5252 1811 5314 constaret,
1853 5245 2073 5321 [aliquid

479 5326 662 5402 ticali.
682 5340 751 5384 ex
791 5329 928 5401 ipsis
963 5345 1085 5403 quis
1121 5330 1188 5387 ab
1239 5331 1430 5388 eodem
1483 5332 1794 5394 adversario
1849 5339 2071 5409 prolata:

478 5418 692 5475 fuerant
716 5420 953 5491 chartis,
1004 5421 1151 5478 illam
1203 5432 1411 5493 partem
1466 5426 1534 5483 ab
1587 5440 1655 5485 eo
1706 5428 2074 5488 fraudulenter

482 5511 744 5567 omissam
775 5511 944 5582 relegi
966 5514 1122 5585 petiit
1151 5531 1249 5588 per
1277 5528 1439 5589 quam
1469 5519 1560 5576 illa
1585 5520 1814 5592 epistola
1838 5538 1958 5593 qua:
1985 5525 2075 5581 ad-

480 5615 670 5655 versus
689 5614 814 5655 eum
844 5599 980 5656 lecta
1009 5600 1185 5660 fuerat
1202 5607 1464 5676 probatur
1491 5609 1731 5681 exclusa,
1760 5620 1819 5668 ut
1844 5628 1944 5683 per
1971 5614 2075 5672 hoc

477 5692 623 5765 quod
652 5691 767 5763 ipse
786 5692 1124 5752 adversarius
1149 5695 1480 5775 Theophilus
1501 5703 1799 5773 protulerat
1825 5707 2071 5765 convinci

480 5783 752 5843 efﬁcacius
778 5794 1187 5846 monstraretur.
1219 5786 1374 5848 Unde
1396 5788 1453 5851 et
1493 5790 1760 5856 Maximus
1788 5795 2073 5868 episcopus

2177 5248 2346 5318 ipsam
2377 5246 2771 5342 Edessenorum
2799 5253 3082 5324 epistolam
3111 5272 3177 5313 ex
3208 5275 3271 5315 ea
3301 5273 3454 5333 parte
3476 5280 3601 5336 qua;
3640 5285 3777 5342 sup-

2177 5353 2363 5408 pressa
2404 5337 2578 5394 fuerat
2605 5340 2768 5412 relegi
2796 5344 3118 5415 postulasse,
3150 5364 3215 5405 ac
3240 5365 3530 5425 propterea
3563 5337 3777 5431 episeo-

2180 5448 2307 5502 pum
2336 5432 2626 5490 Maximum
2655 5439 3038 5508 pronuntiasse
3066 5459 3135 5499 ex
3172 5447 3377 5506 relecto
3405 5456 3674 5529 rescripto
3702 5459 3775 5518 de

2178 5523 2343 5591 gestis
2363 5524 2431 5580 ab
2452 5524 2761 5585 adversario
2784 5530 3009 5601 prolatis
3029 5534 3197 5605 ipsius
3224 5542 3470 5613 rescripti
3500 5523 3771 5620 epistola;

2177 5612 2229 5667 id
2258 5624 2359 5680 est,
2392 5613 2810 5686 Edessenorum,
2837 5620 3185 5681 dictationem
3207 5612 3566 5692 orthodoxam
3594 5612 3778 5699 decis;

2174 5713 2368 5760 ratam.
2391 5705 2657 5763 Omissam
2682 5724 2812 5766 vero
2840 5712 2910 5768 ab
2945 5713 3268 5775 adversariis
3313 5722 3459 5779 illam
3488 5740 3775 5796 gestorum

2176 5809 2385 5872 partem
2431 5816 2536 5873 qua
2584 5802 2702 5863 ibas
2732 5806 3020 5879 episcopus
3063 5812 3132 5868 ab
3178 5815 3405 5887 objectis
3459 5822 3775 5907 evidentius
