3986 6354
126 360 205 415 l‘l'5
688 372 695 379 ·
1018 342 1156 401 PRO
1185 339 1626 400 DAMNATIONE
1665 336 1881 395 TRlUM
1920 333 2434 392 CAPITULORUM.

3252 331 3355 387 174

135 468 437 544 purgabatur,
462 471 517 520 et
541 461 663 530 aliis
695 461 873 515 modis
892 460 1215 515 ostenditur.
1254 456 1388 513 Nam
1416 458 1472 513 in
1499 454 1688 512 eadem
1719 459 1763 514 Α
1798 450 2147 544 catholicum.
2179 448 2398 544 Iiursus
2413 449 2467 505 in
2492 448 2683 544 eadem
2703 448 3021 544 defensione
3048 460 3378 544 permanens

136 561 277 619 Photii
303 568 458 629 alque
495 554 765 609 Eustathii
810 554 1098 617 sententia,
1127 565 1234 621 qua
1282 548 1523 605 referunt
1564 550 1688 605 uni—

134 666 255 709 rcna
280 663 393 719 quae
413 647 480 700 ah
513 645 603 700 lba
631 644 894 715 episcopo
926 642 980 697 in
1008 657 1109 697 suo
1154 641 1354 696 fuerint
1387 649 1505 696 acta
1540 640 1684 711 judi-

131 748 211 809 cio,
232 742 526 798 continetur
552 737 702 808 quod
749 750 920 809 prone
962 736 1202 807 sapucrit
1246 733 1368 790 Ibas
1397 735 1685 806 episcopus

130 851 180 890 ex
202 833 381 902 scripto
407 829 536 883 dare
561 827 691 897 quid
716 827 784 882 de
813 827 898 898 pia
931 822 1033 880 ﬁde
1061 825 1305 891 sentiret,
1338 833 1393 879 et
1414 840 1481 880 ex
1511 825 1684 881 abun-

130 922 245 978 danti
271 917 814 974 anattematizaverit
842 915 1172 981 Nestorium,
1201 922 1259 970 et
1284 928 1349 970 ea
1379 928 1439 969 se
1480 914 1537 968 in
1575 928 1686 968 sua:

131 993 398 1087 promiserit
451 1009 633 1080 eloqui
692 1009 927 1065 civitatis
980 1006 1252 1073 Ecclesia,
1307 1014 1362 1061 et
1416 1006 1520 1060 alia
1566 1020 1688 1078 quae

129 1106 329 1175 ejusdem
363 1101 590 1171 judicati
646 1109 837 1156 tenore
888 1105 1278 1155 monstrantur.
1328 1097 1459 1166 Quae
1504 1097 1687 1153 omnia

130 1212 227 1267 pars
250 1195 328 1249 illa
358 1204 638 1261 gestorum
670 1208 771 1262 pro
824 1192 1257 1247 adversariorum
1303 1188 1409 1245 Iba:
1444 1188 1687 1261 episcopi

130 1299 232 1341 t’ulo
257 1288 305 1341 in
325 1283 757 1340 Chalcedonensi
793 1283 1001 1355 synodo
1030 1282 1229 1337 relecta
1273 1297 1382 1336 non
1420 1281 1683 1336 continet.

129 1383 259 1439 Gesta
286 1389 455 1433 tamen
486 1380 543 1433 in
590 1374 772 1433 Pltotii
801 1384 965 1447 atque
1008 1374 1273 1430 Ettstathii
1317 1373 1524 1444 judicio
1568 1389 1691 1430 esse

129 1486 283 1527 eorum
321 1467 587 1524 sententia
615 1466 940 1522 declaratur.
984 1462 1090 1520 Per
1115 1465 1260 1534 quod
1312 1471 1527 1521 constat
1572 1464 1692 1522 sine

128 1564 259 1618 dubio
285 1577 373 1617 eas
396 1568 586 1632 partes
617 1562 686 1615 ab
715 1560 1038 1616 adversariis
1080 1560 1350 1616 malitiose
1374 1575 1691 1631 suppressas

128 1670 237 1725 quas
262 1654 492 1711 scribant
516 1650 629 1707 Iba:
649 1650 908 1723 episcopo
937 1651 1166 1722 amplius
1192 1648 1520 1722 profuturas.
1552 1651 1689 1707 Nam

128 1754 174 1800 ut
196 1744 299 1800 lucc
324 1743 460 1814 apud
494 1742 753 1800 Photium
782 1750 839 1798 et
872 1741 1206 1797 Eustathium
1235 1743 1521 1813 episcopos
1555 1742 1691 1799 actis

1787 550 1912 613 post
1964 543 2108 598 illius
2151 542 2221 598 ad
2267 541 2459 598 Marim
2513 540 2733 598 Persam
2780 541 3021 613 epistola
3067 542 3381 609 lectionem,

1788 631 1955 708 [cum]
1994 633 2392 691 Edesseuorum
2420 634 2739 691 clericorum
2767 649 2868 706 pro
2912 647 2975 690 se
3011 633 3201 704 relegi,
3225 633 3385 704 cuius

1787 736 1933 793 saepe
1958 724 2290 780 mentionem
2318 725 2542 794 fecerat,
2581 723 2864 797 epistolam
2892 724 3239 795 postulasset,
3260 724 3385 796 quis

1788 822 1898 868 tam
1928 813 2121 870 lucidas
2145 814 2388 871 veritatis
2418 816 2761 885 impugnator
2785 815 2986 872 existat
3021 817 3115 886 qui
3161 830 3274 873 non
3312 831 3386 873 ex

1788 904 1944 960 istius
1983 903 2382 961 Edessenorum
2423 906 2666 976 epistola:
2700 913 2872 971 textu,
2914 921 3013 977 per
3057 921 3219 977 quam
3267 906 3386 977 ipse

1789 1003 2072 1050 accusatus
2102 994 2224 1051 lbas
2250 996 2503 1052 aestimari
2536 997 2556 1068 (
2570 999 2707 1070 forte
2730 997 2989 1057 aestimari
3017 996 3108 1070 se]
3136 999 3388 1070 poposcit

1789 1085 2176 1155 orthodoxam,
2200 1103 2231 1142 a
2260 1086 2511 1146 Patribus
2538 1089 2899 1147 orthodoxam
2926 1090 3297 1156 dictationem,
3329 1100 3388 1147 et

1791 1174 2043 1232 eumdem
2070 1176 2218 1233 Ibam
2259 1180 2585 1236 catholicum
2621 1182 3028 1251 pronuntiatum
3073 1180 3241 1239 fuisse
3291 1196 3389 1237 co-

1790 1277 2038 1335 gnoscat,
2063 1269 2163 1324 sed
2189 1269 2332 1325 illius
2358 1272 2601 1342 epistolas
2632 1273 2701 1329 ad
2737 1273 2924 1329 Marim
2971 1274 3191 1331 Persam
3218 1274 3389 1332 dicta-

1792 1356 1992 1411 tionem
2020 1366 2177 1428 putet
2201 1359 2562 1416 orthodoxam
2596 1361 2912 1432 iudicatam,
2937 1379 3057 1436 quae
3099 1364 3150 1421 ei
3179 1372 3238 1422 et
3286 1376 3389 1436 pro

1791 1445 2020 1501 crimine
2067 1447 2339 1506 haereseos
2387 1450 2604 1520 objecta
2643 1459 2748 1517 est,
2791 1461 2849 1507 et
2895 1453 2943 1509 si
2995 1453 3114 1524 ejus
3158 1454 3388 1526 probata

1792 1534 2002 1602 fuisset;
2033 1536 2319 1595 haereticus
2345 1541 2522 1610 potuit
2540 1540 2812 1616 iudicari?

1865 1624 2029 1681 XXV.
2070 1627 2258 1698 Itaque
2295 1630 2814 1689 anathematizamus
2857 1642 3022 1703 atque
3070 1636 3391 1694 dammas

1795 1719 2216 1790 suprascriptam
2273 1722 2557 1793 epistolam
2599 1739 2763 1794 quam
2819 1725 2888 1780 ad
2935 1725 3124 1782 Mar-im
3170 1725 3392 1784 Persam

129 1839 298 1893 inserta
338 1808 500 1892 fuisse
537 1836 767 1891 minimc
794 1834 1085 1896 dubitetur,
1130 1808 1397 1889 Thalassii
1425 1808 1688 1905 iepiscopi

1812 1810 2105 1905 derelictum
2132 1813 2416 1883 scripsisse
2452 1814 2575 1872 lbas
2601 1815 2945 1886 conﬁngitur,
2976 1833 3098 1889 qua:
3126 1819 3298 1875 Deum
3323 1817 3394 1876 de

128 1928 351 1981 Fac-sarem
373 1924 735 1996 Cappadocia:
757 1924 811 1979 in
836 1921 1180 1978 Chalcedona
1211 1923 1498 1979 residentis
1516 1922 1693 1977 mani-

130 2018 260 2071 restat
281 2016 477 2087 absque
500 2013 857 2082 ambiguitate
883 2012 1171 2078 sententia,
1198 2027 1319 2083 qua:
1347 2019 1469 2083 post
1492 2011 1598 2067 alia
1621 2013 1695 2067 ita

131 2110 266 2162 dicit:
298 2106 426 2173 Quia
450 2108 687 2161 maxime
703 2106 862 2178 gestis
889 2106 1113 2176 suscepit
1132 2100 1195 2160 ἰιι
1232 2106 1698 2161 anathematizaret

132 2200 204 2253 illa
228 2215 329 2271 quis
355 2199 466 2270 ejus
486 2206 824 2252 accusatores
843 2196 1087 2251 adversus
1115 2213 1231 2251 eam
1258 2197 1610 2267 deposuerant
1633 2213 1698 2252 ex

132 2292 304 2361 scripto.
334 2289 484 2357 Quod
512 2290 705 2361 utique
729 2290 854 2359 quia
894 2289 949 2343 in
976 2298 1133 2360 parte
1162 2288 1250 2344 illa
1275 2297 1547 2360 gestorum
1576 2302 1698 2359 quas

133 2380 417 2436 adversariis
443 2378 554 2435 Iba:
580 2380 1008 2436 desiderantibus
1028 2380 1299 2435 recensita
1329 2388 1410 2435 est
1432 2395 1539 2435 non
1564 2380 1699 2449 legi-

134 2474 218 2535 tur,
244 2470 583 2528 manifestum
608 2482 691 2528 est
718 2485 787 2527 ex
806 2471 892 2530 his
910 2487 1030 2545 quas
1055 2470 1282 2528 Photius
1307 2480 1364 2528 et
1386 2469 1700 2528 Eustathius

134 2564 178 2619 in
196 2578 283 2618 suo
304 2563 501 2633 judicio
528 2570 691 2631 gesta
718 2562 976 2631 referunt,
1003 2577 1122 2634 qua:
1165 2563 1303 2618 actis
1349 2562 1549 2619 inserta
1592 2560 1701 2618 fue-

134 2653 238 2717 rint,
266 2661 625 2709 memoratum
651 2653 964 2725 episcopum
992 2651 1330 2709 Thalassium
1359 2654 1699 2725 cognovisse.

135 2741 189 2797 Et
208 2743 319 2801 ideo
338 2744 482 2801 omni
502 2743 758 2801 veritatis
784 2743 904 2800 luce
928 2744 1214 2815 probatum
1243 2752 1328 2801 est
1354 2744 1429 2800 ita
1470 2753 1526 2800 et
1553 2744 1700 2801 illam

137 2846 312 2906 partem
358 2845 642 2907 gestorum
682 2836 736 2891 in
782 2850 889 2907 qua
936 2834 1334 2894 Edessenorum
1381 2835 1702 2893 clericorum

137 2929 480 2985 continebatur
508 2927 768 2999 epistola,
798 2928 868 2983 ab
898 2928 1219 2984 adversariis
1242 2927 1417 2997 fuisse
1444 2942 1702 2999 suppres-

138 3034 253 3084 sam,
278 3011 409 3074 sicut
436 3028 489 3075 et
516 3019 643 3095 haec
669 3033 816 3090 pars,
858 3032 929 3073 ne
964 3017 1321 3089 relegeretur,
1348 3018 1546 3074 omissa
1575 3025 1662 3074 est
1686 3036 1699 3070 :

138 3126 237 3179 qtae
263 3126 363 3166 non
389 3126 457 3167 ex
480 3111 579 3165 illa
610 3116 765 3182 parte
792 3125 952 3180 quam
991 3106 1285 3166 adversarii
1314 3109 1481 3179 relegi
1523 3108 1706 3165 volue-

1795 1914 1982 1960 sancta
2005 1903 2101 1960 Dei
2129 1905 2404 1963 Genitrice
2431 1917 2489 1963 et
2526 1925 2740 1980 semper
2765 1912 2972 1981 virgine
3000 1911 3167 1967 Maria
3216 1912 3394 1969 incar-

1799 2004 1985 2051 natum
2014 2006 2071 2052 et
2102 1998 2376 2054 hominem
2417 2000 2615 2056 factum
2653 2017 2774 2057 esse
2800 2003 3051 2071 abnegat,
3075 2004 3171 2059 sed
3199 2020 3394 2075 purum

1797 2087 2075 2144 hominem
2103 2104 2171 2145 ex
2218 2089 2334 2157 ipsa
2374 2101 2559 2149 natum
2590 2108 2711 2149 esse
2759 2094 2909 2159 dicit,
2938 2110 3101 2165 quem
3128 2096 3394 2167 templum

1801 2176 2060 2247 appellat,
2086 2186 2148 2233 ut
2169 2192 2237 2235 ex
2263 2179 2372 2236 hoc
2396 2180 2536 2237 alius
2559 2180 2703 2238 Deus
2723 2182 2961 2239 Verbum
2994 2192 3051 2240 et
3077 2186 3216 2241 alius
3239 2185 3395 2241 Chri-

1799 2278 1915 2325 stus
1956 2271 2306 2341 intelligatur,
2357 2280 2416 2329 et
2459 2282 2711 2330 sanctum
2764 2275 3045 2349 Cyrillum,
3092 2278 3187 2347 qui
3233 2286 3396 2335 recta

1801 2361 1925 2417 lidei
1951 2362 2143 2419 doctor
2170 2371 2227 2419 et
2268 2364 2596 2435 praedicator
2627 2368 2851 2432 exstitit,
2894 2375 2956 2424 ut
3002 2369 3313 2427 hmreticum
3336 2378 3394 2428 et

1801 2455 1995 2511 similia
2039 2455 2333 2526 Apollinari
2360 2458 2687 2515 scribentem
2734 2460 3073 2527 criminatur,
3113 2469 3171 2517 et
3214 2462 3394 2533 culpat

1802 2545 2030 2617 primam
2059 2546 2387 2617 Ephesinam
2413 2549 2679 2620 synodum
2696 2558 2952 2622 tanquam
2978 2550 3097 2607 sine
3114 2552 3394 2608 examina-

1803 2639 1954 2694 tione
1981 2646 2040 2693 et
2081 2639 2431 2710 inquisitione
2479 2638 2788 2696 Nestorium
2829 2640 3296 2708 condemnaverit,
3343 2651 3405 2699 et

1806 2728 2092 2785 duodecim
2117 2730 2352 2800 capitula
2380 2732 2554 2787 sancti
2593 2731 2778 2804 Cyrilli
2819 2731 2983 2804 impia
3027 2741 3091 2789 et
3128 2733 3398 2790 contraria

1804 2827 1973 2875 recta:
2001 2818 2124 2875 ﬁdei
2173 2829 2334 2878 vocat
2384 2822 2573 2878 eadem
2628 2824 2881 2895 epistola,
2933 2823 3177 2881 defendit
3220 2833 3400 2883 autem

1806 2910 2151 2967 Theodorum
2181 2919 2237 2968 et
2256 2912 2564 2971 Nestorium
2588 2923 2646 2970 et
2672 2916 2834 2988 impia
2854 2932 3045 2973 eorum
3067 2916 3324 2989 dogmata
3346 2925 3400 2975 et

1806 3004 2130 3075 conscripta.
2182 3004 2508 3064 Prasdietam
2556 3008 2722 3078 igitur
2764 3011 3053 3081 epistolam
3101 3011 3170 3067 ad
3214 3011 3400 3067 Marini

1810 3097 2033 3154 Persam
2061 3099 2580 3157 anathematizamus
2625 3110 2789 3172 atque
2830 3102 3170 3168 damnamus,
3213 3101 3265 3159 in
3299 3116 3409 3175 qua

139 3214 264 3273 runt,
302 3206 390 3261 sed
437 3223 505 3261 ex
550 3192 740 3259 Pbotii
780 3212 943 3274 atque
991 3201 1259 3258 Eustathii
1304 3202 1703 3273 episcoporum,
1733 3208 1779 3271 ο
1809 3190 2056 3248 nefanda!
2077 3191 2324 3261 διιρετίιιε
2345 3192 2638 3262 designatae
2661 3192 3009 3263 blasphemia:
3036 3192 3402 3251 continentur.

142 3312 242 3367 qua:
263 3298 393 3369 apud
421 3314 517 3354 eos
545 3305 674 3353 acta
700 3297 826 3362 sint,
857 3286 1123 3351 sententia
1162 3294 1492 3350 declaratur.

202 3388 372 3445 XXIV.
411 3388 579 3460 Igitur
617 3386 985 3443 indubitanter
1022 3392 1248 3457 apparet
1283 3400 1352 3441 ex
1402 3383 1509 3440 illis
1545 3384 1710 3453 gestis

145 3496 244 3553 quae
269 3482 331 3537 ab
351 3481 677 3537 adversariis
699 3478 906 3550 prolata
927 3477 1145 3548 quidem
1173 3483 1319 3541 sunt,
1350 3476 1446 3531 sed
1472 3475 1711 3532 studiose

146 3588 228 3643 pro
263 3581 409 3644 parte
453 3585 766 3644 suppressa,
798 3566 1193 3624 Edessenorum
1235 3567 1517 3639 epistolam
1561 3567 1709 3623 Ibam

147 3666 425 3738 episcopum
450 3680 552 3738 pro
582 3679 646 3720 se
674 3662 841 3732 relegi
870 3662 1203 3735 poposcisse,
1235 3671 1291 3717 et
1335 3661 1404 3717 de
1432 3659 1549 3731 ejus
1595 3660 1711 3732 epi-

147 3758 275 3813 stola:
317 3759 600 3829 rescripto,
649 3754 795 3827 quod
838 3754 906 3809 ab
952 3753 1263 3810 adversario
1306 3751 1577 3824 prolatum
1617 3752 1709 3819 sit,

148 3848 405 3905 Maximum
425 3848 826 3905 Antiochenum
846 3846 1161 3918 episcOpum
1181 3860 1279 3900 sua
1299 3844 1715 3900 interlocutione

148 3937 338 3996 dixisse.
366 3936 534 4010 Cujus
562 3946 749 3993 autem
770 3936 1018 4009 epistola:
1045 3936 1345 3992 orthodoxa
1375 3936 1554 4006 potuit
1581 3951 1711 4006 pro—

148 4033 354 4088 nuntiari
389 4031 618 4089 dictatio
647 4030 802 4087 valde
838 4038 922 4087 est
968 4030 1215 4101 superius
1251 4029 1627 4101 approbatum.
1659 4037 1717 4085 et

147 4138 201 4179 ex
227 4123 327 4181 hoc
346 4123 689 4182 manifestius
715 4122 998 4195 apparebit
1016 4122 1141 4193 quia
1164 4122 1217 4176 in
1244 4120 1569 4193 praecedenti
1589 4135 1718 4191 pro-

148 4217 398 4273 secutione
451 4231 552 4273 sua
600 4215 725 4272 Ibas
768 4230 838 4271 ex
893 4213 1291 4270 Edesscnorum
1339 4213 1608 4283 rescripto
1659 4228 1720 4269 se

148 4311 353 4365 asseruit
370 4309 744 4366 orthodoxam
770 4306 1133 4381 comprobari.
1158 4304 1313 4363 Unde
1327 4312 1721 4375 consequenter

147 4401 422 4458 orthodoxa
474 4402 704 4459 dictatio
749 4390 1013 4481 ejusdem
1036 4397 1428 4483 Edessenorum
1483 4398 1722 4470 epistola:

148 4494 271 4549 dicta
299 4504 397 4560 est,
426 4510 525 4567 per
551 4508 717 4566 quam
760 4500 817 4550 et
838 4478 962 4564 ipse
994 4507 1054 4549 se
1082 4478 1445 4548 orthodoxam
1494 4491 1650 4561 petiit
1689 4504 1719 4544 a

1812 3284 1883 3339 Et
1907 3284 2216 3355 quicunque
2252 3298 2318 3340 ea
2371 3298 2592 3356 quoquo
2628 3293 2877 3359 tempore
2917 3284 3209 3341 crediderit
3252 3286 3402 3343 acci-

1814 3375 2009 3447 pienda
2039 3376 2125 3432 vel
2148 3375 2508 3445 defendenda,
2535 3383 2629 3432 aut
2655 3385 2884 3433 conatus
2926 3377 3089 3432 fuerit
3114 3376 3411 3447 aliquando

1815 3474 2134 3538 praesentem
2163 3466 2565 3522 damnationem
2593 3468 2885 3534 resolvere,
2918 3466 3035 3539 pari
3063 3467 3413 3526 anathemate

1817 3558 2258 3613 condemnamus.
2290 3555 2400 3613 Eos
2419 3565 2599 3613 autem
2628 3557 2719 3627 qui
2746 3566 3098 3613 memoratam
3124 3556 3415 3629 epistolam

1817 3649 1885 3704 ad
1921 3649 2112 3705 Marim
2154 3647 2374 3704 Persam
2415 3649 2721 3718 designatas
2765 3650 3013 3721 superius
3051 3648 3418 3721 blasphemias

1817 3741 2181 3798 continentem
2212 3757 2243 3795 a
2274 3749 2460 3797 sancta
2488 3740 2913 3798 Chalcedonensi
2957 3742 3167 3815 synodo
3205 3757 3238 3798 a
3276 3757 3407 3815 pra:-

1818 3831 1959 3886 senti
1988 3839 2257 3901 tempore,
2300 3827 2675 3885 innot‘escente
2701 3832 2803 3887 sibi
2832 3833 3005 3888 nostri
3032 3834 3173 3888 serie
3210 3833 3407 3890 consti-

1821 3923 1942 3989 tuti,
1973 3922 2365 3978 contenderent
2391 3936 2513 3977 esse
2540 3929 2866 3992 susceptam,
2894 3924 2981 3978 vel
3019 3938 3051 3978 a
3086 3938 3411 3997 quocunun

1821 4014 2133 4070 earumdem
2161 4012 2381 4068 Patrum
2406 4015 2459 4068 in
2481 4014 2824 4069 Chalcedona
2859 4015 3191 4071 residean
3220 4018 3409 4073 ortho-

1822 4107 2020 4161 doxam
2049 4103 2456 4176 pronuntiatam
2485 4104 2730 4161 nituntur
2758 4114 3024 4176 astruere,
3050 4107 3167 4177 pari
3188 4107 3411 4164 anathe-

1824 4199 1984 4254 matis
2012 4212 2171 4270 paena
2201 4197 2571 4268 percellimns;
2599 4197 2856 4266 quoniam
2885 4213 2992 4254 non
3022 4198 3197 4254 solum
3224 4206 3413 4257 saneto

1826 4305 1889 4345 ac
1915 4288 2218 4344 reverendo
2253 4284 2683 4343 Chalcedonensi
2728 4286 2960 4343 concilio
3008 4287 3251 4357 irrogare
3295 4302 3411 4345 mo-

1826 4381 2029 4436 liuntur
2053 4380 2324 4449 injuriam,
2355 4394 2544 4435 verum
2572 4379 2737 4433 etiam
2766 4379 3076 4436 incentores
3104 4394 3169 4436 ac
3192 4395 3414 4437 renova-

1826 4481 1974 4528 tores
1999 4488 2056 4528 se
2096 4473 2256 4542 sopiti
2293 4472 2530 4528 scandali
2561 4472 2900 4541 proﬁtentur,
2950 4485 3050 4542 per
3091 4472 3240 4543 quod
3292 4472 3416 4528 uni-

146 4582 388 4653 judicibus
413 4564 692 4652 testimari,
725 4593 782 4642 et
808 4598 997 4641 eorum
1025 4583 1291 4639 sententia
1315 4592 1398 4639 est
1417 4582 1705 4639 declaratus

1826 4567 2048 4623 versalis
2076 4581 2262 4621 rursus
2296 4566 2513 4620 concuti
2554 4566 2723 4636 possit
2772 4564 3044 4632 Ecclesia;
3091 4572 3152 4621 ut
3177 4566 3417 4622 doctoris
3510 4584 3513 4587 λ

148 4675 474 4735 orthodoxus.
525 4676 698 4733 Cedat
737 4677 921 4748 itaque
964 4675 1293 4748 impudentia
1340 4690 1717 4746 perversurum

135 4774 242 4831 ,tam
272 4767 619 4842 Eutychianze
656 4770 930 4826 haereseos
957 4785 1125 4840 quam,
1167 4770 1499 4826 Nestorianze
1525 4784 1720 4839 sequa—

147 4855 290 4922 cium,
332 4860 422 4930 qui
470 4858 728 4916 haeretica
783 4859 968 4915 fraude
1021 4861 1263 4915 nituntur
1300 4861 1529 4916 suadere
1573 4859 1721 4930 quod

148 4949 352 5016 quilibet
378 4953 430 5006 in
459 4950 890 5008 Chalcedonensi
931 4953 1140 5024 synodo
1175 4954 1418 5009 residens
1445 4954 1513 5009 de
1540 4953 1628 5008 illa
1651 4954 1717 5008 ad

146 5036 314 5096 Matim
340 5041 562 5100 Persam
593 5045 817 5116 epistola
842 5046 1007 5101 totius
1030 5045 1317 5116 impietatis
1343 5047 1499 5116 plena
1522 5045 1721 5117 aliquid

148 5134 487 5192 orthodoxam
524 5137 707 5195 dicere
753 5141 840 5196 vel
881 5140 1083 5195 sentire
1114 5140 1370 5211 potuerit.
1402 5137 1538 5195 Cum
1577 5139 1722 5194 enim

149 5222 254 5280 lbas
295 5227 578 5299 episcopus
622 5228 673 5284 in
713 5229 976 5300 principio
1026 5245 1126 5300 pro
1176 5238 1377 5286 sanctae
1423 5228 1721 5286 Chalcedo-

150 5317 311 5373 nensis
334 5319 526 5390 synodi
557 5334 784 5376 examen
815 5321 1087 5390 ingressus
1107 5330 1210 5386 est,
1240 5321 1315 5375 ita
1350 5319 1504 5376 fuerit
1534 5336 1721 5391 prose-

150 5417 308 5477 cutus,
334 5412 565 5468 dicendo
596 5429 655 5468 se
676 5430 772 5485 per
801 5414 1123 5470 clericorum
1155 5414 1551 5470 Edessenorum
1590 5423 1723 5489 atte-

150 5499 415 5557 stationem
443 5504 768 5558 aestimatum
806 5504 969 5560 fuisse
1002 5506 1085 5560 vel
1122 5505 1377 5559 aestimari
1402 5504 1599 5560 debere
1627 5521 1723 5561 ca-

153 5590 411 5662 tholicum,
442 5596 586 5652 idem
612 5597 752 5667 apud
793 5594 1041 5652 Photium
1071 5606 1128 5652 et
1154 5596 1491 5651 Eustathium
1521 5597 1726 5667 cpisco-

152 5697 237 5751 pos
263 5688 325 5741 ad
353 5690 733 5758 purgationem
762 5705 913 5744 suam
942 5692 1137 5747 astruit
1182 5698 1438 5760 oportere
1477 5690 1725 5745 sutlicere

154 5778 279 5842 quod
306 5782 542 5838 attestati
580 5782 693 5836 sint
730 5779 985 5838 Edesseni
1025 5782 1208 5838 clerici
1238 5796 1334 5851 per
1359 5778 1726 5836 confessiones

147 5883 411 5945 suas,quas
433 5872 502 5930 ad
534 5871 759 5931 eosdem
780 5873 1066 5947 episcopos
1094 5874 1448 5944 scripserunt,
1503 5888 1565 5930 se
1604 5887 1726 5930 esse

1826 4659 2067 4728 gentium
2127 4658 2371 4727 Apostoli
2419 4656 2564 4726 justo
2588 4656 2897 4711 ‘videantur
2937 4654 3083 4711 feriri
3123 4657 3416 4721 sententia,

1827 4765 1947 4820 qua:
1975 4748 2104 4803 dicit
2132 4767 2144 4800 :
2182 4746 2398 4802 Utinam
2426 4754 2474 4800 et
2502 4746 2836 4800 absciduntur
2859 4747 2945 4819 qui
2984 4762 3071 4801 vos
3111 4746 3418 4803 conturbant

1830 4837 2027 4911 (ϐαιοὶ.
2060 4853 2114 4903 v,
2144 4838 2238 4904 19.)
2254 4837 2268 4888 ε

1897 4951 2087 5007 XXVI.
2129 4950 2371 5021 Expletis
2407 4963 2526 5020 qua:
2570 4947 2639 5004 de
2682 4948 2940 5019 sopienda
2985 4948 3146 5018 primi
3199 4949 3419 5020 capituli

1827 5044 2146 5116 quaestione,
2179 5042 2231 5097 id
2259 5048 2343 5097 est
2370 5040 2440 5096 de
2462 5041 2689 5111 epistola
2718 5041 2785 5094 ad
2820 5040 3009 5095 Marim
3037 5037 3279 5107 Persam,
3316 5034 3419 5097 dis-

1826 5136 2054 5193 serenda
2084 5134 2170 5191 vel
2198 5132 2498 5188 deﬁnienda
2520 5140 2696 5197 erant,
2719 5146 2942 5188 necesse
2981 5125 3138 5188 nobis
3164 5139 3251 5188 est
3289 5133 3419 5201 quid

1827 5229 1895 5284 de
1922 5225 2210 5283 Theodoro
2244 5223 2681 5295 Mompsuesteno
2719 5222 2942 5293 ejusque
2969 5221 3128 5277 dictis
3161 5221 3425 5277 ecclesia-

1824 5324 1973 5380 stic:e
2010 5321 2230 5377 unitatis
2256 5321 2400 5376 ratio
2427 5318 2515 5374 vel
2556 5317 2679 5372 lidei
2709 5332 2739 5372 a
2768 5315 2971 5373 sanctis
3013 5313 3260 5371 Patribus
3307 5323 3427 5371 tra-

1825 5414 1949 5470 dita:
1974 5413 2185 5469 cautela
2208 5412 2322 5467 Iieri
2345 5409 2512 5479 exigit
2533 5408 2806 5477 expedire.
2831 5405 3219 5476 Perpendimus
3240 5407 3424 5477 itaque

1827 5505 1972 5576 quod
1996 5507 2155 5575 hujus
2180 5518 2397 5574 quoque
2438 5494 2748 5571 qumstiOnis
2778 5497 3058 5553 exordium
3108 5513 3175 5553 ex
3204 5497 3424 5553 haereti-

1826 5611 2014 5653 corum
2052 5610 2271 5652 caenoso
2314 5594 2461 5648 fonte
2502 5591 2821 5646 manaverit.
2866 5589 3001 5645 Cum
3037 5591 3179 5646 enim
3222 5589 3422 5647 Nesto-

1829 5690 1964 5744 riani
2005 5695 2132 5742 ante
2182 5686 2368 5757 plures
2418 5699 2589 5740 annos
2635 5699 2742 5738 non
2787 5683 3032 5737 valerent
3088 5682 3252 5752 impia
3307 5682 3425 5753 ejus

1828 5781 2079 5848 dogmata
2115 5781 2214 5834 sub
2256 5778 2421 5848 ipsius
2451 5775 2692 5830 damnati
2733 5772 2964 5829 Nestorii
3014 5774 3235 5830 nomine
3286 5790 3423 5844 quo-

1828 5868 2077 5926 rumdam
2123 5867 2368 5929 sensibus
2394 5864 2729 5938 decipiendis
2766 5864 3027 5935 inserere,
3077 5864 3205 5925 hinc
3243 5865 3425 5940 profe-
