3952 6406
522 313 625 371 175

1711 309 1936 368 νιοιιιι
1974 308 2076 366 PP.
2117 308 2621 368 CONSTlTUTUM.

2575 169 2602 194 /

3698 312 3791 369 1ῖῦ

521 432 662 490 renti
685 419 1042 507 {proferendi}
1063 437 1268 486 erroris
1303 428 1386 486 sui
1433 427 1894 501 opportunitatem
1919 426 2110 497 exqui-
2139 431 2184 486 Λ
2215 425 2376 482 Verbi
2405 427 2470 481 ad
2497 427 2767 482 Christum
2796 427 3009 498 qualem
3034 427 3324 499 Apostolus
3349 428 3486 486 dixit
3511 429 3580 486 dc
3607 431 3722 487 viro
3741 445 3794 490 et

520 526 642 582 sitis
666 523 942 581 fraudibus
969 523 1294 580 invenerunt
1311 530 1371 578 ut
1405 537 1476 580 ex
1501 522 1772 581 Theodori
1801 521 2109 593 Mompsue-

521 619 664 676 steni
691 617 862 682 libris,
888 629 1050 686 quem
1065 614 1276 685 jactant
1305 615 1361 671 in
1385 631 1521 688 pace
1547 615 1805 674 Ecclesiae
1824 615 2106 682 defecisse,

522 709 686 780 impia
724 721 910 764 rursus
951 705 1190 765 Nestorii
1231 704 1488 778 dogmata
1531 706 1884 778 blasphemiis
1925 707 2112 761 imma-

521 803 764 860 nioribus
808 801 1064 858 innovate
1113 799 1460 858 introducere
1503 800 1828 858 niterentur.
1867 797 2108 867 Quorum

521 910 730 953 venena
757 892 1028 952 diuturnis
1057 891 1392 965 temporibus
1411 891 1628 949 occulte
1653 891 1944 963 serpentia,
1968 903 2106 946 nunt

521 993 712 1058 aperta
738 983 1078 1056 professione
1104 982 1402 1052 manantia,
1444 991 1661 1040 nostros
1687 992 1745 1038 et
1769 979 2114 1038 Christianis-

522 1075 647 1131 simi
703 1074 964 1146 principis
1024 1073 1374 1142 omniumque
1422 1073 1849 1130 orthodoxorum
1901 1071 2115 1128 animos

524 1171 916 1238 permoverunt
959 1163 1354 1220 attendentium
1401 1179 1509 1220 non
1545 1178 1668 1222 esse
1695 1163 1919 1219 ulterius
1956 1161 2116 1218 diﬂ'e-

526 1255 694 1312 reuda
739 1256 980 1313 remedia
1010 1255 1124 1324 ubi,
1179 1270 1280 1327 per
1319 1256 1644 1328 patientiam
1685 1254 2116 1312 dissimulatione

526 1349 748 1416 nutrita,
781 1357 890 1404 tam
927 1349 1107 1418 magni
1157 1348 1286 1404 mali
1311 1349 1524 1406 videtur
1551 1349 1784 1406 crevisse
1824 1348 2112 1420 pernicies.

526 1439 642 1498 lloc
673 1441 821 1498 enim
849 1449 1180 1498 memoratos
1216 1440 1568 1498 Nestorianos
1595 1441 1808 1513 publice
1845 1450 1905 1497 et
1938 1441 2118 1496 inces-

525 1538 710 1588 santer
763 1541 1008 1588 astruere
1053 1531 1188 1586 nulli
1239 1531 1390 1588 venit
1431 1531 1490 1587 in
1537 1531 1784 1601 dubium,
1834 1531 2112 1588 dicentes:

527 1625 636 1682 Nos
658 1632 866 1696 patrem
895 1639 1005 1680 non
1033 1631 1150 1680 tam
1175 1623 1480 1680 Nestorium
1520 1639 1684 1695 quam
1728 1623 2120 1695 Mompsueste-

527 1731 658 1770 num
685 1715 1030 1771 Theodorum
1054 1729 1399 1782 veneramur,
1429 1714 1654 1786 ejusque
1681 1715 1848 1772 libros
1871 1722 1985 1771 tota
2011 1729 2113 1770 no-

2211 515 2457 582 muliere,
2482 513 2650 570 Erunt
2677 516 2777 570 duo
2803 517 2857 571 in
2886 533 3041 572 carne
3061 533 3190 587 una,
3219 526 3274 572 et
3296 518 3440 588 quod
3469 527 3592 590 post
3618 535 3794 576 resur-

2208 605 2526 672 rectionem,
2575 622 2700 662 cum
2741 605 3067 664 insufﬂasset
3109 607 3370 666 Dominus
3417 610 3472 665 in
3520 611 3797 682 discipulis

2211 701 2266 748 et
2289 691 2531 760 dixisset,
2560 693 2793 766 Accipite
2821 693 3076 766 Spiritum
3112 707 3370 768 sanctum,
3400 714 3509 754 non
3546 698 3695 756 dedit
3720 702 3798 759 eis

2211 779 2470 852 Spiritum
2495 791 2757 838 sanctum.
2783 782 2896 840 [loc
2915 799 3130 855 quoque
3154 801 3317 843 ausus
3343 797 3428 843 est
3449 789 3651 858 dicere,
3676 793 3799 862 quia

2212 873 2606 932 confessionem
2655 893 2818 948 quam
2871 878 2998 935 fecit
3045 879 3284 938 Thomas
3349 899 3472 940 cum
3527 886 3799 958 palpasset

2213 981 2406 1026 manus
2433 978 2490 1025 et
2519 969 2658 1027 latus
2687 970 2901 1028 Domini
2939 981 3064 1044 post
3089 977 3564 1046 resurrectionem,
3596 980 3801 1050 dicens,

2216 1055 2470 1114 Dominus
2515 1077 2656 1115 meus
2693 1070 2744 1115 et
2783 1060 2926 1117 Deus
2975 1079 3136 1130 meus,
3190 1081 3299 1120 non
3349 1081 3470 1124 esse
3523 1069 3721 1125 dictam
3769 1087 3800 1126 a

2213 1143 2422 1202 Thema
2467 1147 2536 1204 de
2561 1148 2776 1206 Christo
2808 1153 2932 1222 (nec
2959 1151 3103 1208 enim
3129 1152 3262 1211 dicit
3286 1154 3603 1216 Theodorus
3631 1159 3798 1216 Deum

2216 1251 2338 1294 esse
2350 1236 2671 1315 Christum),
2694 1242 2790 1298 sed
2815 1243 2882 1298 ad
2911 1244 3225 1302 miraculum
3253 1251 3666 1308 resurrectionis
3692 1261 3800 1308 stu-

2213 1327 2487 1398 pefactum
2517 1328 2778 1386 Thomam
2807 1332 3136 1401 glorificasse
3163 1335 3336 1392 Deum
3363 1345 3419 1392 et
3447 1337 3549 1394 ista
3578 1339 3797 1398 dixisse.

2219 1416 2288 1473 Et
2315 1419 2461 1489 quod
2490 1419 2646 1490 pejus
2671 1430 2774 1490 est,
2802 1425 2966 1480 etiam
2997 1425 3051 1480 in
3081 1428 3532 1498 interpretatione
3559 1445 3722 1501 quam
3751 1433 3803 1488 in

2217 1506 2440 1565 Actibus
2459 1512 2826 1580 aposwlorum
2853 1515 3070 1588 scripsit
3109 1516 3252 1573 idem
3286 1518 3624 1584 Theodorus,
3655 1523 3803 1578 simi-

2218 1601 2324 1658 lem
2347 1603 2477 1659 fecit
2502 1603 2772 1662 Christum
2801 1605 3014 1666 Platoni
3042 1619 3098 1666 et
3132 1609 3426 1670 Manichaee
3472 1623 3528 1670 et
3569 1613 3804 1686 Epicuro

2218 1703 2274 1748 et
2299 1692 2578 1764 Marciani,
2609 1695 2794 1754 dicens
2820 1699 2966 1770 quod
3002 1700 3144 1758 sicut
3179 1701 3394 1760 illorum
3437 1706 3806 1777 unusquisque

528 1817 654 1866 stne
682 1807 974 1864 devotione
999 1807 1200 1865 mentis
1235 1784 1648 1879 amplectimur;
1680 1821 1785 1863 nec
1825 1807 1932 1862 erit
1972 1807 2120 1876 quis-
2147 1803 2198 1866 B
2220 1798 2289 1879 ἓξ
2313 1784 2568 1879 domum
2593 1787 2738 1879 ‘1‘)?“
2764 1789 2970 1846 ίηνθηίί
2995 1805 3125 1848 suos
3148 1791 3439 1863 δίδείνυίοδ
3471 1793 3602 1850 hic“
3629 1799 3804 1852 νοθπί

527 1915 690 1970 quam
736 1899 829 1968 qui
890 1898 1046 1956 nobis
1103 1899 1369 1956 obsistere
1422 1895 1684 1973 [valeat],
1733 1911 1858 1954 cum
1920 1896 2118 1967 dogma

529 2002 776 2048 nostrum
803 1991 884 2048 sic
907 1992 1115 2062 antiqui
1143 1991 1386 2048 doctoris
1407 1991 1678 2048 Theodori
1704 1991 1906 2062 ubique
1931 1991 2112 2060 vulga-

528 2087 600 2140 tis
625 2081 906 2139 codicibus
933 2091 1225 2138 astruatur.
1273 2081 1515 2150 Quorum
1552 2081 1998 2138 Nestorianorum
2023 2096 2122 2138 vo-

529 2173 682 2230 cibus
710 2172 998 2232 nonnullus
1027 2172 1281 2229 ineruditi
1325 2173 1470 2244 vulgi
1501 2187 1756 2230 numerus
1794 2172 2122 2244 quotidianis

529 2263 720 2320 diebus
747 2278 914 2334 prava
940 2263 1257 2320 seductione
1282 2264 1570 2336 decipitur.
1591 2263 1726 2320 Cum
1753 2276 1884 2334 ergo
1905 2271 2124 2322 constet

530 2355 761 2428 amplius
806 2369 907 2426 per
959 2353 1200 2412 defuncti
1242 2355 1516 2413 Theodori
1559 2371 1757 2413 nomen
1790 2363 1956 2427 atque
1994 2369 2122 2413 con-

531 2447 729 2517 scripta
763 2445 1102 2504 Nestorianze
1136 2448 1362 2504 heresis
1409 2461 1657 2504 errorem
1697 2448 1914 2520 populis
1949 2446 2123 2505 intro-

525 2535 668 2590 mitti
693 2548 858 2604 quam
881 2535 1036 2592 vivus
1079 2536 1258 2606 potuit
1297 2535 1498 2592 inferre
1537 2536 1832 2606 Nestorius,
1872 2553 1981 2595 non
2009 2545 2121 2596 tam

534 2624 870 2694 negligentiae
893 2641 1058 2697 quam
1083 2626 1443 2683 conbibentite
1466 2627 1752 2683 discrimen
1776 2627 1793 2702 Ι
1813 2629 1966 2701 forte,
1989 2643 2124 2686 con-

526 2715 786 2772 niventiae
815 2717 1042 2792 crimen]
1089 2733 1190 2775 nos
1228 2719 1552 2777 credidimus
1599 2720 1934 2790 incursuros;
1965 2722 2011 2778 si
2040 2731 2124 2779 ta-

523 2821 662 2866 men
701 2810 1020 2866 necessarite
1067 2810 1266 2882 (forte,
1313 2811 1358 2868 si
1397 2819 1508 2866 tam
1551 2811 1900 2886 necessariae]
1947 2810 2125 2870 corre-

533 2897 751 2966 ctionis,
781 2913 944 2969 quam
964 2901 1318 2972 periclitantis
1346 2901 1598 2958 Ecclesia:
1616 2903 1947 2975 dispensatio
1969 2903 2122 2977 flagi-

531 2996 634 3054 tat,
661 2988 864 3047 differri
885 2990 1110 3048 ulterius
1134 2993 1371 3048 remedia
1396 3002 1726 3065 pateremur.
1749 2995 1936 3066 Neque
1955 2998 2121 3066 enim,

461 3115 470 3124 ο
535 3089 592 3138 ιιι
619 3082 841 3154 quidam
895 3083 1128 3141 inaniter
1172 3084 1542 3154 diliamabant,
1592 3086 1862 3146 Theodori
1897 3089 2123 3162 ejusque

2220 1873 2528 1932 Platonicos
2553 1885 2608 1932 et
2634 1877 2958 1936 Manichaaos
2994 1889 3051 1938 et
3095 1881 3389 1953 Epicureos
3428 1893 3486 1941 et
3527 1885 3808 1943 Marcioni-

2218 1976 2349 2034 stas,
2380 1967 2541 2026 simili
2567 1971 2727 2026 modo
2747 1979 2804 2027 et
2830 1987 2952 2028 cum
2979 1972 3228 2031 Christus
3257 1975 3452 2046 dogma
3488 1977 3810 2051 invenisset,
3908 2007 3912 2018 ο

2220 2074 2289 2116 ex
2314 2061 2432 2130 ipso
2463 2059 2802 2120 Christianos
2834 2065 3038 2120 vocari.
3071 2065 3310 2134 Quarum
3352 2068 3808 2140 blasphemiarum

2219 2162 2289 2204 ex
2313 2147 2462 2204 libris
2483 2148 2754 2207 Theodori
2780 2150 3194 2224 Mompsucsteni
3216 2157 3569 2228 perversitate
3595 2170 3807 2232 reperta

2219 2239 2495 2297 evidenter
2515 2251 2740 2313 apparet
2761 2244 3045 2302 falsissime
3083 2248 3344 2318 quosdam
3374 2248 3626 2307 foventes
3669 2253 3809 2308 dicta

2221 2330 2495 2390 Theodori
2533 2335 2744 2408 opinari
2790 2337 2936 2408 quod
2975 2349 3308 2398 memoratus
3335 2341 3659 2401 Theodorus
3705 2361 3811 2401 non

2217 2424 2384 2483 fuerit
2409 2425 2466 2481 in
2490 2441 2588 2482 sua
2617 2428 2727 2483 vita
2755 2427 3063 2498 damnatus,
3091 2447 3214 2488 cum
3261 2435 3561 2505 perspectis
3607 2437 3812 2508 prinde-

2217 2519 2454 2575 cessoris
2481 2520 2651 2576 nostri
2678 2520 2851 2575 beatte
2875 2523 3268 2580 recordationis
3296 2525 3512 2581 Damasi
3539 2527 3811 2599 synodali-

2220 2612 2323 2668 bus
2360 2609 2692 2681 coustitutis,
2735 2626 2855 2682 qua:
2903 2621 3028 2684 post
3072 2612 3348 2671 Nicamum
3401 2618 3700 2674 concilium
3747 2620 3816 2676 de

2222 2698 2424 2769 Spiritu
2452 2707 2642 2756 sancto
2673 2703 3028 2759 tractantibus
3047 2711 3103 2760 et
3124 2707 3570 2764 convenientibus
3598 2709 3654 2765 in
3686 2711 3816 2768 urbe

2225 2791 2397 2849 Roma
2443 2793 2724 2852 catholicis
2778 2797 3047 2868 episcopis
3086 2807 3142 2854 et
3209 2799 3383 2856 beatae
3421 2802 3818 2860 recordationis

2223 2884 2508 2942 Ambrosio
2531 2885 2949 2945 Mediolanensis
2985 2889 3218 2946 civitatis
3245 2891 3487 2950 antistite
3511 2903 3641 2950 sunt
3675 2896 3816 2950 edita

2227 2978 2386 3047 longe
2426 2985 2715 3048 antequam
2781 2978 3099 3038 Theodorus
3147 2979 3582 3054 Mompsuestime
3621 2985 3813 3059 [Mom-

2227 3066 2498 3140 psucstiai]
2526 3066 2762 3126 ofﬁcium
2790 3071 3132 3143 episcopatus
3167 3081 3490 3146 assumeret,
3542 3076 3812 3133 invenire-

533 3171 806 3230 dicwmm
832 3176 1034 3246 potem
1058 3177 1396 3234 excusatio“;
1425 3175 1691 3248 proﬁcere
1718 3179 1864 3250 quod
1905 3160 1960 3237 ᾗ,
2009 3160 2125 3252 έβί,
2149 3176 2197 3240 C
2229 3176 2349 3216 mus
2371 3160 2679 3232 plenissime
2693 3161 2977 3252 deﬁnitum
2991 3178 3085 3220 eos
3104 3163 3196 3234 qui
3215 3163 3352 3221 duos
3366 3163 3504 3221 filios
3522 3164 3813 3233 afﬁrmant,

531 3261 676 3321 stola
703 3263 771 3320 ad
799 3263 992 3322 Marini
1017 3263 1238 3322 Persam
1267 3281 1466 3323 nomen
1507 3267 1784 3326 Theodori
1809 3269 1898 3327 vel
1925 3271 2124 3342 scripta

534 3350 655 3422 ejus
697 3351 954 3409 videntur
1001 3354 1224 3424 copiose
1263 3353 1496 3420 laudari,
1541 3369 1664 3411 cum
1711 3364 1768 3412 et
1801 3359 2128 3426 praecedenti

537 3442 837 3500 assertione
854 3442 1227 3514 multipliciter
1245 3443 1408 3500 fuerit
1433 3443 1862 3502 demonstratum
1881 3448 2127 3504 eamdem

537 3532 846 3606 epistolam,
867 3533 1009 3592 sicut
1035 3549 1067 3590 a
1097 3534 1276 3604 nobis,
1306 3533 1379 3589 ita
1409 3543 1464 3591 et
1491 3551 1523 3590 a
1552 3537 1756 3594 sanctis
1786 3535 2038 3596 Patribus
2073 3540 2126 3595 in

531 3625 886 3684 Chalcedona
930 3629 1295 3686 residentibus
1345 3629 1490 3700 juste
1533 3630 1876 3701 damnatam,
1921 3640 1978 3688 et
2022 3633 2129 3689 hoc

535 3717 722 3788 potius
734 3717 802 3774 ad
824 3718 1090 3776 malorum
1102 3718 1374 3776 Theodori
1387 3719 1901 3779 demonstrationem
1915 3713 2130 3780 abunde

535 3807 774 3864 sufﬁciat
797 3809 944 3880 quod
989 3809 1099 3866 illic
1140 3825 1340 3868 nomen
1383 3811 1692 3884 scriptaque
1747 3813 1866 3884 ejus
1911 3815 2127 3872 laudata

539 3907 668 3958 sunt
693 3901 784 3959 ubi
812 3903 1004 3961 beatus
1029 3902 1260 3976 Cyrillus
1297 3912 1353 3960 et
1379 3903 1646 3976 Ephesina
1672 3907 1846 3977 prima
1893 3908 2130 3980 synodus

539 3991 903 4063 impugnatur.
937 3993 1067 4063 Quae
1088 4011 1210 4052 cum
1236 3995 1310 4052 ita
1331 3995 1460 4064 sint,
1489 4011 1599 4053 non
1623 4004 1804 4054 tamen
1825 3999 2128 4056 destitimus

539 4096 636 4153 per
660 4081 930 4142 ﬁdeliores
973 4085 1298 4156 interpretes
1343 4086 1542 4157 scripta
1569 4085 1815 4157 ejusdem
1854 4088 2128 4146 Theodori

538 4173 905 4242 perscrutari,
939 4174 1186 4244 quamvis
1213 4173 1370 4230 nobis
1390 4182 1448 4230 et
1474 4183 1601 4230 ante
1629 4184 1903 4247 utcunque
1931 4178 2131 4235 fuerint

533 4263 830 4334 publicata.
858 4263 940 4320 Ex
965 4281 1076 4336 quo
1109 4281 1254 4323 nunc
1295 4265 1590 4336 perclaruit
1631 4267 1957 4326 lucidissima
1986 4272 2128 4328 veri-

538 4361 654 4410 tate
681 4355 922 4426 prmdicti
951 4354 1222 4412 Theodori
1251 4356 1668 4428 Mompsuesteni
1691 4359 1830 4417 libro
1855 4363 2128 4419 contraria

541 4455 690 4502 recta
719 4445 842 4504 fidei
867 4456 925 4504 et
949 4457 1260 4505 sanctorum
1288 4448 1510 4506 Patrum
1537 4452 1816 4509 continere
1844 4453 2121 4511 doctrinis.

2230 3265 2394 3305 unum
2435 3257 2562 3306 ante
2600 3251 2807 3321 secula,
2849 3258 2907 3307 et
2935 3251 3165 3308 alterum
3210 3263 3336 3324 post
3383 3257 3815 3326 assumptioncnt

2227 3345 2406 3402 carnis
2432 3359 2502 3402 ex
2528 3343 2762 3416 Virgine,
2798 3347 2938 3403 sicut
2983 3349 3230 3420 superius
3275 3347 3620 3407 Theodorum
3669 3368 3817 3410 asse-

2227 3435 2405 3492 ruisse
2424 3443 2782 3492 monstratum
2807 3446 2911 3502 est,
2935 3439 3294 3496 anathematis
3319 3454 3478 3512 paena
3505 3457 3814 3513 percussos.

2234 3525 2334 3584 Ubi
2364 3543 2473 3584 non
2501 3527 2675 3584 solum
2703 3529 2781 3584 illi
2823 3529 2916 3599 qui
2945 3530 3138 3586 eodem
3169 3539 3414 3602 tempore
3455 3533 3630 3604 ipsius
3667 3544 3818 3591 erant

2228 3619 2448 3676 hairesis
2475 3626 2794 3687 sectatores,
2826 3635 3016 3676 verum
3043 3621 3208 3678 etiam
3245 3623 3323 3679 illi
3349 3624 3443 3694 qui
3481 3627 3819 3683 succedenti-

2229 3711 2330 3767 bus
2351 3711 2688 3782 temporibus
2716 3711 2965 3766 eumdem
2995 3723 3352 3782 sequerentur
3377 3731 3646 3783 errorem,
3681 3716 3820 3787 ejus-

2229 3802 2353 3857 dem
2399 3800 2758 3856 analhematis
2796 3801 3023 3858 vinculis
3059 3805 3404 3874 reperiuntur
3447 3807 3677 3863 astricti.
3726 3809 3821 3865 Cui

2229 3893 2564 3950 damnationi
2583 3891 2926 3950 Theodorum
2946 3910 3160 3968 quoque
3179 3895 3578 3970 Mompsuestim
3602 3917 3822 3958 necesse

2229 3996 2312 4044 est
2335 3986 2500 4044 fuisse
2518 3986 2840 4058 subjectum,
2870 3988 2960 4058 qui
2992 3989 3369 4060 praedamnata:
3397 3992 3623 4051 heresis
3649 4004 3822 4051 secta~

2231 4087 2318 4136 tor
2345 4089 2401 4136 et
2425 4079 2748 4150 praedicator
2776 4077 2999 4136 elfectus
3025 4089 3128 4137 est.
3158 4080 3344 4154 Neque
3371 4085 3517 4140 enim
3545 4087 3711 4142 aliter
3731 4103 3822 4143 eos

2228 4187 2366 4242 quos
2388 4187 2531 4228 nunc
2561 4171 2614 4227 in
2635 4170 2892 4228 Arianam
2919 4173 3008 4228 vel
3035 4172 3089 4228 in
3120 4173 3279 4228 aliam
3299 4176 3599 4246 quamlibet
3649 4181 3824 4234 linire-

2229 4277 2342 4318 sem
2385 4263 2682 4334 reperimus
2729 4262 3056 4334 implicatos,
3095 4263 3210 4335 jam
3257 4267 3621 4326 anathematis
3666 4287 3821 4341 ptena

2231 4353 2512 4409 damnatos
2539 4354 2834 4425 accipimus
2872 4355 2974 4409 nisi
3003 4355 3129 4426 quia
3169 4355 3224 4411 in
3272 4359 3660 4428 prcedamnatis
3689 4377 3824 4432 quos

2231 4451 2507 4500 sectantur
2535 4445 2808 4500 erroribus
2830 4442 3173 4501 inveniuntur
3193 4447 3290 4518 ipsi
3313 4462 3530 4519 quoque
3557 4450 3818 4506 damnati.

545 4533 696 4592 [inde
722 4545 779 4594 ει
814 4539 986 4595 sancti
1035 4539 1224 4597 Panes
1249 4549 1439 4598 conn-3
1467 4557 1590 4598 eum
1633 4543 1952 4612 scribentes,
2001 4561 2128 4602 suos
2157 4558 2207 4618 υ
2231 4533 2343 4591 Nec
2371 4533 2498 4590 illud
2527 4535 2880 4591 omittendum
2907 4551 3027 4592 esse
3054 4537 3429 4608 perspicimus,
3469 4541 3619 4608 quod
3649 4541 3705 4595 lli
3735 4544 3826 4613 qui

542 4627 710 4684 libros
738 4628 804 4685 ad
832 4631 1238 4687 instructionem
1269 4641 1468 4689 sancta:
1493 4631 1742 4690 Ecclesite
1769 4635 2121 4707 reliquerunt.

539 4716 676 4774 Nam
723 4720 864 4776 inter
902 4721 1037 4779 alias
1080 4721 1444 4792 blasphemias
1472 4723 1752 4780 evidenter
1777 4739 1901 4782 eum
1928 4725 2128 4782 dixisse

540 4813 905 4882 comperimus
933 4813 1095 4867 alium
1120 4829 1239 4869 esse
1264 4814 1432 4870 Deum
1457 4814 1694 4871 Verbum
1717 4825 1771 4872 ct
1797 4816 1960 4872 alium
1981 4816 2130 4875 Chri-

539 4912 680 4960 stum
711 4918 742 4958 a
781 4903 1118 4974 passionihus
1144 4904 1335 4960 anima:
1367 4911 1424 4961 et
1447 4905 1728 4963 desideriis
1751 4908 1928 4963 carnis
1943 4910 2129 4966 mole-

539 4995 670 5054 stias
689 4994 1011 5067 patientem,
1035 5003 1090 5051 et
1117 5009 1149 5050 a
1178 4994 1540 5052 deterioribus
1581 4997 1840 5068 paulatim
1871 4997 2131 5054 receden-

537 5095 670 5154 tem,
701 5087 772 5142 ad
796 5087 1018 5142 meliora
1043 5084 1290 5157 profectu
1311 5099 1536 5156 operum
1564 5087 1895 5158 pervenisse,
1920 5097 1976 5144 et
1999 5105 2130 5146 con-

539 5179 842 5236 versatione
870 5176 1274 5234 immaculatum
1313 5175 1532 5242 factum,
1561 5185 1618 5232 ct
1645 5186 1896 5248 tanquam
1935 5193 2128 5250 purum

537 5272 810 5328 hominem
886 5271 1213 5340 baptizatum
1268 5287 1388 5327 esse
1461 5273 1514 5329 in
1581 5275 1799 5332 nomine
1862 5273 2036 5332 Patris
2077 5285 2132 5332 et

538 5361 658 5417 Filii
701 5370 758 5418 et
793 5361 1026 5432 Spiritus
1063 5363 1255 5430 sancti,
1309 5373 1365 5422 et
1408 5379 1508 5435 per
1533 5363 1854 5436 baptismum
1901 5369 2127 5436 gratiam

535 5455 708 5510 sancti
739 5453 968 5524 Spiritus
989 5455 1284 5525 accepisse,
1328 5466 1382 5511 et
1426 5455 1792 5514 afliliationem
1841 5460 2122 5526 meruisse,

537 5555 596 5602 et
619 5545 689 5602 ad
730 5545 1029 5617 imperialis
1057 5547 1304 5616 imaginis
1331 5547 1739 5604 similitudinem
1786 5548 1839 5604 in
1887 5565 2122 5620 persona

539 5637 633 5692 Dei
666 5636 824 5693 Verbi
853 5635 1125 5694 Christum
1154 5637 1390 5705 adorari,
1423 5647 1477 5695 et
1523 5649 1645 5710 post
1668 5643 2119 5698 resurrectionem

538 5725 923 5782 immutabilem
951 5726 1368 5795 cogitationibus
1394 5735 1451 5783 et
1469 5729 1690 5786 omnino
1719 5730 2119 5800 impeccabilem

541 5817 758 5876 factum.
793 5817 936 5876 Dixit
961 5818 1125 5878 etiam
1155 5819 1318 5879 talem
1346 5819 1542 5880 factam
1560 5835 1679 5879 esse
1707 5822 2002 5881 unitionem
2027 5822 2122 5882 Dci

2233 4625 2288 4680 in
2313 4626 2423 4681 suis
2451 4625 2602 4682 libris
2625 4641 2690 4683 ac
2712 4626 3168 4696 disputationibus
3194 4625 3328 4684 duos
3367 4626 3506 4684 ﬁlios
3527 4631 3684 4686 credi
3727 4631 3825 4687 do-

2234 4728 2378 4786 cent,
2403 4727 2600 4788 negent
2626 4725 2805 4775 tamen
2833 4735 2893 4775 se
2937 4720 3073 4777 duos
3102 4719 3240 4777 filios
3279 4720 3540 4792 proﬁteri,
3575 4739 3703 4780 rum
3751 4727 3827 4782 cis

2236 4811 2368 4866 nihil
2390 4811 2562 4883 prosit
2587 4811 2694 4868 hoc
2728 4812 2911 4867 vacuis
2939 4826 3140 4881 negare
3166 4813 3506 4871 sermonibus
3532 4817 3684 4885 quod
3727 4818 3820 4872 do-

2237 4905 2353 4961 lose
2398 4920 2498 4975 per
2551 4919 2648 4960 sua
2701 4903 2978 4975 dogmata,
3030 4905 3180 4961 libris
3221 4906 3384 4960 etiam
3427 4905 3827 4964 convincuntur

2238 5005 2498 5053 astruere.
2529 4993 2620 5052 Sic
2648 4998 2846 5052 etenim
2868 4996 3165 5064 Nestorius,
3195 5005 3255 5054 ut
3276 5001 3521 5070 superius
3540 4999 3657 5070 jam
3683 5001 3822 5056 dixi-

2230 5103 2372 5156 mus,
2397 5087 2530 5142 duas
2560 5095 2799 5152 naturas,
2830 5102 2993 5142 unum
3029 5085 3225 5143 Filium
3265 5103 3326 5144 se
3354 5089 3616 5146 simulans
3661 5091 3826 5146 conli-

2232 5177 2351 5240 teri,
2404 5185 2460 5234 et
2497 5177 2726 5232 alterum
2765 5192 2885 5232 esse
2913 5178 3006 5248 qui
3047 5191 3115 5233 ex
3158 5177 3270 5234 Deo
3317 5177 3478 5235 Patre
3527 5191 3690 5238 natus
3721 5192 3819 5247 est,

2229 5271 2458 5328 alterum
2485 5271 2578 5342 qui
2621 5287 2688 5327 ex
2737 5271 2952 5341 Virgine
2992 5280 3164 5328 matre
3205 5275 3539 5344 progenitus,
3599 5277 3655 5332 in
3713 5277 3822 5333 suis

2229 5362 2680 5434 diSputatfonibus
2708 5363 2854 5419 omni
2886 5364 3082 5420 fraudis
3112 5363 3412 5421 intentione
3435 5367 3668 5425 suadere
3696 5384 3822 5441 per-

2225 5457 2439 5524 sistens,
2473 5473 2577 5511 non
2609 5456 2784 5526 potuit
2826 5456 3019 5512 debita:
3063 5471 3279 5528 pinnam
3319 5457 3689 5517 damnationis
3738 5459 3820 5517 ef-

2227 5548 2428 5618 fugere,
2461 5563 2562 5603 ncc
2583 5562 2706 5602 eum
2737 5547 2964 5602 liberare
2983 5548 3153 5602 valuit
3181 5548 3270 5604 illa
3293 5550 3452 5606 unius
3478 5549 3600 5608 Filii
3627 5551 3818 5608 dolosa

2226 5639 2506 5708 professio,
2539 5637 2690 5708 cujus
2734 5637 2875 5693 aliud
2929 5637 3352 5694 convincebatur
3393 5643 3679 5701 continere
3725 5646 3820 5700 do-

2225 5733 2436 5788 ctrina:
2468 5731 2595 5802 quia
2638 5733 3007 5803 pervcrsitatis
3052 5732 3360 5802 bujusmodi
3406 5745 3714 5794 sectatores
3754 5741 3813 5781 Se

2223 5826 2352 5898 ipsis
2407 5824 2701 5897 puniuntur
2747 5825 3087 5896 auctoribus;
3133 5826 3224 5896 qui
3280 5827 3426 5899 quod
3485 5829 3825 5887 erubescunt
