3952 6380
135 345 216 400 ΓΠ
1160 345 1530 403 JUS'I'INI.\NI
1573 346 1693 401 LIB.
1740 346 1895 403 ADV.
1938 345 2314 403 ORIGENI'JM.

3267 353 3369 410 l78

123 458 345 532 proﬁteri,
373 458 565 514 docere
594 472 707 513 non
735 456 1008 524 desinunt,
1033 465 1087 514 et
1115 474 1236 529 qua:
1263 458 1529 529 loquenda
1571 474 1668 512 ne-
1699 463 1746 519 Α
1774 473 1893 531 qna:
1919 459 2117 514 dicitur
2156 457 2261 514 Iba:
2289 458 2358 514 ad
2395 458 2582 514 Marim
2629 459 2868 526 Persam,
2902 461 3082 532 inqua
3130 465 3373 523 nefanda:

120 557 242 624 gant.
268 549 481 618 legenda
506 564 618 604 non
645 550 892 606 scribunt
910 559 957 605 ⁸.

176 640 359 698 XXVII.
397 639 504 694 Pro
530 640 619 696 his
641 640 804 710 igitur
822 640 1075 697 omnibus
1098 638 1340 696 Ecclesia
1362 638 1678 693 universalis

120 740 340 805 agnoscat
364 730 514 800 cujus
542 731 790 798 utilitati,
836 747 906 788 ne
933 730 1131 788 Christi
1177 730 1274 785 Dei
1307 729 1479 785 nostri
1526 729 1679 800 plebs

120 823 315 892 amplius
335 823 645 887 seducatur,
680 831 866 880 nostra
894 824 1063 878 servit
1090 821 1342 878 intentio.
1374 819 1546 888 Quam
1575 819 1679 875 uti-

121 914 295 970 litatem
321 928 417 984 per
435 912 712 969 Theodori
738 929 936 969 nomen
961 922 1126 985 atque
1146 913 1349 984 scripta
1375 911 1491 968 kedi
1513 926 1679 982 supra

121 1004 422 1061 meminimus
437 1002 587 1073 juste
604 1020 710 1060 nos
737 1014 794 1060 et
817 1006 935 1061 sine
963 1004 1143 1075 aliqua
1169 1004 1590 1075 reprehensione
1610 1002 1680 1057 ad

120 1111 295 1167 eaque
320 1097 571 1166 pnescnti
619 1096 949 1152 auctoritate
986 1095 1275 1151 statuimus
1310 1094 1675 1151 descendisse.

120 1186 175 1243 Et
193 1187 301 1244 ideo
328 1187 758 1243 condemnamus
784 1195 842 1243 et
868 1186 1388 1243 anathematizamus
1431 1186 1682 1242 similiter

121 1278 301 1335 utalios
325 1294 516 1334 omnes
542 1278 830 1335 haereticos
855 1293 996 1349 quos
1019 1277 1414 1335 condemnatos
1450 1287 1508 1335 et
1545 1293 1679 1333 ana-

119 1368 459 1425 thematizatos
497 1377 720 1424 constat
760 1385 794 1425 a
841 1370 1044 1425 sanctis
1072 1379 1305 1441 quatuor
1336 1370 1581 1428 conciliis
1626 1376 1681 1426 et

118 1477 143 1516 a
174 1461 421 1517 catholica
453 1459 723 1528 Ecclesia,
755 1470 811 1518 et
851 1461 1220 1529 Theodorum,
1270 1463 1363 1534 qui
1409 1465 1680 1534 quondam

117 1551 477 1623 llompsuestiae
498 1553 790 1624 episcopus
812 1554 932 1619 fuit,
954 1562 1010 1609 et
1038 1554 1154 1623 ejus
1185 1553 1346 1624 impia
1375 1554 1681 1627 conscripta

116 1641 450 1710 nihilominus,
482 1651 546 1698 et
583 1658 704 1714 qua
740 1643 1103 1701 Theodoritus
1127 1645 1453 1716 conscripsit
1489 1654 1681 1703 contra

115 1742 291 1790 rectam
314 1731 472 1790 ﬁdem
502 1741 565 1790 et
590 1743 785 1791 contra
810 1733 1095 1790 duodecim
1118 1736 1292 1791 sancti
1318 1734 1502 1808 Cyrilli
1528 1736 1680 1807 capi-

1777 550 2028 619 snperius
2056 550 2350 619 designatae
2376 550 2722 620 blasphemia:
2750 551 3115 621 continentur,
3164 564 3224 611 et
3267 557 3373 611 im-

1775 643 1926 713 pium
1954 642 2296 699 Theodorum
2321 642 2812 714 Mompsuestenum
2833 661 2957 703 cum
2986 645 3232 708 nefandis
3256 650 3373 723 ejus

1778 732 2119 803 conscriptis,
2148 741 2204 787 et
2224 748 2345 803 quae
2371 733 2536 805 impie
2555 733 2915 793 Theodoritus
2942 740 3281 810 conscripsit.
3308 740 3377 796 lit

1777 824 2087 894 quicunque
2112 838 2178 881 ea
2203 838 2423 895 quoquo
2451 834 2696 898 tempore
2724 827 3021 884 crediderit
3055 831 3372 903 accipienda

1779 913 1867 968 vel
1887 913 2203 980 deferenda,
2234 923 2329 970 aut
2354 925 2580 973 conatus
2613 915 2777 973 fuerit
2802 918 3094 990 aliquando
3133 936 3365 993 praesen-

1781 1016 1894 1063 tem
1921 1007 2322 1065 damnationem
2353 1012 2646 1078 resolvere,
2690 1012 2810 1083 pari
2849 1014 3197 1072 anathemate
3242 1032 3374 1073 con-

1779 1096 2116 1152 demnamus.
2171 1094 2284 1154 Eos
2335 1107 2515 1153 autem
2569 1099 2662 1169 qui
2725 1109 3114 1157 conservantes
3167 1113 3374 1160 rectam

1782 1185 1940 1242 iidem
1987 1186 2257 1257 prmdictis
2295 1196 2532 1258 quatuor
2577 1189 2797 1261 synodis
2844 1190 3213 1264 prmdicatam,
3263 1208 3378 1252 nte-

1780 1283 1991 1332 morata
2012 1276 2116 1331 tria
2140 1276 2374 1347 capitula
2403 1276 2797 1335 damnaverunt
2821 1280 2909 1336 vel
2936 1279 3215 1349 damnant,
3264 1283 3374 1338 fras

1782 1377 1894 1423 tres
1928 1376 1991 1425 et
2038 1369 2461 1427 consacerdotes
2503 1370 2784 1427 habemus.
2837 1372 3188 1445 Qumcunque
3245 1391 3378 1432 vero

1780 1459 1896 1515 sive
1932 1473 2059 1516 meo
2104 1459 2326 1516 nomine
2361 1460 2479 1516 sive
2505 1462 2871 1531 quorumlibet
2916 1479 3018 1536 pro
3060 1465 3378 1524 defensione

1781 1559 2204 1606 memoratorum
2232 1551 2398 1607 trium
2420 1551 2783 1622 capitulorum
2820 1555 3032 1625 prolata
3061 1554 3262 1612 fuerint
3293 1557 3378 1612 vel

1782 1643 2092 1713 ubicunque
2113 1651 2350 1715 reperta,
2382 1644 2663 1714 pmsentis
2691 1646 2864 1701 nostri
2902 1646 3202 1717 plenissimi
3244 1664 3378 1703 con-

1781 1734 1957 1789 stituti
1987 1735 2312 1790 auctoritate
2339 1749 2651 1794 vacuamus.
2689 1736 2836 1804 Quas
2861 1752 3052 1794 omnes
3072 1738 3378 1809 designatas

116 1823 207 1881 tula
229 1832 282 1881 et
300 1834 485 1882 contra
516 1827 752 1898 primam
788 1827 1055 1901 synodum
1090 1827 1439 1898 Ephesinam,
1477 1835 1537 1885 et
1561 1843 1684 1899 qua:
1713 1826 1762 1888 B
1785 1826 2154 1898 blasphemias
2176 1827 2317 1883 absit
2338 1828 2406 1884 ab
2427 1828 2718 1884 universali
2748 1828 2987 1885 Ecclesia
3010 1838 3071 1885 ut
3092 1830 3378 1900 quisquam

115 1918 171 1974 ad
193 1918 553 1976 defensionem
583 1916 858 1976 Theodori
903 1928 960 1976 et
1002 1918 1238 1976 Nestorii
1275 1921 1346 1977 ab
1372 1934 1441 1977 eo
1477 1920 1680 1991 scripta

116 2018 221 2066 sum
242 2027 256 2064 :
276 2010 398 2081 quia
418 2026 525 2081 pro
549 2010 577 2050 ιι
608 2012 990 2069 ecclesiastica:
1038 2013 1285 2069 utilitatis
1312 2029 1476 2070 causa
1515 2028 1683 2086 popo-

117 2102 204 2159 scit
220 2103 373 2159 etiam
392 2112 705 2160 memorata
734 2103 1049 2161 Theodoriti
1077 2105 1279 2177 scripta
1316 2103 1583 2172 damnari,
1613 2120 1683 2162 eo

118 2195 237 2266 quod
259 2211 395 2268 sepe
414 2196 555 2253 dicti
579 2197 889 2254 Nestoriani
913 2198 1012 2255 sub
1034 2198 1152 2269 eius
1180 2199 1420 2271 episcopi
1439 2200 1682 2267 nomine,

118 2288 245 2357 quia
267 2288 436 2344 heatre
463 2288 873 2346 recordationis
917 2288 1103 2347 Leone
1138 2305 1280 2361 papa
1324 2298 1378 2346 et
1425 2305 1458 2345 a
1493 2298 1681 2346 sancta

118 2376 508 2435 Cbalcedonensi
531 2378 748 2451 synodo
769 2379 964 2450 legitur
981 2381 1146 2437 fuisse
1165 2387 1468 2450 susceptus,
1491 2381 1682 2435 eadem

117 2469 289 2538 scripta
314 2469 381 2526 ad
416 2469 704 2526 astruendi
745 2471 830 2527 sui
876 2471 1080 2529 erroris
1128 2471 1382 2526 videntur
1427 2470 1685 2527 adbibere

117 2556 414 2629 suﬂ’ragium,
444 2577 567 2617 non
604 2561 931 2632 aspicientes
954 2562 1100 2633 quod
1142 2577 1252 2618 non
1290 2561 1467 2618 solum
1510 2562 1684 2618 sancti

116 2647 280 2708 Patres
305 2652 359 2707 in
383 2652 743 2710 Chalcedona
771 2655 1105 2724 congregati,
1146 2653 1406 2712 damnato
1433 2654 1685 2712 Nestorio

116 2755 217 2796 cum
240 2744 345 2800 suis
363 2744 731 2815 dogmatibus,
761 2756 818 2804 et
842 2749 944 2805 ista
972 2749 1368 2819 damnaverint,
1399 2752 1493 2807 sed
1521 2751 1685 2807 etiam

116 2829 213 2901 ipse
237 2835 511 2908 episcopus
561 2836 925 2897 Theodoritus
950 2842 1134 2897 omnia
1179 2842 1323 2898 dicta
1366 2858 1486 2914 qum
1540 2844 1687 2901 beati

116 2919 271 2994 Cyrilli
296 2926 347 2981 in
375 2926 655 2999 Ephesina
682 2931 856 3002 prima
896 2932 1159 3004 expositis
1197 2934 1520 2992 videbantur
1555 2951 1687 2993 con-

115 3018 257 3075 traire
280 3019 649 3091 dogmatibus,
692 3024 751 3080 in
782 3035 980 3081 sancta
1018 3025 1447 3084 Chalcedonensi
1475 3028 1687 3100 synodo

116 3121 277 3182 aperta
302 3116 647 3186 professione
674 3119 965 3190 respuerit,
1002 3128 1061 3176 et
1085 3121 1386 3193 susceperit
1411 3119 1685 3178 deﬁnitio-

1783 1918 2074 1989 praedictas
2101 1927 2336 1990 quatuor
2358 1918 2596 1991 synodos
2630 1918 2719 1975 vel
2745 1935 2908 1976 unam
2937 1935 3005 1976 ex
3048 1921 3129 1977 eis
3171 1927 3381 1977 asserat

1783 2008 2085 2080 suscepisse
2112 2008 2199 2065 vel
2242 2023 2341 2064 eos
2384 2008 2477 2079 qui
2524 2008 2652 2064 talia
2680 2018 2978 2081 sapuerunt
3019 2016 3181 2080 atquo
3206 2012 3381 2068 secuti

1782 2107 1926 2166 sunt,
1952 2114 2075 2155 cum
2101 2105 2316 2155 constet
2340 2113 2372 2154 a
2398 2099 2602 2155 sanctis
2644 2100 2962 2156 memoratis
3004 2099 3278 2170 Patribus,
3325 2110 3380 2158 et

1783 2190 2017 2245 maxime
2041 2204 2073 2244 a
2098 2196 2290 2245 sancto
2314 2187 2747 2247 Chalcedoneusi
2772 2190 3025 2260 concilio,
3064 2192 3269 2248 nullum
3309 2194 3379 2250 de

1785 2297 1893 2353 quo
1922 2281 2024 2338 fuit
2047 2281 2287 2353 suspicio
2315 2280 2483 2337 fuisse
2510 2289 2823 2352 susceptura
2849 2282 2954 2338 nisi
2993 2283 3088 2353 qui
3134 2285 3378 2355 superius

1783 2372 2095 2442 designatas
2121 2370 2487 2441 blasphemias
2512 2371 2600 2426 vel
2644 2369 2730 2426 his
2767 2370 2965 2426 similia
2993 2379 3088 2427 aut
3130 2372 3383 2429 hmresitn'

1783 2463 1852 2520 de
1890 2477 1999 2533 qua
2044 2470 2327 2532 suspectus
2366 2456 2469 2516 fuit
2496 2461 2722 2531 respuit,
2765 2469 2859 2517 aut
2902 2461 3269 2532 blasphemias
3308 2464 3387 2518 de

1785 2554 1978 2625 quibus
1995 2553 2066 2611 de
2082 2569 2151 2610 eo
2171 2552 2472 2609 dubitatum
2492 2560 2577 2610 est
2600 2554 2886 2623 abnegavit
2899 2562 3063 2624 atque
3081 2554 3379 2612 danmavit.

1787 2645 1854 2701 Et
1891 2645 2014 2702 ideo
2059 2660 2157 2702 eos
2202 2645 2296 2715 qui
2344 2653 2705 2702 memoratam
2746 2645 3032 2717 epistolam
3071 2647 3141 2702 ad
3187 2646 3389 2704 Maritu-

1787 2736 2007 2795 Persam
2031 2737 2341 2810 designatas
2358 2739 2607 2810 superius
2622 2739 2986 2812 blasphemias
3009 2744 3378 2800 continentem

1786 2844 1819 2885 a
1843 2836 2032 2886 sancta
2059 2828 2491 2887 Cbalcedonensi
2517 2830 2728 2903 synodo
2751 2846 2783 2886 a
2820 2833 3070 2903 prosecuti
3110 2839 3385 2905 temporc,-

1786 2922 2164 2979 innotescente
2190 2921 2294 2978 sibi
2322 2922 2483 2992 hujus
2508 2923 2680 2979 nostri
2714 2924 2858 2980 serie
2889 2926 3186 2993 constituti,
3230 2941 3380 2983 assc-

1787 3027 1911 3069 rere
1936 3012 2206 3069 voluerint
2237 3027 2361 3069 esse
2397 3022 2725 3085 susceptam,
2746 3015 2890 3071 vela
2911 3031 3236 3088 quocunque
3277 3035 3377 3077 eo-

1787 3104 2036 3161 rumdem
2080 3102 2304 3162 Patrum
2340 3105 2397 3161 in
2435 3103 2780 3163 Chalcedona
2828 3109 3158 3166 residentum
3199 3112 3382 3166 ortho-

113 3180 220 3258 ea.
266 3180 430 3263 sancti
476 3180 963 3266 Chalcedonensis,
992 3180 1263 3279 concilii;
1280 3211 1336 3265 in
1384 3226 1492 3281 qua
1537 3212 1682 3268 beati
1711 3191 1760 3258 c
1787 3196 1986 3252 doxam
2014 3180 2421 3266 pronuntiatam
2450 3197 2694 3253 nituntur
2718 3206 2984 3267 astruere,
3010 3201 3129 3271 nari
3158 3203 3381 3258 anathe-

113 3294 273 3368 Cyrilli
299 3298 350 3352 in
377 3298 655 3371 Ephesina
698 3301 874 3371 prima
899 3302 1204 3373 expositam
1229 3302 1574 3357 manifestum
1603 3311 1687 3359 est

114 3389 361 3457 [indicari
391 3392 724 3447 doctrinam.
774 3390 842 3446 Et
876 3394 973 3458 ita,
1020 3393 1163 3448 sicut
1202 3407 1366 3449 omne
1397 3392 1686 3450 concilium

114 3487 284 3535 sanctis
304 3479 763 3538 Chalcedonensis
804 3481 997 3554 synodi
1043 3481 1429 3538 interlocutum
1467 3493 1572 3551 est,
1617 3484 1686 3541 ab

114 3571 277 3628 eadem
325 3573 538 3645 synodo
587 3581 807 3631 constat
850 3572 1016 3629 fuisse
1054 3581 1385 3644 susceptum.
1453 3572 1686 3648 Propter

114 3664 234 3731 quod
274 3665 477 3721 clarum
524 3672 616 3722 est
662 3664 799 3720 nihil
844 3665 1002 3721 nobis
1040 3662 1213 3738 [novi]
1262 3678 1363 3721 nos
1401 3680 1500 3738 per
1544 3667 1686 3724 hanc

111 3750 482 3813 damnationem
528 3763 794 3821 statuere,
824 3754 920 3812 sed
948 3770 1014 3812 ea
1041 3755 1527 3814 anathematizasse
1565 3772 1686 3829 qua:

112 3850 159 3897 et
186 3854 361 3902 saneta
401 3845 867 3903 Chalcedonensis
905 3845 1143 3918 synodus
1184 3847 1414 3918 respuit,
1465 3854 1523 3904 et
1567 3849 1685 3920 ipse

109 3948 300 4007 quoque
324 3938 696 3996 Theodoritus
738 3939 1029 4011 episcopus
1057 3939 1170 3997 illic
1206 3955 1304 3996 sua
1349 3942 1688 4012 professione

111 4024 373 4086 damnavit.

164 4116 384 4176 XXVIII.
426 4119 700 4177 Praedicta
726 4120 890 4191 igitur
918 4120 1020 4176 tria
1063 4120 1229 4192 impia
1276 4122 1512 4192 capitula
1557 4137 1687 4179 ana-

110 4208 495 4271 lhematizamus
531 4221 702 4283 atque
754 4213 1106 4282 damnamus,
1154 4213 1210 4268 id
1250 4221 1355 4283 est,
1403 4215 1686 4286 epistolam

167 4379 190 4404 ι
217 4368 381 4426 Recte
407 4368 721 4425 Cotelerius
746 4370 997 4425 emendat
1023 4371 1372 4427 conscribunt.

162 4436 190 4477 ιι
214 4438 373 4496 Ferte
396 4439 697 4497 delendum
718 4457 833 4511 pro.
868 4439 1041 4496 Hann.

1793 3287 1953 3345 matis
1973 3284 2134 3357 prima
2157 3286 2535 3357 percellimus;
2563 3288 2821 3360 quoniam
2845 3303 2955 3345 non
2981 3290 3157 3347 solum
3186 3302 3379 3348 sancto

1793 3391 1859 3433 ac
1893 3375 2198 3432 reverenda
2222 3375 2653 3452 Chalcedonensi
2694 3378 2930 3435 concilio
2975 3379 3216 3449 irrogare
3260 3396 3381 3437 mo-

1793 3466 1998 3524 liuntur
2022 3466 2298 3538 iniuriam,
2330 3482 2519 3524 verum
2546 3468 2713 3525 etiam
2749 3470 3060 3527 incentores
3084 3485 3147 3527 se
3183 3487 3249 3528 ac
3294 3487 3381 3527 re-

1791 3564 2081 3615 novatores
2100 3557 2264 3630 sepiti
2289 3556 2531 3615 scandali
2557 3556 2899 3629 proﬁtentur,
2943 3575 3042 3632 per
3067 3562 3214 3632 quod
3257 3564 3380 3619 uni-

1790 3648 2016 3705 versalis
2042 3663 2233 3705 rursus
2261 3649 2480 3706 concuti
2524 3650 2699 3721 possit
2738 3649 3014 3719 Ecclesia;
3059 3660 3121 3710 ut
3144 3653 3384 3711 doctoris

1791 3737 2036 3811 Apostoli
2064 3749 2087 3778 α
2113 3738 2261 3810 iuste
2282 3738 2568 3797 videantur
2584 3738 2738 3798 feriri
2756 3743 3049 3809 sententia,
3081 3756 3185 3814 qua
3209 3744 3378 3801 dicit:

1796 3839 2009 3897 Utinam
2026 3849 2081 3896 et
2100 3840 2437 3897 absciduntur
2455 3839 2546 3911 qui
2564 3854 2653 3897 eoa
2673 3843 3003 3899 conturbant.
3027 3842 3093 3900 Et
3112 3855 3238 3917 post
3256 3848 3386 3903 sub-

1788 3934 2133 4006 scriptiones.

1862 4029 1996 4085 Data
2034 4043 2108 4084 vn
2155 4025 2505 4084 calendarum
2551 4025 2885 4096 Martiarum,
2929 4029 3234 4099 imperante
3284 4030 3386 4086 do-

1790 4119 1940 4175 mino
1966 4118 2276 4175 Iustiniano
2304 4126 2574 4192 perpetuo
2594 4116 2839 4191 Augusto
2863 4134 3009 4176 anno
3033 4118 3122 4187 27,
3157 4127 3215 4177 et
3260 4127 3386 4192 post

1790 4212 2130 4270 consulatum
2154 4209 2340 4267 Basilii
2378 4226 2437 4267 v.
2467 4226 2522 4268 c.
2542 4226 2690 4270 anno
2719 4211 2807 4279 l3,
2835 4209 3383 4284 Constantinopolim.

1792 4370 2077 4501 memisse
2139 4376 2202 4427 ut
2261 4383 2423 4439 supra
2447 4409 2467 4441 ,
2542 4368 2770 4427 doctoris
2837 4369 3066 4441 gentium
3130 4370 3387 4441 Apostali.

112 4569 3388 4630 Μ

1063 4706 1647 4788 JUSTINIANI
1723 4705 2408 4786 IMPERATOBIS
2516 4772 2519 4777 .

472 4832 953 4980 LIBER
1080 4870 1911 4979 ADVERSUS
2042 4866 3013 4979 ORIGENEM“.

108 5149 249 5227 M370:
285 5162 378 5212 τοῦ
407 5156 798 5246 ελῦσιϐεσεςάτου
827 5155 1254 5246 ἠμῶνβαςιὶῲς
1289 5155 1646 5246 ἰονστξνιανοῦ
1671 5198 1684 5221 ,

1793 5153 2068 5246 Τηξςιαιιισ
2112 5152 2332 5246 piissimi
2367 5152 2699 5246 imperatori:
2749 5150 3059 5246 ,ξμεςίηἱαηὶς
3094 5157 3280 5246 "tisana
3320 5158 3389 5212 ad

164 5229 536 5303 καταπεμφθεὶς
562 5229 697 5303 πρὸς
735 5234 915 5287 Μηνᾶν
940 5230 1026 5284 τὸν
1086 5229 1099 5246 ⁸
1148 5230 1356 5284 uiri-oras
1397 5232 1482 5283 καὶ
1517 5250 1688 5300 μαλα-

164 5298 406 5355 ριώτατου
449 5301 873 5355 ἀργιεπίσκοπον
912 5309 1003 5355 τῆς
1048 5249 1339 5355 agninos“
1377 5299 1569 5355 πόλεως
1608 5301 1688 5353 καὶ

163 5298 414 5373 ριώταῖὸτὶ
449 5298 879 5373 ἀρχιέπίσκοπον-
912 5309 1003 5359 τῆς
1048 5298 1344 5373 sudantem);
1377 5298 1569 5359 πόλεώς
1608 5301 1692 5353 καὶ

162 5368 515 5458 ξατθιάρχηῦ,
531 5372 685 5458 ,καὶτὰ
711 5371 996 5455 ᾯριγένονς
1024 5376 1116 5426 τοῦ
1145 5368 1461 5435 δύσσεϐοὓς,
1486 5373 1691 5425 καὶτῶν

158 5435 366 5493 burim-5
386 5435 558 5496 ⁷ἀύτοῦ
591 5435 879 5513 δογμάιένωῖν.

161 5537 292 5600 Ἣμῖν
318 5534 411 5601 μέν
441 5533 524 5586 ἀεὶ
562 5529 766 5591 σπουδή
804 5533 974 5606 γένονὲ
1001 5553 1055 5587 τε
1088 5534 1173 5587 καί
1199 5530 1316 5587 ἔστι
1341 5532 1401 5586 τὸ
1428 5534 1519 5589 τήν
1545 5531 1691 5605 ὀρθήν

109 5618 174 5669 καὶ
196 5620 467 5694 ἀμώμητον
488 5622 671 5677 πίστιν
692 5629 792 5677 τῶν
832 5615 1187 5698 Χριστιανῶν(
1202 5626 1287 5679 καὶ
1315 5627 1405 5682 τὴν
1429 5622 1692 5678 κατάστα-

168 5766 192 5795 ι
217 5752 969 5834 llujnsepistolaztsicenim
994 5759 1231 5834 appellat
1276 5761 1389 5834 ipse
1429 5761 1687 5817 Justinia-

109 5841 190 5885 nus
213 5831 263 5886 in
293 5832 421 5906 line)
448 5831 712 5890 meminit
743 5831 1025 5888 Liberatus
1058 5847 1179 5902 cap.
1208 5831 1307 5901 25,
1352 5833 1494 5890 illam
1527 5834 1699 5889 dicta-

1868 5224 2122 5294 Hennam
2154 5222 2548 5294 sanctissimum
2580 5232 2630 5294 et
2659 5223 3007 5294 beatissimum
3049 5226 3389 5294 archiepiscoo

1868 5311 1991 5365 p_um
2026 5293 2188 5365 felicis
2222 5290 2365 5365 urbis
2398 5300 2457 5365 _et
2487 5292 2859 5365 patriam/tam,
2892 5294 3136 5347 adversus
3175 5290 3390 5364 impium

1870 5362 2144 5437 Origenem
2171 5371 2220 5417 et
2240 5362 2473 5429 neIarias
2490 5362 2610 5432 ejus
2630 5362 2932 5417 sententias.

1869 5525 2034 5582 Nobis
2080 5539 2294 5595 semper
2328 5523 2505 5581 studio
2549 5521 2669 5592 fuit,
2711 5531 2873 5594 atque
2903 5525 3065 5579 etiam
3112 5541 3254 5583 nunc
3283 5538 3384 5596 est,

1799 5626 2004 5676 rectam
2050 5625 2109 5674 ct
2150 5615 2678 5689 irreprebensibilem
2727 5615 3154 5673 Christianorum
3202 5618 3384 5687 ﬁdem,

1764 5747 1903 5815 ‘tam
1933 5757 2095 5814 fuisse
2122 5756 2353 5828 instante
2383 5752 2599 5828 Pelagio
2626 5754 2695 5828 ii.
2722 5753 2784 5809 E.
2810 5755 3059 5828 diacono,
3092 5764 3148 5811 et
3176 5760 3389 5828 apocri-

1809 5831 1993 5897 siario,
2021 5843 2085 5885 ac
2105 5825 2446 5899 postmodum
2469 5839 2498 5880 a
2520 5825 2714 5896 Vigilio
2736 5824 2987 5897 pontilicc
3008 5824 3381 5898 approbatum.

2768 5976 2807 5999 αθ
