  <div class='ocr_page' id='page_1' title='image "/cluster/home/n/w/nwhite01/storage/ocr_20150623/69/umn.31951002477362u/102.png"; bbox 0 0 3952 6364; ppageno 0'>
   <div class='ocr_carea' id='block_1_1' title="bbox 223 290 329 347">
    <p class='ocr_par' dir='ltr' id='par_1_1' title="bbox 223 290 329 347">
     <span class='ocr_line' id='line_1_1' title="bbox 223 290 329 347; baseline 0 0"><span class='ocrx_word' id='word_1_1' title='bbox 223 290 329 347; x_wconf 74' lang='grc'><strong>189</strong></span> 
     </span>
    </p>
   </div>
   <div class='ocr_carea' id='block_1_2' title="bbox 1246 295 2431 361">
    <p class='ocr_par' dir='ltr' id='par_1_2' title="bbox 1246 295 2431 361">
     <span class='ocr_line' id='line_1_2' title="bbox 1246 295 2431 361; baseline 0.008 -9"><span class='ocrx_word' id='word_1_2' title='bbox 1246 295 1628 357; x_wconf 64' lang='grc' dir='ltr'><strong>ΙυΕΤΙΝΙΛΝΙ</strong></span> <span class='ocrx_word' id='word_1_3' title='bbox 1668 299 1797 357; x_wconf 75' lang='lat' dir='ltr'><strong>LIB.</strong></span> <span class='ocrx_word' id='word_1_4' title='bbox 1848 298 2010 356; x_wconf 70' lang='grc' dir='ltr'><strong>ΜΝ.</strong></span> <span class='ocrx_word' id='word_1_5' title='bbox 2049 302 2431 361; x_wconf 65' lang='lat' dir='ltr'><strong>ORIGENEH.</strong></span> 
     </span>
    </p>
   </div>
   <div class='ocr_carea' id='block_1_3' title="bbox 3364 322 3472 391">
    <p class='ocr_par' dir='ltr' id='par_1_3' title="bbox 3364 322 3472 391">
     <span class='ocr_line' id='line_1_3' title="bbox 3364 322 3472 391; baseline 0 0"><span class='ocrx_word' id='word_1_6' title='bbox 3364 322 3472 391; x_wconf 65' lang='lat'><strong>190</strong></span> 
     </span>
    </p>
   </div>
   <div class='ocr_carea' id='block_1_4' title="bbox 219 406 1817 496">
    <p class='ocr_par' dir='ltr' id='par_1_4' title="bbox 219 406 1787 492">
     <span class='ocr_line' id='line_1_4' title="bbox 219 406 1787 492; baseline 0.004 -26"><span class='ocrx_word' id='word_1_7' title='bbox 219 410 382 466; x_wconf 78' lang='grc' dir='ltr'><strong>τίθετο</strong></span> <span class='ocrx_word' id='word_1_8' title='bbox 411 406 554 479; x_wconf 71' lang='grc' dir='ltr'><strong>τόπῳ</strong></span> <span class='ocrx_word' id='word_1_9' title='bbox 576 423 593 438; x_wconf 80' lang='grc'><strong><em>⁸</em></strong></span> <span class='ocrx_word' id='word_1_10' title='bbox 629 416 879 467; x_wconf 78' lang='grc' dir='ltr'><strong>τοσοῦτον</strong></span> <span class='ocrx_word' id='word_1_11' title='bbox 911 410 968 469; x_wconf 76' lang='lat' dir='ltr'><em>6i</em></span> <span class='ocrx_word' id='word_1_12' title='bbox 998 410 1025 468; x_wconf 84' lang='grc' dir='ltr'><strong>ό</strong></span> <span class='ocrx_word' id='word_1_13' title='bbox 1065 414 1193 476; x_wconf 80' lang='grc' dir='ltr'><strong>Θεὸς</strong></span> <span class='ocrx_word' id='word_1_14' title='bbox 1225 415 1462 487; x_wconf 73' lang='grc' dir='ltr'><strong>ἠγάπησε</strong></span> <span class='ocrx_word' id='word_1_15' title='bbox 1491 418 1579 473; x_wconf 86' lang='grc' dir='ltr'><strong>τόν</strong></span> <span class='ocrx_word' id='word_1_16' title='bbox 1620 414 1787 492; x_wconf 75' lang='grc' dir='ltr'><strong>ὅνθρω</strong></span> 
     </span>
    </p>
   </div>
   <div class='ocr_carea' id='block_1_5' title="bbox 1917 406 3487 496">
    <p class='ocr_par' dir='ltr' id='par_1_5' title="bbox 1917 412 3487 496">
     <span class='ocr_line' id='line_1_5' title="bbox 1917 412 3487 496; baseline 0.011 -30"><span class='ocrx_word' id='word_1_17' title='bbox 1917 412 2006 467; x_wconf 77' lang='lat' dir='ltr'><strong>sed</strong></span> <span class='ocrx_word' id='word_1_18' title='bbox 2034 413 2087 467; x_wconf 89' lang='lat' dir='ltr'><strong>in</strong></span> <span class='ocrx_word' id='word_1_19' title='bbox 2117 418 2364 488; x_wconf 80' lang='lat' dir='ltr'><strong>supplicii</strong></span> <span class='ocrx_word' id='word_1_20' title='bbox 2412 418 2534 476; x_wconf 88' lang='lat' dir='ltr'><strong>loco</strong></span> <span class='ocrx_word' id='word_1_21' title='bbox 2577 421 2958 487; x_wconf 80' lang='lat' dir='ltr'><strong>collocaretur.</strong></span> <span class='ocrx_word' id='word_1_22' title='bbox 3002 422 3309 496; x_wconf 79' lang='lat' dir='ltr'><strong>Tautopcre</strong></span> <span class='ocrx_word' id='word_1_23' title='bbox 3358 442 3487 480; x_wconf 71' lang='lat' dir='ltr'><strong>vero</strong></span> 
     </span>
    </p>
   </div>
   <div class='ocr_carea' id='block_1_6' title="bbox 222 497 1819 577">
    <p class='ocr_par' dir='ltr' id='par_1_6' title="bbox 222 497 1819 577">
     <span class='ocr_line' id='line_1_6' title="bbox 222 497 1819 577; baseline 0.002 -20"><span class='ocrx_word' id='word_1_24' title='bbox 222 522 333 566; x_wconf 84' lang='grc' dir='ltr'><strong>πον,</strong></span> <span class='ocrx_word' id='word_1_25' title='bbox 354 497 409 556; x_wconf 76' lang='grc' dir='ltr'><strong>ὃν</strong></span> <span class='ocrx_word' id='word_1_26' title='bbox 432 502 568 571; x_wconf 81' lang='grc' dir='ltr'><strong>μετά</strong></span> <span class='ocrx_word' id='word_1_27' title='bbox 595 504 776 557; x_wconf 76' lang='grc' dir='ltr'><strong>πάντα</strong></span> <span class='ocrx_word' id='word_1_28' title='bbox 802 503 874 558; x_wconf 84' lang='grc' dir='ltr'><strong>τά</strong></span> <span class='ocrx_word' id='word_1_29' title='bbox 894 500 1323 577; x_wconf 69' lang='grc' dir='ltr'><strong>δημιουργήματα</strong></span> <span class='ocrx_word' id='word_1_30' title='bbox 1354 504 1605 570; x_wconf 69' lang='grc' dir='ltr'><strong>ἔπλασεν.</strong></span> <span class='ocrx_word' id='word_1_31' title='bbox 1632 507 1713 565; x_wconf 79' lang='grc' dir='ltr'><strong>ὄτι</strong></span> <span class='ocrx_word' id='word_1_32' title='bbox 1735 511 1819 561; x_wconf 77' lang='grc' dir='ltr'><strong>καί</strong></span> 
     </span>
    </p>
   </div>
   <div class='ocr_carea' id='block_1_7' title="bbox 218 586 1815 667">
    <p class='ocr_par' dir='ltr' id='par_1_7' title="bbox 218 586 1815 667">
     <span class='ocr_line' id='line_1_7' title="bbox 218 586 1815 667; baseline 0.007 -29"><span class='ocrx_word' id='word_1_33' title='bbox 218 588 347 654; x_wconf 73' lang='grc' dir='ltr'><strong>μετὰ</strong></span> <span class='ocrx_word' id='word_1_34' title='bbox 376 586 431 638; x_wconf 85' lang='grc' dir='ltr'><strong>τό</strong></span> <span class='ocrx_word' id='word_1_35' title='bbox 456 587 757 661; x_wconf 65' lang='grc' dir='ltr'><strong>παραϐῆναι</strong></span> <span class='ocrx_word' id='word_1_36' title='bbox 784 587 941 642; x_wconf 86' lang='grc' dir='ltr'><strong>αὐτόν</strong></span> <span class='ocrx_word' id='word_1_37' title='bbox 981 594 1073 650; x_wconf 79' lang='grc' dir='ltr'><strong>την</strong></span> <span class='ocrx_word' id='word_1_38' title='bbox 1102 589 1332 647; x_wconf 80' lang='grc' dir='ltr'><strong>δοθεῖσαν</strong></span> <span class='ocrx_word' id='word_1_39' title='bbox 1368 594 1511 664; x_wconf 82' lang='grc' dir='ltr'><strong>αὐτῷ</strong></span> <span class='ocrx_word' id='word_1_40' title='bbox 1548 596 1695 667; x_wconf 76' lang='grc' dir='ltr'><strong>παρά</strong></span> <span class='ocrx_word' id='word_1_41' title='bbox 1721 600 1815 649; x_wconf 76' lang='grc' dir='ltr'><strong>τοῦ</strong></span> 
     </span>
    </p>
   </div>
   <div class='ocr_carea' id='block_1_8' title="bbox 218 673 1811 759">
    <p class='ocr_par' dir='ltr' id='par_1_8' title="bbox 218 673 1811 759">
     <span class='ocr_line' id='line_1_8' title="bbox 218 673 1811 759; baseline 0.007 -31"><span class='ocrx_word' id='word_1_42' title='bbox 218 679 341 729; x_wconf 83' lang='grc' dir='ltr'><strong>Θεοῦ</strong></span> <span class='ocrx_word' id='word_1_43' title='bbox 367 673 587 740; x_wconf 68' lang='grc' dir='ltr'><strong>ἐντολήν,</strong></span> <span class='ocrx_word' id='word_1_44' title='bbox 621 679 709 732; x_wconf 67' lang='grc' dir='ltr'><strong>καί</strong></span> <span class='ocrx_word' id='word_1_45' title='bbox 743 675 832 734; x_wconf 83' lang='grc' dir='ltr'><strong>διά</strong></span> <span class='ocrx_word' id='word_1_46' title='bbox 854 686 1010 735; x_wconf 89' lang='grc' dir='ltr'><strong>τοῦτο</strong></span> <span class='ocrx_word' id='word_1_47' title='bbox 1032 681 1326 741; x_wconf 77' lang='grc' dir='ltr'><strong>ίκϐληθῆναι</strong></span> <span class='ocrx_word' id='word_1_48' title='bbox 1356 689 1446 736; x_wconf 89' lang='grc' dir='ltr'><strong>τοῦ</strong></span> <span class='ocrx_word' id='word_1_49' title='bbox 1471 685 1811 759; x_wconf 72' lang='grc' dir='ltr'><strong>παραδείσου,</strong></span> 
     </span>
    </p>
   </div>
   <div class='ocr_carea' id='block_1_9' title="bbox 217 766 1812 849">
    <p class='ocr_par' dir='ltr' id='par_1_9' title="bbox 217 766 1812 849">
     <span class='ocr_line' id='line_1_9' title="bbox 217 766 1812 849; baseline 0.012 -28"><span class='ocrx_word' id='word_1_50' title='bbox 217 766 547 838; x_wconf 75' lang='grc' dir='ltr'><strong>αὐξανομένου</strong></span> <span class='ocrx_word' id='word_1_51' title='bbox 574 776 668 825; x_wconf 87' lang='grc' dir='ltr'><strong>τοῦ</strong></span> <span class='ocrx_word' id='word_1_52' title='bbox 686 772 866 843; x_wconf 74' lang='grc' dir='ltr'><strong>γένους</strong></span> <span class='ocrx_word' id='word_1_53' title='bbox 894 780 994 826; x_wconf 78' lang='grc' dir='ltr'><strong>τῶν</strong></span> <span class='ocrx_word' id='word_1_54' title='bbox 1022 774 1320 847; x_wconf 73' lang='grc' dir='ltr'><strong>ἀνθρώπων,</strong></span> <span class='ocrx_word' id='word_1_55' title='bbox 1335 778 1419 830; x_wconf 80' lang='grc' dir='ltr'><strong>καὶ</strong></span> <span class='ocrx_word' id='word_1_56' title='bbox 1438 776 1812 849; x_wconf 75' lang='grc' dir='ltr'><strong>πληθυνομὲνης</strong></span> 
     </span>
    </p>
   </div>
   <div class='ocr_carea' id='block_1_10' title="bbox 216 858 1816 943">
    <p class='ocr_par' dir='ltr' id='par_1_10' title="bbox 216 858 1816 943">
     <span class='ocr_line' id='line_1_10' title="bbox 216 858 1816 943; baseline 0.006 -29"><span class='ocrx_word' id='word_1_57' title='bbox 216 867 303 919; x_wconf 70' lang='grc' dir='ltr'><strong>τῆς</strong></span> <span class='ocrx_word' id='word_1_58' title='bbox 324 858 585 934; x_wconf 75' lang='grc' dir='ltr'><strong>ἁμαρτίας</strong></span> <span class='ocrx_word' id='word_1_59' title='bbox 609 858 697 917; x_wconf 77' lang='grc' dir='ltr'><strong>διὰ</strong></span> <span class='ocrx_word' id='word_1_60' title='bbox 728 864 786 916; x_wconf 86' lang='grc' dir='ltr'><strong>τὸ</strong></span> <span class='ocrx_word' id='word_1_61' title='bbox 812 863 1063 933; x_wconf 74' lang='grc' dir='ltr'><strong>ἐγκεῖσθαι</strong></span> <span class='ocrx_word' id='word_1_62' title='bbox 1089 870 1182 924; x_wconf 71' lang='grc' dir='ltr'><strong>τὴν</strong></span> <span class='ocrx_word' id='word_1_63' title='bbox 1224 863 1451 920; x_wconf 61' lang='grc' dir='ltr'><strong>διάνοιαν</strong></span> <span class='ocrx_word' id='word_1_64' title='bbox 1491 875 1591 923; x_wconf 85' lang='grc' dir='ltr'><strong>τῶν</strong></span> <span class='ocrx_word' id='word_1_65' title='bbox 1624 871 1816 943; x_wconf 76' lang='grc' dir='ltr'><strong>ἀνθρώ-</strong></span> 
     </span>
    </p>
   </div>
   <div class='ocr_carea' id='block_1_11' title="bbox 216 950 1813 1033">
    <p class='ocr_par' dir='ltr' id='par_1_11' title="bbox 216 950 1813 1033">
     <span class='ocr_line' id='line_1_11' title="bbox 216 950 1813 1033; baseline 0.006 -27"><span class='ocrx_word' id='word_1_66' title='bbox 216 972 323 1006; x_wconf 70' lang='grc' dir='ltr'><strong>πων</strong></span> <span class='ocrx_word' id='word_1_67' title='bbox 361 952 612 1023; x_wconf 76' lang='grc' dir='ltr'><strong>ἓπιμελῶς</strong></span> <span class='ocrx_word' id='word_1_68' title='bbox 648 950 736 1008; x_wconf 73' lang='grc' dir='ltr'><strong>ἕπί</strong></span> <span class='ocrx_word' id='word_1_69' title='bbox 760 955 829 1010; x_wconf 82' lang='grc' dir='ltr'><strong>τά</strong></span> <span class='ocrx_word' id='word_1_70' title='bbox 857 959 1103 1030; x_wconf 69' lang='grc' dir='ltr'><strong>χείρονα,</strong></span> <span class='ocrx_word' id='word_1_71' title='bbox 1150 958 1207 1010; x_wconf 74' lang='grc' dir='ltr'><strong>οὐ</strong></span> <span class='ocrx_word' id='word_1_72' title='bbox 1250 956 1498 1033; x_wconf 82' lang='grc' dir='ltr'><strong>περιεῖδεν</strong></span> <span class='ocrx_word' id='word_1_73' title='bbox 1533 957 1560 1015; x_wconf 86' lang='grc' dir='ltr'><strong>ό</strong></span> <span class='ocrx_word' id='word_1_74' title='bbox 1589 962 1711 1022; x_wconf 84' lang='grc' dir='ltr'><strong>Θεός</strong></span> <span class='ocrx_word' id='word_1_75' title='bbox 1743 964 1813 1022; x_wconf 83' lang='grc' dir='ltr'><strong>ὡς</strong></span> 
     </span>
    </p>
   </div>
   <div class='ocr_carea' id='block_1_12' title="bbox 217 1041 1810 1127">
    <p class='ocr_par' dir='ltr' id='par_1_12' title="bbox 217 1041 1810 1127">
     <span class='ocr_line' id='line_1_12' title="bbox 217 1041 1810 1127; baseline 0.004 -30"><span class='ocrx_word' id='word_1_76' title='bbox 217 1043 399 1115; x_wconf 69' lang='grc' dir='ltr'><strong>ἆγαθὸς</strong></span> <span class='ocrx_word' id='word_1_77' title='bbox 425 1045 484 1099; x_wconf 88' lang='grc' dir='ltr'><strong>τό</strong></span> <span class='ocrx_word' id='word_1_78' title='bbox 518 1041 647 1099; x_wconf 85' lang='grc' dir='ltr'><strong>ἴδιον</strong></span> <span class='ocrx_word' id='word_1_79' title='bbox 672 1045 918 1117; x_wconf 84' lang='grc' dir='ltr'><strong>πλάσμα,</strong></span> <span class='ocrx_word' id='word_1_80' title='bbox 948 1047 1074 1102; x_wconf 80' lang='grc' dir='ltr'><strong>ἀλλά</strong></span> <span class='ocrx_word' id='word_1_81' title='bbox 1096 1045 1351 1126; x_wconf 76' lang='grc' dir='ltr'><strong>διαφόροις</strong></span> <span class='ocrx_word' id='word_1_82' title='bbox 1376 1051 1664 1109; x_wconf 74' lang='grc' dir='ltr'><strong>ἐνουθέτησε</strong></span> <span class='ocrx_word' id='word_1_83' title='bbox 1693 1050 1810 1127; x_wconf 84' lang='grc' dir='ltr'><strong>τρό-</strong></span> 
     </span>
    </p>
   </div>
   <div class='ocr_carea' id='block_1_13' title="bbox 217 1135 1811 1216">
    <p class='ocr_par' dir='ltr' id='par_1_13' title="bbox 217 1135 1811 1216">
     <span class='ocr_line' id='line_1_13' title="bbox 217 1135 1811 1216; baseline 0.005 -26"><span class='ocrx_word' id='word_1_84' title='bbox 217 1153 329 1196; x_wconf 83' lang='grc' dir='ltr'><strong>ποις</strong></span> <span class='ocrx_word' id='word_1_85' title='bbox 354 1141 464 1197; x_wconf 90' lang='grc' dir='ltr'><strong>τοῖς</strong></span> <span class='ocrx_word' id='word_1_86' title='bbox 489 1135 595 1190; x_wconf 77' lang='grc' dir='ltr'><strong>ἀπὸ</strong></span> <span class='ocrx_word' id='word_1_87' title='bbox 630 1144 725 1197; x_wconf 73' lang='grc' dir='ltr'><strong>τῆς</strong></span> <span class='ocrx_word' id='word_1_88' title='bbox 752 1135 903 1209; x_wconf 77' lang='grc' dir='ltr'><strong>ἁγίας</strong></span> <span class='ocrx_word' id='word_1_89' title='bbox 938 1136 1258 1211; x_wconf 70' lang='grc' dir='ltr'><strong>δηλουμένοις</strong></span> <span class='ocrx_word' id='word_1_90' title='bbox 1285 1149 1484 1216; x_wconf 68' lang='grc' dir='ltr'><strong>γραφῆς</strong></span> <span class='ocrx_word' id='word_1_91' title='bbox 1501 1156 1512 1167; x_wconf 84' lang='grc'><em>”</em></span> <span class='ocrx_word' id='word_1_92' title='bbox 1559 1140 1731 1203; x_wconf 72' lang='grc' dir='ltr'><strong>ἐπειδὴ</strong></span> <span class='ocrx_word' id='word_1_93' title='bbox 1756 1141 1811 1197; x_wconf 70' lang='grc' dir='ltr'><strong>δέ</strong></span> 
     </span>
    </p>
   </div>
   <div class='ocr_carea' id='block_1_14' title="bbox 216 1224 1809 1306">
    <p class='ocr_par' dir='ltr' id='par_1_14' title="bbox 216 1224 1809 1306">
     <span class='ocr_line' id='line_1_14' title="bbox 216 1224 1809 1306; baseline 0.006 -26"><span class='ocrx_word' id='word_1_94' title='bbox 216 1224 297 1281; x_wconf 66' lang='lat' dir='ltr'><strong>ini</strong></span> <span class='ocrx_word' id='word_1_95' title='bbox 321 1224 620 1299; x_wconf 67' lang='grc' dir='ltr'><strong>δεινοτέροις</strong></span> <span class='ocrx_word' id='word_1_96' title='bbox 644 1234 755 1288; x_wconf 81' lang='grc' dir='ltr'><strong>τοῖς</strong></span> <span class='ocrx_word' id='word_1_97' title='bbox 789 1228 1168 1306; x_wconf 75' lang='grc' dir='ltr'><strong>άρῤωστήμασι</strong></span> <span class='ocrx_word' id='word_1_98' title='bbox 1206 1232 1431 1301; x_wconf 83' lang='grc' dir='ltr'><strong>μείζονος</strong></span> <span class='ocrx_word' id='word_1_99' title='bbox 1462 1229 1699 1303; x_wconf 71' lang='grc' dir='ltr'><strong>ἐδεόμεθα</strong></span> <span class='ocrx_word' id='word_1_100' title='bbox 1728 1237 1809 1289; x_wconf 79' lang='grc' dir='ltr'><strong>καὶ</strong></span> 
     </span>
    </p>
   </div>
   <div class='ocr_carea' id='block_1_15' title="bbox 216 1310 1809 1391">
    <p class='ocr_par' dir='ltr' id='par_1_15' title="bbox 216 1310 1809 1391">
     <span class='ocr_line' id='line_1_15' title="bbox 216 1310 1809 1391; baseline 0.005 -24"><span class='ocrx_word' id='word_1_101' title='bbox 216 1310 647 1389; x_wconf 72' lang='grc' dir='ltr'><strong>τῆςίθεραπείας)</strong></span> <span class='ocrx_word' id='word_1_102' title='bbox 693 1317 953 1390; x_wconf 78' lang='grc' dir='ltr'><strong>ἰατρείας,</strong></span> <span class='ocrx_word' id='word_1_103' title='bbox 981 1317 1132 1377; x_wconf 81' lang='grc' dir='ltr'><strong>αὐτὸς</strong></span> <span class='ocrx_word' id='word_1_104' title='bbox 1168 1316 1195 1373; x_wconf 96' lang='lat'><strong>6</strong></span> <span class='ocrx_word' id='word_1_105' title='bbox 1236 1324 1503 1391; x_wconf 71' lang='grc' dir='ltr'><strong>μονογενής</strong></span> <span class='ocrx_word' id='word_1_106' title='bbox 1544 1326 1637 1375; x_wconf 91' lang='grc' dir='ltr'><strong>τοῦ</strong></span> <span class='ocrx_word' id='word_1_107' title='bbox 1679 1327 1809 1376; x_wconf 83' lang='grc' dir='ltr'><strong>Θεοῦ</strong></span> 
     </span>
    </p>
   </div>
   <div class='ocr_carea' id='block_1_16' title="bbox 214 1398 1807 1485">
    <p class='ocr_par' dir='ltr' id='par_1_16' title="bbox 214 1398 1807 1485">
     <span class='ocr_line' id='line_1_16' title="bbox 214 1398 1807 1485; baseline -0.001 -26"><span class='ocrx_word' id='word_1_108' title='bbox 214 1398 376 1477; x_wconf 75' lang='grc' dir='ltr'><strong>λόγος,</strong></span> <span class='ocrx_word' id='word_1_109' title='bbox 404 1403 431 1458; x_wconf 89' lang='lat'><strong>6</strong></span> <span class='ocrx_word' id='word_1_110' title='bbox 451 1399 546 1469; x_wconf 83' lang='grc' dir='ltr'><strong>εἷς,</strong></span> <span class='ocrx_word' id='word_1_111' title='bbox 571 1406 819 1460; x_wconf 74' lang='grc' dir='ltr'><strong>τουτέστι</strong></span> <span class='ocrx_word' id='word_1_112' title='bbox 834 1406 893 1460; x_wconf 62' lang='grc' dir='ltr'><strong>το</strong></span> <span class='ocrx_word' id='word_1_113' title='bbox 916 1402 968 1459; x_wconf 79' lang='grc' dir='ltr'><strong>ἓν</strong></span> <span class='ocrx_word' id='word_1_114' title='bbox 992 1405 1267 1480; x_wconf 87' lang='grc' dir='ltr'><strong>πρόσωπον</strong></span> <span class='ocrx_word' id='word_1_115' title='bbox 1285 1416 1379 1468; x_wconf 75' lang='grc' dir='ltr'><strong>τῆς</strong></span> <span class='ocrx_word' id='word_1_116' title='bbox 1576 1400 1807 1485; x_wconf 72' lang='grc' dir='ltr'><strong>τριάδος,</strong></span> 
     </span>
    </p>
   </div>
   <div class='ocr_carea' id='block_1_17' title="bbox 216 1492 1811 1573">
    <p class='ocr_par' dir='ltr' id='par_1_17' title="bbox 216 1492 1811 1573">
     <span class='ocr_line' id='line_1_17' title="bbox 216 1492 1811 1573; baseline 0.003 -22"><span class='ocrx_word' id='word_1_117' title='bbox 216 1492 296 1551; x_wconf 76' lang='grc' dir='ltr'><strong>διὰ</strong></span> <span class='ocrx_word' id='word_1_118' title='bbox 319 1498 410 1553; x_wconf 67' lang='grc' dir='ltr'><strong>τήν</strong></span> <span class='ocrx_word' id='word_1_119' title='bbox 453 1494 647 1551; x_wconf 72' lang='grc' dir='ltr'><strong>ἑαυτοῦ</strong></span> <span class='ocrx_word' id='word_1_120' title='bbox 693 1494 1061 1568; x_wconf 55' lang='grc' dir='ltr'><strong>φιλανθρωπίαν</strong></span> <span class='ocrx_word' id='word_1_121' title='bbox 1101 1493 1368 1572; x_wconf 76' lang='grc' dir='ltr'><strong>ἅνθρωπος</strong></span> <span class='ocrx_word' id='word_1_122' title='bbox 1412 1502 1610 1573; x_wconf 87' lang='grc' dir='ltr'><strong>γίνεται</strong></span> <span class='ocrx_word' id='word_1_123' title='bbox 1647 1502 1811 1571; x_wconf 78' lang='grc' dir='ltr'><strong>μένων</strong></span> 
     </span>
    </p>
   </div>
   <div class='ocr_carea' id='block_1_18' title="bbox 214 1584 1812 1660">
    <p class='ocr_par' dir='ltr' id='par_1_18' title="bbox 214 1584 1812 1660">
     <span class='ocr_line' id='line_1_18' title="bbox 214 1584 1812 1660; baseline 0.001 -16"><span class='ocrx_word' id='word_1_124' title='bbox 214 1586 360 1652; x_wconf 77' lang='grc' dir='ltr'><strong>Θεὸς,</strong></span> <span class='ocrx_word' id='word_1_125' title='bbox 389 1584 526 1660; x_wconf 76' lang='grc' dir='ltr'><strong>μηδᾶ</strong></span> <span class='ocrx_word' id='word_1_126' title='bbox 566 1590 660 1646; x_wconf 64' lang='grc' dir='ltr'><strong>τὴν</strong></span> <span class='ocrx_word' id='word_1_127' title='bbox 697 1586 863 1646; x_wconf 59' lang='lat' dir='ltr'><strong>eius»</strong></span> <span class='ocrx_word' id='word_1_128' title='bbox 893 1589 1057 1643; x_wconf 83' lang='grc' dir='ltr'><strong>αὐτοῦ</strong></span> <span class='ocrx_word' id='word_1_129' title='bbox 1092 1588 1273 1644; x_wconf 87' lang='grc' dir='ltr'><strong>οὐσίαν</strong></span> <span class='ocrx_word' id='word_1_130' title='bbox 1302 1589 1587 1653; x_wconf 74' lang='grc' dir='ltr'><strong>ἀλλοιώσας</strong></span> <span class='ocrx_word' id='word_1_131' title='bbox 1614 1594 1690 1654; x_wconf 77' lang='grc' dir='ltr'><strong>εἰς</strong></span> <span class='ocrx_word' id='word_1_132' title='bbox 1722 1596 1812 1651; x_wconf 74' lang='grc' dir='ltr'><strong>τήν</strong></span> 
     </span>
    </p>
   </div>
   <div class='ocr_carea' id='block_1_19' title="bbox 216 1680 1809 1759">
    <p class='ocr_par' dir='ltr' id='par_1_19' title="bbox 216 1680 1809 1759">
     <span class='ocr_line' id='line_1_19' title="bbox 216 1680 1809 1759; baseline 0.008 -24"><span class='ocrx_word' id='word_1_133' title='bbox 216 1683 561 1759; x_wconf 70' lang='grc' dir='ltr'><strong>ἀνθρωπίνην,</strong></span> <span class='ocrx_word' id='word_1_134' title='bbox 589 1680 719 1752; x_wconf 74' lang='grc' dir='ltr'><strong>μηδὲ</strong></span> <span class='ocrx_word' id='word_1_135' title='bbox 749 1687 840 1741; x_wconf 69' lang='grc' dir='ltr'><strong>τήν</strong></span> <span class='ocrx_word' id='word_1_136' title='bbox 877 1684 1194 1759; x_wconf 73' lang='grc' dir='ltr'><strong>ἀνθρωπίνην</strong></span> <span class='ocrx_word' id='word_1_137' title='bbox 1230 1685 1388 1740; x_wconf 81' lang='grc' dir='ltr'><strong>αὐτοῦ</strong></span> <span class='ocrx_word' id='word_1_138' title='bbox 1415 1686 1588 1741; x_wconf 87' lang='grc' dir='ltr'><strong>οὐσίαν</strong></span> <span class='ocrx_word' id='word_1_139' title='bbox 1616 1690 1691 1747; x_wconf 79' lang='grc' dir='ltr'><strong>εἰς</strong></span> <span class='ocrx_word' id='word_1_140' title='bbox 1717 1692 1809 1747; x_wconf 73' lang='grc' dir='ltr'><strong>τήν</strong></span> 
     </span>
    </p>
   </div>
   <div class='ocr_carea' id='block_1_20' title="bbox 1911 501 3493 588">
    <p class='ocr_par' dir='ltr' id='par_1_20' title="bbox 1911 501 3493 588">
     <span class='ocr_line' id='line_1_20' title="bbox 1911 501 3493 588; baseline 0.008 -32"><span class='ocrx_word' id='word_1_141' title='bbox 1911 501 2101 559; x_wconf 81' lang='lat' dir='ltr'><strong>dilexit</strong></span> <span class='ocrx_word' id='word_1_142' title='bbox 2140 506 2414 564; x_wconf 81' lang='lat' dir='ltr'><strong>hominem</strong></span> <span class='ocrx_word' id='word_1_143' title='bbox 2446 509 2588 567; x_wconf 83' lang='lat' dir='ltr'><strong>Deus</strong></span> <span class='ocrx_word' id='word_1_144' title='bbox 2610 556 2626 581; x_wconf 91' lang='lat'><strong>,</strong></span> <span class='ocrx_word' id='word_1_145' title='bbox 2669 528 2830 583; x_wconf 88' lang='lat' dir='ltr'><strong>quem</strong></span> <span class='ocrx_word' id='word_1_146' title='bbox 2858 525 2983 588; x_wconf 86' lang='lat' dir='ltr'><strong>post</strong></span> <span class='ocrx_word' id='word_1_147' title='bbox 3007 530 3197 576; x_wconf 88' lang='lat' dir='ltr'><strong>omnes</strong></span> <span class='ocrx_word' id='word_1_148' title='bbox 3220 522 3493 577; x_wconf 63' lang='lat' dir='ltr'><strong>creatura;</strong></span> 
     </span>
    </p>
   </div>
   <div class='ocr_carea' id='block_1_21' title="bbox 1910 594 3495 680">
    <p class='ocr_par' dir='ltr' id='par_1_21' title="bbox 1910 594 3495 680">
     <span class='ocr_line' id='line_1_21' title="bbox 1910 594 3495 680; baseline 0.009 -32"><span class='ocrx_word' id='word_1_149' title='bbox 1910 594 2304 670; x_wconf 78' lang='lat' dir='ltr'><strong>fabricaverat,</strong></span> <span class='ocrx_word' id='word_1_150' title='bbox 2334 610 2394 657; x_wconf 90' lang='lat' dir='ltr'><strong>ut</strong></span> <span class='ocrx_word' id='word_1_151' title='bbox 2421 618 2542 660; x_wconf 91' lang='lat' dir='ltr'><strong>cum</strong></span> <span class='ocrx_word' id='word_1_152' title='bbox 2580 604 2673 662; x_wconf 85' lang='lat' dir='ltr'><strong>ille</strong></span> <span class='ocrx_word' id='word_1_153' title='bbox 2717 615 3083 680; x_wconf 72' lang='lat' dir='ltr'><strong>transgressus</strong></span> <span class='ocrx_word' id='word_1_154' title='bbox 3121 616 3265 665; x_wconf 88' lang='lat' dir='ltr'><strong>esset</strong></span> <span class='ocrx_word' id='word_1_155' title='bbox 3307 607 3495 664; x_wconf 88' lang='lat' dir='ltr'><strong>datum</strong></span> 
     </span>
    </p>
   </div>
   <div class='ocr_carea' id='block_1_22' title="bbox 1907 685 3487 769">
    <p class='ocr_par' dir='ltr' id='par_1_22' title="bbox 1907 685 3487 769">
     <span class='ocr_line' id='line_1_22' title="bbox 1907 685 3487 769; baseline 0.008 -30"><span class='ocrx_word' id='word_1_156' title='bbox 1907 685 2010 740; x_wconf 85' lang='lat' dir='ltr'><strong>sibi</strong></span> <span class='ocrx_word' id='word_1_157' title='bbox 2035 699 2383 762; x_wconf 64' lang='lat' dir='ltr'><strong>praeceptum,</strong></span> <span class='ocrx_word' id='word_1_158' title='bbox 2408 708 2472 749; x_wconf 92' lang='lat' dir='ltr'><strong>ac</strong></span> <span class='ocrx_word' id='word_1_159' title='bbox 2498 693 2698 753; x_wconf 91' lang='lat' dir='ltr'><strong>idcirco</strong></span> <span class='ocrx_word' id='word_1_160' title='bbox 2715 711 2748 752; x_wconf 90' lang='lat' dir='ltr'><strong>e</strong></span> <span class='ocrx_word' id='word_1_161' title='bbox 2768 698 3018 768; x_wconf 80' lang='lat' dir='ltr'><strong>paradiso</strong></span> <span class='ocrx_word' id='word_1_162' title='bbox 3044 709 3188 754; x_wconf 89' lang='lat' dir='ltr'><strong>esset</strong></span> <span class='ocrx_word' id='word_1_163' title='bbox 3206 697 3487 769; x_wconf 81' lang='lat' dir='ltr'><strong>expulsus;</strong></span> 
     </span>
    </p>
   </div>
   <div class='ocr_carea' id='block_1_23' title="bbox 1913 768 3504 841">
    <p class='ocr_par' dir='ltr' id='par_1_23' title="bbox 1913 768 3504 841">
     <span class='ocr_line' id='line_1_23' title="bbox 1913 768 3504 841; baseline 0.006 -20"><span class='ocrx_word' id='word_1_164' title='bbox 1913 777 2199 823; x_wconf 87' lang='lat' dir='ltr'><strong>crescente</strong></span> <span class='ocrx_word' id='word_1_165' title='bbox 2215 768 2493 823; x_wconf 83' lang='lat' dir='ltr'><strong>hominum</strong></span> <span class='ocrx_word' id='word_1_166' title='bbox 2509 784 2732 841; x_wconf 88' lang='lat' dir='ltr'><strong>genere,</strong></span> <span class='ocrx_word' id='word_1_167' title='bbox 2746 778 2801 825; x_wconf 91' lang='lat' dir='ltr'><strong>et</strong></span> <span class='ocrx_word' id='word_1_168' title='bbox 2815 771 3083 840; x_wconf 80' lang='lat' dir='ltr'><strong>gliscente</strong></span> <span class='ocrx_word' id='word_1_169' title='bbox 3094 768 3339 841; x_wconf 85' lang='lat' dir='ltr'><strong>peccato,</strong></span> <span class='ocrx_word' id='word_1_170' title='bbox 3356 776 3504 841; x_wconf 82' lang='lat' dir='ltr'><strong>quod</strong></span> 
     </span>
    </p>
   </div>
   <div class='ocr_carea' id='block_1_24' title="bbox 1909 860 3505 934">
    <p class='ocr_par' dir='ltr' id='par_1_24' title="bbox 1909 860 3505 934">
     <span class='ocr_line' id='line_1_24' title="bbox 1909 860 3505 934; baseline 0.007 -24"><span class='ocrx_word' id='word_1_171' title='bbox 1909 860 2171 929; x_wconf 80' lang='lat' dir='ltr'><strong>rogitatio</strong></span> <span class='ocrx_word' id='word_1_172' title='bbox 2198 861 2439 918; x_wconf 88' lang='lat' dir='ltr'><strong>hominis</strong></span> <span class='ocrx_word' id='word_1_173' title='bbox 2470 862 2537 918; x_wconf 89' lang='lat' dir='ltr'><strong>ad</strong></span> <span class='ocrx_word' id='word_1_174' title='bbox 2568 862 2847 919; x_wconf 79' lang='lat' dir='ltr'><strong>deteriora</strong></span> <span class='ocrx_word' id='word_1_175' title='bbox 2880 877 3051 934; x_wconf 85' lang='lat' dir='ltr'><strong>pravo</strong></span> <span class='ocrx_word' id='word_1_176' title='bbox 3074 863 3261 920; x_wconf 89' lang='lat' dir='ltr'><strong>studio</strong></span> <span class='ocrx_word' id='word_1_177' title='bbox 3285 865 3505 921; x_wconf 89' lang='lat' dir='ltr'><strong>incum-</strong></span> 
     </span>
    </p>
   </div>
   <div class='ocr_carea' id='block_1_25' title="bbox 1910 953 3503 1027">
    <p class='ocr_par' dir='ltr' id='par_1_25' title="bbox 1910 953 3503 1027">
     <span class='ocr_line' id='line_1_25' title="bbox 1910 953 3503 1027; baseline 0.004 -20"><span class='ocrx_word' id='word_1_178' title='bbox 1910 955 2081 1015; x_wconf 66' lang='lat' dir='ltr'><strong>heret,</strong></span> <span class='ocrx_word' id='word_1_179' title='bbox 2109 953 2421 1026; x_wconf 87' lang='lat' dir='ltr'><strong>ﬁgmentum</strong></span> <span class='ocrx_word' id='word_1_180' title='bbox 2445 972 2606 1012; x_wconf 89' lang='lat' dir='ltr'><strong>suum</strong></span> <span class='ocrx_word' id='word_1_181' title='bbox 2633 955 2796 1021; x_wconf 82' lang='lat' dir='ltr'><strong>Deus,</strong></span> <span class='ocrx_word' id='word_1_182' title='bbox 2821 966 2879 1010; x_wconf 92' lang='lat' dir='ltr'><strong>ut</strong></span> <span class='ocrx_word' id='word_1_183' title='bbox 2904 967 3029 1027; x_wconf 91' lang='lat' dir='ltr'><strong>pote</strong></span> <span class='ocrx_word' id='word_1_184' title='bbox 3046 956 3246 1020; x_wconf 89' lang='lat' dir='ltr'><strong>bonus.</strong></span> <span class='ocrx_word' id='word_1_185' title='bbox 3270 975 3376 1012; x_wconf 89' lang='lat' dir='ltr'><strong>non</strong></span> <span class='ocrx_word' id='word_1_186' title='bbox 3403 974 3503 1014; x_wconf 85' lang='lat' dir='ltr'><strong>ne-</strong></span> 
     </span>
    </p>
   </div>
   <div class='ocr_carea' id='block_1_26' title="bbox 1906 1047 3500 1119">
    <p class='ocr_par' dir='ltr' id='par_1_26' title="bbox 1906 1047 3500 1119">
     <span class='ocr_line' id='line_1_26' title="bbox 1906 1047 3500 1119; baseline 0.004 -22"><span class='ocrx_word' id='word_1_187' title='bbox 1906 1047 2267 1114; x_wconf 76' lang='lat' dir='ltr'><strong>glcxerit,scd</strong></span> <span class='ocrx_word' id='word_1_188' title='bbox 2289 1049 2477 1104; x_wconf 90' lang='lat' dir='ltr'><strong>multis</strong></span> <span class='ocrx_word' id='word_1_189' title='bbox 2499 1050 2676 1105; x_wconf 89' lang='lat' dir='ltr'><strong>modis</strong></span> <span class='ocrx_word' id='word_1_190' title='bbox 2692 1048 3105 1119; x_wconf 82' lang='lat' dir='ltr'><strong>reprehenderit</strong></span> <span class='ocrx_word' id='word_1_191' title='bbox 3124 1058 3178 1104; x_wconf 94' lang='lat' dir='ltr'><strong>et</strong></span> <span class='ocrx_word' id='word_1_192' title='bbox 3196 1050 3500 1119; x_wconf 86' lang='lat' dir='ltr'><strong>castigarit,</strong></span> 
     </span>
    </p>
   </div>
   <div class='ocr_carea' id='block_1_27' title="bbox 1905 1135 3501 1210">
    <p class='ocr_par' dir='ltr' id='par_1_27' title="bbox 1905 1135 3501 1210">
     <span class='ocr_line' id='line_1_27' title="bbox 1905 1135 3501 1210; baseline 0.004 -23"><span class='ocrx_word' id='word_1_193' title='bbox 1905 1135 2067 1189; x_wconf 84' lang='lat' dir='ltr'><strong>sicuti</strong></span> <span class='ocrx_word' id='word_1_194' title='bbox 2091 1146 2285 1191; x_wconf 89' lang='lat' dir='ltr'><strong>sancta</strong></span> <span class='ocrx_word' id='word_1_195' title='bbox 2311 1137 2599 1210; x_wconf 88' lang='lat' dir='ltr'><strong>Scriptura</strong></span> <span class='ocrx_word' id='word_1_196' title='bbox 2623 1138 2922 1208; x_wconf 84' lang='lat' dir='ltr'><strong>signiﬁcat.</strong></span> <span class='ocrx_word' id='word_1_197' title='bbox 2950 1136 3250 1209; x_wconf 84' lang='lat' dir='ltr'><strong>Postquam</strong></span> <span class='ocrx_word' id='word_1_198' title='bbox 3276 1154 3407 1193; x_wconf 87' lang='lat' dir='ltr'><strong>vero</strong></span> <span class='ocrx_word' id='word_1_199' title='bbox 3428 1138 3501 1194; x_wconf 90' lang='lat' dir='ltr'><strong>ob</strong></span> 
     </span>
    </p>
   </div>
   <div class='ocr_carea' id='block_1_28' title="bbox 1902 1228 3500 1302">
    <p class='ocr_par' dir='ltr' id='par_1_28' title="bbox 1902 1228 3500 1302">
     <span class='ocr_line' id='line_1_28' title="bbox 1902 1228 3500 1302; baseline 0.004 -23"><span class='ocrx_word' id='word_1_200' title='bbox 1902 1228 2183 1297; x_wconf 78' lang='lat' dir='ltr'><strong>graviores</strong></span> <span class='ocrx_word' id='word_1_201' title='bbox 2198 1229 2423 1286; x_wconf 84' lang='lat' dir='ltr'><strong>morbos</strong></span> <span class='ocrx_word' id='word_1_202' title='bbox 2437 1232 2647 1300; x_wconf 82' lang='lat' dir='ltr'><strong>majore</strong></span> <span class='ocrx_word' id='word_1_203' title='bbox 2661 1230 2930 1287; x_wconf 83' lang='lat' dir='ltr'><strong>medicina</strong></span> <span class='ocrx_word' id='word_1_204' title='bbox 2944 1229 3303 1302; x_wconf 88' lang='lat' dir='ltr'><strong>indiguimus,</strong></span> <span class='ocrx_word' id='word_1_205' title='bbox 3319 1230 3500 1301; x_wconf 91' lang='lat' dir='ltr'><strong>ipsum</strong></span> 
     </span>
    </p>
   </div>
   <div class='ocr_carea' id='block_1_29' title="bbox 1905 1319 3498 1393">
    <p class='ocr_par' dir='ltr' id='par_1_29' title="bbox 1905 1319 3498 1393">
     <span class='ocr_line' id='line_1_29' title="bbox 1905 1319 3498 1393; baseline 0.003 -21"><span class='ocrx_word' id='word_1_206' title='bbox 1905 1320 2244 1391; x_wconf 87' lang='lat' dir='ltr'><strong>unigenitum</strong></span> <span class='ocrx_word' id='word_1_207' title='bbox 2277 1320 2369 1377; x_wconf 89' lang='lat' dir='ltr'><strong>Dei</strong></span> <span class='ocrx_word' id='word_1_208' title='bbox 2399 1319 2663 1389; x_wconf 84' lang='lat' dir='ltr'><strong>Verbum,</strong></span> <span class='ocrx_word' id='word_1_209' title='bbox 2691 1338 2860 1387; x_wconf 89' lang='lat' dir='ltr'><strong>unus,</strong></span> <span class='ocrx_word' id='word_1_210' title='bbox 2883 1322 2935 1378; x_wconf 89' lang='lat' dir='ltr'><strong>id</strong></span> <span class='ocrx_word' id='word_1_211' title='bbox 2962 1330 3069 1388; x_wconf 83' lang='lat' dir='ltr'><strong>est,</strong></span> <span class='ocrx_word' id='word_1_212' title='bbox 3097 1338 3203 1377; x_wconf 89' lang='lat' dir='ltr'><strong>una</strong></span> <span class='ocrx_word' id='word_1_213' title='bbox 3238 1338 3498 1393; x_wconf 78' lang='lat' dir='ltr'><strong>persona,</strong></span> 
     </span>
    </p>
   </div>
   <div class='ocr_carea' id='block_1_30' title="bbox 1905 1414 3497 1488">
    <p class='ocr_par' dir='ltr' id='par_1_30' title="bbox 1905 1414 3497 1488">
     <span class='ocr_line' id='line_1_30' title="bbox 1905 1414 3497 1488; baseline 0.003 -24"><span class='ocrx_word' id='word_1_214' title='bbox 1905 1423 2110 1469; x_wconf 69' lang='lat' dir='ltr'><strong>sanctae</strong></span> <span class='ocrx_word' id='word_1_215' title='bbox 2139 1414 2449 1482; x_wconf 75' lang='lat' dir='ltr'><strong>Trinitatis,</strong></span> <span class='ocrx_word' id='word_1_216' title='bbox 2482 1426 2705 1488; x_wconf 88' lang='lat' dir='ltr'><strong>propter</strong></span> <span class='ocrx_word' id='word_1_217' title='bbox 2729 1415 3122 1487; x_wconf 80' lang='lat' dir='ltr'><strong>benignitatem</strong></span> <span class='ocrx_word' id='word_1_218' title='bbox 3148 1431 3305 1471; x_wconf 89' lang='lat' dir='ltr'><strong>suam</strong></span> <span class='ocrx_word' id='word_1_219' title='bbox 3330 1415 3497 1468; x_wconf 88' lang='lat' dir='ltr'><strong>homo</strong></span> 
     </span>
    </p>
   </div>
   <div class='ocr_carea' id='block_1_31' title="bbox 1906 1505 3498 1575">
    <p class='ocr_par' dir='ltr' id='par_1_31' title="bbox 1906 1505 3498 1575">
     <span class='ocr_line' id='line_1_31' title="bbox 1906 1505 3498 1575; baseline 0.002 -17"><span class='ocrx_word' id='word_1_220' title='bbox 1906 1505 1984 1572; x_wconf 90' lang='lat' dir='ltr'><strong>lit,</strong></span> <span class='ocrx_word' id='word_1_221' title='bbox 2004 1521 2232 1564; x_wconf 88' lang='lat' dir='ltr'><strong>manens</strong></span> <span class='ocrx_word' id='word_1_222' title='bbox 2249 1506 2415 1575; x_wconf 87' lang='lat' dir='ltr'><strong>Deus,</strong></span> <span class='ocrx_word' id='word_1_223' title='bbox 2434 1524 2535 1564; x_wconf 89' lang='lat' dir='ltr'><strong>nec</strong></span> <span class='ocrx_word' id='word_1_224' title='bbox 2558 1508 2743 1564; x_wconf 84' lang='lat' dir='ltr'><strong>divina</strong></span> <span class='ocrx_word' id='word_1_225' title='bbox 2767 1521 2866 1565; x_wconf 87' lang='lat' dir='ltr'><strong>sua</strong></span> <span class='ocrx_word' id='word_1_226' title='bbox 2886 1508 3195 1564; x_wconf 84' lang='lat' dir='ltr'><strong>substantia</strong></span> <span class='ocrx_word' id='word_1_227' title='bbox 3218 1509 3271 1562; x_wconf 91' lang='lat' dir='ltr'><strong>in</strong></span> <span class='ocrx_word' id='word_1_228' title='bbox 3300 1508 3498 1563; x_wconf 88' lang='lat' dir='ltr'><strong>huma-</strong></span> 
     </span>
    </p>
   </div>
   <div class='ocr_carea' id='block_1_32' title="bbox 1903 1601 3500 1667">
    <p class='ocr_par' dir='ltr' id='par_1_32' title="bbox 1903 1601 3500 1667">
     <span class='ocr_line' id='line_1_32' title="bbox 1903 1601 3500 1667; baseline 0.003 -15"><span class='ocrx_word' id='word_1_229' title='bbox 1903 1614 2029 1653; x_wconf 89' lang='lat' dir='ltr'><strong>nam</strong></span> <span class='ocrx_word' id='word_1_230' title='bbox 2048 1614 2337 1667; x_wconf 78' lang='lat' dir='ltr'><strong>conversa,</strong></span> <span class='ocrx_word' id='word_1_231' title='bbox 2352 1617 2452 1658; x_wconf 91' lang='lat' dir='ltr'><strong>nec</strong></span> <span class='ocrx_word' id='word_1_232' title='bbox 2475 1602 2712 1657; x_wconf 87' lang='lat' dir='ltr'><strong>humana</strong></span> <span class='ocrx_word' id='word_1_233' title='bbox 2735 1602 2790 1657; x_wconf 91' lang='lat' dir='ltr'><strong>in</strong></span> <span class='ocrx_word' id='word_1_234' title='bbox 2810 1601 3053 1657; x_wconf 82' lang='lat' dir='ltr'><strong>divinam</strong></span> <span class='ocrx_word' id='word_1_235' title='bbox 3074 1609 3307 1667; x_wconf 86' lang='lat' dir='ltr'><strong>mutata;</strong></span> <span class='ocrx_word' id='word_1_236' title='bbox 3329 1615 3500 1656; x_wconf 88' lang='lat' dir='ltr'><strong>unus-</strong></span> 
     </span>
    </p>
   </div>
   <div class='ocr_carea' id='block_1_33' title="bbox 1902 1693 3498 1767">
    <p class='ocr_par' dir='ltr' id='par_1_33' title="bbox 1902 1693 3498 1767">
     <span class='ocr_line' id='line_1_33' title="bbox 1902 1693 3498 1767; baseline 0 -19"><span class='ocrx_word' id='word_1_237' title='bbox 1902 1708 2010 1762; x_wconf 89' lang='lat' dir='ltr'><strong>que</strong></span> <span class='ocrx_word' id='word_1_238' title='bbox 2036 1703 2119 1749; x_wconf 88' lang='lat' dir='ltr'><strong>est</strong></span> <span class='ocrx_word' id='word_1_239' title='bbox 2147 1709 2213 1749; x_wconf 91' lang='lat' dir='ltr'><strong>ac</strong></span> <span class='ocrx_word' id='word_1_240' title='bbox 2243 1695 2385 1751; x_wconf 88' lang='lat' dir='ltr'><strong>idem</strong></span> <span class='ocrx_word' id='word_1_241' title='bbox 2416 1696 2471 1751; x_wconf 92' lang='lat' dir='ltr'><strong>in</strong></span> <span class='ocrx_word' id='word_1_242' title='bbox 2509 1704 2743 1767; x_wconf 86' lang='lat' dir='ltr'><strong>utraque</strong></span> <span class='ocrx_word' id='word_1_243' title='bbox 2765 1704 2986 1759; x_wconf 89' lang='lat' dir='ltr'><strong>natura,</strong></span> <span class='ocrx_word' id='word_1_244' title='bbox 3006 1694 3064 1750; x_wconf 89' lang='lat' dir='ltr'><strong>in</strong></span> <span class='ocrx_word' id='word_1_245' title='bbox 3094 1694 3271 1765; x_wconf 88' lang='lat' dir='ltr'><strong>iisque</strong></span> <span class='ocrx_word' id='word_1_246' title='bbox 3299 1693 3498 1749; x_wconf 86' lang='lat' dir='ltr'><strong>incon—</strong></span> 
     </span>
    </p>
   </div>
   <div class='ocr_carea' id='block_1_34' title="bbox 213 1771 1817 1860">
    <p class='ocr_par' dir='ltr' id='par_1_34' title="bbox 213 1771 1812 1853">
     <span class='ocr_line' id='line_1_34' title="bbox 213 1771 1812 1853; baseline 0.001 -22"><span class='ocrx_word' id='word_1_247' title='bbox 213 1775 372 1834; x_wconf 73' lang='grc' dir='ltr'><strong>θεὶκην</strong></span> <span class='ocrx_word' id='word_1_248' title='bbox 392 1773 721 1846; x_wconf 72' lang='grc' dir='ltr'><strong>μεταϐαλών.</strong></span> <span class='ocrx_word' id='word_1_249' title='bbox 745 1777 839 1829; x_wconf 66' lang='grc' dir='ltr'><strong>καί</strong></span> <span class='ocrx_word' id='word_1_250' title='bbox 868 1772 902 1829; x_wconf 72' lang='grc' dir='ltr'><strong><em>ἴ</em></strong></span> <span class='ocrx_word' id='word_1_251' title='bbox 901 1795 1015 1830; x_wconf 90' lang='grc' dir='ltr'><strong>στιν</strong></span> <span class='ocrx_word' id='word_1_252' title='bbox 1041 1771 1112 1835; x_wconf 80' lang='grc' dir='ltr'><strong>εἷς</strong></span> <span class='ocrx_word' id='word_1_253' title='bbox 1141 1777 1226 1830; x_wconf 78' lang='grc' dir='ltr'><strong>καὶ</strong></span> <span class='ocrx_word' id='word_1_254' title='bbox 1249 1773 1277 1831; x_wconf 91' lang='grc' dir='ltr'><strong>ό</strong></span> <span class='ocrx_word' id='word_1_255' title='bbox 1305 1775 1451 1837; x_wconf 84' lang='grc' dir='ltr'><strong>αὐτὸς</strong></span> <span class='ocrx_word' id='word_1_256' title='bbox 1473 1778 1524 1832; x_wconf 72' lang='grc' dir='ltr'><strong>ἓν</strong></span> <span class='ocrx_word' id='word_1_257' title='bbox 1548 1776 1812 1853; x_wconf 81' lang='grc' dir='ltr'><strong>ίκατέραις</strong></span> 
     </span>
    </p>
   </div>
   <div class='ocr_carea' id='block_1_35' title="bbox 1917 1771 3495 1860">
    <p class='ocr_par' dir='ltr' id='par_1_35' title="bbox 1917 1785 3495 1860">
     <span class='ocr_line' id='line_1_35' title="bbox 1917 1785 3495 1860; baseline 0.002 -19"><span class='ocrx_word' id='word_1_258' title='bbox 1917 1785 2027 1841; x_wconf 90' lang='lat' dir='ltr'><strong>&#39;usc</strong></span> <span class='ocrx_word' id='word_1_259' title='bbox 2047 1795 2214 1859; x_wconf 88' lang='lat' dir='ltr'><strong>atque</strong></span> <span class='ocrx_word' id='word_1_260' title='bbox 2244 1788 2483 1845; x_wconf 87' lang='lat' dir='ltr'><strong>indivise</strong></span> <span class='ocrx_word' id='word_1_261' title='bbox 2507 1789 2887 1860; x_wconf 71' lang='lat' dir='ltr'><strong>cognoscitur.</strong></span> <span class='ocrx_word' id='word_1_262' title='bbox 2912 1786 3141 1843; x_wconf 76' lang='lat' dir='ltr'><strong>Manens</strong></span> <span class='ocrx_word' id='word_1_263' title='bbox 3163 1787 3313 1843; x_wconf 91' lang='lat' dir='ltr'><strong>enim</strong></span> <span class='ocrx_word' id='word_1_264' title='bbox 3346 1786 3495 1858; x_wconf 84' lang='lat' dir='ltr'><strong>quod</strong></span> 
     </span>
    </p>
   </div>
   <div class='ocr_carea' id='block_1_36' title="bbox 217 1864 1811 1943">
    <p class='ocr_par' dir='ltr' id='par_1_36' title="bbox 217 1864 1811 1943">
     <span class='ocr_line' id='line_1_36' title="bbox 217 1864 1811 1943; baseline 0.004 -24"><span class='ocrx_word' id='word_1_265' title='bbox 217 1873 325 1927; x_wconf 71' lang='grc' dir='ltr'><strong>ταῖς</strong></span> <span class='ocrx_word' id='word_1_266' title='bbox 363 1864 580 1940; x_wconf 71' lang='grc' dir='ltr'><strong>φύσεσιν</strong></span> <span class='ocrx_word' id='word_1_267' title='bbox 623 1866 949 1938; x_wconf 73' lang='grc' dir='ltr'><strong>άσυγχύτως</strong></span> <span class='ocrx_word' id='word_1_268' title='bbox 978 1869 1064 1921; x_wconf 79' lang='grc' dir='ltr'><strong>καί</strong></span> <span class='ocrx_word' id='word_1_269' title='bbox 1103 1864 1406 1939; x_wconf 75' lang='grc' dir='ltr'><strong>άδιαιρίτως</strong></span> <span class='ocrx_word' id='word_1_270' title='bbox 1427 1868 1811 1943; x_wconf 82' lang='grc' dir='ltr'><strong>γνωριζόμενος.</strong></span> 
     </span>
    </p>
   </div>
   <div class='ocr_carea' id='block_1_37' title="bbox 213 1956 1814 2037">
    <p class='ocr_par' dir='ltr' id='par_1_37' title="bbox 213 1956 1814 2037">
     <span class='ocr_line' id='line_1_37' title="bbox 213 1956 1814 2037; baseline 0.001 -22"><span class='ocrx_word' id='word_1_271' title='bbox 213 1958 390 2021; x_wconf 68' lang='grc' dir='ltr'><strong>κείνας</strong></span> <span class='ocrx_word' id='word_1_272' title='bbox 420 1959 528 2034; x_wconf 83' lang='grc' dir='ltr'><strong>γάρ</strong></span> <span class='ocrx_word' id='word_1_273' title='bbox 559 1957 693 2037; x_wconf 81' lang='grc' dir='ltr'><strong>ὅπερ</strong></span> <span class='ocrx_word' id='word_1_274' title='bbox 719 1956 810 2023; x_wconf 74' lang='grc' dir='ltr'><strong>ἦν,</strong></span> <span class='ocrx_word' id='word_1_275' title='bbox 841 1960 1042 2032; x_wconf 74' lang='grc' dir='ltr'><strong>γέγονεν</strong></span> <span class='ocrx_word' id='word_1_276' title='bbox 1069 1956 1197 2035; x_wconf 85' lang='grc' dir='ltr'><strong>ὅπερ</strong></span> <span class='ocrx_word' id='word_1_277' title='bbox 1216 1962 1306 2015; x_wconf 79' lang='grc' dir='ltr'><strong>οὐκ</strong></span> <span class='ocrx_word' id='word_1_278' title='bbox 1330 1956 1411 2020; x_wconf 74' lang='grc' dir='ltr'><strong>ἦν.</strong></span> <span class='ocrx_word' id='word_1_279' title='bbox 1444 1962 1544 2016; x_wconf 70' lang='grc' dir='ltr'><strong>Καὶ</strong></span> <span class='ocrx_word' id='word_1_280' title='bbox 1568 1961 1653 2016; x_wconf 86' lang='grc' dir='ltr'><strong>τὸν</strong></span> <span class='ocrx_word' id='word_1_281' title='bbox 1681 1960 1814 2034; x_wconf 76' lang='grc' dir='ltr'><strong>ὀφει-</strong></span> 
     </span>
    </p>
   </div>
   <div class='ocr_carea' id='block_1_38' title="bbox 217 2048 1817 2126">
    <p class='ocr_par' dir='ltr' id='par_1_38' title="bbox 217 2048 1817 2126">
     <span class='ocr_line' id='line_1_38' title="bbox 217 2048 1817 2126; baseline -0.001 -19"><span class='ocrx_word' id='word_1_282' title='bbox 217 2048 413 2123; x_wconf 80' lang='grc' dir='ltr'><strong>λόμενον</strong></span> <span class='ocrx_word' id='word_1_283' title='bbox 436 2051 655 2107; x_wconf 83' lang='grc' dir='ltr'><strong>θάνατον</strong></span> <span class='ocrx_word' id='word_1_284' title='bbox 677 2048 808 2124; x_wconf 82' lang='grc' dir='ltr'><strong>παρ’</strong></span> <span class='ocrx_word' id='word_1_285' title='bbox 834 2051 976 2121; x_wconf 69' lang='grc' dir='ltr'><strong>ἡμῶν</strong></span> <span class='ocrx_word' id='word_1_286' title='bbox 997 2051 1054 2104; x_wconf 69' lang='lat' dir='ltr'><strong>ia</strong></span> <span class='ocrx_word' id='word_1_287' title='bbox 1076 2058 1169 2111; x_wconf 78' lang='grc' dir='ltr'><strong>τῆς</strong></span> <span class='ocrx_word' id='word_1_288' title='bbox 1197 2048 1282 2106; x_wconf 82' lang='grc' dir='ltr'><strong>διά</strong></span> <span class='ocrx_word' id='word_1_289' title='bbox 1300 2056 1393 2110; x_wconf 75' lang='grc' dir='ltr'><strong>τήν</strong></span> <span class='ocrx_word' id='word_1_290' title='bbox 1410 2050 1710 2126; x_wconf 76' lang='grc' dir='ltr'><strong>παράϐασιν</strong></span> <span class='ocrx_word' id='word_1_291' title='bbox 1732 2072 1817 2106; x_wconf 81' lang='grc' dir='ltr'><strong>κα·</strong></span> 
     </span>
    </p>
   </div>
   <div class='ocr_carea' id='block_1_39' title="bbox 216 2142 1815 2224">
    <p class='ocr_par' dir='ltr' id='par_1_39' title="bbox 216 2142 1815 2224">
     <span class='ocr_line' id='line_1_39' title="bbox 216 2142 1815 2224; baseline 0.001 -25"><span class='ocrx_word' id='word_1_292' title='bbox 216 2145 491 2218; x_wconf 76' lang='grc' dir='ltr'><strong>τακρίσεως</strong></span> <span class='ocrx_word' id='word_1_293' title='bbox 509 2183 529 2209; x_wconf 83' lang='grc'><strong>,</strong></span> <span class='ocrx_word' id='word_1_294' title='bbox 554 2145 606 2198; x_wconf 71' lang='lat' dir='ltr'><strong>iv</strong></span> <span class='ocrx_word' id='word_1_295' title='bbox 629 2150 693 2218; x_wconf 76' lang='grc' dir='ltr'><strong>τῇ</strong></span> <span class='ocrx_word' id='word_1_296' title='bbox 719 2142 827 2219; x_wconf 76' lang='grc' dir='ltr'><strong>ἰδίᾳ</strong></span> <span class='ocrx_word' id='word_1_297' title='bbox 851 2146 1011 2219; x_wconf 78' lang='grc' dir='ltr'><strong>σαρκὶ</strong></span> <span class='ocrx_word' id='word_1_298' title='bbox 1048 2142 1443 2216; x_wconf 73' lang='grc' dir='ltr'><strong>ἀναδεξάμενος,</strong></span> <span class='ocrx_word' id='word_1_299' title='bbox 1476 2144 1815 2224; x_wconf 59' lang='grc' dir='ltr'><strong>ἠλευθέρωσεν</strong></span> 
     </span>
    </p>
   </div>
   <div class='ocr_carea' id='block_1_40' title="bbox 217 2237 1815 2313">
    <p class='ocr_par' dir='ltr' id='par_1_40' title="bbox 217 2237 1815 2313">
     <span class='ocr_line' id='line_1_40' title="bbox 217 2237 1815 2313; baseline 0.001 -20"><span class='ocrx_word' id='word_1_300' title='bbox 217 2237 344 2306; x_wconf 60' lang='lat' dir='ltr'><strong>ripis</strong></span> <span class='ocrx_word' id='word_1_301' title='bbox 381 2242 479 2293; x_wconf 88' lang='grc' dir='ltr'><strong>τοῦ</strong></span> <span class='ocrx_word' id='word_1_302' title='bbox 528 2237 733 2293; x_wconf 71' lang='grc' dir='ltr'><strong>αἰωνίου</strong></span> <span class='ocrx_word' id='word_1_303' title='bbox 770 2238 1022 2306; x_wconf 77' lang='grc' dir='ltr'><strong>θανάτου,</strong></span> <span class='ocrx_word' id='word_1_304' title='bbox 1050 2239 1273 2313; x_wconf 71' lang='grc' dir='ltr'><strong>άπαρχὸ</strong></span> <span class='ocrx_word' id='word_1_305' title='bbox 1311 2245 1412 2294; x_wconf 87' lang='grc' dir='ltr'><strong>τῶν</strong></span> <span class='ocrx_word' id='word_1_306' title='bbox 1453 2240 1815 2310; x_wconf 77' lang='grc' dir='ltr'><strong>κεκοιμημένων</strong></span> 
     </span>
    </p>
   </div>
   <div class='ocr_carea' id='block_1_41' title="bbox 217 2326 1813 2406">
    <p class='ocr_par' dir='ltr' id='par_1_41' title="bbox 217 2326 1813 2406">
     <span class='ocr_line' id='line_1_41' title="bbox 217 2326 1813 2406; baseline -0.001 -23"><span class='ocrx_word' id='word_1_307' title='bbox 217 2326 471 2400; x_wconf 70' lang='grc' dir='ltr'><strong>γενόμενος</strong></span> <span class='ocrx_word' id='word_1_308' title='bbox 490 2367 507 2390; x_wconf 87' lang='grc'><strong>,</strong></span> <span class='ocrx_word' id='word_1_309' title='bbox 541 2328 624 2381; x_wconf 74' lang='grc' dir='ltr'><strong>καί</strong></span> <span class='ocrx_word' id='word_1_310' title='bbox 651 2326 973 2403; x_wconf 80' lang='grc' dir='ltr'><strong>πρωτότοκος</strong></span> <span class='ocrx_word' id='word_1_311' title='bbox 999 2327 1231 2388; x_wconf 80' lang='grc' dir='ltr'><strong>ἀναστάς</strong></span> <span class='ocrx_word' id='word_1_312' title='bbox 1256 2328 1309 2382; x_wconf 73' lang='lat' dir='ltr'><strong>ix</strong></span> <span class='ocrx_word' id='word_1_313' title='bbox 1335 2334 1520 2400; x_wconf 82' lang='grc' dir='ltr'><strong>νεκρῶν</strong></span> <span class='ocrx_word' id='word_1_314' title='bbox 1550 2333 1813 2406; x_wconf 76' lang='grc' dir='ltr'><strong>συνήγειρε</strong></span> 
     </span>
    </p>
   </div>
   <div class='ocr_carea' id='block_1_42' title="bbox 218 2418 1817 2494">
    <p class='ocr_par' dir='ltr' id='par_1_42' title="bbox 218 2418 1817 2494">
     <span class='ocr_line' id='line_1_42' title="bbox 218 2418 1817 2494; baseline 0.002 -22"><span class='ocrx_word' id='word_1_315' title='bbox 218 2420 299 2472; x_wconf 74' lang='grc' dir='ltr'><strong>καί</strong></span> <span class='ocrx_word' id='word_1_316' title='bbox 326 2418 655 2475; x_wconf 70' lang='grc' dir='ltr'><strong>συνεκάθισεν</strong></span> <span class='ocrx_word' id='word_1_317' title='bbox 688 2420 823 2491; x_wconf 67' lang='grc' dir='ltr'><strong>ἡμᾶς</strong></span> <span class='ocrx_word' id='word_1_318' title='bbox 850 2419 902 2473; x_wconf 68' lang='grc' dir='ltr'><strong>ἐν</strong></span> <span class='ocrx_word' id='word_1_319' title='bbox 930 2426 1041 2481; x_wconf 66' lang='grc' dir='ltr'><strong>τοῖς</strong></span> <span class='ocrx_word' id='word_1_320' title='bbox 1078 2419 1429 2494; x_wconf 68' lang='grc' dir='ltr'><strong>ἐπουρανίοις,</strong></span> <span class='ocrx_word' id='word_1_321' title='bbox 1476 2420 1644 2480; x_wconf 80' lang='grc' dir='ltr'><strong>καθώς</strong></span> <span class='ocrx_word' id='word_1_322' title='bbox 1679 2422 1817 2492; x_wconf 67' lang='grc' dir='ltr'><strong>ἡμᾶς</strong></span> 
     </span>
    </p>
   </div>
   <div class='ocr_carea' id='block_1_43' title="bbox 218 2506 1816 2590">
    <p class='ocr_par' dir='ltr' id='par_1_43' title="bbox 218 2506 1816 2590">
     <span class='ocr_line' id='line_1_43' title="bbox 218 2506 1816 2590; baseline 0.002 -26"><span class='ocrx_word' id='word_1_323' title='bbox 218 2506 437 2567; x_wconf 74' lang='grc' dir='ltr'><strong>διδάσκει</strong></span> <span class='ocrx_word' id='word_1_324' title='bbox 457 2513 492 2571; x_wconf 73' lang='grc' dir='ltr'><strong>ἦ</strong></span> <span class='ocrx_word' id='word_1_325' title='bbox 524 2512 839 2571; x_wconf 77' lang='grc' dir='ltr'><strong>ἀποστολικὴ</strong></span> <span class='ocrx_word' id='word_1_326' title='bbox 866 2511 1180 2590; x_wconf 79' lang='grc' dir='ltr'><strong>παράδοσις.</strong></span> <span class='ocrx_word' id='word_1_327' title='bbox 1210 2516 1265 2567; x_wconf 80' lang='lat' dir='ltr'><strong>Ei</strong></span> <span class='ocrx_word' id='word_1_328' title='bbox 1285 2515 1386 2588; x_wconf 81' lang='grc' dir='ltr'><strong>γὰρ</strong></span> <span class='ocrx_word' id='word_1_329' title='bbox 1414 2515 1499 2568; x_wconf 73' lang='grc' dir='ltr'><strong>καί</strong></span> <span class='ocrx_word' id='word_1_330' title='bbox 1520 2518 1611 2573; x_wconf 70' lang='grc' dir='ltr'><strong>τὴν</strong></span> <span class='ocrx_word' id='word_1_331' title='bbox 1639 2515 1816 2588; x_wconf 75' lang='grc' dir='ltr'><strong>ἀρχήν</strong></span> 
     </span>
    </p>
   </div>
   <div class='ocr_carea' id='block_1_44' title="bbox 218 2602 1818 2683">
    <p class='ocr_par' dir='ltr' id='par_1_44' title="bbox 218 2602 1818 2683">
     <span class='ocr_line' id='line_1_44' title="bbox 218 2602 1818 2683; baseline 0.001 -24"><span class='ocrx_word' id='word_1_332' title='bbox 218 2604 248 2663; x_wconf 69' lang='grc' dir='ltr'><strong>ὗ</strong></span> <span class='ocrx_word' id='word_1_333' title='bbox 270 2605 556 2679; x_wconf 69' lang='grc' dir='ltr'><strong>ἄνθρωπίνη</strong></span> <span class='ocrx_word' id='word_1_334' title='bbox 589 2606 742 2677; x_wconf 73' lang='grc' dir='ltr'><strong>φύσις</strong></span> <span class='ocrx_word' id='word_1_335' title='bbox 781 2602 870 2662; x_wconf 85' lang='grc' dir='ltr'><strong>διά</strong></span> <span class='ocrx_word' id='word_1_336' title='bbox 895 2608 986 2665; x_wconf 70' lang='grc' dir='ltr'><strong>τήν</strong></span> <span class='ocrx_word' id='word_1_337' title='bbox 1011 2609 1276 2681; x_wconf 66' lang='grc' dir='ltr'><strong>παρακοήν</strong></span> <span class='ocrx_word' id='word_1_338' title='bbox 1305 2606 1552 2683; x_wconf 71' lang='grc' dir='ltr'><strong>ἐστερήθη</strong></span> <span class='ocrx_word' id='word_1_339' title='bbox 1589 2611 1684 2662; x_wconf 86' lang='grc' dir='ltr'><strong>τοῦ</strong></span> <span class='ocrx_word' id='word_1_340' title='bbox 1713 2628 1818 2661; x_wconf 89' lang='grc' dir='ltr'><strong>πα-</strong></span> 
     </span>
    </p>
   </div>
   <div class='ocr_carea' id='block_1_45' title="bbox 217 2695 1816 2774">
    <p class='ocr_par' dir='ltr' id='par_1_45' title="bbox 217 2695 1816 2774">
     <span class='ocr_line' id='line_1_45' title="bbox 217 2695 1816 2774; baseline 0 -22"><span class='ocrx_word' id='word_1_341' title='bbox 217 2695 479 2771; x_wconf 70' lang='grc' dir='ltr'><strong>ραδείσου,</strong></span> <span class='ocrx_word' id='word_1_342' title='bbox 517 2696 628 2755; x_wconf 78' lang='grc' dir='ltr'><strong>ἀλλ’</strong></span> <span class='ocrx_word' id='word_1_343' title='bbox 670 2695 809 2769; x_wconf 78' lang='grc' dir='ltr'><strong>ὅμως</strong></span> <span class='ocrx_word' id='word_1_344' title='bbox 838 2700 908 2760; x_wconf 81' lang='grc' dir='ltr'><strong>ὡς</strong></span> <span class='ocrx_word' id='word_1_345' title='bbox 949 2696 1180 2774; x_wconf 80' lang='grc' dir='ltr'><strong>εἴρηται,</strong></span> <span class='ocrx_word' id='word_1_346' title='bbox 1221 2697 1249 2754; x_wconf 87' lang='lat'><strong>6</strong></span> <span class='ocrx_word' id='word_1_347' title='bbox 1274 2702 1548 2772; x_wconf 73' lang='grc' dir='ltr'><strong>μονογενής</strong></span> <span class='ocrx_word' id='word_1_348' title='bbox 1590 2699 1701 2759; x_wconf 83' lang='grc' dir='ltr'><strong>υίὸς</strong></span> <span class='ocrx_word' id='word_1_349' title='bbox 1724 2705 1816 2754; x_wconf 88' lang='grc' dir='ltr'><strong>τοῦ</strong></span> 
     </span>
    </p>
   </div>
   <div class='ocr_carea' id='block_1_46' title="bbox 217 2785 1815 2863">
    <p class='ocr_par' dir='ltr' id='par_1_46' title="bbox 217 2785 1815 2863">
     <span class='ocr_line' id='line_1_46' title="bbox 217 2785 1815 2863; baseline 0.006 -19"><span class='ocrx_word' id='word_1_350' title='bbox 217 2793 337 2844; x_wconf 87' lang='grc' dir='ltr'><strong>Θεοῦ</strong></span> <span class='ocrx_word' id='word_1_351' title='bbox 359 2785 442 2843; x_wconf 76' lang='grc' dir='ltr'><strong>διὰ</strong></span> <span class='ocrx_word' id='word_1_352' title='bbox 468 2793 574 2848; x_wconf 69' lang='grc' dir='ltr'><strong>τήν</strong></span> <span class='ocrx_word' id='word_1_353' title='bbox 604 2787 793 2850; x_wconf 68' lang='grc' dir='ltr'><strong>πολλὴν</strong></span> <span class='ocrx_word' id='word_1_354' title='bbox 826 2789 1032 2863; x_wconf 76' lang='grc' dir='ltr'><strong>ἆγάπην</strong></span> <span class='ocrx_word' id='word_1_355' title='bbox 1054 2790 1240 2858; x_wconf 82' lang='grc' dir='ltr'><strong>αὐτοῦ,</strong></span> <span class='ocrx_word' id='word_1_356' title='bbox 1277 2791 1335 2849; x_wconf 75' lang='grc' dir='ltr'><strong>ἣν</strong></span> <span class='ocrx_word' id='word_1_357' title='bbox 1358 2792 1622 2861; x_wconf 75' lang='grc' dir='ltr'><strong>ἠγάπησεν</strong></span> <span class='ocrx_word' id='word_1_358' title='bbox 1648 2793 1783 2863; x_wconf 64' lang='grc' dir='ltr'><strong>ἡμᾶς</strong></span> <span class='ocrx_word' id='word_1_359' title='bbox 1799 2830 1815 2854; x_wconf 76' lang='grc' dir='ltr'><strong>ς</strong></span> 
     </span>
    </p>
   </div>
   <div class='ocr_carea' id='block_1_47' title="bbox 219 2876 1817 2952">
    <p class='ocr_par' dir='ltr' id='par_1_47' title="bbox 219 2876 1817 2952">
     <span class='ocr_line' id='line_1_47' title="bbox 219 2876 1817 2952; baseline -0.002 -15"><span class='ocrx_word' id='word_1_360' title='bbox 219 2883 302 2937; x_wconf 65' lang='grc' dir='ltr'><strong>τήν</strong></span> <span class='ocrx_word' id='word_1_361' title='bbox 337 2879 600 2952; x_wconf 69' lang='grc' dir='ltr'><strong>ἡμετέραν</strong></span> <span class='ocrx_word' id='word_1_362' title='bbox 635 2879 786 2952; x_wconf 72' lang='grc' dir='ltr'><strong>φύσιν</strong></span> <span class='ocrx_word' id='word_1_363' title='bbox 823 2878 1019 2941; x_wconf 81' lang='grc' dir='ltr'><strong>ίνῶσας</strong></span> <span class='ocrx_word' id='word_1_364' title='bbox 1061 2878 1229 2947; x_wconf 76' lang='grc' dir='ltr'><strong>ἑαυτῷ</strong></span> <span class='ocrx_word' id='word_1_365' title='bbox 1278 2876 1651 2940; x_wconf 61' lang='grc' dir='ltr'><strong>ἁδιασπάσττς</strong></span> <span class='ocrx_word' id='word_1_366' title='bbox 1710 2878 1817 2934; x_wconf 79' lang='grc' dir='ltr'><strong>καθ’</strong></span> 
     </span>
    </p>
   </div>
   <div class='ocr_carea' id='block_1_48' title="bbox 146 2966 1819 3044">
    <p class='ocr_par' dir='ltr' id='par_1_48' title="bbox 146 2966 1819 3044">
     <span class='ocr_line' id='line_1_48' title="bbox 146 2966 1819 3044; baseline 0 -18"><span class='ocrx_word' id='word_1_367' title='bbox 146 3016 155 3026; x_wconf 48' lang='grc' dir='ltr'><strong>ι</strong></span> <span class='ocrx_word' id='word_1_368' title='bbox 219 2966 505 3026; x_wconf 73' lang='grc' dir='ltr'><strong>ὑπόστασιν</strong></span> <span class='ocrx_word' id='word_1_369' title='bbox 522 3008 542 3033; x_wconf 85' lang='grc'><strong>,</strong></span> <span class='ocrx_word' id='word_1_370' title='bbox 570 2969 620 3023; x_wconf 71' lang='grc' dir='ltr'><strong>ἄν</strong></span> <span class='ocrx_word' id='word_1_371' title='bbox 654 2976 719 3044; x_wconf 75' lang='grc' dir='ltr'><strong>τῇ</strong></span> <span class='ocrx_word' id='word_1_372' title='bbox 746 2972 918 3044; x_wconf 72' lang='grc' dir='ltr'><strong>μήτρᾳ</strong></span> <span class='ocrx_word' id='word_1_373' title='bbox 939 2976 1032 3030; x_wconf 75' lang='grc' dir='ltr'><strong>τῆς</strong></span> <span class='ocrx_word' id='word_1_374' title='bbox 1064 2967 1211 3044; x_wconf 74' lang='grc' dir='ltr'><strong>ἁγίας</strong></span> <span class='ocrx_word' id='word_1_375' title='bbox 1237 2966 1439 3035; x_wconf 79' lang='grc' dir='ltr'><strong>ίνδόξου</strong></span> <span class='ocrx_word' id='word_1_376' title='bbox 1477 2969 1707 3026; x_wconf 80' lang='grc' dir='ltr'><strong>θεοτόκου</strong></span> <span class='ocrx_word' id='word_1_377' title='bbox 1732 2972 1819 3026; x_wconf 76' lang='grc' dir='ltr'><strong>καί</strong></span> 
     </span>
    </p>
   </div>
   <div class='ocr_carea' id='block_1_49' title="bbox 144 3059 1819 3139">
    <p class='ocr_par' dir='ltr' id='par_1_49' title="bbox 144 3059 1819 3139">
     <span class='ocr_line' id='line_1_49' title="bbox 144 3059 1819 3139; baseline 0.001 -24"><span class='ocrx_word' id='word_1_378' title='bbox 144 3063 155 3128; x_wconf 67' lang='grc' dir='ltr'>ξ</span> <span class='ocrx_word' id='word_1_379' title='bbox 219 3059 552 3139; x_wconf 80' lang='grc' dir='ltr'><strong>ἆιιπαρθίνου</strong></span> <span class='ocrx_word' id='word_1_380' title='bbox 578 3064 807 3138; x_wconf 68' lang='grc' dir='ltr'><strong>Μαρίας,</strong></span> <span class='ocrx_word' id='word_1_381' title='bbox 837 3061 1062 3133; x_wconf 79' lang='grc' dir='ltr'><strong>μείζονος</strong></span> <span class='ocrx_word' id='word_1_382' title='bbox 1088 3064 1221 3134; x_wconf 77' lang='grc' dir='ltr'><strong>ἡμᾶς</strong></span> <span class='ocrx_word' id='word_1_383' title='bbox 1252 3061 1435 3126; x_wconf 79' lang='grc' dir='ltr'><strong>ἠξίωσε</strong></span> <span class='ocrx_word' id='word_1_384' title='bbox 1462 3063 1700 3138; x_wconf 84' lang='grc' dir='ltr'><strong>χάριτος.</strong></span> <span class='ocrx_word' id='word_1_385' title='bbox 1725 3067 1819 3122; x_wconf 73' lang='grc' dir='ltr'><strong>τήν</strong></span> 
     </span>
    </p>
   </div>
   <div class='ocr_carea' id='block_1_50' title="bbox 1902 1879 3499 1952">
    <p class='ocr_par' dir='ltr' id='par_1_50' title="bbox 1902 1879 3499 1952">
     <span class='ocr_line' id='line_1_50' title="bbox 1902 1879 3499 1952; baseline 0.001 -17"><span class='ocrx_word' id='word_1_386' title='bbox 1902 1886 2041 1945; x_wconf 88' lang='lat' dir='ltr'><strong>erat,</strong></span> <span class='ocrx_word' id='word_1_387' title='bbox 2074 1880 2278 1937; x_wconf 80' lang='lat' dir='ltr'><strong>factum</strong></span> <span class='ocrx_word' id='word_1_388' title='bbox 2313 1889 2401 1937; x_wconf 88' lang='lat' dir='ltr'><strong>est</strong></span> <span class='ocrx_word' id='word_1_389' title='bbox 2429 1881 2578 1952; x_wconf 90' lang='lat' dir='ltr'><strong>quod</strong></span> <span class='ocrx_word' id='word_1_390' title='bbox 2619 1896 2729 1937; x_wconf 90' lang='lat' dir='ltr'><strong>non</strong></span> <span class='ocrx_word' id='word_1_391' title='bbox 2759 1889 2880 1939; x_wconf 86' lang='lat' dir='ltr'><strong>erat</strong></span> <span class='ocrx_word' id='word_1_392' title='bbox 2910 1898 2925 1936; x_wconf 92' lang='lat'><strong>:</strong></span> <span class='ocrx_word' id='word_1_393' title='bbox 2966 1890 3310 1950; x_wconf 89' lang='lat' dir='ltr'><strong>mortemque</strong></span> <span class='ocrx_word' id='word_1_394' title='bbox 3337 1879 3499 1936; x_wconf 83' lang='lat' dir='ltr'><strong>nobis</strong></span> 
     </span>
    </p>
   </div>
   <div class='ocr_carea' id='block_1_51' title="bbox 1902 1969 3496 2046">
    <p class='ocr_par' dir='ltr' id='par_1_51' title="bbox 1902 1969 3496 2046">
     <span class='ocr_line' id='line_1_51' title="bbox 1902 1969 3496 2046; baseline -0.001 -21"><span class='ocrx_word' id='word_1_395' title='bbox 1902 1969 2146 2027; x_wconf 86' lang='lat' dir='ltr'><strong>debitam</strong></span> <span class='ocrx_word' id='word_1_396' title='bbox 2196 1989 2263 2029; x_wconf 80' lang='lat' dir='ltr'><strong>ex</strong></span> <span class='ocrx_word' id='word_1_397' title='bbox 2294 1974 2755 2046; x_wconf 73' lang='lat' dir='ltr'><strong>transgressionis</strong></span> <span class='ocrx_word' id='word_1_398' title='bbox 2783 1972 3162 2037; x_wconf 75' lang='lat' dir='ltr'><strong>damnatione,</strong></span> <span class='ocrx_word' id='word_1_399' title='bbox 3194 1971 3248 2025; x_wconf 91' lang='lat' dir='ltr'><strong>in</strong></span> <span class='ocrx_word' id='word_1_400' title='bbox 3275 1970 3496 2040; x_wconf 85' lang='lat' dir='ltr'><strong>pr0pria</strong></span> 
     </span>
    </p>
   </div>
   <div class='ocr_carea' id='block_1_52' title="bbox 1901 2061 3498 2145">
    <p class='ocr_par' dir='ltr' id='par_1_52' title="bbox 1901 2061 3498 2145">
     <span class='ocr_line' id='line_1_52' title="bbox 1901 2061 3498 2145; baseline -0.001 -27"><span class='ocrx_word' id='word_1_401' title='bbox 1901 2076 2068 2119; x_wconf 86' lang='lat' dir='ltr'><strong>carne</strong></span> <span class='ocrx_word' id='word_1_402' title='bbox 2084 2065 2635 2136; x_wconf 51' lang='lat' dir='ltr'><strong>suscipiensmterna</strong></span> <span class='ocrx_word' id='word_1_403' title='bbox 2656 2080 2756 2121; x_wconf 92' lang='lat' dir='ltr'><strong>nos</strong></span> <span class='ocrx_word' id='word_1_404' title='bbox 2772 2072 2949 2122; x_wconf 88' lang='lat' dir='ltr'><strong>morte</strong></span> <span class='ocrx_word' id='word_1_405' title='bbox 2962 2064 3233 2129; x_wconf 83' lang='lat' dir='ltr'><strong>liberavit,</strong></span> <span class='ocrx_word' id='word_1_406' title='bbox 3245 2061 3498 2145; x_wconf 70' lang='lat' dir='ltr'><strong>primitiw</strong></span> 
     </span>
    </p>
   </div>
   <div class='ocr_carea' id='block_1_53' title="bbox 1901 2140 3495 2229">
    <p class='ocr_par' dir='ltr' id='par_1_53' title="bbox 1901 2140 3495 2229">
     <span class='ocr_line' id='line_1_53' title="bbox 1901 2140 3495 2229; baseline -0.003 -19"><span class='ocrx_word' id='word_1_407' title='bbox 1901 2156 2281 2212; x_wconf 73' lang='lat' dir='ltr'><strong>dormientium</strong></span> <span class='ocrx_word' id='word_1_408' title='bbox 2293 2158 2471 2228; x_wconf 73' lang='lat' dir='ltr'><strong>[actus</strong></span> <span class='ocrx_word' id='word_1_409' title='bbox 2480 2197 2497 2223; x_wconf 93' lang='lat'><strong>,</strong></span> <span class='ocrx_word' id='word_1_410' title='bbox 2515 2174 2580 2214; x_wconf 83' lang='lat' dir='ltr'><strong>ac</strong></span> <span class='ocrx_word' id='word_1_411' title='bbox 2596 2157 2893 2229; x_wconf 79' lang='lat' dir='ltr'><strong>primogeni</strong></span> <span class='ocrx_word' id='word_1_412' title='bbox 2898 2167 2978 2210; x_wconf 80' lang='lat' dir='ltr'><strong>tus</strong></span> <span class='ocrx_word' id='word_1_413' title='bbox 2990 2170 3266 2225; x_wconf 75' lang='lat' dir='ltr'><strong>resurgens</strong></span> <span class='ocrx_word' id='word_1_414' title='bbox 3275 2140 3495 2207; x_wconf 54' lang='lat' dir='ltr'><strong>enimer-</strong></span> 
     </span>
    </p>
   </div>
   <div class='ocr_carea' id='block_1_54' title="bbox 1902 2245 3494 2317">
    <p class='ocr_par' dir='ltr' id='par_1_54' title="bbox 1902 2245 3494 2317">
     <span class='ocr_line' id='line_1_54' title="bbox 1902 2245 3494 2317; baseline -0.002 -14"><span class='ocrx_word' id='word_1_415' title='bbox 1902 2249 2030 2313; x_wconf 80' lang='lat' dir='ltr'><strong>tuis.</strong></span> <span class='ocrx_word' id='word_1_416' title='bbox 2057 2251 2435 2305; x_wconf 82' lang='lat' dir='ltr'><strong>consuscitavit</strong></span> <span class='ocrx_word' id='word_1_417' title='bbox 2462 2260 2514 2306; x_wconf 83' lang='lat' dir='ltr'><strong>et</strong></span> <span class='ocrx_word' id='word_1_418' title='bbox 2544 2249 2823 2305; x_wconf 79' lang='lat' dir='ltr'><strong>consedere</strong></span> <span class='ocrx_word' id='word_1_419' title='bbox 2843 2266 2937 2304; x_wconf 85' lang='lat' dir='ltr'><strong>nos</strong></span> <span class='ocrx_word' id='word_1_420' title='bbox 2958 2249 3083 2317; x_wconf 77' lang='lat' dir='ltr'><strong>fecit</strong></span> <span class='ocrx_word' id='word_1_421' title='bbox 3109 2249 3164 2301; x_wconf 86' lang='lat' dir='ltr'><strong>in</strong></span> <span class='ocrx_word' id='word_1_422' title='bbox 3195 2245 3494 2301; x_wconf 70' lang='lat' dir='ltr'><strong>cmlestibus</strong></span> 
     </span>
    </p>
   </div>
   <div class='ocr_carea' id='block_1_55' title="bbox 1911 2318 3512 2397">
    <p class='ocr_par' dir='ltr' id='par_1_55' title="bbox 1911 2318 3512 2397">
     <span class='ocr_line' id='line_1_55' title="bbox 1911 2318 3512 2397; baseline 0.006 -23"><span class='ocrx_word' id='word_1_423' title='bbox 1911 2319 1966 2390; x_wconf 87' lang='grc' dir='ltr'><strong>(Ι</strong></span> <span class='ocrx_word' id='word_1_424' title='bbox 1991 2319 2116 2377; x_wconf 84' lang='lat' dir='ltr'><strong>Cor.</strong></span> <span class='ocrx_word' id='word_1_425' title='bbox 2141 2336 2249 2388; x_wconf 77' lang='lat' dir='ltr'><strong>xv;</strong></span> <span class='ocrx_word' id='word_1_426' title='bbox 2280 2318 2481 2376; x_wconf 83' lang='lat' dir='ltr'><strong>Coloss.</strong></span> <span class='ocrx_word' id='word_1_427' title='bbox 2508 2337 2556 2387; x_wconf 75' lang='grc' dir='ltr'><strong>ις</strong></span> <span class='ocrx_word' id='word_1_428' title='bbox 2588 2322 2786 2394; x_wconf 77' lang='lat' dir='ltr'><strong>Ephes.</strong></span> <span class='ocrx_word' id='word_1_429' title='bbox 2813 2322 2872 2397; x_wconf 88' lang='grc' dir='ltr'><strong>ιι)</strong></span> <span class='ocrx_word' id='word_1_430' title='bbox 2899 2342 2913 2378; x_wconf 90' lang='lat'><strong>:</strong></span> <span class='ocrx_word' id='word_1_431' title='bbox 2937 2326 3392 2395; x_wconf 89' lang='lat' dir='ltr'><strong>quemadmodum</strong></span> <span class='ocrx_word' id='word_1_432' title='bbox 3416 2340 3512 2383; x_wconf 73' lang='lat' dir='ltr'><strong>nos</strong></span> 
     </span>
    </p>
   </div>
   <div class='ocr_carea' id='block_1_56' title="bbox 1913 2410 3514 2488">
    <p class='ocr_par' dir='ltr' id='par_1_56' title="bbox 1913 2410 3514 2488">
     <span class='ocr_line' id='line_1_56' title="bbox 1913 2410 3514 2488; baseline 0.004 -21"><span class='ocrx_word' id='word_1_433' title='bbox 1913 2410 2075 2468; x_wconf 91' lang='lat' dir='ltr'><strong>docet</strong></span> <span class='ocrx_word' id='word_1_434' title='bbox 2109 2411 2329 2468; x_wconf 88' lang='lat' dir='ltr'><strong>traditio</strong></span> <span class='ocrx_word' id='word_1_435' title='bbox 2366 2412 2690 2483; x_wconf 85' lang='lat' dir='ltr'><strong>apostolica.</strong></span> <span class='ocrx_word' id='word_1_436' title='bbox 2736 2412 2992 2482; x_wconf 84' lang='lat' dir='ltr'><strong>Quamvis</strong></span> <span class='ocrx_word' id='word_1_437' title='bbox 3021 2416 3166 2473; x_wconf 93' lang='lat' dir='ltr'><strong>enim</strong></span> <span class='ocrx_word' id='word_1_438' title='bbox 3193 2432 3224 2471; x_wconf 90' lang='lat' dir='ltr'><strong>a</strong></span> <span class='ocrx_word' id='word_1_439' title='bbox 3250 2416 3514 2488; x_wconf 89' lang='lat' dir='ltr'><strong>principio</strong></span> 
     </span>
    </p>
   </div>
   <div class='ocr_carea' id='block_1_57' title="bbox 1916 2505 3514 2581">
    <p class='ocr_par' dir='ltr' id='par_1_57' title="bbox 1916 2505 3514 2581">
     <span class='ocr_line' id='line_1_57' title="bbox 1916 2505 3514 2581; baseline 0.003 -20"><span class='ocrx_word' id='word_1_440' title='bbox 1916 2505 2155 2561; x_wconf 89' lang='lat' dir='ltr'><strong>humana</strong></span> <span class='ocrx_word' id='word_1_441' title='bbox 2181 2514 2373 2561; x_wconf 88' lang='lat' dir='ltr'><strong>natura</strong></span> <span class='ocrx_word' id='word_1_442' title='bbox 2403 2514 2627 2578; x_wconf 86' lang='lat' dir='ltr'><strong>propter</strong></span> <span class='ocrx_word' id='word_1_443' title='bbox 2655 2507 3073 2564; x_wconf 85' lang='lat' dir='ltr'><strong>inobedientiam</strong></span> <span class='ocrx_word' id='word_1_444' title='bbox 3114 2510 3322 2581; x_wconf 88' lang='lat' dir='ltr'><strong>privata</strong></span> <span class='ocrx_word' id='word_1_445' title='bbox 3352 2526 3514 2581; x_wconf 88' lang='lat' dir='ltr'><strong>para-</strong></span> 
     </span>
    </p>
   </div>
   <div class='ocr_carea' id='block_1_58' title="bbox 1915 2596 3516 2670">
    <p class='ocr_par' dir='ltr' id='par_1_58' title="bbox 1915 2596 3516 2670">
     <span class='ocr_line' id='line_1_58' title="bbox 1915 2596 3516 2670; baseline 0.001 -16"><span class='ocrx_word' id='word_1_446' title='bbox 1915 2596 2035 2654; x_wconf 91' lang='lat' dir='ltr'><strong>diso</strong></span> <span class='ocrx_word' id='word_1_447' title='bbox 2057 2605 2141 2653; x_wconf 89' lang='lat' dir='ltr'><strong>est</strong></span> <span class='ocrx_word' id='word_1_448' title='bbox 2170 2615 2184 2651; x_wconf 90' lang='lat'><strong>:</strong></span> <span class='ocrx_word' id='word_1_449' title='bbox 2215 2604 2419 2665; x_wconf 90' lang='lat' dir='ltr'><strong>tamen,</strong></span> <span class='ocrx_word' id='word_1_450' title='bbox 2450 2605 2509 2652; x_wconf 92' lang='lat' dir='ltr'><strong>ut</strong></span> <span class='ocrx_word' id='word_1_451' title='bbox 2529 2605 2613 2653; x_wconf 89' lang='lat' dir='ltr'><strong>est</strong></span> <span class='ocrx_word' id='word_1_452' title='bbox 2632 2597 2854 2663; x_wconf 89' lang='lat' dir='ltr'><strong>dictum,</strong></span> <span class='ocrx_word' id='word_1_453' title='bbox 2882 2598 3190 2670; x_wconf 85' lang='lat' dir='ltr'><strong>Unigenitus</strong></span> <span class='ocrx_word' id='word_1_454' title='bbox 3219 2598 3318 2655; x_wconf 85' lang='lat' dir='ltr'><strong>Dei</strong></span> <span class='ocrx_word' id='word_1_455' title='bbox 3348 2599 3516 2655; x_wconf 82' lang='lat' dir='ltr'><strong>Filius</strong></span> 
     </span>
    </p>
   </div>
   <div class='ocr_carea' id='block_1_59' title="bbox 1918 2689 3517 2765">
    <p class='ocr_par' dir='ltr' id='par_1_59' title="bbox 1918 2689 3517 2765">
     <span class='ocr_line' id='line_1_59' title="bbox 1918 2689 3517 2765; baseline 0.003 -22"><span class='ocrx_word' id='word_1_456' title='bbox 1918 2698 2128 2760; x_wconf 82' lang='lat' dir='ltr'><strong>propter</strong></span> <span class='ocrx_word' id='word_1_457' title='bbox 2178 2689 2395 2744; x_wconf 81' lang='lat' dir='ltr'><strong>multam</strong></span> <span class='ocrx_word' id='word_1_458' title='bbox 2449 2689 2758 2745; x_wconf 83' lang='lat' dir='ltr'><strong>charitatem</strong></span> <span class='ocrx_word' id='word_1_459' title='bbox 2813 2705 2963 2747; x_wconf 83' lang='lat' dir='ltr'><strong>suam</strong></span> <span class='ocrx_word' id='word_1_460' title='bbox 3007 2708 3110 2765; x_wconf 84' lang='lat' dir='ltr'><strong>qua</strong></span> <span class='ocrx_word' id='word_1_461' title='bbox 3177 2691 3362 2747; x_wconf 68' lang='lat' dir='ltr'><strong>dilexit</strong></span> <span class='ocrx_word' id='word_1_462' title='bbox 3422 2708 3517 2749; x_wconf 78' lang='lat' dir='ltr'><strong>nos</strong></span> 
     </span>
    </p>
   </div>
   <div class='ocr_carea' id='block_1_60' title="bbox 1920 2775 3518 2852">
    <p class='ocr_par' dir='ltr' id='par_1_60' title="bbox 1920 2775 3518 2852">
     <span class='ocr_line' id='line_1_60' title="bbox 1920 2775 3518 2852; baseline 0.004 -18"><span class='ocrx_word' id='word_1_463' title='bbox 1920 2775 2140 2852; x_wconf 84' lang='lat' dir='ltr'><strong>(Ephes.</strong></span> <span class='ocrx_word' id='word_1_464' title='bbox 2172 2778 2271 2852; x_wconf 87' lang='grc' dir='ltr'><strong>ιι),</strong></span> <span class='ocrx_word' id='word_1_465' title='bbox 2320 2787 2570 2836; x_wconf 90' lang='lat' dir='ltr'><strong>naturam</strong></span> <span class='ocrx_word' id='word_1_466' title='bbox 2617 2790 2858 2837; x_wconf 88' lang='lat' dir='ltr'><strong>nostram</strong></span> <span class='ocrx_word' id='word_1_467' title='bbox 2905 2782 3007 2838; x_wconf 88' lang='lat' dir='ltr'><strong>sibi</strong></span> <span class='ocrx_word' id='word_1_468' title='bbox 3056 2784 3249 2841; x_wconf 87' lang='lat' dir='ltr'><strong>unicus</strong></span> <span class='ocrx_word' id='word_1_469' title='bbox 3291 2783 3518 2840; x_wconf 87' lang='lat' dir='ltr'><strong>indivise</strong></span> 
     </span>
    </p>
   </div>
   <div class='ocr_carea' id='block_1_61' title="bbox 1919 2872 3518 2946">
    <p class='ocr_par' dir='ltr' id='par_1_61' title="bbox 1919 2872 3518 2946">
     <span class='ocr_line' id='line_1_61' title="bbox 1919 2872 3518 2946; baseline 0.003 -19"><span class='ocrx_word' id='word_1_470' title='bbox 1919 2872 2218 2928; x_wconf 88' lang='lat' dir='ltr'><strong>secundum</strong></span> <span class='ocrx_word' id='word_1_471' title='bbox 2258 2872 2664 2929; x_wconf 90' lang='lat' dir='ltr'><strong>subsistentiam</strong></span> <span class='ocrx_word' id='word_1_472' title='bbox 2712 2873 2767 2929; x_wconf 90' lang='lat' dir='ltr'><strong>in</strong></span> <span class='ocrx_word' id='word_1_473' title='bbox 2816 2884 2975 2931; x_wconf 89' lang='lat' dir='ltr'><strong>utero</strong></span> <span class='ocrx_word' id='word_1_474' title='bbox 3026 2885 3228 2932; x_wconf 72' lang='lat' dir='ltr'><strong>sanctae</strong></span> <span class='ocrx_word' id='word_1_475' title='bbox 3268 2877 3518 2946; x_wconf 77' lang='lat' dir='ltr'><strong>gloriosa.-</strong></span> 
     </span>
    </p>
   </div>
   <div class='ocr_carea' id='block_1_62' title="bbox 1921 2961 3520 3036">
    <p class='ocr_par' dir='ltr' id='par_1_62' title="bbox 1921 2961 3520 3036">
     <span class='ocr_line' id='line_1_62' title="bbox 1921 2961 3520 3036; baseline 0.003 -18"><span class='ocrx_word' id='word_1_476' title='bbox 1921 2961 2017 3018; x_wconf 88' lang='lat' dir='ltr'><strong>Dei</strong></span> <span class='ocrx_word' id='word_1_477' title='bbox 2063 2962 2337 3032; x_wconf 77' lang='lat' dir='ltr'><strong>genitricis</strong></span> <span class='ocrx_word' id='word_1_478' title='bbox 2376 2978 2592 3036; x_wconf 89' lang='lat' dir='ltr'><strong>semper</strong></span> <span class='ocrx_word' id='word_1_479' title='bbox 2637 2965 2853 3035; x_wconf 90' lang='lat' dir='ltr'><strong>virginis</strong></span> <span class='ocrx_word' id='word_1_480' title='bbox 2894 2964 3113 3034; x_wconf 66' lang='lat' dir='ltr'><strong>Mariaa,</strong></span> <span class='ocrx_word' id='word_1_481' title='bbox 3162 2966 3354 3036; x_wconf 86' lang='lat' dir='ltr'><strong>majori</strong></span> <span class='ocrx_word' id='word_1_482' title='bbox 3419 2982 3520 3023; x_wconf 87' lang='lat' dir='ltr'><strong>nos</strong></span> 
     </span>
    </p>
   </div>
   <div class='ocr_carea' id='block_1_63' title="bbox 1921 3052 3516 3126">
    <p class='ocr_par' dir='ltr' id='par_1_63' title="bbox 1921 3052 3516 3126">
     <span class='ocr_line' id='line_1_63' title="bbox 1921 3052 3516 3126; baseline 0.003 -18"><span class='ocrx_word' id='word_1_483' title='bbox 1921 3052 2171 3123; x_wconf 87' lang='lat' dir='ltr'><strong>dignatus</strong></span> <span class='ocrx_word' id='word_1_484' title='bbox 2197 3062 2281 3109; x_wconf 91' lang='lat' dir='ltr'><strong>est</strong></span> <span class='ocrx_word' id='word_1_485' title='bbox 2305 3054 2507 3123; x_wconf 81' lang='lat' dir='ltr'><strong>gratia,</strong></span> <span class='ocrx_word' id='word_1_486' title='bbox 2538 3054 2750 3112; x_wconf 87' lang='lat' dir='ltr'><strong>donans</strong></span> <span class='ocrx_word' id='word_1_487' title='bbox 2787 3056 2945 3111; x_wconf 89' lang='lat' dir='ltr'><strong>nobis</strong></span> <span class='ocrx_word' id='word_1_488' title='bbox 2980 3070 3203 3126; x_wconf 85' lang='lat' dir='ltr'><strong>regnum</strong></span> <span class='ocrx_word' id='word_1_489' title='bbox 3233 3057 3516 3113; x_wconf 79' lang='lat' dir='ltr'><strong>cmlorum.</strong></span> 
     </span>
    </p>
   </div>
   <div class='ocr_carea' id='block_1_64' title="bbox 220 3143 1817 3233">
    <p class='ocr_par' dir='ltr' id='par_1_64' title="bbox 220 3153 1817 3233">
     <span class='ocr_line' id='line_1_64' title="bbox 220 3153 1817 3233; baseline 0.003 -25"><span class='ocrx_word' id='word_1_490' title='bbox 220 3153 269 3208; x_wconf 72' lang='grc' dir='ltr'><strong>ἕν</strong></span> <span class='ocrx_word' id='word_1_491' title='bbox 301 3154 538 3230; x_wconf 77' lang='grc' dir='ltr'><strong>οὐρανοῖς</strong></span> <span class='ocrx_word' id='word_1_492' title='bbox 575 3153 845 3225; x_wconf 81' lang='grc' dir='ltr'><strong>βασιλείαν</strong></span> <span class='ocrx_word' id='word_1_493' title='bbox 881 3157 998 3226; x_wconf 76' lang='grc' dir='ltr'><strong>ἡμῖν</strong></span> <span class='ocrx_word' id='word_1_494' title='bbox 1039 3157 1413 3233; x_wconf 80' lang='grc' dir='ltr'><strong>χαρισάμενος.</strong></span> <span class='ocrx_word' id='word_1_495' title='bbox 1462 3165 1728 3232; x_wconf 78' lang='grc' dir='ltr'><strong>Μαρτυρεῖ</strong></span> <span class='ocrx_word' id='word_1_496' title='bbox 1764 3154 1817 3213; x_wconf 75' lang='grc' dir='ltr'><strong>δι</strong></span> 
     </span>
    </p>
   </div>
   <div class='ocr_carea' id='block_1_65' title="bbox 1917 3143 3520 3233">
    <p class='ocr_par' dir='ltr' id='par_1_65' title="bbox 1922 3143 3520 3216">
     <span class='ocr_line' id='line_1_65' title="bbox 1922 3143 3520 3216; baseline 0.004 -18"><span class='ocrx_word' id='word_1_497' title='bbox 1922 3143 2097 3215; x_wconf 84' lang='lat' dir='ltr'><strong>Atque</strong></span> <span class='ocrx_word' id='word_1_498' title='bbox 2118 3143 2203 3199; x_wconf 89' lang='lat' dir='ltr'><strong>his</strong></span> <span class='ocrx_word' id='word_1_499' title='bbox 2224 3144 2590 3201; x_wconf 89' lang='lat' dir='ltr'><strong>testimonium</strong></span> <span class='ocrx_word' id='word_1_500' title='bbox 2614 3146 2861 3216; x_wconf 90' lang='lat' dir='ltr'><strong>perhibet</strong></span> <span class='ocrx_word' id='word_1_501' title='bbox 2880 3158 3100 3203; x_wconf 90' lang='lat' dir='ltr'><strong>sanctus</strong></span> <span class='ocrx_word' id='word_1_502' title='bbox 3119 3146 3357 3204; x_wconf 80' lang='lat' dir='ltr'><strong>Joannes</strong></span> <span class='ocrx_word' id='word_1_503' title='bbox 3377 3146 3520 3204; x_wconf 89' lang='lat' dir='ltr'><strong>Con-</strong></span> 
     </span>
    </p>
   </div>
   <div class='ocr_carea' id='block_1_66' title="bbox 220 3244 1822 3320">
    <p class='ocr_par' dir='ltr' id='par_1_66' title="bbox 220 3244 1822 3320">
     <span class='ocr_line' id='line_1_66' title="bbox 220 3244 1822 3320; baseline -0.001 -19"><span class='ocrx_word' id='word_1_504' title='bbox 220 3246 407 3307; x_wconf 81' lang='grc' dir='ltr'><strong>τούτοις</strong></span> <span class='ocrx_word' id='word_1_505' title='bbox 436 3247 525 3301; x_wconf 72' lang='grc' dir='ltr'><strong>τιαὲ</strong></span> <span class='ocrx_word' id='word_1_506' title='bbox 564 3244 593 3301; x_wconf 89' lang='grc' dir='ltr'><strong>ό</strong></span> <span class='ocrx_word' id='word_1_507' title='bbox 629 3246 682 3300; x_wconf 77' lang='grc' dir='ltr'><strong>ἕν</strong></span> <span class='ocrx_word' id='word_1_508' title='bbox 711 3244 880 3320; x_wconf 75' lang='grc' dir='ltr'><strong>ἁγίοις</strong></span> <span class='ocrx_word' id='word_1_509' title='bbox 910 3245 1138 3307; x_wconf 80' lang='grc' dir='ltr'><strong>Ἰωάννης</strong></span> <span class='ocrx_word' id='word_1_510' title='bbox 1173 3245 1200 3301; x_wconf 89' lang='lat'><strong>6</strong></span> <span class='ocrx_word' id='word_1_511' title='bbox 1242 3247 1822 3308; x_wconf 72' lang='grc' dir='ltr'><strong>Κωνσταντινουπόλεως</strong></span> 
     </span>
    </p>
   </div>
   <div class='ocr_carea' id='block_1_67' title="bbox 222 3336 1821 3413">
    <p class='ocr_par' dir='ltr' id='par_1_67' title="bbox 222 3336 1821 3413">
     <span class='ocr_line' id='line_1_67' title="bbox 222 3336 1821 3413; baseline -0.002 -20"><span class='ocrx_word' id='word_1_512' title='bbox 222 3339 551 3413; x_wconf 71' lang='grc' dir='ltr'><strong>πατριάρχης</strong></span> <span class='ocrx_word' id='word_1_513' title='bbox 585 3338 635 3391; x_wconf 79' lang='grc' dir='ltr'><strong>ἒν</strong></span> <span class='ocrx_word' id='word_1_514' title='bbox 660 3345 733 3407; x_wconf 81' lang='grc' dir='ltr'><strong>τῷ</strong></span> <span class='ocrx_word' id='word_1_515' title='bbox 766 3336 894 3411; x_wconf 85' lang='grc' dir='ltr'><strong>λόγῳ</strong></span> <span class='ocrx_word' id='word_1_516' title='bbox 930 3345 1003 3409; x_wconf 85' lang='grc' dir='ltr'><strong>τῷ</strong></span> <span class='ocrx_word' id='word_1_517' title='bbox 1031 3341 1105 3399; x_wconf 86' lang='grc' dir='ltr'><strong>εἰς</strong></span> <span class='ocrx_word' id='word_1_518' title='bbox 1126 3342 1216 3397; x_wconf 72' lang='grc' dir='ltr'><strong>τὴν</strong></span> <span class='ocrx_word' id='word_1_519' title='bbox 1252 3337 1526 3408; x_wconf 60' lang='grc' dir='ltr'><strong>ἀνάληψιν,</strong></span> <span class='ocrx_word' id='word_1_520' title='bbox 1557 3336 1712 3413; x_wconf 78' lang='grc' dir='ltr'><strong>λέγων</strong></span> <span class='ocrx_word' id='word_1_521' title='bbox 1740 3337 1821 3392; x_wconf 71' lang='grc' dir='ltr'><strong>οὗ·</strong></span> 
     </span>
    </p>
   </div>
   <div class='ocr_carea' id='block_1_68' title="bbox 223 3432 1822 3505">
    <p class='ocr_par' dir='ltr' id='par_1_68' title="bbox 223 3432 1822 3505">
     <span class='ocr_line' id='line_1_68' title="bbox 223 3432 1822 3505; baseline -0.001 -19"><span class='ocrx_word' id='word_1_522' title='bbox 223 3447 336 3492; x_wconf 83' lang='grc' dir='ltr'><strong>τως·</strong></span> <span class='ocrx_word' id='word_1_523' title='bbox 360 3448 378 3482; x_wconf 85' lang='grc' dir='ltr'><strong><em>ε</em></strong></span> <span class='ocrx_word' id='word_1_524' title='bbox 397 3432 551 3503; x_wconf 74' lang='grc' dir='ltr'><strong>ἡμεῖς</strong></span> <span class='ocrx_word' id='word_1_525' title='bbox 579 3432 628 3486; x_wconf 75' lang='grc' dir='ltr'><strong>οἱ</strong></span> <span class='ocrx_word' id='word_1_526' title='bbox 653 3439 746 3492; x_wconf 75' lang='grc' dir='ltr'><strong>τῆς</strong></span> <span class='ocrx_word' id='word_1_527' title='bbox 770 3438 863 3504; x_wconf 80' lang='grc' dir='ltr'><strong>γῆς</strong></span> <span class='ocrx_word' id='word_1_528' title='bbox 887 3432 1081 3497; x_wconf 78' lang='grc' dir='ltr'><strong>ἀνάξιοι</strong></span> <span class='ocrx_word' id='word_1_529' title='bbox 1107 3432 1359 3505; x_wconf 78' lang='grc' dir='ltr'><strong>φανέντες.</strong></span> <span class='ocrx_word' id='word_1_530' title='bbox 1382 3436 1603 3505; x_wconf 77' lang='grc' dir='ltr'><strong>σήμερον</strong></span> <span class='ocrx_word' id='word_1_531' title='bbox 1633 3436 1707 3493; x_wconf 83' lang='grc' dir='ltr'><strong>εἰς</strong></span> <span class='ocrx_word' id='word_1_532' title='bbox 1736 3432 1822 3488; x_wconf 81' lang='grc' dir='ltr'><strong>τόν</strong></span> 
     </span>
    </p>
   </div>
   <div class='ocr_carea' id='block_1_69' title="bbox 222 3519 1820 3598">
    <p class='ocr_par' dir='ltr' id='par_1_69' title="bbox 222 3519 1820 3598">
     <span class='ocr_line' id='line_1_69' title="bbox 222 3519 1820 3598; baseline 0.001 -22"><span class='ocrx_word' id='word_1_533' title='bbox 222 3522 422 3598; x_wconf 74' lang='grc' dir='ltr'><strong>οὐρανόν</strong></span> <span class='ocrx_word' id='word_1_534' title='bbox 470 3523 805 3594; x_wconf 70' lang='grc' dir='ltr'><strong>ἀνήχθημεν·</strong></span> <span class='ocrx_word' id='word_1_535' title='bbox 853 3523 901 3577; x_wconf 80' lang='grc' dir='ltr'><strong>οἱ</strong></span> <span class='ocrx_word' id='word_1_536' title='bbox 957 3522 1088 3595; x_wconf 69' lang='grc' dir='ltr'><strong>μηδὲ</strong></span> <span class='ocrx_word' id='word_1_537' title='bbox 1134 3532 1227 3586; x_wconf 79' lang='grc' dir='ltr'><strong>τῆς</strong></span> <span class='ocrx_word' id='word_1_538' title='bbox 1272 3525 1408 3579; x_wconf 76' lang='grc' dir='ltr'><strong>κάτω</strong></span> <span class='ocrx_word' id='word_1_539' title='bbox 1458 3526 1631 3598; x_wconf 75' lang='grc' dir='ltr'><strong>ἀρχῆς</strong></span> <span class='ocrx_word' id='word_1_540' title='bbox 1679 3519 1820 3585; x_wconf 78' lang='grc' dir='ltr'><strong>ὄντες</strong></span> 
     </span>
    </p>
   </div>
   <div class='ocr_carea' id='block_1_70' title="bbox 222 3610 1820 3690">
    <p class='ocr_par' dir='ltr' id='par_1_70' title="bbox 222 3610 1820 3690">
     <span class='ocr_line' id='line_1_70' title="bbox 222 3610 1820 3690; baseline -0.001 -21"><span class='ocrx_word' id='word_1_541' title='bbox 222 3610 365 3680; x_wconf 75' lang='grc' dir='ltr'><strong>ἄξιοι,</strong></span> <span class='ocrx_word' id='word_1_542' title='bbox 393 3615 526 3690; x_wconf 84' lang='grc' dir='ltr'><strong>πρός</strong></span> <span class='ocrx_word' id='word_1_543' title='bbox 554 3619 652 3675; x_wconf 77' lang='grc' dir='ltr'><strong>τήν</strong></span> <span class='ocrx_word' id='word_1_544' title='bbox 673 3614 939 3687; x_wconf 84' lang='grc' dir='ltr'><strong>βασιλείαν</strong></span> <span class='ocrx_word' id='word_1_545' title='bbox 965 3614 1215 3688; x_wconf 82' lang='grc' dir='ltr'><strong>άνίϐημεν</strong></span> <span class='ocrx_word' id='word_1_546' title='bbox 1234 3623 1326 3676; x_wconf 74' lang='grc' dir='ltr'><strong>τήν</strong></span> <span class='ocrx_word' id='word_1_547' title='bbox 1348 3613 1472 3680; x_wconf 70' lang='grc' dir='ltr'><strong>ὕνιν»,</strong></span> <span class='ocrx_word' id='word_1_548' title='bbox 1501 3615 1820 3690; x_wconf 64' lang='grc' dir='ltr'><strong>ὑπερέϐημεν</strong></span> 
     </span>
    </p>
   </div>
   <div class='ocr_carea' id='block_1_71' title="bbox 225 3698 1823 3778">
    <p class='ocr_par' dir='ltr' id='par_1_71' title="bbox 225 3698 1823 3778">
     <span class='ocr_line' id='line_1_71' title="bbox 225 3698 1823 3778; baseline 0.008 -26"><span class='ocrx_word' id='word_1_549' title='bbox 225 3698 337 3757; x_wconf 83' lang='grc' dir='ltr'><strong>τούς</strong></span> <span class='ocrx_word' id='word_1_550' title='bbox 353 3698 632 3771; x_wconf 78' lang='grc' dir='ltr'><strong>οὐρανοὺς,</strong></span> <span class='ocrx_word' id='word_1_551' title='bbox 646 3701 999 3774; x_wconf 68' lang='grc' dir='ltr'><strong>ἐπελαϐόμεθα</strong></span> <span class='ocrx_word' id='word_1_552' title='bbox 1012 3711 1103 3759; x_wconf 87' lang='grc' dir='ltr'><strong>τοῦ</strong></span> <span class='ocrx_word' id='word_1_553' title='bbox 1115 3706 1294 3777; x_wconf 85' lang='grc' dir='ltr'><strong>θρόνου</strong></span> <span class='ocrx_word' id='word_1_554' title='bbox 1310 3714 1403 3762; x_wconf 87' lang='grc' dir='ltr'><strong>τοῦ</strong></span> <span class='ocrx_word' id='word_1_555' title='bbox 1422 3708 1714 3778; x_wconf 70' lang='grc' dir='ltr'><strong>βασιλικοῶ</strong></span> <span class='ocrx_word' id='word_1_556' title='bbox 1737 3710 1823 3764; x_wconf 81' lang='grc' dir='ltr'><strong>καί</strong></span> 
     </span>
    </p>
   </div>
   <div class='ocr_carea' id='block_1_72' title="bbox 224 3791 1822 3874">
    <p class='ocr_par' dir='ltr' id='par_1_72' title="bbox 224 3791 1822 3874">
     <span class='ocr_line' id='line_1_72' title="bbox 224 3791 1822 3874; baseline 0.009 -28"><span class='ocrx_word' id='word_1_557' title='bbox 224 3791 428 3863; x_wconf 69' lang='grc' dir='ltr'><strong>ἡφύσις,</strong></span> <span class='ocrx_word' id='word_1_558' title='bbox 441 3791 510 3849; x_wconf 72' lang='grc' dir='ltr'><strong>δι’</strong></span> <span class='ocrx_word' id='word_1_559' title='bbox 530 3795 595 3854; x_wconf 82' lang='grc' dir='ltr'><strong>ἢν</strong></span> <span class='ocrx_word' id='word_1_560' title='bbox 614 3794 857 3866; x_wconf 77' lang='grc' dir='ltr'><strong>ἐφύλαττε</strong></span> <span class='ocrx_word' id='word_1_561' title='bbox 874 3798 959 3852; x_wconf 84' lang='grc' dir='ltr'><strong>τόν</strong></span> <span class='ocrx_word' id='word_1_562' title='bbox 980 3794 1297 3868; x_wconf 80' lang='grc' dir='ltr'><strong>παράδεισον</strong></span> <span class='ocrx_word' id='word_1_563' title='bbox 1313 3801 1380 3855; x_wconf 90' lang='grc' dir='ltr'><strong>τά</strong></span> <span class='ocrx_word' id='word_1_564' title='bbox 1397 3801 1673 3874; x_wconf 78' lang='grc' dir='ltr'><strong>Χερουϐὶμ,</strong></span> <span class='ocrx_word' id='word_1_565' title='bbox 1691 3802 1822 3861; x_wconf 74' lang='grc' dir='ltr'><strong>αύτὴ</strong></span> 
     </span>
    </p>
   </div>
   <div class='ocr_carea' id='block_1_73' title="bbox 222 3884 1822 3966">
    <p class='ocr_par' dir='ltr' id='par_1_73' title="bbox 222 3884 1822 3966">
     <span class='ocr_line' id='line_1_73' title="bbox 222 3884 1822 3966; baseline 0.009 -29"><span class='ocrx_word' id='word_1_566' title='bbox 222 3884 384 3941; x_wconf 68' lang='grc' dir='ltr'><strong>ἐπάνω</strong></span> <span class='ocrx_word' id='word_1_567' title='bbox 417 3895 519 3943; x_wconf 82' lang='grc' dir='ltr'><strong>τῶν</strong></span> <span class='ocrx_word' id='word_1_568' title='bbox 552 3889 821 3960; x_wconf 73' lang='grc' dir='ltr'><strong>Χερουϐὶμ.</strong></span> <span class='ocrx_word' id='word_1_569' title='bbox 856 3892 1069 3952; x_wconf 80' lang='grc' dir='ltr'><strong>κάθηται</strong></span> <span class='ocrx_word' id='word_1_570' title='bbox 1096 3897 1341 3966; x_wconf 64' lang='grc' dir='ltr'><strong>σήμερον.</strong></span> <span class='ocrx_word' id='word_1_571' title='bbox 1386 3912 1406 3946; x_wconf 72' lang='grc' dir='ltr'><strong>ε</strong></span> <span class='ocrx_word' id='word_1_572' title='bbox 1439 3892 1822 3951; x_wconf 80' lang='grc' dir='ltr'><strong>’Δποδέδεικται</strong></span> 
     </span>
    </p>
   </div>
   <div class='ocr_carea' id='block_1_74' title="bbox 221 3971 1824 4057">
    <p class='ocr_par' dir='ltr' id='par_1_74' title="bbox 221 3971 1824 4057">
     <span class='ocr_line' id='line_1_74' title="bbox 221 3971 1824 4057; baseline 0.002 -25"><span class='ocrx_word' id='word_1_573' title='bbox 221 3980 379 4032; x_wconf 81' lang='grc' dir='ltr'><strong>τοίνυν</strong></span> <span class='ocrx_word' id='word_1_574' title='bbox 408 3976 489 4035; x_wconf 84' lang='grc' dir='ltr'><strong>ότι</strong></span> <span class='ocrx_word' id='word_1_575' title='bbox 527 3980 638 4050; x_wconf 84' lang='grc' dir='ltr'><strong>οὐχ</strong></span> <span class='ocrx_word' id='word_1_576' title='bbox 662 3981 731 4041; x_wconf 85' lang='grc' dir='ltr'><strong>ὡς</strong></span> <span class='ocrx_word' id='word_1_577' title='bbox 762 3980 1022 4055; x_wconf 79' lang='grc' dir='ltr'><strong>Ὡριγένης</strong></span> <span class='ocrx_word' id='word_1_578' title='bbox 1048 3971 1219 4057; x_wconf 52' lang='grc' dir='ltr'><strong>ληρεῖ,</strong></span> <span class='ocrx_word' id='word_1_579' title='bbox 1235 3980 1286 4035; x_wconf 71' lang='lat' dir='ltr'><strong>iv</strong></span> <span class='ocrx_word' id='word_1_580' title='bbox 1311 3979 1547 4055; x_wconf 79' lang='grc' dir='ltr'><strong>οὐρανοῖς</strong></span> <span class='ocrx_word' id='word_1_581' title='bbox 1570 3980 1621 4034; x_wconf 83' lang='grc' dir='ltr'><strong>αἱ</strong></span> <span class='ocrx_word' id='word_1_582' title='bbox 1643 3980 1824 4052; x_wconf 73' lang='grc' dir='ltr'><strong>ψυχαί</strong></span> 
     </span>
    </p>
   </div>
   <div class='ocr_carea' id='block_1_75' title="bbox 220 4068 1823 4146">
    <p class='ocr_par' dir='ltr' id='par_1_75' title="bbox 220 4068 1823 4146">
     <span class='ocr_line' id='line_1_75' title="bbox 220 4068 1823 4146; baseline 0.003 -25"><span class='ocrx_word' id='word_1_583' title='bbox 220 4071 671 4146; x_wconf 70' lang='grc' dir='ltr'><strong>προῦπάρχουσαι</strong></span> <span class='ocrx_word' id='word_1_584' title='bbox 692 4112 704 4128; x_wconf 90' lang='grc'><strong><em>.</em></strong></span> <span class='ocrx_word' id='word_1_585' title='bbox 756 4068 941 4126; x_wconf 70' lang='grc' dir='ltr'><strong>ἒπειτα</strong></span> <span class='ocrx_word' id='word_1_586' title='bbox 980 4068 1357 4146; x_wconf 76' lang='grc' dir='ltr'><strong>ἁμαρτήσασαι</strong></span> <span class='ocrx_word' id='word_1_587' title='bbox 1398 4071 1823 4142; x_wconf 67' lang='grc' dir='ltr'><strong>κατιπέμιφθησαν</strong></span> 
     </span>
    </p>
   </div>
   <div class='ocr_carea' id='block_1_76' title="bbox 219 4158 1821 4237">
    <p class='ocr_par' dir='ltr' id='par_1_76' title="bbox 219 4158 1821 4237">
     <span class='ocr_line' id='line_1_76' title="bbox 219 4158 1821 4237; baseline 0.001 -25"><span class='ocrx_word' id='word_1_588' title='bbox 219 4163 457 4237; x_wconf 82' lang='grc' dir='ltr'><strong>τιμωρίας</strong></span> <span class='ocrx_word' id='word_1_589' title='bbox 505 4164 669 4235; x_wconf 74' lang='grc' dir='ltr'><strong>χάριν</strong></span> <span class='ocrx_word' id='word_1_590' title='bbox 706 4164 781 4220; x_wconf 83' lang='grc' dir='ltr'><strong>εἰς</strong></span> <span class='ocrx_word' id='word_1_591' title='bbox 820 4163 888 4216; x_wconf 84' lang='grc' dir='ltr'><strong>τά</strong></span> <span class='ocrx_word' id='word_1_592' title='bbox 933 4164 1174 4234; x_wconf 78' lang='grc' dir='ltr'><strong>σώματα.</strong></span> <span class='ocrx_word' id='word_1_593' title='bbox 1200 4158 1323 4215; x_wconf 81' lang='grc' dir='ltr'><strong>Ἀλλ’</strong></span> <span class='ocrx_word' id='word_1_594' title='bbox 1360 4162 1415 4217; x_wconf 78' lang='grc' dir='ltr'><strong>ἐκ</strong></span> <span class='ocrx_word' id='word_1_595' title='bbox 1443 4169 1544 4217; x_wconf 87' lang='grc' dir='ltr'><strong>τῶν</strong></span> <span class='ocrx_word' id='word_1_596' title='bbox 1586 4161 1821 4216; x_wconf 74' lang='grc' dir='ltr'><strong>ἐναντίων</strong></span> 
     </span>
    </p>
   </div>
   <div class='ocr_carea' id='block_1_77' title="bbox 220 4250 1818 4329">
    <p class='ocr_par' dir='ltr' id='par_1_77' title="bbox 220 4250 1818 4329">
     <span class='ocr_line' id='line_1_77' title="bbox 220 4250 1818 4329; baseline 0.001 -25"><span class='ocrx_word' id='word_1_597' title='bbox 220 4251 303 4305; x_wconf 72' lang='grc' dir='ltr'><strong>ἐπὶ</strong></span> <span class='ocrx_word' id='word_1_598' title='bbox 344 4261 438 4325; x_wconf 78' lang='grc' dir='ltr'><strong>γῆς</strong></span> <span class='ocrx_word' id='word_1_599' title='bbox 478 4250 918 4328; x_wconf 84' lang='grc' dir='ltr'><strong>δημιουργηθεῖσα</strong></span> <span class='ocrx_word' id='word_1_600' title='bbox 967 4251 1059 4312; x_wconf 80' lang='grc' dir='ltr'><strong>ὅλη</strong></span> <span class='ocrx_word' id='word_1_601' title='bbox 1112 4254 1144 4312; x_wconf 81' lang='lat' dir='ltr'><strong>ri</strong></span> <span class='ocrx_word' id='word_1_602' title='bbox 1195 4258 1287 4308; x_wconf 86' lang='grc' dir='ltr'><strong>τοῦ</strong></span> <span class='ocrx_word' id='word_1_603' title='bbox 1332 4253 1600 4329; x_wconf 76' lang='grc' dir='ltr'><strong>ἀνθρώπου</strong></span> <span class='ocrx_word' id='word_1_604' title='bbox 1640 4254 1818 4324; x_wconf 72' lang='grc' dir='ltr'><strong>φύσις,</strong></span> 
     </span>
    </p>
   </div>
   <div class='ocr_carea' id='block_1_78' title="bbox 220 4342 1820 4418">
    <p class='ocr_par' dir='ltr' id='par_1_78' title="bbox 220 4342 1820 4418">
     <span class='ocr_line' id='line_1_78' title="bbox 220 4342 1820 4418; baseline 0.001 -22"><span class='ocrx_word' id='word_1_605' title='bbox 220 4344 454 4399; x_wconf 77' lang='grc' dir='ltr'><strong>τουτέστι</strong></span> <span class='ocrx_word' id='word_1_606' title='bbox 481 4347 736 4418; x_wconf 80' lang='grc' dir='ltr'><strong>σώματος</strong></span> <span class='ocrx_word' id='word_1_607' title='bbox 762 4347 851 4400; x_wconf 74' lang='grc' dir='ltr'><strong>καί</strong></span> <span class='ocrx_word' id='word_1_608' title='bbox 878 4343 1082 4415; x_wconf 69' lang='grc' dir='ltr'><strong>ψυχῆς,</strong></span> <span class='ocrx_word' id='word_1_609' title='bbox 1111 4342 1194 4399; x_wconf 84' lang='grc' dir='ltr'><strong>διά</strong></span> <span class='ocrx_word' id='word_1_610' title='bbox 1220 4350 1312 4405; x_wconf 77' lang='grc' dir='ltr'><strong>τῆς</strong></span> <span class='ocrx_word' id='word_1_611' title='bbox 1333 4342 1701 4401; x_wconf 77' lang='grc' dir='ltr'><strong>ἐπιϐαλλούσης</strong></span> <span class='ocrx_word' id='word_1_612' title='bbox 1731 4348 1820 4399; x_wconf 89' lang='grc' dir='ltr'><strong>τοῦ</strong></span> 
     </span>
    </p>
   </div>
   <div class='ocr_carea' id='block_1_79' title="bbox 223 4435 1818 4511">
    <p class='ocr_par' dir='ltr' id='par_1_79' title="bbox 223 4435 1818 4511">
     <span class='ocr_line' id='line_1_79' title="bbox 223 4435 1818 4511; baseline 0 -22"><span class='ocrx_word' id='word_1_613' title='bbox 223 4439 346 4509; x_wconf 83' lang='grc' dir='ltr'><strong>Θεοῦ</strong></span> <span class='ocrx_word' id='word_1_614' title='bbox 390 4436 711 4509; x_wconf 79' lang='grc' dir='ltr'><strong>ἆγαθότητος</strong></span> <span class='ocrx_word' id='word_1_615' title='bbox 757 4444 852 4497; x_wconf 74' lang='grc' dir='ltr'><strong>τῆς</strong></span> <span class='ocrx_word' id='word_1_616' title='bbox 903 4437 953 4491; x_wconf 73' lang='grc' dir='ltr'><strong>ἕν</strong></span> <span class='ocrx_word' id='word_1_617' title='bbox 1000 4438 1235 4511; x_wconf 79' lang='grc' dir='ltr'><strong>οὐρανοῖς</strong></span> <span class='ocrx_word' id='word_1_618' title='bbox 1282 4438 1487 4501; x_wconf 75' lang='grc' dir='ltr'><strong>ἠξίωται</strong></span> <span class='ocrx_word' id='word_1_619' title='bbox 1530 4435 1818 4508; x_wconf 77' lang='grc' dir='ltr'><strong>βασιλείας.</strong></span> 
     </span>
    </p>
   </div>
   <div class='ocr_carea' id='block_1_80' title="bbox 1923 3236 3519 3307">
    <p class='ocr_par' dir='ltr' id='par_1_80' title="bbox 1923 3236 3519 3307">
     <span class='ocr_line' id='line_1_80' title="bbox 1923 3236 3519 3307; baseline 0.003 -17"><span class='ocrx_word' id='word_1_620' title='bbox 1923 3236 2354 3307; x_wconf 88' lang='lat' dir='ltr'><strong>stantinopoleos</strong></span> <span class='ocrx_word' id='word_1_621' title='bbox 2381 3237 2685 3307; x_wconf 87' lang='lat' dir='ltr'><strong>patriarcha</strong></span> <span class='ocrx_word' id='word_1_622' title='bbox 2715 3237 2769 3291; x_wconf 90' lang='lat' dir='ltr'><strong>in</strong></span> <span class='ocrx_word' id='word_1_623' title='bbox 2813 3253 3064 3294; x_wconf 87' lang='lat' dir='ltr'><strong>sermone</strong></span> <span class='ocrx_word' id='word_1_624' title='bbox 3091 3238 3159 3293; x_wconf 89' lang='lat' dir='ltr'><strong>de</strong></span> <span class='ocrx_word' id='word_1_625' title='bbox 3187 3238 3519 3295; x_wconf 81' lang='lat' dir='ltr'><strong>Ascensione</strong></span> 
     </span>
    </p>
   </div>
   <div class='ocr_carea' id='block_1_81' title="bbox 1924 3328 3518 3405">
    <p class='ocr_par' dir='ltr' id='par_1_81' title="bbox 1924 3328 3518 3405">
     <span class='ocr_line' id='line_1_81' title="bbox 1924 3328 3518 3405; baseline 0.003 -22"><span class='ocrx_word' id='word_1_626' title='bbox 1924 3328 2097 3405; x_wconf 90' lang='lat' dir='ltr'><strong>(Tom.</strong></span> <span class='ocrx_word' id='word_1_627' title='bbox 2127 3329 2191 3385; x_wconf 83' lang='lat' dir='ltr'><strong>Ill</strong></span> <span class='ocrx_word' id='word_1_628' title='bbox 2221 3347 2361 3400; x_wconf 86' lang='lat' dir='ltr'><strong>oper.</strong></span> <span class='ocrx_word' id='word_1_629' title='bbox 2396 3330 2561 3402; x_wconf 83' lang='lat' dir='ltr'><strong>ejus),</strong></span> <span class='ocrx_word' id='word_1_630' title='bbox 2594 3331 2673 3387; x_wconf 92' lang='lat' dir='ltr'><strong>sic</strong></span> <span class='ocrx_word' id='word_1_631' title='bbox 2698 3330 2883 3387; x_wconf 87' lang='lat' dir='ltr'><strong>dicens</strong></span> <span class='ocrx_word' id='word_1_632' title='bbox 2910 3348 2922 3384; x_wconf 89' lang='lat'><strong>:</strong></span> <span class='ocrx_word' id='word_1_633' title='bbox 2955 3349 2973 3382; x_wconf 79' lang='grc' dir='ltr'><strong>ι</strong></span> <span class='ocrx_word' id='word_1_634' title='bbox 3007 3330 3108 3400; x_wconf 86' lang='lat' dir='ltr'><strong>Qui</strong></span> <span class='ocrx_word' id='word_1_635' title='bbox 3139 3340 3281 3386; x_wconf 85' lang='lat' dir='ltr'><strong>terra</strong></span> <span class='ocrx_word' id='word_1_636' title='bbox 3312 3331 3518 3403; x_wconf 88' lang='lat' dir='ltr'><strong>indigni</strong></span> 
     </span>
    </p>
   </div>
   <div class='ocr_carea' id='block_1_82' title="bbox 1924 3423 3520 3495">
    <p class='ocr_par' dir='ltr' id='par_1_82' title="bbox 1924 3423 3520 3495">
     <span class='ocr_line' id='line_1_82' title="bbox 1924 3423 3520 3495; baseline 0.003 -15"><span class='ocrx_word' id='word_1_637' title='bbox 1924 3425 2326 3491; x_wconf 80' lang='lat' dir='ltr'><strong>exstiteramus,</strong></span> <span class='ocrx_word' id='word_1_638' title='bbox 2354 3424 2519 3481; x_wconf 89' lang='lat' dir='ltr'><strong>hodie</strong></span> <span class='ocrx_word' id='word_1_639' title='bbox 2547 3425 2601 3480; x_wconf 90' lang='lat' dir='ltr'><strong>in</strong></span> <span class='ocrx_word' id='word_1_640' title='bbox 2632 3423 2828 3481; x_wconf 76' lang='lat' dir='ltr'><strong>cmlum</strong></span> <span class='ocrx_word' id='word_1_641' title='bbox 2852 3425 3044 3480; x_wconf 88' lang='lat' dir='ltr'><strong>elevati</strong></span> <span class='ocrx_word' id='word_1_642' title='bbox 3074 3441 3257 3482; x_wconf 88' lang='lat' dir='ltr'><strong>sumus</strong></span> <span class='ocrx_word' id='word_1_643' title='bbox 3286 3444 3299 3479; x_wconf 90' lang='lat'><strong>:</strong></span> <span class='ocrx_word' id='word_1_644' title='bbox 3330 3426 3420 3495; x_wconf 84' lang='lat' dir='ltr'><strong>qui</strong></span> <span class='ocrx_word' id='word_1_645' title='bbox 3451 3441 3520 3484; x_wconf 84' lang='lat' dir='ltr'><strong>ne</strong></span> 
     </span>
    </p>
   </div>
   <div class='ocr_carea' id='block_1_83' title="bbox 1922 3513 3517 3585">
    <p class='ocr_par' dir='ltr' id='par_1_83' title="bbox 1922 3513 3517 3585">
     <span class='ocr_line' id='line_1_83' title="bbox 1922 3513 3517 3585; baseline 0.002 -17"><span class='ocrx_word' id='word_1_646' title='bbox 1922 3514 2178 3570; x_wconf 83' lang='lat' dir='ltr'><strong>inferiore</strong></span> <span class='ocrx_word' id='word_1_647' title='bbox 2206 3514 2424 3584; x_wconf 88' lang='lat' dir='ltr'><strong>quidem</strong></span> <span class='ocrx_word' id='word_1_648' title='bbox 2449 3513 2677 3585; x_wconf 89' lang='lat' dir='ltr'><strong>imperio</strong></span> <span class='ocrx_word' id='word_1_649' title='bbox 2706 3513 2979 3570; x_wconf 84' lang='lat' dir='ltr'><strong>fueramus</strong></span> <span class='ocrx_word' id='word_1_650' title='bbox 3006 3514 3172 3585; x_wconf 84' lang='lat' dir='ltr'><strong>digni,</strong></span> <span class='ocrx_word' id='word_1_651' title='bbox 3198 3514 3266 3571; x_wconf 89' lang='lat' dir='ltr'><strong>ad</strong></span> <span class='ocrx_word' id='word_1_652' title='bbox 3294 3529 3517 3585; x_wconf 83' lang='lat' dir='ltr'><strong>regnum</strong></span> 
     </span>
    </p>
   </div>
   <div class='ocr_carea' id='block_1_84' title="bbox 1920 3604 3519 3676">
    <p class='ocr_par' dir='ltr' id='par_1_84' title="bbox 1920 3604 3519 3676">
     <span class='ocr_line' id='line_1_84' title="bbox 1920 3604 3519 3676; baseline 0.001 -17"><span class='ocrx_word' id='word_1_653' title='bbox 1920 3619 2214 3675; x_wconf 86' lang='lat' dir='ltr'><strong>supernum</strong></span> <span class='ocrx_word' id='word_1_654' title='bbox 2241 3604 2675 3672; x_wconf 89' lang='lat' dir='ltr'><strong>conscendimus,</strong></span> <span class='ocrx_word' id='word_1_655' title='bbox 2706 3604 3038 3676; x_wconf 88' lang='lat' dir='ltr'><strong>supergressi</strong></span> <span class='ocrx_word' id='word_1_656' title='bbox 3065 3605 3251 3672; x_wconf 76' lang='lat' dir='ltr'><strong>cmlos,</strong></span> <span class='ocrx_word' id='word_1_657' title='bbox 3282 3604 3519 3675; x_wconf 81' lang='lat' dir='ltr'><strong>regium-</strong></span> 
     </span>
    </p>
   </div>
   <div class='ocr_carea' id='block_1_85' title="bbox 1919 3702 3519 3775">
    <p class='ocr_par' dir='ltr' id='par_1_85' title="bbox 1919 3702 3519 3775">
     <span class='ocr_line' id='line_1_85' title="bbox 1919 3702 3519 3775; baseline 0.002 -16"><span class='ocrx_word' id='word_1_658' title='bbox 1919 3719 2027 3775; x_wconf 90' lang='lat' dir='ltr'><strong>que</strong></span> <span class='ocrx_word' id='word_1_659' title='bbox 2048 3704 2242 3759; x_wconf 83' lang='lat' dir='ltr'><strong>solium</strong></span> <span class='ocrx_word' id='word_1_660' title='bbox 2271 3703 2471 3774; x_wconf 90' lang='lat' dir='ltr'><strong>adepti.</strong></span> <span class='ocrx_word' id='word_1_661' title='bbox 2505 3702 2726 3771; x_wconf 85' lang='lat' dir='ltr'><strong>Natura,</strong></span> <span class='ocrx_word' id='word_1_662' title='bbox 2772 3712 2994 3775; x_wconf 87' lang='lat' dir='ltr'><strong>propter</strong></span> <span class='ocrx_word' id='word_1_663' title='bbox 3019 3720 3181 3775; x_wconf 87' lang='lat' dir='ltr'><strong>quam</strong></span> <span class='ocrx_word' id='word_1_664' title='bbox 3226 3704 3519 3762; x_wconf 86' lang='lat' dir='ltr'><strong>Cherubim</strong></span> 
     </span>
    </p>
   </div>
   <div class='ocr_carea' id='block_1_86' title="bbox 1920 3795 3520 3870">
    <p class='ocr_par' dir='ltr' id='par_1_86' title="bbox 1920 3795 3520 3870">
     <span class='ocr_line' id='line_1_86' title="bbox 1920 3795 3520 3870; baseline 0.002 -18"><span class='ocrx_word' id='word_1_665' title='bbox 1920 3796 2227 3869; x_wconf 86' lang='lat' dir='ltr'><strong>paradisum</strong></span> <span class='ocrx_word' id='word_1_666' title='bbox 2256 3796 2632 3852; x_wconf 89' lang='lat' dir='ltr'><strong>custodiebant</strong></span> <span class='ocrx_word' id='word_1_667' title='bbox 2661 3795 2815 3867; x_wconf 84' lang='lat' dir='ltr'><strong>(Gen.</strong></span> <span class='ocrx_word' id='word_1_668' title='bbox 2849 3795 2948 3870; x_wconf 91' lang='grc' dir='ltr'><strong>ιιι),</strong></span> <span class='ocrx_word' id='word_1_669' title='bbox 2979 3796 3093 3868; x_wconf 89' lang='lat' dir='ltr'><strong>ipsa</strong></span> <span class='ocrx_word' id='word_1_670' title='bbox 3122 3813 3281 3868; x_wconf 88' lang='lat' dir='ltr'><strong>supra</strong></span> <span class='ocrx_word' id='word_1_671' title='bbox 3310 3797 3520 3857; x_wconf 84' lang='lat' dir='ltr'><strong>Cheru-</strong></span> 
     </span>
    </p>
   </div>
   <div class='ocr_carea' id='block_1_87' title="bbox 1919 3884 3522 3953">
    <p class='ocr_par' dir='ltr' id='par_1_87' title="bbox 1919 3884 3522 3953">
     <span class='ocr_line' id='line_1_87' title="bbox 1919 3884 3522 3953; baseline 0.002 -10"><span class='ocrx_word' id='word_1_672' title='bbox 1919 3886 2030 3943; x_wconf 90' lang='lat' dir='ltr'><strong>bim</strong></span> <span class='ocrx_word' id='word_1_673' title='bbox 2068 3886 2230 3943; x_wconf 89' lang='lat' dir='ltr'><strong>hodie</strong></span> <span class='ocrx_word' id='word_1_674' title='bbox 2287 3886 2461 3941; x_wconf 90' lang='lat' dir='ltr'><strong>sedet.</strong></span> <span class='ocrx_word' id='word_1_675' title='bbox 2502 3905 2522 3939; x_wconf 77' lang='grc' dir='ltr'><strong>ι</strong></span> <span class='ocrx_word' id='word_1_676' title='bbox 2568 3884 2931 3953; x_wconf 85' lang='lat' dir='ltr'><strong>Quamobrem</strong></span> <span class='ocrx_word' id='word_1_677' title='bbox 2969 3886 3396 3945; x_wconf 90' lang='lat' dir='ltr'><strong>demonstratum</strong></span> <span class='ocrx_word' id='word_1_678' title='bbox 3437 3901 3522 3947; x_wconf 86' lang='lat' dir='ltr'><strong>est</strong></span> 
     </span>
    </p>
   </div>
   <div class='ocr_carea' id='block_1_88' title="bbox 1922 3974 3522 4049">
    <p class='ocr_par' dir='ltr' id='par_1_88' title="bbox 1922 3974 3522 4049">
     <span class='ocr_line' id='line_1_88' title="bbox 1922 3974 3522 4049; baseline 0.003 -18"><span class='ocrx_word' id='word_1_679' title='bbox 1922 3976 2136 4031; x_wconf 89' lang='lat' dir='ltr'><strong>animas</strong></span> <span class='ocrx_word' id='word_1_680' title='bbox 2158 4015 2173 4039; x_wconf 89' lang='lat'><strong>,</strong></span> <span class='ocrx_word' id='word_1_681' title='bbox 2217 3991 2325 4031; x_wconf 91' lang='lat' dir='ltr'><strong>non</strong></span> <span class='ocrx_word' id='word_1_682' title='bbox 2352 4016 2369 4045; x_wconf 86' lang='lat'><strong>,</strong></span> <span class='ocrx_word' id='word_1_683' title='bbox 2410 3984 2470 4030; x_wconf 92' lang='lat' dir='ltr'><strong>ut</strong></span> <span class='ocrx_word' id='word_1_684' title='bbox 2505 3974 2765 4044; x_wconf 86' lang='lat' dir='ltr'><strong>Origenes</strong></span> <span class='ocrx_word' id='word_1_685' title='bbox 2799 3982 3067 4045; x_wconf 89' lang='lat' dir='ltr'><strong>nugatur,</strong></span> <span class='ocrx_word' id='word_1_686' title='bbox 3108 3977 3162 4032; x_wconf 93' lang='lat' dir='ltr'><strong>in</strong></span> <span class='ocrx_word' id='word_1_687' title='bbox 3192 3978 3343 4034; x_wconf 63' lang='lat' dir='ltr'><strong>caelis</strong></span> <span class='ocrx_word' id='word_1_688' title='bbox 3372 3980 3522 4049; x_wconf 86' lang='lat' dir='ltr'><strong>prius</strong></span> 
     </span>
    </p>
   </div>
   <div class='ocr_carea' id='block_1_89' title="bbox 1919 4063 3519 4139">
    <p class='ocr_par' dir='ltr' id='par_1_89' title="bbox 1919 4063 3519 4139">
     <span class='ocr_line' id='line_1_89' title="bbox 1919 4063 3519 4139; baseline 0.004 -19"><span class='ocrx_word' id='word_1_689' title='bbox 1919 4063 2120 4134; x_wconf 80' lang='lat' dir='ltr'><strong>fuisse,</strong></span> <span class='ocrx_word' id='word_1_690' title='bbox 2151 4080 2219 4122; x_wconf 87' lang='lat' dir='ltr'><strong>ac</strong></span> <span class='ocrx_word' id='word_1_691' title='bbox 2237 4063 2433 4121; x_wconf 89' lang='lat' dir='ltr'><strong>deinde</strong></span> <span class='ocrx_word' id='word_1_692' title='bbox 2470 4065 2524 4119; x_wconf 90' lang='lat' dir='ltr'><strong>in</strong></span> <span class='ocrx_word' id='word_1_693' title='bbox 2561 4080 2792 4136; x_wconf 89' lang='lat' dir='ltr'><strong>corpora</strong></span> <span class='ocrx_word' id='word_1_694' title='bbox 2831 4066 3054 4133; x_wconf 86' lang='lat' dir='ltr'><strong>missas,</strong></span> <span class='ocrx_word' id='word_1_695' title='bbox 3086 4074 3144 4123; x_wconf 90' lang='lat' dir='ltr'><strong>ut</strong></span> <span class='ocrx_word' id='word_1_696' title='bbox 3172 4077 3519 4139; x_wconf 84' lang='lat' dir='ltr'><strong>perpetrato-</strong></span> 
     </span>
    </p>
   </div>
   <div class='ocr_carea' id='block_1_90' title="bbox 1921 4156 3517 4228">
    <p class='ocr_par' dir='ltr' id='par_1_90' title="bbox 1921 4156 3517 4228">
     <span class='ocr_line' id='line_1_90' title="bbox 1921 4156 3517 4228; baseline 0.004 -16"><span class='ocrx_word' id='word_1_697' title='bbox 1921 4172 2040 4212; x_wconf 91' lang='lat' dir='ltr'><strong>rum</strong></span> <span class='ocrx_word' id='word_1_698' title='bbox 2065 4164 2413 4228; x_wconf 88' lang='lat' dir='ltr'><strong>peccatorum</strong></span> <span class='ocrx_word' id='word_1_699' title='bbox 2450 4170 2641 4227; x_wconf 71' lang='lat' dir='ltr'><strong>pmnas</strong></span> <span class='ocrx_word' id='word_1_700' title='bbox 2672 4156 3051 4227; x_wconf 87' lang='lat' dir='ltr'><strong>exsolverent;</strong></span> <span class='ocrx_word' id='word_1_701' title='bbox 3091 4158 3187 4214; x_wconf 90' lang='lat' dir='ltr'><strong>sed</strong></span> <span class='ocrx_word' id='word_1_702' title='bbox 3216 4168 3428 4228; x_wconf 89' lang='lat' dir='ltr'><strong>contra,</strong></span> <span class='ocrx_word' id='word_1_703' title='bbox 3457 4161 3517 4219; x_wconf 81' lang='lat' dir='ltr'><strong>in</strong></span> 
     </span>
    </p>
   </div>
   <div class='ocr_carea' id='block_1_91' title="bbox 1923 4245 3519 4319">
    <p class='ocr_par' dir='ltr' id='par_1_91' title="bbox 1923 4245 3519 4319">
     <span class='ocr_line' id='line_1_91' title="bbox 1923 4245 3519 4319; baseline 0.005 -19"><span class='ocrx_word' id='word_1_704' title='bbox 1923 4254 2067 4302; x_wconf 89' lang='lat' dir='ltr'><strong>terra</strong></span> <span class='ocrx_word' id='word_1_705' title='bbox 2104 4245 2421 4302; x_wconf 78' lang='lat' dir='ltr'><strong>fabricatam</strong></span> <span class='ocrx_word' id='word_1_706' title='bbox 2461 4245 2770 4301; x_wconf 87' lang='lat' dir='ltr'><strong>universam</strong></span> <span class='ocrx_word' id='word_1_707' title='bbox 2811 4256 3057 4303; x_wconf 88' lang='lat' dir='ltr'><strong>naturam</strong></span> <span class='ocrx_word' id='word_1_708' title='bbox 3098 4248 3427 4319; x_wconf 87' lang='lat' dir='ltr'><strong>humanam,</strong></span> <span class='ocrx_word' id='word_1_709' title='bbox 3463 4251 3519 4309; x_wconf 86' lang='lat' dir='ltr'><strong>id</strong></span> 
     </span>
    </p>
   </div>
   <div class='ocr_carea' id='block_1_92' title="bbox 1921 4338 3517 4410">
    <p class='ocr_par' dir='ltr' id='par_1_92' title="bbox 1921 4338 3517 4410">
     <span class='ocr_line' id='line_1_92' title="bbox 1921 4338 3517 4410; baseline 0.003 -17"><span class='ocrx_word' id='word_1_710' title='bbox 1921 4346 2007 4394; x_wconf 89' lang='lat' dir='ltr'><strong>est</strong></span> <span class='ocrx_word' id='word_1_711' title='bbox 2033 4353 2231 4409; x_wconf 90' lang='lat' dir='ltr'><strong>corpus</strong></span> <span class='ocrx_word' id='word_1_712' title='bbox 2252 4344 2416 4409; x_wconf 86' lang='lat' dir='ltr'><strong>atque</strong></span> <span class='ocrx_word' id='word_1_713' title='bbox 2444 4338 2700 4403; x_wconf 85' lang='lat' dir='ltr'><strong>animam,</strong></span> <span class='ocrx_word' id='word_1_714' title='bbox 2731 4338 2974 4394; x_wconf 89' lang='lat' dir='ltr'><strong>bonitate</strong></span> <span class='ocrx_word' id='word_1_715' title='bbox 2999 4353 3064 4396; x_wconf 91' lang='lat' dir='ltr'><strong>ac</strong></span> <span class='ocrx_word' id='word_1_716' title='bbox 3094 4339 3403 4410; x_wconf 86' lang='lat' dir='ltr'><strong>dignatione</strong></span> <span class='ocrx_word' id='word_1_717' title='bbox 3430 4343 3517 4398; x_wconf 85' lang='lat' dir='ltr'><strong>di-</strong></span> 
     </span>
    </p>
   </div>
   <div class='ocr_carea' id='block_1_93' title="bbox 1919 4428 3518 4500">
    <p class='ocr_par' dir='ltr' id='par_1_93' title="bbox 1919 4428 3518 4500">
     <span class='ocr_line' id='line_1_93' title="bbox 1919 4428 3518 4500; baseline 0.003 -15"><span class='ocrx_word' id='word_1_718' title='bbox 1919 4430 2046 4485; x_wconf 89' lang='lat' dir='ltr'><strong>vina</strong></span> <span class='ocrx_word' id='word_1_719' title='bbox 2070 4428 2238 4485; x_wconf 75' lang='lat' dir='ltr'><strong>cmlos</strong></span> <span class='ocrx_word' id='word_1_720' title='bbox 2264 4429 2514 4499; x_wconf 89' lang='lat' dir='ltr'><strong>adeptam</strong></span> <span class='ocrx_word' id='word_1_721' title='bbox 2537 4444 2657 4485; x_wconf 89' lang='lat' dir='ltr'><strong>esse</strong></span> <span class='ocrx_word' id='word_1_722' title='bbox 2687 4445 2700 4482; x_wconf 91' lang='lat'>:</span> <span class='ocrx_word' id='word_1_723' title='bbox 2733 4436 2791 4483; x_wconf 90' lang='lat' dir='ltr'><strong>ut</strong></span> <span class='ocrx_word' id='word_1_724' title='bbox 2817 4429 2908 4500; x_wconf 92' lang='lat' dir='ltr'><strong>qui</strong></span> <span class='ocrx_word' id='word_1_725' title='bbox 2931 4429 3179 4487; x_wconf 88' lang='lat' dir='ltr'><strong>homines</strong></span> <span class='ocrx_word' id='word_1_726' title='bbox 3207 4431 3518 4489; x_wconf 84' lang='lat' dir='ltr'><strong>mandatum</strong></span> 
     </span>
    </p>
   </div>
   <div class='ocr_carea' id='block_1_94' title="bbox 220 4525 1817 4610">
    <p class='ocr_par' dir='ltr' id='par_1_94' title="bbox 220 4525 1813 4610">
     <span class='ocr_line' id='line_1_94' title="bbox 220 4525 1813 4610; baseline 0.003 -27"><span class='ocrx_word' id='word_1_727' title='bbox 220 4525 370 4587; x_wconf 85' lang='grc' dir='ltr'><strong>Ὠστε</strong></span> <span class='ocrx_word' id='word_1_728' title='bbox 388 4535 512 4594; x_wconf 84' lang='grc' dir='ltr'><strong>τούς</strong></span> <span class='ocrx_word' id='word_1_729' title='bbox 541 4532 840 4610; x_wconf 79' lang='grc' dir='ltr'><strong>ἀνθρώπους</strong></span> <span class='ocrx_word' id='word_1_730' title='bbox 863 4533 985 4593; x_wconf 79' lang='grc' dir='ltr'><strong>τοὺς</strong></span> <span class='ocrx_word' id='word_1_731' title='bbox 1007 4536 1097 4592; x_wconf 70' lang='grc' dir='ltr'><strong>τήν</strong></span> <span class='ocrx_word' id='word_1_732' title='bbox 1127 4531 1325 4590; x_wconf 74' lang='grc' dir='ltr'><strong>ὶντολήν</strong></span> <span class='ocrx_word' id='word_1_733' title='bbox 1356 4535 1449 4587; x_wconf 90' lang='grc' dir='ltr'><strong>τοῦ</strong></span> <span class='ocrx_word' id='word_1_734' title='bbox 1470 4537 1597 4586; x_wconf 83' lang='grc' dir='ltr'><strong>Θεοῦ</strong></span> <span class='ocrx_word' id='word_1_735' title='bbox 1630 4531 1813 4602; x_wconf 76' lang='grc' dir='ltr'><strong>φυλάτο</strong></span> 
     </span>
    </p>
   </div>
   <div class='ocr_carea' id='block_1_95' title="bbox 1917 4525 3516 4610">
    <p class='ocr_par' dir='ltr' id='par_1_95' title="bbox 1923 4527 3516 4599">
     <span class='ocr_line' id='line_1_95' title="bbox 1923 4527 3516 4599; baseline 0.003 -16"><span class='ocrx_word' id='word_1_736' title='bbox 1923 4527 2016 4584; x_wconf 90' lang='lat' dir='ltr'><strong>Dei</strong></span> <span class='ocrx_word' id='word_1_737' title='bbox 2038 4527 2375 4583; x_wconf 87' lang='lat' dir='ltr'><strong>custodirent</strong></span> <span class='ocrx_word' id='word_1_738' title='bbox 2416 4542 2483 4584; x_wconf 88' lang='lat' dir='ltr'><strong>ac</strong></span> <span class='ocrx_word' id='word_1_739' title='bbox 2526 4527 2853 4599; x_wconf 87' lang='lat' dir='ltr'><strong>implerent,</strong></span> <span class='ocrx_word' id='word_1_740' title='bbox 2903 4529 3217 4599; x_wconf 87' lang='lat' dir='ltr'><strong>angelorum</strong></span> <span class='ocrx_word' id='word_1_741' title='bbox 3265 4531 3318 4587; x_wconf 92' lang='lat' dir='ltr'><strong>in</strong></span> <span class='ocrx_word' id='word_1_742' title='bbox 3360 4531 3516 4589; x_wconf 69' lang='lat' dir='ltr'><strong>uelis</strong></span> 
     </span>
    </p>
   </div>
   <div class='ocr_carea' id='block_1_96' title="bbox 219 4622 1818 4707">
    <p class='ocr_par' dir='ltr' id='par_1_96' title="bbox 219 4622 1818 4707">
     <span class='ocr_line' id='line_1_96' title="bbox 219 4622 1818 4707; baseline -0.001 -28"><span class='ocrx_word' id='word_1_743' title='bbox 219 4625 391 4687; x_wconf 81' lang='grc' dir='ltr'><strong>τοντάς</strong></span> <span class='ocrx_word' id='word_1_744' title='bbox 426 4645 516 4690; x_wconf 89' lang='grc' dir='ltr'><strong>τε,</strong></span> <span class='ocrx_word' id='word_1_745' title='bbox 552 4629 640 4679; x_wconf 76' lang='grc' dir='ltr'><strong>καί</strong></span> <span class='ocrx_word' id='word_1_746' title='bbox 686 4625 1033 4699; x_wconf 82' lang='grc' dir='ltr'><strong>πληροῦντας,</strong></span> <span class='ocrx_word' id='word_1_747' title='bbox 1077 4623 1340 4707; x_wconf 62' lang='grc' dir='ltr'><strong>ἀξιοῦσθαι</strong></span> <span class='ocrx_word' id='word_1_748' title='bbox 1367 4629 1460 4682; x_wconf 76' lang='grc' dir='ltr'><strong>τῆς</strong></span> <span class='ocrx_word' id='word_1_749' title='bbox 1500 4623 1549 4675; x_wconf 77' lang='grc' dir='ltr'><strong>ἐν</strong></span> <span class='ocrx_word' id='word_1_750' title='bbox 1587 4622 1818 4701; x_wconf 78' lang='grc' dir='ltr'><strong>οὐρανοῖς</strong></span> 
     </span>
    </p>
   </div>
   <div class='ocr_carea' id='block_1_97' title="bbox 221 4710 1820 4790">
    <p class='ocr_par' dir='ltr' id='par_1_97' title="bbox 221 4710 1820 4790">
     <span class='ocr_line' id='line_1_97' title="bbox 221 4710 1820 4790; baseline -0.002 -19"><span class='ocrx_word' id='word_1_751' title='bbox 221 4723 316 4771; x_wconf 83' lang='grc' dir='ltr'><strong>τῶν</strong></span> <span class='ocrx_word' id='word_1_752' title='bbox 353 4717 585 4790; x_wconf 78' lang='grc' dir='ltr'><strong>ἀγγέλων</strong></span> <span class='ocrx_word' id='word_1_753' title='bbox 625 4713 1004 4788; x_wconf 65' lang='grc' dir='ltr'><strong>συνδωγωγῆς·</strong></span> <span class='ocrx_word' id='word_1_754' title='bbox 1032 4710 1125 4776; x_wconf 65' lang='grc' dir='ltr'><strong>ὀὓς</strong></span> <span class='ocrx_word' id='word_1_755' title='bbox 1164 4715 1213 4768; x_wconf 74' lang='grc' dir='ltr'><strong>ἕν</strong></span> <span class='ocrx_word' id='word_1_756' title='bbox 1241 4721 1304 4788; x_wconf 75' lang='grc' dir='ltr'><strong>τῇ</strong></span> <span class='ocrx_word' id='word_1_757' title='bbox 1340 4721 1404 4790; x_wconf 76' lang='grc' dir='ltr'><strong>γῇ</strong></span> <span class='ocrx_word' id='word_1_758' title='bbox 1438 4711 1522 4769; x_wconf 85' lang='grc' dir='ltr'><strong>διά</strong></span> <span class='ocrx_word' id='word_1_759' title='bbox 1562 4722 1654 4774; x_wconf 75' lang='grc' dir='ltr'><strong>τῆς</strong></span> <span class='ocrx_word' id='word_1_760' title='bbox 1686 4715 1820 4789; x_wconf 85' lang='grc' dir='ltr'><strong>πρὸς</strong></span> 
     </span>
    </p>
   </div>
   <div class='ocr_carea' id='block_1_98' title="bbox 221 4805 1820 4887">
    <p class='ocr_par' dir='ltr' id='par_1_98' title="bbox 221 4805 1820 4887">
     <span class='ocr_line' id='line_1_98' title="bbox 221 4805 1820 4887; baseline -0.003 -21"><span class='ocrx_word' id='word_1_761' title='bbox 221 4811 337 4867; x_wconf 78' lang='grc' dir='ltr'><strong>Θεὸν</strong></span> <span class='ocrx_word' id='word_1_762' title='bbox 380 4811 657 4885; x_wconf 70' lang='grc' dir='ltr'><strong>ὁμολογίας</strong></span> <span class='ocrx_word' id='word_1_763' title='bbox 703 4813 967 4887; x_wconf 69' lang='grc' dir='ltr'><strong>μιμεῖσθαι</strong></span> <span class='ocrx_word' id='word_1_764' title='bbox 1014 4810 1462 4887; x_wconf 81' lang='grc' dir='ltr'><strong>προσετάχθημεν.</strong></span> <span class='ocrx_word' id='word_1_765' title='bbox 1516 4805 1820 4881; x_wconf 80' lang='grc' dir='ltr'><strong>Βουλόμενος</strong></span> 
     </span>
    </p>
   </div>
   <div class='ocr_carea' id='block_1_99' title="bbox 221 4898 1819 4979">
    <p class='ocr_par' dir='ltr' id='par_1_99' title="bbox 221 4898 1819 4979">
     <span class='ocr_line' id='line_1_99' title="bbox 221 4898 1819 4979; baseline -0.003 -19"><span class='ocrx_word' id='word_1_766' title='bbox 221 4905 314 4979; x_wconf 72' lang='grc' dir='ltr'><strong>γὰρ</strong></span> <span class='ocrx_word' id='word_1_767' title='bbox 353 4904 380 4960; x_wconf 88' lang='lat'><strong>6</strong></span> <span class='ocrx_word' id='word_1_768' title='bbox 419 4907 549 4965; x_wconf 82' lang='grc' dir='ltr'><strong>Θεὸς</strong></span> <span class='ocrx_word' id='word_1_769' title='bbox 589 4902 676 4960; x_wconf 82' lang='grc' dir='ltr'><strong>διὰ</strong></span> <span class='ocrx_word' id='word_1_770' title='bbox 720 4898 811 4964; x_wconf 61' lang='grc' dir='ltr'><strong>την</strong></span> <span class='ocrx_word' id='word_1_771' title='bbox 840 4901 1098 4979; x_wconf 76' lang='grc' dir='ltr'><strong>ἄφραστον</strong></span> <span class='ocrx_word' id='word_1_772' title='bbox 1135 4905 1289 4959; x_wconf 77' lang='grc' dir='ltr'><strong>αὐτοῦ</strong></span> <span class='ocrx_word' id='word_1_773' title='bbox 1334 4903 1725 4978; x_wconf 74' lang='grc' dir='ltr'><strong>ςςιλανθρωπίαν,</strong></span> <span class='ocrx_word' id='word_1_774' title='bbox 1765 4898 1819 4956; x_wconf 80' lang='grc' dir='ltr'><strong>ὃν</strong></span> 
     </span>
    </p>
   </div>
   <div class='ocr_carea' id='block_1_100' title="bbox 222 4991 1815 5072">
    <p class='ocr_par' dir='ltr' id='par_1_100' title="bbox 222 4991 1815 5072">
     <span class='ocr_line' id='line_1_100' title="bbox 222 4991 1815 5072; baseline -0.002 -21"><span class='ocrx_word' id='word_1_775' title='bbox 222 4996 401 5071; x_wconf 86' lang='grc' dir='ltr'><strong>τρόπον</strong></span> <span class='ocrx_word' id='word_1_776' title='bbox 422 4999 475 5052; x_wconf 73' lang='grc' dir='ltr'><strong>ἓν</strong></span> <span class='ocrx_word' id='word_1_777' title='bbox 499 4998 734 5072; x_wconf 87' lang='grc' dir='ltr'><strong>οὐρανοῖς</strong></span> <span class='ocrx_word' id='word_1_778' title='bbox 769 4995 871 5051; x_wconf 79' lang='grc' dir='ltr'><strong>ὑπὸ</strong></span> <span class='ocrx_word' id='word_1_779' title='bbox 899 5004 999 5054; x_wconf 81' lang='grc' dir='ltr'><strong>τῶν</strong></span> <span class='ocrx_word' id='word_1_780' title='bbox 1025 4994 1182 5069; x_wconf 75' lang='grc' dir='ltr'><strong>ἁγίων</strong></span> <span class='ocrx_word' id='word_1_781' title='bbox 1218 4992 1479 5067; x_wconf 87' lang='grc' dir='ltr'><strong>δυνάμεων</strong></span> <span class='ocrx_word' id='word_1_782' title='bbox 1517 4991 1783 5058; x_wconf 71' lang='grc' dir='ltr'><strong>δοξάζεται</strong></span> <span class='ocrx_word' id='word_1_783' title='bbox 1799 5031 1815 5059; x_wconf 85' lang='grc'><strong>,</strong></span> 
     </span>
    </p>
   </div>
   <div class='ocr_carea' id='block_1_101' title="bbox 224 5082 1822 5162">
    <p class='ocr_par' dir='ltr' id='par_1_101' title="bbox 224 5082 1822 5162">
     <span class='ocr_line' id='line_1_101' title="bbox 224 5082 1822 5162; baseline -0.003 -17"><span class='ocrx_word' id='word_1_784' title='bbox 224 5087 354 5147; x_wconf 70' lang='grc' dir='ltr'><strong>οὕτω</strong></span> <span class='ocrx_word' id='word_1_785' title='bbox 374 5091 460 5144; x_wconf 80' lang='grc' dir='ltr'><strong>καί</strong></span> <span class='ocrx_word' id='word_1_786' title='bbox 478 5089 564 5146; x_wconf 78' lang='grc' dir='ltr'><strong>ἐπὶ</strong></span> <span class='ocrx_word' id='word_1_787' title='bbox 584 5096 676 5151; x_wconf 77' lang='grc' dir='ltr'><strong>τῆς</strong></span> <span class='ocrx_word' id='word_1_788' title='bbox 703 5097 800 5161; x_wconf 79' lang='grc' dir='ltr'><strong>γῆς</strong></span> <span class='ocrx_word' id='word_1_789' title='bbox 819 5088 922 5143; x_wconf 82' lang='grc' dir='ltr'><strong>ὐπὸ</strong></span> <span class='ocrx_word' id='word_1_790' title='bbox 943 5095 1042 5143; x_wconf 83' lang='grc' dir='ltr'><strong>τῶν</strong></span> <span class='ocrx_word' id='word_1_791' title='bbox 1060 5089 1339 5162; x_wconf 80' lang='grc' dir='ltr'><strong>ἀνθρώπων</strong></span> <span class='ocrx_word' id='word_1_792' title='bbox 1358 5084 1675 5152; x_wconf 79' lang='grc' dir='ltr'><strong>δοξάζεσθαι,</strong></span> <span class='ocrx_word' id='word_1_793' title='bbox 1708 5082 1822 5145; x_wconf 81' lang='grc' dir='ltr'><strong>ἔδη-</strong></span> 
     </span>
    </p>
   </div>
   <div class='ocr_carea' id='block_1_102' title="bbox 225 5177 1818 5259">
    <p class='ocr_par' dir='ltr' id='par_1_102' title="bbox 225 5177 1818 5259">
     <span class='ocr_line' id='line_1_102' title="bbox 225 5177 1818 5259; baseline 0.001 -22"><span class='ocrx_word' id='word_1_794' title='bbox 225 5177 503 5255; x_wconf 80' lang='grc' dir='ltr'><strong>μιούργησε</strong></span> <span class='ocrx_word' id='word_1_795' title='bbox 538 5182 628 5238; x_wconf 85' lang='grc' dir='ltr'><strong>τὸν</strong></span> <span class='ocrx_word' id='word_1_796' title='bbox 652 5178 931 5259; x_wconf 73' lang='grc' dir='ltr'><strong>ἄνθρωπον,</strong></span> <span class='ocrx_word' id='word_1_797' title='bbox 961 5178 1194 5259; x_wconf 82' lang='grc' dir='ltr'><strong>δεύτερον</strong></span> <span class='ocrx_word' id='word_1_798' title='bbox 1223 5177 1431 5254; x_wconf 69' lang='grc' dir='ltr'><strong>ἄγγελον</strong></span> <span class='ocrx_word' id='word_1_799' title='bbox 1457 5179 1542 5247; x_wconf 62' lang='grc' dir='ltr'><strong>ἐπί</strong></span> <span class='ocrx_word' id='word_1_800' title='bbox 1584 5187 1677 5239; x_wconf 78' lang='grc' dir='ltr'><strong>τῆς</strong></span> <span class='ocrx_word' id='word_1_801' title='bbox 1700 5183 1818 5251; x_wconf 75' lang='grc' dir='ltr'><strong>γῆς,</strong></span> 
     </span>
    </p>
   </div>
   <div class='ocr_carea' id='block_1_103' title="bbox 227 5266 1822 5351">
    <p class='ocr_par' dir='ltr' id='par_1_103' title="bbox 227 5266 1822 5351">
     <span class='ocr_line' id='line_1_103' title="bbox 227 5266 1822 5351; baseline -0.006 -18"><span class='ocrx_word' id='word_1_802' title='bbox 227 5273 290 5333; x_wconf 68' lang='grc' dir='ltr'><strong>ὥς</strong></span> <span class='ocrx_word' id='word_1_803' title='bbox 320 5266 381 5332; x_wconf 71' lang='grc' dir='ltr'><strong>ἄν</strong></span> <span class='ocrx_word' id='word_1_804' title='bbox 407 5273 654 5351; x_wconf 74' lang='grc' dir='ltr'><strong>πληρωθῇ</strong></span> <span class='ocrx_word' id='word_1_805' title='bbox 678 5275 747 5330; x_wconf 84' lang='grc' dir='ltr'><strong>τά</strong></span> <span class='ocrx_word' id='word_1_806' title='bbox 770 5277 938 5328; x_wconf 81' lang='grc' dir='ltr'><strong>πάντα</strong></span> <span class='ocrx_word' id='word_1_807' title='bbox 966 5270 1110 5338; x_wconf 79' lang='grc' dir='ltr'><strong>δόξης</strong></span> <span class='ocrx_word' id='word_1_808' title='bbox 1137 5278 1289 5328; x_wconf 82' lang='grc' dir='ltr'><strong>Θεοῦ.</strong></span> <span class='ocrx_word' id='word_1_809' title='bbox 1312 5268 1455 5326; x_wconf 78' lang='grc' dir='ltr'><strong>ὀθεν</strong></span> <span class='ocrx_word' id='word_1_810' title='bbox 1481 5272 1567 5326; x_wconf 84' lang='grc' dir='ltr'><strong>καί</strong></span> <span class='ocrx_word' id='word_1_811' title='bbox 1595 5268 1622 5326; x_wconf 88' lang='grc' dir='ltr'><strong>ό</strong></span> <span class='ocrx_word' id='word_1_812' title='bbox 1649 5266 1822 5346; x_wconf 81' lang='grc' dir='ltr'><strong>κύριος</strong></span> 
     </span>
    </p>
   </div>
   <div class='ocr_carea' id='block_1_104' title="bbox 226 5360 1822 5439">
    <p class='ocr_par' dir='ltr' id='par_1_104' title="bbox 226 5360 1822 5439">
     <span class='ocr_line' id='line_1_104' title="bbox 226 5360 1822 5439; baseline -0.001 -20"><span class='ocrx_word' id='word_1_813' title='bbox 226 5360 541 5439; x_wconf 73' lang='grc' dir='ltr'><strong>παραδιδούς</strong></span> <span class='ocrx_word' id='word_1_814' title='bbox 561 5361 701 5427; x_wconf 85' lang='grc' dir='ltr'><strong>ὅπως</strong></span> <span class='ocrx_word' id='word_1_815' title='bbox 717 5364 969 5436; x_wconf 81' lang='grc' dir='ltr'><strong>ὀφείλουσι</strong></span> <span class='ocrx_word' id='word_1_816' title='bbox 986 5363 1399 5437; x_wconf 80' lang='grc' dir='ltr'><strong>προσεύχεσθαι,</strong></span> <span class='ocrx_word' id='word_1_817' title='bbox 1411 5364 1563 5435; x_wconf 72' lang='grc' dir='ltr'><strong>λέγει’</strong></span> <span class='ocrx_word' id='word_1_818' title='bbox 1576 5364 1822 5439; x_wconf 82' lang='grc' dir='ltr'><strong>-ῐιάτερ</strong></span> 
     </span>
    </p>
   </div>
   <div class='ocr_carea' id='block_1_105' title="bbox 227 5450 1827 5532">
    <p class='ocr_par' dir='ltr' id='par_1_105' title="bbox 227 5450 1827 5532">
     <span class='ocr_line' id='line_1_105' title="bbox 227 5450 1827 5532; baseline -0.003 -19"><span class='ocrx_word' id='word_1_819' title='bbox 227 5457 364 5527; x_wconf 67' lang='grc' dir='ltr'><strong>ἡμῶν</strong></span> <span class='ocrx_word' id='word_1_820' title='bbox 395 5455 423 5512; x_wconf 90' lang='lat'><strong>6</strong></span> <span class='ocrx_word' id='word_1_821' title='bbox 449 5457 499 5511; x_wconf 78' lang='lat' dir='ltr'><strong>iv</strong></span> <span class='ocrx_word' id='word_1_822' title='bbox 536 5463 653 5517; x_wconf 88' lang='grc' dir='ltr'><strong>τοῖς</strong></span> <span class='ocrx_word' id='word_1_823' title='bbox 680 5458 933 5532; x_wconf 82' lang='grc' dir='ltr'><strong>οὐρανοῖς,</strong></span> <span class='ocrx_word' id='word_1_824' title='bbox 964 5455 1258 5529; x_wconf 76' lang='grc' dir='ltr'><strong>ἁγιασθήτω</strong></span> <span class='ocrx_word' id='word_1_825' title='bbox 1297 5456 1356 5510; x_wconf 87' lang='grc' dir='ltr'><strong>τὸ</strong></span> <span class='ocrx_word' id='word_1_826' title='bbox 1402 5450 1563 5526; x_wconf 73' lang='grc' dir='ltr'><strong>ὄνομά</strong></span> <span class='ocrx_word' id='word_1_827' title='bbox 1602 5475 1721 5521; x_wconf 91' lang='grc' dir='ltr'><strong>σου,</strong></span> <span class='ocrx_word' id='word_1_828' title='bbox 1752 5456 1827 5511; x_wconf 70' lang='grc' dir='ltr'><strong>ἕλ-</strong></span> 
     </span>
    </p>
   </div>
   <div class='ocr_carea' id='block_1_106' title="bbox 223 5548 1826 5625">
    <p class='ocr_par' dir='ltr' id='par_1_106' title="bbox 223 5548 1826 5625">
     <span class='ocr_line' id='line_1_106' title="bbox 223 5548 1826 5625; baseline 0.001 -22"><span class='ocrx_word' id='word_1_829' title='bbox 223 5550 352 5607; x_wconf 75' lang='grc' dir='ltr'><strong>ϐἇτω</strong></span> <span class='ocrx_word' id='word_1_830' title='bbox 376 5552 410 5611; x_wconf 71' lang='grc' dir='ltr'><strong>ἦ</strong></span> <span class='ocrx_word' id='word_1_831' title='bbox 448 5550 693 5625; x_wconf 76' lang='grc' dir='ltr'><strong>βασιλεία</strong></span> <span class='ocrx_word' id='word_1_832' title='bbox 733 5570 865 5616; x_wconf 90' lang='grc' dir='ltr'><strong>σου,</strong></span> <span class='ocrx_word' id='word_1_833' title='bbox 894 5554 1146 5624; x_wconf 68' lang='grc' dir='ltr'><strong>γενηθήτω</strong></span> <span class='ocrx_word' id='word_1_834' title='bbox 1182 5551 1241 5606; x_wconf 87' lang='grc' dir='ltr'><strong>τό</strong></span> <span class='ocrx_word' id='word_1_835' title='bbox 1281 5548 1467 5619; x_wconf 77' lang='grc' dir='ltr'><strong>θέλημά</strong></span> <span class='ocrx_word' id='word_1_836' title='bbox 1506 5568 1633 5614; x_wconf 87' lang='grc' dir='ltr'><strong>σου,</strong></span> <span class='ocrx_word' id='word_1_837' title='bbox 1678 5550 1747 5611; x_wconf 82' lang='grc' dir='ltr'><strong>ὡς</strong></span> <span class='ocrx_word' id='word_1_838' title='bbox 1774 5549 1826 5605; x_wconf 70' lang='grc' dir='ltr'><strong>ἓν</strong></span> 
     </span>
    </p>
   </div>
   <div class='ocr_carea' id='block_1_107' title="bbox 229 5646 934 5722">
    <p class='ocr_par' dir='ltr' id='par_1_107' title="bbox 229 5646 934 5722">
     <span class='ocr_line' id='line_1_107' title="bbox 229 5646 934 5722; baseline -0.006 -19"><span class='ocrx_word' id='word_1_839' title='bbox 229 5646 419 5722; x_wconf 75' lang='grc' dir='ltr'><strong>οὐρανῷ</strong></span> <span class='ocrx_word' id='word_1_840' title='bbox 443 5649 532 5702; x_wconf 73' lang='grc' dir='ltr'><strong>καί</strong></span> <span class='ocrx_word' id='word_1_841' title='bbox 556 5647 643 5701; x_wconf 73' lang='grc' dir='ltr'><strong>ἐπὶ</strong></span> <span class='ocrx_word' id='word_1_842' title='bbox 662 5656 756 5707; x_wconf 73' lang='grc' dir='ltr'><strong>τῆς</strong></span> <span class='ocrx_word' id='word_1_843' title='bbox 778 5654 891 5720; x_wconf 78' lang='grc' dir='ltr'><strong>γῆς.</strong></span> <span class='ocrx_word' id='word_1_844' title='bbox 914 5666 934 5699; x_wconf 76' lang='grc' dir='ltr'><strong>ν</strong></span> 
     </span>
    </p>
   </div>
   <div class='ocr_carea' id='block_1_108' title="bbox 298 5736 1826 5816">
    <p class='ocr_par' dir='ltr' id='par_1_108' title="bbox 298 5736 1826 5816">
     <span class='ocr_line' id='line_1_108' title="bbox 298 5736 1826 5816; baseline 0.007 -27"><span class='ocrx_word' id='word_1_845' title='bbox 298 5740 546 5811; x_wconf 66' lang='grc' dir='ltr'><strong>Σύμφωνα</strong></span> <span class='ocrx_word' id='word_1_846' title='bbox 575 5736 632 5793; x_wconf 69' lang='grc' dir='ltr'><strong>δὲ</strong></span> <span class='ocrx_word' id='word_1_847' title='bbox 660 5747 772 5798; x_wconf 88' lang='grc' dir='ltr'><strong>τοῖς</strong></span> <span class='ocrx_word' id='word_1_848' title='bbox 800 5740 918 5814; x_wconf 75' lang='grc' dir='ltr'><strong>παρ’</strong></span> <span class='ocrx_word' id='word_1_849' title='bbox 940 5743 1078 5812; x_wconf 73' lang='grc' dir='ltr'><strong>ἡμῶν</strong></span> <span class='ocrx_word' id='word_1_850' title='bbox 1108 5743 1385 5814; x_wconf 71' lang='grc' dir='ltr'><strong>ε”ρημένοις</strong></span> <span class='ocrx_word' id='word_1_851' title='bbox 1414 5746 1501 5795; x_wconf 83' lang='grc' dir='ltr'><strong>καί</strong></span> <span class='ocrx_word' id='word_1_852' title='bbox 1526 5741 1552 5797; x_wconf 90' lang='lat'><strong>6</strong></span> <span class='ocrx_word' id='word_1_853' title='bbox 1583 5745 1635 5798; x_wconf 74' lang='lat' dir='ltr'><strong>iv</strong></span> <span class='ocrx_word' id='word_1_854' title='bbox 1660 5744 1826 5816; x_wconf 79' lang='grc' dir='ltr'><strong>ἁγίοις</strong></span> 
     </span>
    </p>
   </div>
   <div class='ocr_carea' id='block_1_109' title="bbox 229 5828 1823 5909">
    <p class='ocr_par' dir='ltr' id='par_1_109' title="bbox 229 5828 1823 5909">
     <span class='ocr_line' id='line_1_109' title="bbox 229 5828 1823 5909; baseline 0.006 -24"><span class='ocrx_word' id='word_1_855' title='bbox 229 5828 455 5905; x_wconf 80' lang='grc' dir='ltr'><strong>θεολόγος</strong></span> <span class='ocrx_word' id='word_1_856' title='bbox 491 5830 776 5907; x_wconf 74' lang='grc' dir='ltr'><strong>Γρηγὸριος</strong></span> <span class='ocrx_word' id='word_1_857' title='bbox 803 5830 854 5883; x_wconf 73' lang='grc' dir='ltr'><strong>ἐν</strong></span> <span class='ocrx_word' id='word_1_858' title='bbox 889 5838 964 5907; x_wconf 71' lang='grc' dir='ltr'><strong>τῷ</strong></span> <span class='ocrx_word' id='word_1_859' title='bbox 1004 5828 1135 5904; x_wconf 78' lang='grc' dir='ltr'><strong>λόγῳ</strong></span> <span class='ocrx_word' id='word_1_860' title='bbox 1159 5839 1232 5905; x_wconf 83' lang='grc' dir='ltr'><strong>τῷ</strong></span> <span class='ocrx_word' id='word_1_861' title='bbox 1257 5833 1330 5895; x_wconf 81' lang='grc' dir='ltr'><strong>εἰς</strong></span> <span class='ocrx_word' id='word_1_862' title='bbox 1357 5833 1416 5888; x_wconf 83' lang='grc' dir='ltr'><strong>τὸ</strong></span> <span class='ocrx_word' id='word_1_863' title='bbox 1452 5832 1596 5909; x_wconf 78' lang='grc' dir='ltr'><strong>ἅγιον</strong></span> <span class='ocrx_word' id='word_1_864' title='bbox 1635 5836 1823 5909; x_wconf 72' lang='grc' dir='ltr'><strong>πάσχα</strong></span> 
     </span>
    </p>
   </div>
   <div class='ocr_carea' id='block_1_110' title="bbox 1921 4622 3517 4692">
    <p class='ocr_par' dir='ltr' id='par_1_110' title="bbox 1921 4622 3517 4692">
     <span class='ocr_line' id='line_1_110' title="bbox 1921 4622 3517 4692; baseline 0.002 -13"><span class='ocrx_word' id='word_1_865' title='bbox 1921 4624 2334 4679; x_wconf 86' lang='lat' dir='ltr'><strong>conversatione</strong></span> <span class='ocrx_word' id='word_1_866' title='bbox 2358 4622 2508 4692; x_wconf 82' lang='lat' dir='ltr'><strong>digni</strong></span> <span class='ocrx_word' id='word_1_867' title='bbox 2531 4624 2881 4692; x_wconf 84' lang='lat' dir='ltr'><strong>haberentur,</strong></span> <span class='ocrx_word' id='word_1_868' title='bbox 2904 4639 3043 4692; x_wconf 80' lang='lat' dir='ltr'><strong>quos</strong></span> <span class='ocrx_word' id='word_1_869' title='bbox 3071 4625 3125 4679; x_wconf 93' lang='lat' dir='ltr'><strong>in</strong></span> <span class='ocrx_word' id='word_1_870' title='bbox 3149 4634 3290 4681; x_wconf 88' lang='lat' dir='ltr'><strong>terra</strong></span> <span class='ocrx_word' id='word_1_871' title='bbox 3317 4626 3517 4682; x_wconf 87' lang='lat' dir='ltr'><strong>imitari</strong></span> 
     </span>
    </p>
   </div>
   <div class='ocr_carea' id='block_1_111' title="bbox 1922 4702 3516 4787">
    <p class='ocr_par' dir='ltr' id='par_1_111' title="bbox 1922 4702 3516 4787">
     <span class='ocr_line' id='line_1_111' title="bbox 1922 4702 3516 4787; baseline 0.001 -15"><span class='ocrx_word' id='word_1_872' title='bbox 1922 4731 2019 4787; x_wconf 87' lang='lat' dir='ltr'><strong>per</strong></span> <span class='ocrx_word' id='word_1_873' title='bbox 2055 4712 2446 4772; x_wconf 82' lang='lat' dir='ltr'><strong>confessionem</strong></span> <span class='ocrx_word' id='word_1_874' title='bbox 2486 4702 2747 4771; x_wconf 25' lang='lat' dir='ltr'><strong>in‘Deum</strong></span> <span class='ocrx_word' id='word_1_875' title='bbox 2792 4714 2926 4785; x_wconf 86' lang='lat' dir='ltr'><strong>jussi</strong></span> <span class='ocrx_word' id='word_1_876' title='bbox 2973 4732 3179 4773; x_wconf 83' lang='lat' dir='ltr'><strong>sumus.</strong></span> <span class='ocrx_word' id='word_1_877' title='bbox 3231 4716 3363 4773; x_wconf 84' lang='lat' dir='ltr'><strong>Nam</strong></span> <span class='ocrx_word' id='word_1_878' title='bbox 3393 4735 3516 4775; x_wconf 88' lang='lat' dir='ltr'><strong>cmn</strong></span> 
     </span>
    </p>
   </div>
   <div class='ocr_carea' id='block_1_112' title="bbox 1920 4806 3516 4877">
    <p class='ocr_par' dir='ltr' id='par_1_112' title="bbox 1920 4806 3516 4877">
     <span class='ocr_line' id='line_1_112' title="bbox 1920 4806 3516 4877; baseline 0.001 -15"><span class='ocrx_word' id='word_1_879' title='bbox 1920 4806 2084 4863; x_wconf 85' lang='lat' dir='ltr'><strong>vellet</strong></span> <span class='ocrx_word' id='word_1_880' title='bbox 2098 4806 2239 4865; x_wconf 87' lang='lat' dir='ltr'><strong>Deus</strong></span> <span class='ocrx_word' id='word_1_881' title='bbox 2259 4814 2482 4877; x_wconf 90' lang='lat' dir='ltr'><strong>propter</strong></span> <span class='ocrx_word' id='word_1_882' title='bbox 2500 4806 2913 4862; x_wconf 88' lang='lat' dir='ltr'><strong>inenarrabilem</strong></span> <span class='ocrx_word' id='word_1_883' title='bbox 2934 4807 3323 4865; x_wconf 87' lang='lat' dir='ltr'><strong>humanitatem</strong></span> <span class='ocrx_word' id='word_1_884' title='bbox 3341 4825 3516 4876; x_wconf 87' lang='lat' dir='ltr'><strong>suam,</strong></span> 
     </span>
    </p>
   </div>
   <div class='ocr_carea' id='block_1_113' title="bbox 1921 4897 3519 4970">
    <p class='ocr_par' dir='ltr' id='par_1_113' title="bbox 1921 4897 3519 4970">
     <span class='ocr_line' id='line_1_113' title="bbox 1921 4897 3519 4970; baseline 0.002 -15"><span class='ocrx_word' id='word_1_885' title='bbox 1921 4899 2062 4955; x_wconf 88' lang='lat' dir='ltr'><strong>sicut</strong></span> <span class='ocrx_word' id='word_1_886' title='bbox 2088 4899 2141 4953; x_wconf 91' lang='lat' dir='ltr'><strong>in</strong></span> <span class='ocrx_word' id='word_1_887' title='bbox 2171 4897 2322 4955; x_wconf 79' lang='lat' dir='ltr'><strong>cmlis</strong></span> <span class='ocrx_word' id='word_1_888' title='bbox 2349 4913 2381 4953; x_wconf 88' lang='lat' dir='ltr'><strong>a</strong></span> <span class='ocrx_word' id='word_1_889' title='bbox 2409 4898 2611 4954; x_wconf 90' lang='lat' dir='ltr'><strong>sanctis</strong></span> <span class='ocrx_word' id='word_1_890' title='bbox 2646 4899 2936 4955; x_wconf 88' lang='lat' dir='ltr'><strong>virtutibus</strong></span> <span class='ocrx_word' id='word_1_891' title='bbox 2970 4898 3323 4970; x_wconf 85' lang='lat' dir='ltr'><strong>gloriﬁcatur,</strong></span> <span class='ocrx_word' id='word_1_892' title='bbox 3362 4901 3437 4957; x_wconf 89' lang='lat' dir='ltr'><strong>ita</strong></span> <span class='ocrx_word' id='word_1_893' title='bbox 3462 4910 3519 4958; x_wconf 91' lang='lat' dir='ltr'><strong>et</strong></span> 
     </span>
    </p>
   </div>
   <div class='ocr_carea' id='block_1_114' title="bbox 1926 4987 3517 5062">
    <p class='ocr_par' dir='ltr' id='par_1_114' title="bbox 1926 4987 3517 5062">
     <span class='ocr_line' id='line_1_114' title="bbox 1926 4987 3517 5062; baseline 0.001 -13"><span class='ocrx_word' id='word_1_894' title='bbox 1926 4993 1981 5050; x_wconf 91' lang='lat' dir='ltr'><strong>in</strong></span> <span class='ocrx_word' id='word_1_895' title='bbox 2002 5001 2145 5049; x_wconf 87' lang='lat' dir='ltr'><strong>terra</strong></span> <span class='ocrx_word' id='word_1_896' title='bbox 2173 4987 2458 5062; x_wconf 84' lang='lat' dir='ltr'><strong>gloriﬁcari</strong></span> <span class='ocrx_word' id='word_1_897' title='bbox 2487 4992 2555 5047; x_wconf 89' lang='lat' dir='ltr'><strong>ab</strong></span> <span class='ocrx_word' id='word_1_898' title='bbox 2574 4991 2902 5062; x_wconf 90' lang='lat' dir='ltr'><strong>hominibus,</strong></span> <span class='ocrx_word' id='word_1_899' title='bbox 2926 4992 3217 5051; x_wconf 82' lang='lat' dir='ltr'><strong>fabricatus</strong></span> <span class='ocrx_word' id='word_1_900' title='bbox 3235 5002 3319 5049; x_wconf 88' lang='lat' dir='ltr'><strong>est</strong></span> <span class='ocrx_word' id='word_1_901' title='bbox 3338 4994 3517 5051; x_wconf 90' lang='lat' dir='ltr'><strong>homi-</strong></span> 
     </span>
    </p>
   </div>
   <div class='ocr_carea' id='block_1_115' title="bbox 1925 5081 3516 5153">
    <p class='ocr_par' dir='ltr' id='par_1_115' title="bbox 1925 5081 3516 5153">
     <span class='ocr_line' id='line_1_115' title="bbox 1925 5081 3516 5153; baseline -0.001 -13"><span class='ocrx_word' id='word_1_902' title='bbox 1925 5100 2073 5150; x_wconf 88' lang='lat' dir='ltr'><strong>nem,</strong></span> <span class='ocrx_word' id='word_1_903' title='bbox 2093 5083 2325 5139; x_wconf 86' lang='lat' dir='ltr'><strong>alterum</strong></span> <span class='ocrx_word' id='word_1_904' title='bbox 2354 5081 2602 5152; x_wconf 83' lang='lat' dir='ltr'><strong>angelum</strong></span> <span class='ocrx_word' id='word_1_905' title='bbox 2626 5082 2679 5137; x_wconf 92' lang='lat' dir='ltr'><strong>in</strong></span> <span class='ocrx_word' id='word_1_906' title='bbox 2710 5083 2904 5140; x_wconf 89' lang='lat' dir='ltr'><strong>terris:</strong></span> <span class='ocrx_word' id='word_1_907' title='bbox 2929 5087 2997 5138; x_wconf 81' lang='lat' dir='ltr'><strong>‘ut</strong></span> <span class='ocrx_word' id='word_1_908' title='bbox 3025 5083 3118 5139; x_wconf 92' lang='lat' dir='ltr'><strong>Dei</strong></span> <span class='ocrx_word' id='word_1_909' title='bbox 3140 5083 3312 5153; x_wconf 85' lang='lat' dir='ltr'><strong>gloria</strong></span> <span class='ocrx_word' id='word_1_910' title='bbox 3332 5084 3516 5139; x_wconf 83' lang='lat' dir='ltr'><strong>omnia</strong></span> 
     </span>
    </p>
   </div>
   <div class='ocr_carea' id='block_1_116' title="bbox 1926 5173 3521 5247">
    <p class='ocr_par' dir='ltr' id='par_1_116' title="bbox 1926 5173 3521 5247">
     <span class='ocr_line' id='line_1_116' title="bbox 1926 5173 3521 5247; baseline -0.001 -14"><span class='ocrx_word' id='word_1_911' title='bbox 1926 5175 2349 5247; x_wconf 86' lang='lat' dir='ltr'><strong>complerentur.</strong></span> <span class='ocrx_word' id='word_1_912' title='bbox 2396 5173 2584 5245; x_wconf 85' lang='lat' dir='ltr'><strong>itaque</strong></span> <span class='ocrx_word' id='word_1_913' title='bbox 2611 5173 2872 5231; x_wconf 90' lang='lat' dir='ltr'><strong>Dominus</strong></span> <span class='ocrx_word' id='word_1_914' title='bbox 2901 5175 3118 5231; x_wconf 90' lang='lat' dir='ltr'><strong>tradens</strong></span> <span class='ocrx_word' id='word_1_915' title='bbox 3145 5174 3418 5244; x_wconf 91' lang='lat' dir='ltr'><strong>quomodo</strong></span> <span class='ocrx_word' id='word_1_916' title='bbox 3444 5177 3521 5232; x_wconf 86' lang='lat' dir='ltr'><strong>sit</strong></span> 
     </span>
    </p>
   </div>
   <div class='ocr_carea' id='block_1_117' title="bbox 1928 5262 3521 5336">
    <p class='ocr_par' dir='ltr' id='par_1_117' title="bbox 1928 5262 3521 5336">
     <span class='ocr_line' id='line_1_117' title="bbox 1928 5262 3521 5336; baseline -0.002 -12"><span class='ocrx_word' id='word_1_917' title='bbox 1928 5266 2216 5336; x_wconf 88' lang='lat' dir='ltr'><strong>orandum,</strong></span> <span class='ocrx_word' id='word_1_918' title='bbox 2242 5262 2375 5321; x_wconf 91' lang='lat' dir='ltr'><strong>dicit</strong></span> <span class='ocrx_word' id='word_1_919' title='bbox 2399 5282 2414 5320; x_wconf 90' lang='lat'><strong>:</strong></span> <span class='ocrx_word' id='word_1_920' title='bbox 2438 5263 2603 5320; x_wconf 87' lang='lat' dir='ltr'><strong>Pater</strong></span> <span class='ocrx_word' id='word_1_921' title='bbox 2631 5275 2826 5335; x_wconf 86' lang='lat' dir='ltr'><strong>noster,</strong></span> <span class='ocrx_word' id='word_1_922' title='bbox 2856 5265 2944 5336; x_wconf 83' lang='lat' dir='ltr'><strong>qui</strong></span> <span class='ocrx_word' id='word_1_923' title='bbox 2971 5280 3027 5320; x_wconf 84' lang='lat' dir='ltr'><strong>es</strong></span> <span class='ocrx_word' id='word_1_924' title='bbox 3054 5265 3109 5319; x_wconf 86' lang='lat' dir='ltr'><strong>in</strong></span> <span class='ocrx_word' id='word_1_925' title='bbox 3135 5265 3296 5330; x_wconf 77' lang='lat' dir='ltr'><strong>ctelis,</strong></span> <span class='ocrx_word' id='word_1_926' title='bbox 3324 5266 3521 5321; x_wconf 83' lang='lat' dir='ltr'><strong>sancti-</strong></span> 
     </span>
    </p>
   </div>
   <div class='ocr_carea' id='block_1_118' title="bbox 1929 5368 3521 5445">
    <p class='ocr_par' dir='ltr' id='par_1_118' title="bbox 1929 5368 3521 5445">
     <span class='ocr_line' id='line_1_118' title="bbox 1929 5368 3521 5445; baseline 0.001 -18"><span class='ocrx_word' id='word_1_927' title='bbox 1929 5373 2112 5445; x_wconf 67' lang='grc' dir='ltr'><strong>βοείων</strong></span> <span class='ocrx_word' id='word_1_928' title='bbox 2128 5386 2312 5426; x_wconf 81' lang='lat' dir='ltr'><strong>nomen</strong></span> <span class='ocrx_word' id='word_1_929' title='bbox 2336 5376 2498 5435; x_wconf 78' lang='lat' dir='ltr'><strong>tuum,</strong></span> <span class='ocrx_word' id='word_1_930' title='bbox 2520 5368 2761 5423; x_wconf 83' lang='lat' dir='ltr'><strong>adveniat</strong></span> <span class='ocrx_word' id='word_1_931' title='bbox 2789 5385 3003 5441; x_wconf 81' lang='lat' dir='ltr'><strong>regnum</strong></span> <span class='ocrx_word' id='word_1_932' title='bbox 3031 5379 3190 5434; x_wconf 82' lang='lat' dir='ltr'><strong>tuum,</strong></span> <span class='ocrx_word' id='word_1_933' title='bbox 3213 5371 3312 5441; x_wconf 73' lang='lat' dir='ltr'><strong>ﬁat</strong></span> <span class='ocrx_word' id='word_1_934' title='bbox 3338 5369 3521 5427; x_wconf 63' lang='lat' dir='ltr'><strong>uoluu-</strong></span> 
     </span>
    </p>
   </div>
   <div class='ocr_carea' id='block_1_119' title="bbox 1929 5461 3229 5600">
    <p class='ocr_par' dir='ltr' id='par_1_119' title="bbox 1929 5461 3229 5600">
     <span class='ocr_line' id='line_1_119' title="bbox 1929 5461 3229 5600; baseline -0.005 -79"><span class='ocrx_word' id='word_1_935' title='bbox 1929 5464 2288 5600; x_wconf 51' lang='lat'><strong>1082:3561“</strong></span> <span class='ocrx_word' id='word_1_936' title='bbox 2315 5463 2372 5519; x_wconf 88' lang='lat' dir='ltr'><strong>in</strong></span> <span class='ocrx_word' id='word_1_937' title='bbox 2398 5462 2526 5520; x_wconf 69' lang='lat' dir='ltr'><strong>caelo</strong></span> <span class='ocrx_word' id='word_1_938' title='bbox 2554 5470 2606 5518; x_wconf 82' lang='lat' dir='ltr'><strong>et</strong></span> <span class='ocrx_word' id='word_1_939' title='bbox 2628 5462 2685 5518; x_wconf 84' lang='lat' dir='ltr'><strong>in</strong></span> <span class='ocrx_word' id='word_1_940' title='bbox 2712 5472 2853 5519; x_wconf 80' lang='lat' dir='ltr'><strong>terra</strong></span> <span class='ocrx_word' id='word_1_941' title='bbox 2884 5461 3100 5534; x_wconf 75' lang='lat' dir='ltr'><strong>(Matth.</strong></span> <span class='ocrx_word' id='word_1_942' title='bbox 3132 5470 3229 5529; x_wconf 82' lang='grc' dir='ltr'><strong>νι).</strong></span> 
     </span>
    </p>
   </div>
   <div class='ocr_carea' id='block_1_120' title="bbox 2079 5634 2153 5652">
    <p class='ocr_par' dir='ltr' id='par_1_120' title="bbox 2079 5634 2153 5652">
     <span class='ocr_line' id='line_1_120' title="bbox 2079 5634 2153 5652; baseline 0 0"><span class='ocrx_word' id='word_1_943' title='bbox 2079 5634 2153 5652; x_wconf 61' lang='grc' dir='ltr'><strong>-Ρ</strong></span> 
     </span>
    </p>
   </div>
   <div class='ocr_carea' id='block_1_121' title="bbox 2010 5736 3532 5814">
    <p class='ocr_par' dir='ltr' id='par_1_121' title="bbox 2010 5736 3532 5814">
     <span class='ocr_line' id='line_1_121' title="bbox 2010 5736 3532 5814; baseline -0.005 -13"><span class='ocrx_word' id='word_1_944' title='bbox 2010 5743 2143 5801; x_wconf 78' lang='lat' dir='ltr'><strong>Cum</strong></span> <span class='ocrx_word' id='word_1_945' title='bbox 2172 5743 2257 5799; x_wconf 90' lang='lat' dir='ltr'><strong>his</strong></span> <span class='ocrx_word' id='word_1_946' title='bbox 2276 5756 2441 5814; x_wconf 87' lang='lat' dir='ltr'><strong>porro</strong></span> <span class='ocrx_word' id='word_1_947' title='bbox 2460 5752 2583 5811; x_wconf 71' lang='lat' dir='ltr'><strong>qua:</strong></span> <span class='ocrx_word' id='word_1_948' title='bbox 2609 5754 2640 5794; x_wconf 90' lang='lat' dir='ltr'><strong>a</strong></span> <span class='ocrx_word' id='word_1_949' title='bbox 2671 5737 2826 5794; x_wconf 88' lang='lat' dir='ltr'><strong>nobis</strong></span> <span class='ocrx_word' id='word_1_950' title='bbox 2850 5736 2994 5791; x_wconf 88' lang='lat' dir='ltr'><strong>dicta</strong></span> <span class='ocrx_word' id='word_1_951' title='bbox 3023 5745 3168 5802; x_wconf 86' lang='lat' dir='ltr'><strong>sunt,</strong></span> <span class='ocrx_word' id='word_1_952' title='bbox 3199 5739 3532 5794; x_wconf 86' lang='lat' dir='ltr'><strong>conveniunt</strong></span> 
     </span>
    </p>
   </div>
   <div class='ocr_carea' id='block_1_122' title="bbox 1930 5828 3541 5913">
    <p class='ocr_par' dir='ltr' id='par_1_122' title="bbox 1930 5828 3541 5913">
     <span class='ocr_line' id='line_1_122' title="bbox 1930 5828 3541 5913; baseline -0.004 -17"><span class='ocrx_word' id='word_1_953' title='bbox 1930 5854 2052 5913; x_wconf 72' lang='lat' dir='ltr'><strong>qua:</strong></span> <span class='ocrx_word' id='word_1_954' title='bbox 2080 5845 2300 5896; x_wconf 80' lang='lat' dir='ltr'><strong>sanctus</strong></span> <span class='ocrx_word' id='word_1_955' title='bbox 2328 5834 2637 5905; x_wconf 82' lang='lat' dir='ltr'><strong>Theologus</strong></span> <span class='ocrx_word' id='word_1_956' title='bbox 2659 5828 2948 5902; x_wconf 76' lang='lat' dir='ltr'><strong>Gregorius</strong></span> <span class='ocrx_word' id='word_1_957' title='bbox 2995 5828 3157 5887; x_wconf 87' lang='lat' dir='ltr'><strong>docet</strong></span> <span class='ocrx_word' id='word_1_958' title='bbox 3195 5829 3253 5891; x_wconf 85' lang='lat' dir='ltr'><strong>in</strong></span> <span class='ocrx_word' id='word_1_959' title='bbox 3279 5843 3541 5889; x_wconf 75' lang='lat' dir='ltr'><strong>sermone</strong></span> 
     </span>
    </p>
   </div>
  </div>
