3952 6370
173 336 265 389 I93

1223 332 1596 390 JUS'l'lNlANl
1634 333 1763 389 ΜΒ.
1808 334 1965 392 ADV'.
2009 336 2382 393 ORIGENE“.

2292 93 2304 128 l

3341 345 3446 402 195

166 451 310 520 ἅγιον
345 443 640 518 εὐαγγελίου
679 444 944 520 βημάτων.
975 447 1032 500 Ei
1057 448 1158 522 γὰρ
1186 453 1538 522 προϋπῆρχον
1571 445 1628 500 ai
1655 445 1756 516 ’.βυο
1791 489 1793 508 ,

1903 455 2142 503 csserunt
2169 465 2184 511 ;
2227 448 2332 504 hoc
2359 448 2504 504 enim
2523 463 2556 506 e
2583 450 2765 508 verbis
2807 454 2982 510 sancti
3010 451 3288 526 Evangelii
3315 455 3452 512 diui-

164 538 266 610 χαί
284 544 388 592 τῶν
407 538 689 604 σωμάτων.
720 538 995 610 έγίνωσκον
1023 532 1086 591 ἂν
1116 540 1199 592 καί
1224 538 1291 592 τὰ
1315 538 1420 612 πρὸ
1447 543 1540 593 τοῦ
1575 539 1760 609 σῶμα·

171 649 250 690 τος
273 630 442 690 αὐταῖς
467 629 795 702 πραχθέντα,
824 632 1054 704 καθάπερ
1074 632 1162 685 καί
1193 633 1325 702 μετὰ
1357 637 1450 690 τιζν
1476 631 1764 687 ἀποϐίωσεν

1866 539 2058 594 cimus.

174 724 439 794 μέμνηνται
488 727 591 774 τῶν
617 719 707 776 διὰ
743 725 842 777 τοῦ
883 722 1126 792 σώματος
1167 722 1351 782 αὐταῖς
1403 722 1795 792 πεπραγμένων.
1833 723 1996 775 Τοῦτο
2041 721 2141 795 γὰρ
2189 722 2243 776 ίκ
2273 729 2377 777 τῶν
2417 723 2616 796 ῥήσεων
2655 730 2746 780 τοῦ
2788 724 2936 799 ἁγίου
2960 727 3252 802 εὐαγγελίου
3291 727 3460 786 ὶδιδὰ-

219 816 387 871 Gutta.

313 833 387 866 εν.

177 833 347 958 χτί’,ἔτι
379 898 433 956 δέ
469 907 587 963 ταῖς
630 902 987 962 θεοπνεύστοις
1025 908 1244 976 γραφαῖς
1287 900 1677 962 ἀκολουθοῦντες
1713 902 1763 955 οἱ

177 994 302 1068 ἅγιοι
328 995 549 1071 πατέρες
573 997 644 1051 τὰ
662 1001 884 1051 τοιαῦτα
909 995 1205 1068 κατέκριναν
1232 993 1488 1068 δόγματα,
1513 999 1610 1050 σὺν
1630 1001 1765 1071 Ὠρι-

180 1089 298 1161 γένει
324 1095 397 1158 τῷ
424 1093 591 1144 ταῦτα
617 1088 1025 1160 μυθολογήσαντι
1045 1131 1058 1149 .
1087 1088 1138 1153 έξ
1175 1089 1342 1143 αὐτῶν
1364 1095 1466 1144 τῶν
1493 1089 1766 1162 εἰρημένων

182 1189 280 1240 τοῖς
303 1179 466 1252 ἁγίοις
489 1181 722 1257 πατράσι
747 1183 831 1236 καὶ
857 1178 954 1239 ἤδη
981 1181 1070 1254 μὲν
1093 1186 1269 1253 σαφῶς
1296 1178 1652 1254 ἀπεδείξαμεν,
1684 1181 1769 1233 οὐ·

180 1272 252 1329 δέν
277 1271 328 1328 δέ
369 1272 520 1334 ἧττον
560 1277 642 1328 καί
671 1270 756 1328 διὰ
796 1280 896 1328 τῶν
934 1274 1106 1344 ἐφεξῆς
1131 1279 1429 1349 μαρτυριῶν
1470 1279 1571 1328 τῶν
1618 1271 1774 1342 έιγίων

178 1366 400 1439 πατέρων
427 1363 784 1435 ἀποδείξομεν,
821 1366 907 1419 καί
935 1371 1138 1441 πρῶτον
1169 1365 1258 1420 τὸν
1285 1361 1428 1435 ἅγιον
1452 1364 1636 1438 Πέτρον
1661 1363 1772 1416 ἐπί·

177 1477 356 1512 σκοπον
379 1453 759 1530 ’Δλεξανδρείας
784 1453 1048 1528 γενόμενον
1087 1456 1171 1508 καί
1195 1455 1441 1530 μάρτυρα
1473 1450 1772 1528 παραθοσό·

178 1548 314 1616 μεθα,
336 1551 447 1605 τοῖς
478 1541 739 1606 τοιούτοις
767 1545 908 1613 ἡμῶν
935 1549 1302 1618 μαρτυροῦντα
1327 1543 1514 1614 λόγοις.

243 1641 345 1690 Τοῦ
378 1634 536 1709 ἁγίου
574 1636 764 1708 Πέτρου
795 1633 1082 1689 ἐπισκόπου
1107 1637 1192 1689 καί
1214 1635 1478 1710 μάρτυρος
1500 1641 1594 1694 τῆς
1618 1652 1702 1705 pr,
1715 1655 1777 1687 α·-

1941 899 2098 969 Quod
2125 911 2303 958 autem
2332 913 2387 958 et
2415 903 2584 960 sancti
2623 905 2832 976 Patres,
2861 919 3146 980 sequentes
3175 912 3464 984 inspiratus

1871 990 2126 1046 divinitus
2149 990 2474 1064 Scripturas,
2504 995 2665 1050 talem
2686 996 2985 1053 doctrinam
3013 1002 3459 1080 condemnarunt,

1871 1097 1978 1136 una
1991 1099 2114 1138 cum
2136 1081 2386 1152 Origene,
2402 1086 2494 1154 qui
2511 1083 2627 1142 haec
2647 1099 2983 1145 commentus
3003 1103 3103 1158 est,
3114 1093 3224 1162 jam
3245 1097 3462 1165 quidem

1874 1187 1944 1227 cx
1973 1173 2037 1228 iis
2064 1188 2186 1244 quae
2228 1175 2303 1229 illi
2355 1173 2637 1244 dixerunt,
2669 1188 2857 1250 aperte
2885 1185 3220 1240 ostendimus
3246 1204 3260 1240 :
3287 1189 3456 1245 nihilo

1877 1267 2058 1317 tamen
2079 1263 2258 1318 secius
2285 1272 2340 1318 et
2368 1279 2436 1319 ex
2465 1265 2869 1338 insequentibus
2899 1268 3115 1330 Patrum
3146 1276 3467 1334 testimoniis

1874 1367 2060 1406 sumus
2083 1353 2523 1413 demonstraturi.
2573 1357 2654 1414 Ac
2696 1360 2926 1430 primum
2953 1374 3198 1422 sanctum
3226 1368 3465 1435 Petrum,

1874 1443 1966 1514 qui
1987 1443 2269 1514 episcopus
2289 1445 2624 1504 Alexandriae
2644 1460 2700 1506 et
2718 1461 2922 1528 martyr
2939 1454 3062 1524 fuit,
3081 1473 3468 1529 proponemus,

1879 1536 2248 1592 testimonium
2278 1540 2474 1595 nostris
2495 1541 2577 1598 liis
2598 1547 2937 1604 sermonibus
2965 1553 3361 1620 perhibentem.

1953 1628 2011 1684 S.
2037 1627 2180 1686 Petri
2203 1632 2441 1705 episcopi
2467 1635 2802 1694 Alexandria:
2823 1650 2879 1697 et
2905 1646 3176 1718 martyris,
3199 1663 3268 1703 ex
3295 1649 3468 1719 primo

179 1727 422 1786 λοπόλεως
443 1723 841 1799 ’Δλεξανδρείω
875 1725 927 1779 ἐκ
966 1731 1060 1780 τοῦ
1087 1727 1293 1802 πρώτου
1321 1727 1498 1799 λόγου,
1525 1727 1644 1805 περὶ
1683 1731 1776 1780 τοῦ

1903 1734 2152 1787 ;ermone,
2183 1723 2328 1793 quod
2357 1739 2460 1781 nec
2487 1731 2807 1798 pmexstitit
2826 1733 3024 1803 anima,
3051 1752 3170 1804 nec,
3199 1755 3322 1795 cum
3347 1757 3469 1811 pec-

181 1815 300 1890 μηδέ
340 1818 719 1894 προ”πὰρχειν
758 1823 849 1876 τήν
875 1815 1058 1888 ψυχὴν
1103 1814 1232 1888 μηδέ
1271 1816 1667 1892 ἁμαρτήσασαν,
1692 1814 1777 1872 διὰ

181 1920 328 1970 τοῦτο
355 1917 428 1974 είς
452 1920 615 1984 σῶμα
641 1913 906 1984 βληθῆναι·
939 1930 960 1966 ε
981 1913 1254 1987 Ἦγούμεθα
1276 1915 1344 1970 τὰ
1371 1915 1604 1988 περὶτοῦ
1629 1913 1780 1990 πρῶ-

181 2025 267 2060 του
310 2005 366 2059 ίκ
389 2011 484 2065 τῆς
511 2011 612 2075 γῆς
641 2007 826 2074 χοϊκοῦ
895 2003 1218 2076 γεγενημένου
1248 2003 1518 2079 ἀνθρώπου
1560 2002 1782 2079 παραθέ-

184 2098 315 2150 σθαι.
343 2094 474 2172 πρὸς
495 2093 560 2150 τὸ
583 2092 748 2160 δεῖξαι
771 2094 856 2150 ἵνα
891 2097 980 2148 καί
999 2093 1084 2150 τὸν
1111 2094 1260 2151 αὐτόν
1284 2094 1334 2148 ἐν
1359 2101 1432 2164 τῷ
1455 2094 1596 2165 αὖτῷ
1619 2099 1782 2169 καιρῷ

183 2187 458 2258 γενόμενον,
495 2179 592 2240 κᾶν
612 2191 834 2260 μερικῶς
875 2204 1002 2240 ποτε
1044 2183 1071 2240 ό
1099 2183 1202 2240 ἴσω
1234 2188 1319 2242 καί
1347 2184 1447 2250 ἔξω
1471 2185 1674 2260 λέγηται
1695 2184 1782 2240 ἆν-

186 2280 395 2353 θρωπος.
416 2279 476 2332 El
503 2277 609 2352 γάρ
635 2279 723 2332 καί
749 2276 884 2331 κατὰ
917 2276 1008 2331 τὸν
1039 2279 1296 2348 σωτήριον
1315 2276 1481 2348 λόγον,
1510 2274 1538 2330 ὁ
1563 2279 1784 2336 ποιήσας

186 2371 246 2426 τὰ
270 2369 481 2436 ἔσωθεν,
515 2371 608 2425 καί
633 2369 703 2425 τὰ
725 2365 907 2433 ἔξωθεν
932 2367 1190 2439 έποίησεν,
1222 2367 1329 2423 ἀλλ’
1363 2363 1454 2423 οὖν
1476 2387 1535 2441 γε
1564 2367 1782 2441 ἐφάπαξ,

189 2465 267 2518 καί
290 2465 340 2518 έν
377 2463 449 2518 ivi
473 2469 670 2537 καιρῷ,
714 2461 957 2517 τουτέστι
981 2467 1048 2537 τῇ
1085 2463 1218 2538 αὐτῇ
1244 2462 1430 2536 ἡμέρᾳ,
1463 2459 1550 2518 ὅτε
1591 2457 1732 2516 εἶπεν
1759 2459 1786 2516 ό

188 2554 708 2624 Θεός,--11οιήσωμεν
723 2548 984 2615 ἄνθρωπον
999 2552 1112 2608 κατ’
1125 2551 1290 2608 εἰκόνα
1307 2555 1392 2607 καὶ
1411 2551 1650 2624 ὁμοίωσιν
1665 2553 1788 2622 ἠμε-

189 2647 348 2722 τέραν.
371 2673 443 2686 -—
471 2653 570 2706 Ὠς
590 2645 646 2699 έκ
667 2645 853 2700 τούτου
881 2641 1088 2702 εὔδηλον
1114 2639 1264 2710 εἶναι,
1291 2642 1370 2708 ὅτι
1401 2645 1487 2698 οὐκ
1511 2645 1616 2699 ἀπὸ
1635 2640 1790 2698 συνὸ-

190 2735 296 2803 3ου9
310 2739 379 2799 ὥς
399 2735 660 2814 προόντος
683 2739 820 2798 τιν’ς
843 2736 1039 2812 έτέρου,
1054 2739 1144 2792 καὶ
1173 2737 1254 2809 ἀφ’
1284 2737 1459 2812 έτέρου
1481 2737 1645 2792 τόπου
1665 2757 1792 2791 συν⁴

193 2827 502 2896 ιληλυθότος,
565 2829 878 2901 γεγέννηται.
908 2829 966 2881 Εἰ
1114 2825 1330 2889 σύνοδος
1351 2825 1432 2895 ἦν,
1462 2829 1595 2890 τίνος
1629 2828 1792 2882 ἕνεκεν

192 2922 272 2974 καί
295 2921 353 2975 τό
377 2921 730 2991 πεποεὴμένον
755 2919 1042 2994 ἀνεγράφη
1075 2936 1096 2971 ε
1130 2922 1220 2975 Καὶ
1241 2919 1350 2990 μεθ’
1372 2919 1545 2992 έτερα⁶
1575 2937 1596 2972 ε
1627 2916 1790 2975 ’.Ωστε

193 3013 278 3066 οὐκ
293 3011 570 3084 ἐνδέχεται
585 3015 688 3086 πρὸ
706 3012 962 3082 σωμάτων
988 3013 1183 3088 οὐρανῷ
1198 3010 1498 3088 ἁμαρτάνων
1515 3007 1608 3080 μ’.
1627 3009 1796 3088 ἁμαρ-

193 3102 368 3174 τάνεινΙ
397 3103 618 3175 ψυχὰς.
647 3101 773 3176 μηδέ
805 3101 925 3164 ὅλως
959 3104 1061 3181 πρὸ
1088 3108 1340 3178 σωμάτων
1369 3103 1696 3164 ὑποστάσας.
1728 3105 1795 3160 Τό

193 3201 288 3271 γυὶρ
545 3202 702 3252 τοῦτο
730 3203 822 3258 τῆς
851 3195 1128 3257 Ἑλληνικῆς
1157 3197 1273 3252 έστι
1313 3195 1630 3270 φιλοσοφίας,
1656 3195 1796 3260 ξένης

199 3293 280 3346 καί
304 3291 576 3368 ἀλλοτρίας
607 3285 774 3352 οὔσης
799 3295 904 3344 τῶν
950 3285 1006 3343 έν
1051 3295 1258 3363 Χριστῷ
1283 3288 1512 3348 εὐσεϐῶς
1553 3287 1794 3344 θελόντων

199 3385 357 3458 ζῇν.»
429 3437 438 3442 ,

265 3477 362 3526 τοῦ
399 3471 564 3527 αὐτοῦ
607 3470 666 3524 ἐκ
698 3477 794 3530 τῆς
816 3471 1208 3542 μυσταγωγίας.
1249 3467 1309 3530 ἧς
1339 3466 1623 3528 ίποιήσατο
1669 3468 1800 3541 πρὸς

201 3565 282 3622 τόν
305 3562 596 3626 ίκκλησίαν,
627 3560 822 3632 μέλλων
857 3561 945 3617 τόν
970 3569 1062 3618 τοῦ
1091 3565 1379 3639 μαρτυρίου
1405 3563 1652 3636 στέφανον
1677 3563 1799 3617 ἀνα-

208 3649 446 3725 δέχεσθαι
490 3652 620 3706 «Διά
648 3658 806 3707 τοῦτο
831 3654 1132 3728 παρακαλῶ,
1158 3662 1476 3730 γρηγορεῖτε,
1507 3651 1587 3708 ὅτι
1605 3656 1678 3714 είς
1703 3654 1802 3708 θλί-

203 3745 283 3816 ψιν
323 3747 474 3802 πάλιν
515 3745 731 3817 μέλλετε
780 3746 1020 3801 εἰσελθεῖν
1075 3744 1256 3802 οἴδατε
1304 3749 1502 3806 πόσους
1539 3743 1802 3807 κινδύνους

203 3837 458 3910 ὑπέμεινεν
500 3837 530 3893 ὁ
579 3835 880 3911 ἀναθρέψας
918 3857 982 3906 με
1024 3840 1200 3911 πατήρ
1246 3857 1346 3908 μου
1395 3840 1476 3893 καί
1526 3837 1804 3896 ἐπίσκοπος

203 3932 380 3989 Θεονᾶς
411 3927 516 3982 ἀπὶ
541 3931 860 3998 μαινομένων
884 3927 958 3987 είς
981 3928 1049 3980 τὰ
1076 3923 1258 3981 εἴδωλα
1275 3939 1289 3955 ⁸
1325 3921 1386 3980 οὗ
1414 3926 1502 3980 καί
1527 3923 1616 3978 τόν
1636 3925 1804 3996 θρόνον

203 4015 510 4092 διεδεξάμην.
541 4016 651 4073 εἴθε
689 4015 746 4072 δέ
779 4019 863 4073 καί
900 4018 985 4073 τόν
1009 4018 1218 4094 τρόπον’
1246 4019 1316 4078 ὡς
1359 4014 1415 4072 δέ
1454 4019 1540 4070 καί
1579 4014 1606 4070 ό
1644 4017 1804 4088 μέγας

205 4113 456 4174 Διονύσιος
499 4110 991 4187 ιατακρυπτόμενος
1030 4112 1134 4166 ἀπὸ
1161 4110 1329 4166 τόπων
1356 4110 1428 4170 εἰς
1464 4109 1678 4172 τόπους,
1723 4111 1806 4163 καί

205 4202 327 4275 πρὸς
349 4200 520 4272 τούτῳ
567 4203 660 4255 καὶ
700 4201 967 4256 Σαῆελλίου
1011 4201 1285 4262 θλίϐοντος.
1311 4202 1372 4254 Τί
1406 4198 1460 4256 δέ
1501 4197 1626 4255 εἴπω
1654 4198 1805 4273 Ἠρα-

205 4293 322 4348 κλᾶν
356 4297 444 4349 καί
469 4297 617 4366 Δημὴ
629 4313 786 4367 τριον,
813 4295 934 4354 τοὺς
971 4294 1252 4368 μακαρίους
1297 4290 1633 4358 ἱπισκόπους,
1661 4292 1806 4352 οἴους

1885 1819 2080 1878 casset,
2098 1821 2385 1884 propterea
2407 1816 2460 1871 in
2481 1833 2680 1890 corpus
2702 1823 2862 1880 missa
2876 1832 2989 1880 est:
3011 1845 3031 1878 ε
3056 1827 3312 1884 Duximus
3327 1847 3470 1901 qutu-

1887 1899 2012 1955 dam
2041 1901 2111 1958 de
2140 1904 2315 1974 primo
2343 1921 2374 1961 e
2403 1915 2548 1963 terra
2593 1917 2812 1967 terreno
2843 1914 3059 1972 homine
3103 1899 3470 1990 prepoueuda,

1886 1998 1947 2047 ut
1967 1992 2370 2052 demonstretur
2388 2014 2554 2054 unum
2580 2009 2637 2057 et
2660 2005 2908 2060 eumdem
2936 2009 3127 2066 eodem
3152 2011 3206 2066 in
3233 2019 3480 2084 tempore

1885 2098 2007 2142 esse
2034 2085 2232 2143 factum
2261 2105 2276 2143 :
2300 2093 2546 2161 quamvis
2565 2095 2964 2163 particulariter
2985 2115 3367 2172 nonnunquam
3396 2105 3472 2160 in-

1888 2175 2058 2230 terior
2085 2185 2140 2232 et
2166 2179 2406 2235 exterior
2425 2180 2592 2239 homo
2621 2183 2845 2242 dicatur.
2875 2188 3007 2244 Nam
3036 2193 3158 2258 etsi,
3184 2195 3483 2254 secundum

1887 2265 2179 2322 salutarem
2209 2283 2513 2327 sermonem
2538 2314 2554 2339 ,
2595 2275 2688 2346 qui
2716 2276 2973 2334 interiora
3000 2279 3126 2338 fecit
3148 2324 3166 2352 ,
3207 2287 3475 2342 exteriora

1890 2371 2110 2426 quoque
2138 2358 2266 2414 fecit
2290 2377 2303 2414 :
2333 2369 2512 2417 tamen
2535 2365 2702 2421 semel
2731 2375 2786 2422 et
2813 2369 3003 2425 eodem
3031 2379 3290 2443 tempore,
3321 2374 3372 2429 iJ
3397 2390 3480 2432 N

1890 2457 2081 2512 eadem
2109 2458 2197 2514 die
2218 2499 2234 2526 ,
2277 2477 2398 2516 cum
2428 2462 2562 2518 dixit
2590 2464 2732 2522 Deus
2765 2485 2778 2521 :
2805 2467 3088 2528 Faciamus
3125 2472 3385 2529 hominem
3412 2479 3482 2531 ad

1890 2549 2173 2622 imaginem
2212 2554 2679 2640 “similitudinem
2707 2570 2973 2628 nostram;
3022 2580 3093 2620 ex
3129 2581 3240 2635 quo
3276 2571 3473 2638 perspi-

1891 2656 2052 2696 cuum
2074 2651 2176 2709 est,
2199 2659 2308 2700 non
2329 2660 2396 2700 ex
2419 2661 2734 2716 congressu,
2756 2652 2910 2722 quasi
2933 2653 3134 2724 aliquid
3155 2655 3300 2712 aliud
3326 2666 3473 2714 antc-

1896 2743 2141 2810 eesserit,
2165 2751 2222 2800 et
2241 2760 2310 2801 ex
2330 2745 2438 2802 alio
2457 2745 2582 2804 loco
2603 2753 2939 2822 convenerit,
2959 2752 3156 2810 factum
3177 2769 3316 2810 esse.
3348 2754 3481 2810 Nam

1898 2834 1942 2889 si
1973 2849 2296 2906 congressus
2323 2837 2444 2909 fuit,
2469 2842 2824 2917 quamobrem
2863 2844 3192 2918 descriptum
3227 2857 3312 2902 est
3337 2845 3484 2918 quod

1890 2924 2003 2994 jam
2033 2924 2232 2982 factum
2260 2928 2468 2986 fuerat?
2486 2931 2584 2990 »Ει
2609 2934 2846 3001 pestalia
2864 2953 2878 2990 :
2895 2954 2913 2986 ε
2935 2935 3122 3007 Itaque
3149 2954 3258 2994 non
3286 2938 3475 3010 recipi-

1897 3023 2006 3078 tur,
2037 3026 2164 3072 ante
2189 3032 2417 3089 corpora
2445 3020 2498 3074 in
2521 3022 2661 3076 cmlo
2680 3037 2906 3093 peccare
2931 3026 3159 3092 animas,
3185 3039 3304 3098 qua:
3327 3045 3472 3098 pror-

1897 3121 1990 3162 sus
2016 3121 2083 3161 ne
2124 3107 2250 3163 ante
2277 3124 2507 3180 corpora
2536 3111 2754 3180 quidem
2781 3113 3168 3182 substiterunt;
3201 3119 3313 3174 lucc
3341 3119 3486 3173 enim

1897 3197 2140 3253 doctrina
2163 3213 2193 3254 a
2215 3213 2546 3270 paganorum
2575 3201 2912 3274 philosophia
2937 3214 3040 3268 est,
3065 3223 3182 3276 qua:
3206 3212 3488 3278 peregrina

1899 3297 2024 3354 est,
2072 3297 2128 3345 et
2177 3291 2246 3345 ab
2291 3291 2356 3346 iis
2403 3291 2617 3361 aliena,
2668 3293 2760 3364 qui
2805 3295 2892 3365 pie
2941 3295 2994 3350 in
3042 3295 3257 3354 Christo
3297 3300 3481 3354 volunt

1898 3381 2104 3436 vivere.
2147 3401 2168 3437 ι

1976 3468 2228 3540 Ejusdem
2251 3487 2320 3527 ex
2358 3475 2694 3546 mystagogia
2731 3489 2892 3546 quam
2921 3475 3048 3533 fecit
3076 3477 3142 3533 ad
3173 3477 3484 3549 Ecclesium,

1904 3577 2027 3618 cum
2059 3564 2302 3636 martyrii
2331 3579 2588 3622 coronam
2617 3576 2966 3638 suscepturus
2994 3579 3137 3625 esset
3169 3587 3182 3624 :
3221 3591 3239 3623 ε
3270 3567 3484 3644 Propte-

1905 3667 1999 3708 rea
2028 3655 2280 3722 obsecro,
2307 3657 2546 3726 vigilate.
2579 3657 2941 3716 Amictionem
2969 3661 3112 3717 enim
3144 3679 3353 3718 rursum
3381 3665 3487 3720 adio

1907 3743 2017 3798 turi
2042 3744 2191 3799 estis.
2223 3745 2386 3800 Scitis
2412 3755 2544 3818 quot
2597 3747 2829 3804 subierit
2856 3749 3091 3819 pericula
3129 3751 3221 3820 qui
3250 3769 3337 3808 me
3363 3770 3486 3810 enu-

1905 3835 2055 3890 trivit
2078 3843 2235 3906 pater
2257 3850 2411 3892 meus
2437 3846 2492 3892 et
2519 3839 2806 3909 episcopus
2835 3839 3103 3906 Theonas,
3133 3843 3203 3898 ab
3229 3845 3294 3900 iis
3322 3845 3412 3914 qui
3438 3846 3496 3901 in

1905 3927 2047 3984 idola
2070 3927 2367 3984 insanirent
2391 3948 2405 3983 :
2429 3930 2483 3985 in
2507 3930 2660 4000 cujus
2677 3945 2779 4000 ego
2801 3931 2983 3988 sedem
3013 3935 3264 3998 successi,
3292 3937 3498 3992 utinam

1905 4016 2070 4072 etiam
2098 4015 2152 4070 in
2181 4017 2394 4074 mores!
2440 4017 2590 4073 scitis
2619 4025 2679 4073 ut
2704 4033 2928 4088 magnus
2956 4035 3018 4075 se
3043 4023 3269 4091 gesserit
3299 4023 3488 4100 Diony-

1903 4107 2040 4176 sius,
2074 4107 2166 4178 qui
2193 4121 2254 4164 se
2283 4123 2314 4163 e
2343 4108 2479 4164 locis
2502 4109 2556 4164 in
2585 4109 2704 4166 loca
2733 4109 2982 4178 abdebat,
3007 4127 3125 4168 cum
3152 4111 3371 4184 insuper
3397 4114 3490 4170 Sa-

1908 4196 2101 4253 bellius
2148 4196 2427 4268 aﬂligeret.
2481 4199 2620 4266 Quid
2669 4215 2834 4271 porro
2881 4201 3056 4258 dicam
3100 4200 3386 4258 lleraclam
3437 4215 3492 4262 et

1911 4287 2242 4344 Demetrium
2298 4291 2488 4348 beatos
2542 4291 2871 4364 episcopos?
2929 4293 3116 4364 quales
3171 4295 3494 4353 tentalionea

206 4389 523 4465 πειρασμοτκ
550 4387 856 4444 ὑπέστησαν
883 4385 984 4440 ὑπὸ
1010 4391 1099 4441 τοῦ
1129 4387 1367 4457 μανέντος
1391 4385 1696 4457 Ὦριγένους,
1718 4405 1793 4437 και

1907 4381 2278 4437 sustinuerunt
2303 4384 2372 4438 ab
2399 4383 2590 4440 insano
2615 4380 2869 4456 Origene,
2898 4399 3023 4440 cum
3053 4385 3167 4456 ipse
3194 4384 3412 4442 dissidia
3443 4387 3497 4442 in

205 4480 358 4536 αὐτοῦ
383 4483 674 4552 σχίσματα
702 4479 972 4552 βάλλοντος
1005 4481 1054 4533 έν
1087 4486 1150 4554 τῇ
1179 4477 1442 4552 έκκλησῖᾳ,
1475 4477 1545 4530 τὰ
1581 4475 1679 4536 ἕως
1713 4477 1806 4532 σή-

207 4591 356 4647 μερον
380 4573 644 4648 ταραχὰς
813 4573 1109 4646 ἐγείραντας
1131 4589 1152 4622 ι
1168 4577 1280 4631 Πῶς
1295 4571 1460 4626 τοίνυν
1485 4567 1703 4624 δύναταί
1726 4587 1806 4628 τις

206 4670 304 4719 τῶν
337 4659 394 4720 εὖ
415 4663 738 4739 φρονούντων
762 4664 1109 4720 έναντιοῠσθαι
1135 4670 1243 4724 τοῖς
1269 4664 1396 4718 κατὰ
1421 4661 1708 4737 Ὦριγένους
1730 4661 1804 4714 εἰς

209 4759 437 4830 ρημένοις
481 4758 638 4830 παρά
664 4763 755 4814 τοῦ
787 4756 932 4831 ἆγίου
959 4758 1222 4831 μάρτυρος
1249 4758 1338 4810 καί
1363 4753 1644 4809 ίπισκόπου
1673 4749 1804 4808 ’Δλε-

209 4844 466 4920 ξανδρείκς
489 4847 724 4922 Πέτρου;
757 4844 817 4907 ὅς
854 4866 933 4908 τις
959 4846 1048 4901 τὸν
1075 4845 1224 4900 καλὸν
1249 4844 1384 4920 ὐπίρ
1417 4848 1642 4918 Χριστοῦ
1681 4843 1804 4899 δινα-

209 4931 476 5008 δεξάμινος
517 4939 732 5008 ἀγῶνα.
765 4936 824 4990 οὐ
869 4935 1016 5006 μόνον
1059 4935 1378 5008 ἀπεκήρυξεν
1427 4933 1682 5008 Ὦρεγένην
1723 4933 1812 4990 καί

211 5025 272 5079 τὰ
295 5027 516 5104 μυσαρὰ
549 5027 736 5082 αὑτοῦ
763 5023 1018 5098 δόγματα,
1059 5025 1182 5080 ἀλλά
1222 5027 1310 5080 καί
1345 5031 1611 5100 μαρτυρεῖ
1653 5026 1724 5085 ὥς
1763 5022 1811 5078 ei

215 5119 310 5189 πρὸ
337 5119 501 5174 αὐτοῦ
536 5117 683 5188 ἅγιοι
708 5117 926 5194 πατέρες
949 5115 1168 5178 πολλοὺς
1194 5116 1467 5188 ὑπέμειναν
1493 5115 1811 5188 πειρασμούς

213 5209 308 5264 ἀπὸ
333 5218 425 5272 τῆς
450 5211 650 5265 ίκείνου
678 5207 1090 5284 φρενοϐλαϐείας.
1304 5267 1309 5272 ,

279 5295 400 5354 εἶπε
425 5298 482 5355 δέ
510 5303 602 5355 καὶ
627 5300 656 5354 ὁ
684 5299 732 5354 έν
754 5298 917 5372 ἁγίοις
937 5298 1260 5361 ’Δθανὰσιος,
1289 5299 1574 5356 ἐπίσκοπος
1607 5297 1694 5352 καί
1717 5297 1812 5352 αὖα

215 5391 302 5452 τός
322 5390 394 5448 Ἀ)
405 5391 709 5468 εξανδρείας
733 5387 1016 5464 γενόμενος,
1035 5391 1088 5446 έν
1120 5397 1196 5463 τῷ
1233 5388 1364 5461 λόγῳ
1388 5395 1462 5459 τῷ
1496 5390 1571 5450 είς
1592 5391 1679 5445 τόν
1705 5389 1814 5460 βίον

217 5489 310 5538 τοῦ
335 5489 606 5561 μακαρίου
622 5481 1106 5549 ’Δντωνίου,ταῦτα⁶
1132 5489 1268 5542 «Πῶς
1299 5479 1353 5537 δέ
1380 5481 1652 5552 χλευάζειν
1678 5483 1814 5553 ἡμᾶς

217 5573 429 5648 τολμᾶτε
454 5577 700 5648 λέγοντας
721 5576 801 5642 τὸ,
844 5576 1064 5650 Χριστὸν
1086 5571 1351 5649 ἄνθρωπον
1392 5575 1776 5646 πεφανερῶσθαι
1794 5615 1811 5642 ,

221 5664 402 5738 ἂπουγε
429 5670 584 5742 ὑμεῖς
628 5671 686 5723 ἐκ
725 5675 818 5725 τοῦ
845 5674 934 5722 νοῦ
961 5673 1053 5727 τήν
1078 5667 1260 5740 ψυχὴν
1299 5667 1571 5742 ὁρίζοντες.
1599 5669 1811 5738 φάσκετε

221 5763 576 5822 πεπλανῆσθαι
603 5761 785 5826 αὐτὴν,
813 5762 898 5814 καί
931 5761 1251 5816 πεπτωκέναι
1275 5758 1381 5814 ἀπὸ
1404 5764 1496 5818 τῆς
1519 5755 1700 5828 ἁψῖδος
1726 5766 1816 5814 τοῦ

226 5850 442 5926 οὐρανοῦ
472 5854 548 5914 είς
586 5857 782 5922 σῶμα;
814 5867 833 5904 ι
873 5857 958 5906 Δεῖ
979 5851 1262 5926 προσέχειν
1292 5851 1412 5910 τοὺς
1439 5849 1816 5926 ἀκροωμένους,

1907 4474 2152 4532 Ecclesia
2179 4486 2426 4546 sereret,
2462 4491 2586 4547 qua:
2610 4478 2676 4532 ad
2706 4479 2847 4535 hanc
2870 4493 3040 4548 usque
3065 4478 3206 4535 diem
3237 4479 3300 4534 ei'
3316 4481 3499 4536 turbas

1908 4566 2182 4622 excitant?
2215 4586 2237 4621 ι
2267 4567 2350 4622 Au
2379 4569 2542 4638 igitur
2563 4577 2744 4640 potest
2770 4569 2962 4640 aliquis
2989 4569 3128 4626 bene
3153 4571 3500 4628 sentientium

1909 4656 1976 4713 iis
2019 4657 2293 4714 adversari
2317 4700 2334 4728 ,
2372 4673 2494 4728 quae
2534 4661 2589 4715 in
2615 4657 2902 4729 Origenem
2928 4659 3071 4716 dicta
3098 4668 3226 4716 sunt
3251 4675 3282 4715 a
3309 4668 3501 4716 sancto

1912 4757 2150 4822 martyre
2171 4759 2228 4807 et
2250 4751 2506 4822 episeopo
2525 4751 2860 4809 Alexandriae
2881 4752 3082 4808 Petro?
3107 4753 3202 4822 qui
3224 4753 3500 4824 egregium

1913 4858 2012 4914 pro
2041 4842 2256 4900 Christo
2284 4853 2555 4900 certamen
2601 4845 2897 4916 suscipiens
2919 4885 2936 4912 ,
2974 4859 3083 4901 non
3111 4845 3284 4901 solum
3312 4844 3502 4914 Orige-

1913 4948 2039 4989 nem
2063 4973 2082 5002 ,
2118 4934 2545 5006 sceleratamque
2572 4934 2690 5007 ejus
2713 4937 3018 4992 doctrinam
3047 4935 3359 5004 abdicavit,
3397 4936 3501 4992 sed

1911 5025 2076 5080 etiam
2128 5024 2447 5088 testiﬁcatur
2490 5033 2715 5084 sanctos
2759 5027 2853 5096 qui
2903 5033 3031 5083 ante
3067 5027 3242 5098 ipsum
3287 5025 3503 5081 fuerant

1913 5112 2104 5172 Patres
2151 5115 2346 5172 multas
2385 5117 2708 5174 sustinuisse
2753 5117 3075 5174 teutationes
3117 5117 3188 5172 ab
3221 5117 3363 5173 illius
3407 5115 3504 5172 de~

1915 5207 2135 5262 mentia.

1993 5295 2138 5352 Dixit
2157 5313 2374 5370 quoque
2402 5309 2622 5356 sanctus
2657 5299 2978 5356 Athanasius
2995 5337 3012 5364 ,
3043 5297 3135 5369 qui
3157 5307 3214 5354 et
3242 5299 3356 5370 ipse
3384 5299 3505 5370 epi-

1915 5403 2116 5461 scopus
2145 5374 2244 5446 fuit
2271 5391 2630 5457 Alexandriae,
2661 5391 2714 5446 in
2742 5405 2994 5447 sermone
3017 5390 3085 5446 de
3109 5391 3253 5447 beati
3283 5390 3506 5447 Antonii

1920 5483 2030 5538 vita
2063 5499 2076 5535 :
2115 5500 2135 5535 ι
2159 5481 2444 5549 Quomodo
2481 5498 2581 5538 nos
2619 5480 2844 5538 irridere
2884 5480 3096 5538 audetis
3117 5524 3134 5552 ,
3161 5482 3252 5552 qui
3279 5481 3510 5538 dicimus

1921 5572 2193 5630 Christum
2234 5574 2509 5632 hominem
2547 5574 2951 5631 manifestatum
2979 5576 3138 5632 esse?
3174 5589 3297 5630 cum
3326 5584 3383 5630 et
3409 5589 3510 5630 vos

1923 5665 1990 5720 de
2004 5672 2182 5722 mente
2194 5665 2429 5721 animam
2446 5681 2567 5722 esse
2579 5665 2917 5734 deﬁnientes,
2929 5679 3051 5720 eam
3071 5679 3280 5722 errasse
3291 5665 3514 5731 dicatis,

1923 5772 1989 5813 ac
2035 5757 2105 5814 de
2151 5757 2336 5830 apside
2373 5757 2498 5815 cmli
2525 5759 2581 5814 in
2609 5772 2809 5829 corpus
2835 5756 3140 5814 cecidisse?-
3165 5775 3184 5810 ι
3219 5757 3512 5814 Attenoant

1923 5849 2017 5920 qui
2045 5849 2268 5908 audiunt
2290 5887 2308 5921 ,
2349 5859 2594 5911 sanctum
2623 5846 2974 5906 Athanasium
3001 5847 3068 5906 iis
3095 5859 3282 5921 aperte
3311 5848 3502 5906 adver-
