3952 6392
475 360 580 419 195

1849 339 2142 402 VIGILIUS
2181 335 2378 393 I’APA.

2577 242 2605 256 ,ο

3651 318 3754 377 196

474 479 566 534 ὅτι.
582 471 610 528 6
634 472 686 527 ἂν
720 467 882 543 ἆγὶοσς
916 466 1213 529 Ἀθανὰσιος
1254 473 1433 540 σαφῶς
1474 466 1791 522 ἕναντιοῦται
1839 468 1947 522 τοῖς
1985 459 2064 513 λί-

2195 450 2273 503 ari
2302 447 2394 519 qui
2415 455 2650 501 mentem
2671 447 3019 516 prteextstere
3036 438 3245 506 dicunt,
3269 444 3327 493 et
3345 450 3414 493 ex
3436 447 3500 514 ea
3522 431 3759 543 animum

479 586 635 640 γουσι
674 563 1031 641 προττπᾶρχειν
1055 562 1141 617 τὸν
1169 566 1306 625 νοῦν,
1345 565 1429 617 καί
1468 562 1521 616 lx
1558 563 1745 618 τούτου
1765 560 2065 634 γεγενῆσθαι

482 668 573 721 τήν
599 660 778 732 ψυχήν
803 657 1201 732 ἁμαρτήσασαν,
1229 657 1317 709 καί
1350 668 1677 710 πεπτωκυῖαν
1700 654 1802 709 ἀπὸ
1828 661 1921 714 τῆς
1942 652 2064 726 ἆψῖο

481 751 566 813 ὂος
590 755 685 806 τοῦ
705 749 912 827 ούρανοῦ
938 748 1010 809 είς
1039 734 1233 818 σῶμαί

550 869 653 919 Τοῦ
695 863 849 918 αὐτοῦ
888 861 1036 934 ἆγίου
1070 861 1356 917 Ἀθανασίου
1395 858 1454 912 ἔκ
1488 862 1581 913 τοῦ
1630 860 1763 914 κατᾶ
1803 857 2062 922 ’Δρειανῶν

484 943 725 1019 δευτέρου
753 943 933 1019 λόγου*
962 964 980 997 t
1006 950 1153 1000 Πᾶσα
1173 947 1204 1003 ἦ
1227 942 1489 1016 φαινομένη
1525 941 1694 1002 κτίσις
1722 939 1771 993 ἐν
1796 936 1849 1004 ἒξ
1868 936 2080 1009 ἡμέραις

483 1035 672 1107 γέγονε*
702 1036 788 1088 καί
815 1043 876 1110 τῇ
901 1035 990 1106 μέν
1015 1035 1185 1109 πρώτῃ
1206 1034 1265 1089 τὸ
1288 1038 1414 1105 φῶς,
1443 1027 1570 1106 ὅπερ
1598 1028 1830 1084 ἐκάλεσεν
1853 1028 2078 1102 ήμέραν³

486 1132 551 1197 τῇ
576 1122 630 1178 δὲ
659 1122 870 1203 δευτέρᾳ
893 1126 952 1180 τὸ
982 1124 1272 1199 στερέωμα,
1305 1125 1392 1176 καί
1510 1123 1657 1197 τρίτῃ
1685 1121 1991 1192 συναγαγὼν
2016 1118 2081 1173 τὰ

486 1212 672 1282 ὕδατα,
709 1213 864 1279 ἔδειξε
911 1221 1003 1274 τήν
1038 1217 1218 1289 ξηρὰν,
1258 1215 1339 1268 καί
1378 1214 1500 1273 τούς
1549 1213 1599 1267 ἓν
1644 1212 1776 1283 αὐτῇ
1815 1210 2081 1268 ποικίλους

486 1310 747 1380 προήγαγε
787 1309 1037 1381 καρπούς,
1067 1308 1243 1381 καί
1282 1303 1504 1378 τετάρτῃ
1546 1302 1788 1359 πεποίηκε
1825 1299 1911 1354 τὸν
1945 1298 2082 1357 ἥλιον

486 1398 571 1450 καί
595 1402 686 1455 τήν
717 1397 946 1461 σελήνην,
978 1399 1061 1451 καί
1088 1397 1259 1451 πάντα
1285 1395 1372 1449 τὸν
1408 1400 1508 1449 τῶν
1542 1393 1771 1469 ἀστέρων
1804 1390 1987 1468 χορόν·
2019 1396 2083 1465 τῇ

489 1486 544 1542 δέ
568 1488 781 1561 πέμπτῃ
805 1497 904 1544 τῶν
934 1489 981 1543 ἕν
1012 1496 1074 1564 τῇ
1108 1488 1329 1563 Θαλάττῃ
1359 1489 1522 1553 ζώων,
1549 1487 1636 1541 καί
1662 1492 1763 1539 τῶν
1791 1483 1840 1537 ιν
1868 1490 1942 1551 τῷ
1970 1481 2085 1556 ἀέρι

486 1583 727 1632 πετεινῶν
754 1582 844 1636 τήν
877 1578 1073 1650 γένεσιν
1101 1574 1299 1632 ἔκτισεο
1329 1584 1392 1651 τῇ
1423 1574 1476 1630 δὲ
1507 1574 1623 1648 ἕκτῃ
1664 1569 1961 1648 τετράποδα
1999 1571 2085 1625 ἐπὶ

486 1673 579 1727 τῆς·
607 1675 699 1740 γῆς
728 1671 992 1729 πεποίηκε,
1018 1670 1102 1723 καί
1119 1667 1295 1722 λοιπὸν
1322 1668 1406 1723 τὸν
1426 1663 1690 1741 ἄνθρωπον
1710 1665 1793 1720 τὸν
1818 1664 1873 1717 εκ
1900 1661 2086 1734 ψυχῆς

486 1755 680 1826 λογικῆς
711 1760 793 1811 καί
814 1766 1070 1827 σώματος.
1099 1760 1259 1812 ἰ’ἁτε
1292 1758 1540 1835 ἀόρατα.
1579 1757 1767 1811 αὐτοῦ
1808 1755 1933 1811 ἀπὸ
1961 1755 2087 1809 κτί-

487 1865 648 1907 σεως
686 1847 928 1915 κόσμου
955 1855 1093 1908 τοῖς
1121 1853 1435 1918 ποιήμασι
1469 1848 1789 1915 νοούμενα
1819 1844 2083 1918 καθορᾶ-

489 1952 618 1989 ται·
636 1939 724 1989 καί
741 1934 854 1991 οὔτε
884 1938 942 1993 τὸ
966 1945 1066 2009 φῶς
1100 1940 1164 1997 ὡς
1193 1939 1223 1996 ἡ
1252 1938 1362 2001 νέξ,
1384 1934 1499 1992 οὔτε
1523 1934 1549 1991 ὸ
1578 1936 1715 1996 ἥλιος
1731 1939 1799 1996 ὡς
1828 1937 1860 1993 ἦ
1886 1935 2082 1996 σελήνη,

489 2024 610 2084 οὔτε
630 2030 693 2082 τὰ
720 2025 878 2102 ἄλογα
907 2031 975 2090 ὡς
1006 2029 1246 2103 ὸλογιειὸς
1268 2025 1530 2106 ἅνθρωπός
1558 2030 1716 2093 ἐστιν,
1744 2025 1860 2084 οὔτε
1885 2025 2087 2101 ὅγγελοι

491 2121 562 2180 ὧς
580 2119 627 2172 οί
653 2120 843 2196 θρόνοι,
876 2118 992 2176 οὔτε
1031 2118 1176 2176 οὗτοι
1201 2124 1267 2182 ὡς
1296 2121 1347 2175 αἱ
1375 2122 1620 2185 ἕξουσίαι’
1652 2120 1774 2175 ἀλλὰ
1800 2120 1967 2176 πάντα
1992 2121 2086 2190 μέν

492 2213 603 2265 ἐστι
638 2212 914 2281 κτίσματα,
940 2212 1152 2266 ἕκαστον
1179 2210 1231 2267 δὲ
1255 2219 1356 2268 τῶν
1393 2212 1669 2285 γενομένων
1698 2213 1832 2266 κατά
1858 2212 1999 2284 γένος
2021 2218 2084 2282 τῇ

493 2300 597 2376 ἰδίᾳ
638 2304 788 2377 οὐσίᾳ
817 2305 885 2363 ὡς
912 2305 1130 2376 γέγονεν,
1155 2306 1269 2362 ἔστι
1298 2307 1381 2359 καὶ
1404 2306 1592 2375 μένει.»
1621 2301 1746 2359 Ἰδοὺ
1772 2304 1853 2357 καί
1887 2301 1913 2359 6
1942 2301 2087 2377 ἅγιος

489 2391 785 2451 Ἀθανὰσιος
825 2390 1209 2465 παραδίδωσιν,
1248 2391 1328 2448 ὅτι
1363 2395 1494 2465 μετά
1533 2394 1704 2449 πάντα
1731 2393 1796 2448 τὰ
1823 2393 2088 2464 κτίσματα

491 2481 728 2540 εποίησεν
757 2480 783 2537 6
807 2485 934 2543 Θεὸς
966 2485 1052 2537 τὸν
1083 2480 1368 2559 ἄνθρωπον,
1397 2486 1485 2539 τὸν
1514 2486 1570 2538 ix
1599 2487 1839 2557 σὼματος
1872 2486 1957 2538 καί
1983 2483 2087 2556 ψυ-

496 2579 601 2642 χῆς
634 2579 815 2652 νοερᾶς
859 2578 944 2629 καί
977 2574 1202 2647 λογικῆς.
1235 2577 1308 2629 Ού
1349 2578 1451 2651 γὰρ
1505 2571 1614 2630 εἷπε
1660 2577 1719 2631 τὸ
1764 2582 1918 2648 σῶμα
1955 2578 2087 2646 μιτά

495 2663 666 2717 πάντα
710 2665 973 2735 γενέσθαι,
1015 2665 1102 2719 ἵνα
1144 2666 1577 2740 προϋπάρχουσα
1617 2667 1647 2726 ἡ
1682 2665 1836 2737 ψυχὴ
1889 2667 2086 2736 εἷσέ).οῃ

493 2751 547 2804 ἐν
565 2752 721 2825 αύτῷ·
746 2753 853 2806 ἀλλ’
872 2750 979 2808 εἷπε
1005 2755 1134 2826 μιτὰ
1157 2757 1329 2811 πάντα
1349 2758 1416 2811 τὰ
1434 2759 1695 2829 κτίσματα
1714 2757 1798 2812 τὸν
1823 2754 2085 2830 ἄνθρωπον

494 2843 798 2915 γεγενῆσθαι
812 2881 826 2902 ,
849 2842 946 2897 τὸν
966 2844 1021 2897 ix
1039 2843 1222 2916 ψυχῆς
1262 2845 1466 2918 λογικῆς
1488 2850 1575 2902 καί
1599 2848 1860 2918 σώματος’
1888 2845 2086 2909 δεικνύς

495 2929 573 2988 ὅτι
597 2932 882 3008 ἀμφότερα,
909 2936 1145 2991 τουτέστι
1174 2938 1325 3008 σῶμά
1348 2958 1404 2993 τε
1429 2941 1517 2993 καί
1543 2937 1745 3011 ψυχήν,
1770 2937 1796 2994 6
1819 2940 1942 3001 Θεὸς
1954 2944 2086 2997 κατά

495 3027 683 3083 ταυτὸν
711 3025 1126 3103 ἐδημιούργησεν.

562 3158 846 3263 Ἐπειδὴ..ὂᾶ
868 3166 954 3220 καί
979 3171 1137 3263 τοῦτο
1162 3168 1295 3239 μετά
1331 3175 1431 3224 τῶν
1462 3165 1622 3225 ἄλλων
1645 3170 1934 3245 Ὧριγὲνους⁵
1954 3170 2080 3241 βλα-
2114 3200 2158 3263 C

493 3260 719 3326 σφημιῶν
740 3253 958 3328 ιτρηται,
983 3254 1062 3312 ὅτι
1082 3260 1113 3317 ἡ
1133 3266 1225 3314 τοῦ
1254 3261 1438 3336 κυρίου
1466 3260 1619 3332 ψυχή
1641 3269 1975 3338 προϋπῆρχε.
2003 3264 2087 3316 καί

493 3348 657 3419 ταύτῃ
684 3344 710 3400 ὸ
734 3348 857 3408 Θεὸς
896 3347 1042 3419 λόγος
1088 3350 1251 3407 ἥνωτο
1279 3351 1380 3425 πρὸ
1412 3359 1505 3411 τῆς
1532 3352 1587 3405 δκ
1612 3352 1857 3429 παρθένου
1885 3354 2087 3430 σαρκῶ-

499 3452 654 3496 σεως·
700 3440 786 3491 καί
822 3443 915 3495 τιζν
960 3439 1200 3497 τοιαύτην
1243 3440 1455 3517 ἀναιρῶν
1499 3438 1750 3518 ληρῳδίαν
1782 3442 1937 3502 αὐτὸς
1973 3440 2000 3496 ὸ
2038 3443 2089 3497 ἐν

496 3522 660 3597 όιγίοις
684 3528 975 3587 Ἀθανὰσιος
1004 3526 1055 3581 ἐν
1086 3536 1149 3604 τῇ
1176 3531 1307 3603 πρὸς
1338 3533 1629 3590 Ἐπίκτητον
1669 3532 1934 3607 ἐπιστολῇ,
1959 3532 2090 3604 λέγει

497 3612 901 3677 τάδεἰεἱκότως
929 3621 1344 3690 καταγνώσονται
1359 3619 1553 3677 ίαυτῶν
1576 3622 1765 3684 πάντες
1790 3622 1837 3677 oi
1861 3626 2091 3693 νομίζον-

498 3725 582 3765 τες
610 3708 709 3781 πρὸ
737 3716 828 3778 τῆς
855 3711 1050 3783 Μαρίας
1080 3704 1208 3765 εἶναι
1252 3716 1341 3771 τήν
1382 3712 1432 3777 ἐξ
1469 3714 1626 3774 αὐτῆς
1659 3714 1853 3790 σάρκα,
1875 3718 1964 3769 καί
1992 3714 2091 3790 πρὸ

498 3795 692 3855 ταύτης
737 3795 1018 3866 ἐσχηκέναι
1052 3798 1232 3871 ψυχήν
1279 3802 1594 3877 ἀνθρωπίνην
1625 3804 1710 3857 τὸν
1752 3805 1872 3858 Θεὸν
1917 3804 2088 3876 λόγον,

496 3888 578 3939 καὶ
604 3888 656 3939 ἓν
676 3889 802 3964 αὐτῇ
831 3891 930 3966 πρὸ
952 3899 1043 3953 τῆς
1070 3891 1338 3963 ἐπιδημίας
1368 3895 1448 3950 ἀεὶ
1469 3898 1783 3968 γεγενῆσθαι.
1800 3914 1818 3948 ι
1838 3897 1898 3951 Ei
1923 3899 2092 3953 τοίνυν

498 3978 628 4033 κατὰ
658 3979 723 4032 τὰ
763 3981 1000 4054 εἰρημένα
1026 3989 1100 4056 τῷ
1142 3985 1194 4038 ἐν
1225 3983 1385 4057 ἁγίοις
1423 3983 1724 4058 ’Δθανασίῳ,
1754 3989 1787 4046 ἦ
1814 3987 1970 4059 ψυχή
1996 3997 2089 4045 τοῦ

497 4071 674 4143 κυρίου
697 4070 836 4143 ἡμῶν
860 4071 1028 4130 Ἰησοῦ
1050 4080 1281 4148 Χριστοῦ
1300 4081 1390 4130 τοῦ
1416 4078 1552 4132 κατᾶ
1572 4076 1741 4133 πάντα
1769 4076 2094 4149 ὁμοιωθέντος

498 4162 616 4230 ἡμῖν
643 4165 810 4237 χωρίς
834 4160 1115 4238 ἁμαρτίας,
1141 4165 1201 4218 ού
1226 4174 1540 4244 προϋπῆρχε
1565 4175 1656 4228 τῆς
1676 4168 1727 4221 ἐν
1748 4172 1905 4245 σαρκί
1931 4171 2092 4227 αὐτοῦ

496 4248 793 4321 ἐπιδημίας,
821 4255 973 4314 ποίας
1000 4248 1059 4308 ἂν
1085 4253 1162 4313 εἴη
1191 4257 1376 4328 μανίας
1403 4258 1460 4310 τὸ
1486 4257 1662 4328 λέγειν,
1692 4260 1784 4317 τὰς
1811 4256 1967 4323 ἄλλοις
1994 4269 2096 4317 τῶν

494 4342 769 4417 ἀνθρώπων
794 4342 981 4414 ψυχὰς
1005 4347 1371 4423 προϋπάρχειν
1397 4355 1496 4402 τῶν
1525 4348 1780 4422 σωμάτων
1793 4367 1815 4417 ,'

570 4449 890 4525 ’Δκούσωμεν
908 4452 963 4509 δὲ
982 4458 1114 4532 πρὸς
1134 4458 1339 4518 τούτοις
1360 4461 1444 4514 καί
1465 4464 1557 4514 τοῦ
1581 4461 1634 4514 ἐν
1652 4460 1815 4533 ἁγίοις
1838 4463 2093 4518 Βασιλεὶου

493 4544 543 4596 ἐν
567 4551 642 4615 τῷ
667 4543 893 4619 λόγῳείς
916 4546 974 4602 τὸ
1017 4555 1108 4602 Ἐν
1136 4549 1313 4625 ἀρχῇ
1340 4548 1408 4609 ἦν
1429 4550 1456 4606 ό
1482 4551 1687 4625 λόγος,
1727 4557 1834 4609 καί
1857 4553 1885 4609 6
1908 4554 2095 4629 λόγος

496 4633 561 4698 ἦν
595 4639 755 4715 πρὸς
782 4641 888 4696 τὸν
916 4640 1094 4707 Θεὸν,
1121 4643 1351 4716 λέγοντος
1378 4643 1561 4705 οὕτως’
1591 4643 1754 4723 εὈρα
1782 4651 1854 4717 μή
1874 4649 2002 4702 ποτᾶ
2032 4667 2092 4703 σε

497 4730 920 4807 παρακρούσηται
944 4733 1005 4786 τὸ
1026 4730 1289 4804 ὁμώνυμον
1312 4741 1405 4795 τῆς
1424 4743 1732 4806 φωνῆς·πῶς
1756 4738 1853 4812 γὰρ
1876 4738 1926 4791 ἐν
1946 4740 2093 4812 ἀρχῇ

496 4817 555 4878 ἦν
574 4818 601 4875 6
620 4822 935 4893 ἀνθρώπινος
960 4822 1124 4899 λόγος,
1146 4831 1239 4880 τοῦ
1263 4827 1527 4901 ἀνθρώπου
1549 4832 1687 4884 κάτω
1715 4849 1817 4883 που
1846 4829 2094 4891 λαϐόντος

496 4915 588 4969 τὴν
611 4912 784 4988 ἀρχὴν
810 4921 903 4974 τῆς
937 4915 1213 4980 γενέσεωςς
1243 4917 1347 4992 πρὸ
1375 4918 1647 4993 ἆνθρῶπου
1674 4921 1841 4989 Θυρέα,
1875 4920 1978 4995 πρὸ
1995 4921 2087 4975 ἀν·

499 5003 707 5078 θρώπου
749 5011 924 5071 κτήνη,
953 5012 1020 5063 τὰ
1047 5010 1263 5080 ἑρπετὰ,
1292 5007 1394 5065 ὅσα
1423 5015 1756 5087 χερσαῖσικαί
1782 5011 1992 5086 ἔνυδρα,
2023 5016 2091 5071 τὰ

496 5100 701 5152 πετεινά
746 5104 839 5153 τοῦ
888 5105 1125 5173 ούρανοῦ,
1167 5103 1406 5176 ἆστὲρες,
1439 5104 1606 5169 ἥλιος,
1636 5105 1836 5168 σελήνη,
1876 5105 2087 5176 βοτάνη,

498 5194 578 5259 γῆ,
602 5186 1139 5260 θάλασσα,οὖ;;ανός.ι
1171 5190 1302 5247 ’ἰδού
1331 5191 1358 5247 ὸ
1387 5199 1556 5269 Πατήρ
1584 5202 1757 5267 σαφῶς
1783 5197 1901 5269 ἡμῖν
1925 5216 2092 5269 προα-

498 5275 726 5350 γορεύει,
764 5284 836 5350 μή
880 5284 1286 5353 σωαπαχθῆναι
1324 5291 1431 5344 τοῖς
1461 5290 1553 5340 τοῦ
1597 5286 1889 5360 Ὠριγένους
1916 5288 2096 5358 μύθοις

497 5372 612 5440 περί
654 5376 746 5430 τῆς
794 5378 892 5425 τῶν
939 5375 1133 5444 ψυχῶν
1179 5377 1575 5452 προῦπᾶρξεως.
1600 5379 1674 5432 Ού
1713 5375 1945 5435 διδάσκει
1993 5381 2095 5454 γὰρ

499 5461 636 5530 ἡμᾶς
658 5463 710 5515 ἄν
729 5464 874 5538 ἀρχῇ
898 5465 983 5519 τὸν
1006 5468 1315 5541 ἀνθρώπινον
1333 5469 1495 5541 λόγον,
1520 5469 1752 5523 τουτέστι
1771 5474 1861 5529 τὴν
1884 5470 2090 5542 ψυχήν,

496 5552 623 5609 ἀλλὰ
645 5551 926 5627 διαρρἠην
954 5558 1074 5627 βοᾷ,
1097 5557 1176 5614 ὅτι
1195 5563 1226 5619 ἡ
1249 5562 1518 5638 ἀνθρώπου
1538 5566 1735 5635 γένεσις
1762 5566 1959 5640 ύστίρα
1984 5564 2097 5621 ἔστί

497 5647 701 5700 πάντων
739 5653 840 5701 τῶν
878 5655 970 5703 τοῦ
1023 5658 1152 5705 Θεοῦ
1194 5655 1504 5725 κτισμάτων.
1556 5657 1613 5709 Εἰ
1638 5658 1806 5710 τοίνυν
1834 5659 2004 5712 πάντα
2031 5659 2097 5711 τὰ

498 5737 758 5803 κτίσματα
788 5738 889 5812 πρὸ
929 5745 1023 5794 τοῦ
1057 5741 1354 5817 ἀνθρώπου,
1394 5752 1505 5804 πῶς
1534 5753 1883 5819 προϋπῆρχον
1910 5747 1962 5799 αἱ
1994 5747 2095 5817 ψυ-

503 5827 629 5894 χαί,
656 5824 718 5881 ⁸0
740 5831 842 5905 γὰρ
877 5847 1048 5909 πατήρ
1077 5835 1136 5888 ού
1164 5835 1266 5909 πρὸ
1301 5842 1392 5891 τοῦ
1422 5839 1690 5909 σώματος,
1723 5837 1845 5893 ἀλλὰ
1875 5839 1975 5912 πρὸ
2004 5846 2093 5896 τοῦ

2121 4588 2177 4649 Ι)

2169 507 2366 602 ortam,
2396 551 2517 606 quae
2542 507 2771 605 peccato
2799 546 2860 587 se
2882 530 3299 594 contaminavit,
3331 542 3396 583 ac
3418 507 3601 582 ecmli
3627 538 3759 580 con-

2169 645 2312 685 vexo
2338 629 2391 683 in
2420 642 2619 697 corpus
2645 625 2932 680 decidisse.

2249 822 2503 896 Ejusdem
2531 821 2593 880 ε.
2625 821 2904 878 Athanasii
2932 836 2965 878 ο
3011 834 3265 878 sermone
3310 833 3552 875 secutin
3582 828 3771 875 contra

2182 917 2410 973 Arianos
2435 932 2449 968 :
2485 932 2505 967 ι
2530 912 2717 971 Omnis
2743 922 2988 971 creatura
3016 911 3361 984 aspectabilis
3390 911 3439 965 in
3461 927 3557 967 sex
3586 912 3766 967 diebus

2182 1009 2324 1065 facta
2349 1016 2467 1077 est;
2510 1023 2575 1065 ac
2598 1008 2774 1080 primo
2811 1007 3027 1078 quidem
3078 1005 3168 1061 die
3212 1005 3302 1060 lux
3327 1047 3344 1074 ,
3374 1020 3533 1077 quam
3562 1005 3767 1060 vocavit

2181 1099 2355 1165 diem;
2383 1098 2626 1153 secundo
2655 1109 2834 1153 autem
2861 1097 3292 1162 ﬁrmamentum;
3328 1096 3511 1163 tertio,
3533 1095 3772 1150 collectis

2184 1189 2338 1258 aquis
2367 1188 2605 1244 ostendit
2632 1188 2857 1249 aridam,
2889 1186 3176 1257 variosque
3204 1185 3258 1241 in
3288 1201 3351 1241 ea
3381 1186 3639 1258 produxit
3666 1184 3774 1239 fru-

2185 1287 2335 1346 ctus;
2366 1286 2581 1350 quarto,
2615 1276 2745 1334 fecit
2771 1278 2942 1333 solem
2973 1285 3031 1332 et
3053 1278 3257 1343 lunam,
3289 1290 3617 1345 omnemque
3646 1275 3776 1330 stel-

2184 1369 2355 1426 larum
2396 1371 2657 1437 chorum;
2705 1370 2913 1440 quinto,
2960 1368 3126 1424 maris
3163 1368 3494 1432 natatilinm,
3532 1367 3777 1436 aerisque

2184 1461 2484 1516 volatilium
2503 1460 2907 1529 generationem
2928 1457 3196 1522 condidit;
3218 1466 3393 1522 sexto,
3418 1455 3543 1511 fecit
3562 1456 3617 1510 in
3640 1464 3778 1511 terra

2187 1550 2584 1623 quadrupedes,
2614 1565 2680 1606 ac
2701 1550 2916 1606 demum
2944 1550 3243 1615 hominem,
3265 1547 3355 1617 qui
3385 1563 3454 1602 ex
3483 1547 3664 1602 anima
3693 1561 3778 1602 ra-

2187 1642 2377 1698 tionali
2404 1650 2488 1697 est
2520 1648 2577 1696 et
2615 1656 2869 1711 corpore.
2915 1640 2990 1694 Ac
3033 1638 3315 1694 invisibilia
3344 1640 3458 1710 ejus
3486 1656 3519 1693 α
3546 1648 3780 1694 creatura

2186 1734 2396 1801 mundi,
2425 1748 2516 1803 per
2542 1748 2606 1787 eo
2632 1747 2748 1804 qua:
2774 1733 2915 1803 facta
2950 1737 3071 1784 sunt
3097 1729 3363 1783 intellecta
3396 1729 3777 1798 conspiciuntur

2114 1825 2160 1884 Β
2189 1825 2365 1895 (Rom.
2389 1824 2459 1897 i);
2490 1831 2546 1878 et
2573 1838 2749 1894 neque
2767 1822 2858 1877 lux
2890 1830 2972 1877 est
2999 1829 3059 1876 ut
3087 1837 3214 1887 uox,
3237 1836 3416 1890 neque
3441 1821 3524 1877 sol
3551 1829 3614 1875 ut
3637 1821 3782 1888 luna,

2188 1928 2369 1983 neque
2417 1912 2595 1983 angeli
2633 1913 2775 1967 sicut
2810 1911 3014 1978 throni,
3045 1926 3220 1982 neque
3251 1911 3305 1965 hi
3349 1922 3409 1966 ut
3443 1920 3782 1982 potestates;

2190 2005 2285 2060 sed
2312 2012 2574 2061 creatura:
2600 2003 2818 2075 quidem
2848 2016 3040 2059 omnes
3066 2010 3211 2069 sunt,
3245 2002 3668 2072 unumquodque
3694 2017 3786 2059 au-

2191 2103 2303 2153 tem
2332 2112 2519 2153 eorum
2548 2111 2666 2167 qua:
2694 2103 2813 2151 orta
2853 2102 3017 2161 sunt,
3048 2093 3346 2151 secundum
3376 2107 3547 2164 genus
3576 2094 3633 2149 in
3662 2108 3785 2166 pro-

2187 2189 2303 2258 pria
2328 2187 2657 2252 substantia,
2689 2194 2750 2241 ut
2777 2186 2979 2243 factum
3012 2192 3129 2251 est,
3159 2185 3402 2257 persistit
3426 2200 3492 2241 ac
3517 2194 3725 2242 manet.
3758 2205 3779 2240 ι

2186 2278 2325 2335 Ecce
2352 2284 2574 2334 sanctus
2619 2291 2838 2347 quoque
2866 2276 3192 2332 Athanasius
3220 2275 3404 2342 tradit,
3444 2285 3572 2347 post
3597 2293 3787 2335 otnnes

2187 2377 2463 2425 creaturas
2490 2366 2662 2422 Deum
2699 2365 2892 2421 fecisse
2920 2365 3194 2420 hominem
3224 2379 3291 2420 ex
3323 2379 3555 2434 corpore
3583 2375 3643 2421 et
3671 2364 3784 2421 ani-

2187 2479 2276 2520 ma
2298 2461 2631 2532 intelligente
2652 2475 2716 2516 ac
2735 2459 3011 2515 rationali.
3033 2457 3219 2529 Neque
3239 2458 3383 2514 enim
3406 2456 3561 2521 dixit,
3585 2468 3785 2525 corpus

2188 2561 2315 2625 post
2341 2553 2522 2608 omnia
2552 2551 2751 2607 factum
2781 2565 2935 2617 esse,
2965 2556 3025 2605 ut
3050 2549 3402 2621 prmexistens
3438 2549 3619 2603 anima
3651 2547 3704 2601 in
3733 2547 3785 2603 id

2189 2646 2597 2717 ingrederetur:
2626 2644 2722 2700 sed
2750 2643 2903 2709 dixit,
2926 2649 3052 2713 post
3078 2655 3268 2697 omnes
3296 2646 3575 2695 creaturas
3606 2637 3784 2692 homi-

2186 2752 2313 2793 nem
2353 2751 2474 2793 esse
2501 2735 2701 2793 factum
2724 2776 2741 2803 ,
2776 2734 2869 2806 qui
2893 2748 2962 2789 ex
2997 2733 3176 2788 anima
3203 2730 3456 2787 rationali
3486 2738 3655 2786 estet
3673 2745 3786 2785 cor-

2186 2842 2361 2899 pore:
2396 2826 2687 2882 ostendens
2706 2867 2724 2894 ,
2752 2833 3010 2895 utraque.
3042 2822 3095 2879 id
3124 2829 3209 2879 est
3234 2837 3434 2894 corpus
3461 2826 3517 2877 et
3545 2820 3785 2876 animam

2186 2918 2357 2975 Deum
2383 2917 2544 2975 simul
2571 2917 2884 2974 fabricatum
2914 2929 3055 2973 esse.

2261 3164 2526 3233 Quoniam
2554 3173 2735 3220 autem
2772 3164 3032 3233 Origenes
3062 3160 3132 3217 ad
3170 3168 3395 3218 racteras
3420 3160 3787 3231 blasphemia:

2192 3256 2297 3312 hoc
2320 3256 2589 3324 adiunxit,
2624 3255 2836 3310 Domini
2865 3254 3101 3309 animam
3128 3254 3278 3324 prius
3305 3252 3604 3317 exstitisse,
3632 3252 3790 3323 eique

2191 3347 2362 3403 Deum
2392 3347 2628 3403 Verbum
2658 3363 2777 3403 esse
2806 3347 3014 3402 unitum
3051 3353 3341 3415 antequam
3377 3359 3410 3400 e
3442 3344 3670 3414 Virgine
3705 3346 3787 3401 il-

2190 3449 2509 3497 carnaretur
2539 3458 2554 3495 :
2582 3442 2689 3497 hoc
2716 3442 2878 3496 etiam
2928 3440 3342 3496 deliramentum
3380 3448 3638 3495 evertens
3675 3441 3790 3511 ipse

2191 3541 2409 3589 sanctus
2424 3532 2745 3587 Athanasius
2768 3533 2821 3586 in
2841 3531 3070 3601 epistola
3092 3532 3159 3588 ad
3181 3530 3501 3601 Epictetum,
3518 3531 3601 3588 sic
3623 3531 3752 3588 dicit
3766 3547 3785 3586 :

2199 3641 2219 3675 ι
2247 3622 2439 3678 Merito
2465 3638 2588 3679 sese
2617 3622 2952 3677 danmabunt
2977 3637 3166 3679 omnes
3193 3622 3284 3692 qui
3323 3622 3638 3677 existimant
3664 3630 3791 3678 ante

2193 3709 2416 3765 Mariam
2443 3726 2564 3767 esse
2589 3726 2805 3767 carnem
2827 3749 2844 3776 ,
2881 3725 3002 3780 quae
3028 3725 3095 3766 ex
3125 3726 3189 3765 ea
3232 3720 3341 3773 est;
3390 3726 3454 3766 ac
3496 3705 3630 3766 ante
3668 3726 3789 3768 eam

2192 3802 2445 3859 habuisse
2490 3802 2725 3858 animam
2776 3803 3062 3857 humanam
3116 3801 3287 3856 Deum
3333 3800 3592 3867 Verbum,
3623 3818 3690 3859 ac.
3735 3802 3789 3858 in

2194 3907 2259 3946 ea
2284 3900 2430 3965 \ante
2478 3893 2768 3949 adventum
2838 3907 3056 3962 semper
3100 3891 3284 3947 fuisse.
3321 3911 3340 3944 ι
3395 3891 3576 3959 Quare
3620 3894 3666 3948 si
3722 3908 3790 3948 ex

2195 3982 2261 4039 iis
2287 3999 2408 4053 qua:
2435 4000 2467 4039 a
2491 3994 2681 4040 sancto
2709 3983 3005 4038 Athanasio
3030 3982 3171 4038 dicta
3201 3992 3346 4049 sunt,
3374 3984 3549 4038 anima
3574 3984 3791 4039 Domini

2195 4073 2369 4128 nostri
2385 4071 2515 4129 Jesu
2539 4073 2758 4138 Christi,
2782 4074 2871 4143 qui
2894 4089 2991 4143 per
3012 4074 3191 4128 omnia
3218 4075 3377 4129 nobis
3403 4076 3597 4130 similis
3620 4074 3791 4131 factos

2196 4171 2280 4217 est
2305 4164 2510 4234 absque
2539 4173 2793 4233 peccato,
2825 4179 2931 4218 non
2972 4162 3072 4217 fuit
3114 4174 3239 4219 ante
3268 4164 3386 4233 ejus
3415 4165 3469 4219 in
3498 4181 3670 4221 came
3698 4163 3792 4220 ad-

2194 4261 2416 4308 ventum
2450 4271 2463 4306 :
2495 4254 2668 4324 qualis
2711 4253 2933 4309 insania:
2974 4263 3095 4321 est,
3132 4255 3315 4310 dicere
3343 4255 3477 4310 alias
3506 4256 3790 4311 hominum

2196 4345 2404 4399 animas
2432 4353 2559 4399 ante
2586 4360 2815 4415 corpora
2849 4346 3005 4401 esse?

2264 4455 2558 4511 Audiamus
2581 4464 2840 4525 praeterea
2865 4455 2924 4509 S.
2948 4455 3203 4510 Basiliam
3224 4454 3277 4509 in
3297 4470 3550 4511 sermone
3577 4456 3633 4510 in
3658 4455 3784 4511 illud

2199 4545 2383 4617 (Hom.
2414 4543 2527 4616 xw)
2561 4564 2575 4599 :
2609 4544 2678 4599 In
2708 4545 2964 4617 principio
2992 4555 3107 4600 erat
3162 4544 3383 4601 Verbum
3406 4588 3424 4613 ,
3466 4555 3518 4600 et
3565 4546 3793 4603 Verbum

2199 4647 2313 4693 erat
2338 4638 2476 4709 apud
2506 4636 2670 4692 Deum
2695 4678 2711 4704 ,
2754 4636 2829 4691 ita
2861 4637 3165 4692 dicentem:
3194 4656 3214 4690 ι
3239 4636 3373 4693 Vide
3401 4654 3472 4694 ne
3496 4639 3721 4709 quando
3741 4649 3795 4694 te

2199 4730 2346 4785 vocis
2373 4729 2694 4797 ambiguitas
2715 4727 2895 4793 fallat;
2937 4728 3212 4798 quomodo
3252 4728 3397 4783 enim
3440 4729 3495 4783 in
3522 4729 3796 4809 principio

2201 4839 2320 4887 erat
2345 4832 2578 4885 humana
2606 4830 2745 4884 ratio
2762 4869 2777 4893 ,
2814 4844 2938 4884 cum
2968 4830 3131 4885 homo
3160 4837 3437 4900 postremo
3462 4828 3793 4901 principium

2202 4922 2566 4993 generationis
2594 4921 2903 4991 acceperit?
2932 4919 3072 4976 Ante
3096 4921 3373 4976 hominem
3400 4921 3551 4976 fuere
3583 4923 3794 4986 bestiae.

2201 5020 2328 5066 ante
2352 5010 2626 5066 hominem
2651 5009 2927 5079 jnmenta;
2958 5010 3190 5080 reptilia,
3212 5017 3325 5064 tum
3357 5011 3661 5077 terrestria,
3684 5020 3800 5066 tum

2196 5102 2481 5172 aquatilia;
2512 5102 2750 5157 volatilia
2778 5102 2904 5156 caeli
2926 5142 2942 5166 ,
2983 5101 3152 5156 stella:
3174 5142 3188 5163 ,
3218 5102 3300 5156 sol
3323 5139 3340 5164 ,
3375 5101 3538 5167 luna;
3589 5104 3795 5168 herbae,

2203 5202 2375 5257 terra,
2404 5208 2589 5258 mare,
2620 5193 2839 5248 ctelum.
2878 5212 2896 5245 ι
2936 5191 3077 5247 Ecce
3102 5191 3265 5249 Pater
3292 5203 3481 5264 aperte
3516 5196 3681 5252 nobis
3708 5198 3798 5253 de-

2202 5285 2434 5351 nuntiat,
2458 5299 2529 5341 ne
2547 5283 2792 5353 Origenis
2812 5284 3005 5341 fabulis
3032 5285 3100 5341 de
3119 5286 3418 5341 animarum
3441 5290 3798 5358 prmexisten-

2203 5375 2278 5431 tia
2314 5374 2649 5432 inducantur.
2690 5374 2862 5432 Docet
2900 5377 3044 5432 enim
3083 5393 3217 5444 nos,
3251 5377 3306 5433 in
3335 5379 3603 5450 principio
3635 5377 3799 5435 fuisse

2201 5466 2493 5521 humanam
2519 5466 2809 5535 rationem,
2836 5466 2889 5521 id
2916 5474 3001 5522 est
3028 5468 3263 5523 animam
3296 5486 3312 5522 :
3342 5468 3439 5525 sed
3467 5478 3662 5540 aperte
3690 5471 3800 5527 cla-

2202 5576 2333 5631 mat,
2363 5568 2614 5623 omnihus
2637 5568 2733 5624 Dei
2761 5570 3024 5625 creaturis
3050 5578 3229 5627 ortum
3259 5571 3568 5630 hominibus
3608 5584 3796 5646 poste-

2201 5659 2402 5713 riorem
2430 5673 2569 5715 esse.
2603 5658 2659 5714 Si
2685 5674 2813 5728 ergo
2842 5669 3104 5716 creatura:
3128 5678 3318 5718 omnes
3340 5674 3467 5721 ante
3496 5666 3799 5732 hominem,

2202 5750 2478 5817 quomodo
2506 5751 2656 5820 prius
2684 5753 2876 5807 anima:
2896 5751 3147 5808 fuerunt?
3176 5753 3339 5810 Pater
3364 5758 3508 5811 enim
3536 5773 3646 5812 non
3673 5770 3799 5813 ante

2202 5854 2420 5911 corpus,
2453 5843 2547 5899 sed
2576 5851 2703 5898 ante
2730 5843 3023 5913 hominem,
3053 5846 3143 5920 qui
3172 5854 3256 5905 est
3277 5832 3457 5938 anima
3489 5857 3545 5905 et
3571 5866 3801 5923 corpus,

3834 246 3851 283 \
