3952 6390
181 313 284 374 197

1269 329 1640 394 ιυετιΝιΑΜ
1678 336 1806 394 LIB.
1847 339 2007 398 ADV.
2044 339 2416 402 ORIGENEM.

3377 361 3485 422 198

177 430 479 509 ἆῶρῶπου,
508 432 640 513 ὅπερ
673 439 786 497 ἐστι
812 438 965 514 ψυχή
993 462 1050 500 τε
1079 444 1164 498 καί
1192 450 1368 521 σῶμα,
1399 444 1507 505 εἶπε
1535 451 1602 507 τά
1621 453 1768 509 πάντά

1889 450 2022 508 dicit
2037 455 2230 544 omnia
2259 457 2452 528 fuisse;
2482 472 2552 517 ex
2575 475 2686 535 quo
2721 465 3056 544 ostenditur,
3081 471 3241 533 simul
3271 486 3481 538 utmm-

177 531 514 598 γεγενῆσθαυ
547 535 633 586 καί
669 534 725 590 lx
759 536 948 592 τούτου
991 534 1251 594 δείκνυται
1282 539 1394 611 ἅμα
1437 541 1670 619 ἑκάτερον
1697 544 1791 606 δη-

177 619 580 692 μιουργτοθῆναε.

248 711 404 781 Λέγει
428 707 485 766 δέ
515 715 600 769 καί
631 710 659 769 ὅ
685 714 738 768 ἕν
766 713 929 787 ἀγίοις
955 717 1230 794 Γρηγόριος
1257 719 1284 776 ὃ
1313 723 1532 785 Νύσσης
1561 723 1610 778 ἐν
1634 733 1698 800 τῇ
1719 728 1791 789 εἷς

177 800 261 854 τὸν
288 798 560 878 ἄνθρωπον
587 810 940 883 πραγματείᾳ·
980 812 1170 883 (Τάχα
1194 814 1295 888 γάρ
1317 815 1407 867 οὐκ
1431 812 1532 880 ἴξω
1552 825 1644 877 τῆς
1669 798 1791 893 προ-

180 895 414 962 κειμένης
440 898 566 966 ἡμῖν
593 905 950 974 πραγματείας
990 901 1123 968 ἔστί,
1153 905 1212 958 τὸ
1243 902 1528 970 διεξιτάσαι
1551 908 1610 962 τὸ
1637 909 1788 981 ἀμῖι·

182 982 488 1059 ϐαλλόμενον
513 997 627 1051 ταῖς
650 994 939 1054 ἐκκλησίαις
968 996 1086 1066 περὶ
1114 993 1299 1068 ψυχῆς
1325 1017 1382 1053 τε
1413 1001 1498 1053 καί
1523 1002 1782 1072 adnitatur.

176 1078 294 1130 τισί
315 1078 410 1146 μέν
435 1079 540 1153 γάρ
563 1077 706 1136 δοκεῖ
729 1089 826 1136 τῶν
855 1085 958 1159 πρό
983 1087 1144 1156 ἡμῶν,
1177 1083 1250 1147 οἷς
1276 1085 1302 1143 ὃ
1332 1092 1452 1164 περὶ
1479 1097 1580 1146 τῶν
1605 1093 1790 1168 ἀρχῶν

177 1164 585 1241 ἐπραγματεύθη
623 1171 790 1245 λόγος.
819 1176 1048 1252 καθάπερ
1095 1177 1208 1232 τινά
1249 1176 1408 1252 δῆμον
1434 1181 1485 1234 ἓν
1511 1164 1783 1254 ίδιαξούσῃ

179 1257 324 1312 πόλει
369 1264 467 1321 τάς
511 1259 698 1333 ψυχάς
738 1266 1127 1341 προϋφεστάναι
1156 1268 1342 1342 λέγειν·
1387 1275 1690 1348 προκεῖσθαι
1729 1272 1783 1330 δὲ

177 1348 324 1402 κάκεῖ
351 1355 420 1408 τά
448 1359 543 1414 τῆς
573 1357 759 1416 κακίας
801 1359 884 1410 καί
923 1363 1014 1417 τῆς
1059 1359 1245 1430 ἀρετῆς
1284 1359 1669 1435 ὑποδείγματα·
1701 1367 1785 1419 καί

176 1441 578 1514 παραμένουσαν
619 1447 711 1514 μὲν
752 1445 802 1498 ἐν
831 1452 904 1519 τῷ
931 1447 1066 1521 καλῷ
1101 1455 1196 1508 τήν
1223 1449 1404 1521 ψυχήν
1441 1461 1534 1512 τῆς
1572 1454 1700 1528 πρὸς
1726 1455 1786 1509 τὸ

177 1538 334 1602 σῶμα
362 1535 663 1605 συμπλοκῆς
692 1537 856 1609 μένειν
896 1539 1210 1615 ἀπείραστον
1272 1547 1318 1598 εἰ
1342 1543 1395 1598 δὲ
1431 1546 1668 1621 ἀπορρυῇ
1691 1555 1783 1607 τῆς

174 1628 270 1677 τοῦ
298 1625 498 1696 ἀγαθοῦ
539 1630 843 1699 μετουσίας,
885 1634 1015 1707 πρὸς
1054 1635 1141 1688 τὸν
1179 1632 1296 1709 τῇδε
1325 1636 1432 1710 βίον
1461 1637 1781 1694 κατολισθαί-

175 1736 299 1782 νειν,
324 1722 409 1773 καί
453 1719 616 1782 οὕτως
651 1721 700 1775 ἐν
740 1726 953 1794 σώματι·
983 1727 1236 1798 γίνεσθαι’
1267 1729 1433 1802 ἕτεροι
1458 1726 1511 1783 δὲ
1539 1738 1601 1805 τῇ
1646 1732 1779 1788 κατά

1888 555 1998 613 que
2025 542 2341 605 fabricatum
2378 565 2521 610 esse.

1961 723 2101 782 Dicit
2127 729 2290 785 etiam
2319 741 2535 822 sanctus
2563 734 2856 809 Gregorius
2883 744 3164 818 episcopus
3193 746 3395 822 Nyssze,
3421 749 3478 808 in

1889 811 2261 904 Disputatione
2310 821 2378 878 de
2416 823 2635 883 homine
2685 830 2854 903 (Cap.
2885 811 2995 904 ἓξ)
3030 811 3098 889 εἰ
3133 836 3211 894 Ac
3241 811 3481 897 'fonasse

1889 903 2122 962 alienum
2152 925 2258 965 non
2289 922 2372 967 est
2400 928 2432 969 a
2460 915 2839 988 disputationis
2886 903 3081 979 nostra:
3116 930 3394 999 proposito
3424 931 3482 987 id

1887 999 2207 1068 exprndere,
2244 1005 2391 1073 quod
2440 1007 2494 1061 in
2543 1007 2796 1067 Ecclesiis
2823 1014 2891 1070 de
2938 1017 3116 1073 anima
3163 1027 3218 1074 et
3245 1035 3480 1092 corpore

1887 1100 2294 1149 contr0versum
2324 1107 2426 1154 est.
2474 1098 2756 1158 Nonnullis
2785 1105 2928 1159 enim
2957 1107 3049 1176 qui
3078 1116 3204 1164 ante
3233 1125 3331 1166 nos
3360 1111 3478 1166 fue-

1887 1190 2032 1251 ruut,
2062 1185 2151 1254 qui
2183 1193 2468 1244 tractatum
2497 1189 2564 1245 de
2592 1192 2866 1265 principiis
2887 1196 3124 1265 edidere,
3157 1200 3334 1272 placet
3359 1203 3478 1258 aui-

1887 1287 2002 1326 mas
2031 1274 2192 1329 veluti
2218 1279 2506 1346 quemdam
2536 1283 2792 1352 populum
2841 1285 2893 1340 in
2943 1289 3158 1359 propria
3188 1293 3320 1348 urbe
3348 1303 3477 1350 ante

1885 1364 2191 1422 substitisse
2224 1385 2238 1420 :
2271 1377 2434 1438 atque
2463 1371 2533 1427 ibi
2574 1377 2852 1446 pr0posita
2900 1394 3020 1437 esse
3063 1385 3312 1455 exempla
3359 1395 3470 1442 tum

1885 1457 2116 1524 virtutis,
2152 1468 2262 1514 tum
2309 1461 2525 1518 malitia:
2557 1484 2570 1520 :
2600 1481 2828 1538 eamque
2856 1471 3108 1541 animam,
3139 1489 3258 1544 qua:
3283 1475 3336 1530 in
3363 1479 3475 1534 vir-

1886 1555 2000 1603 tute
2035 1559 2199 1620 atque
2244 1550 2530 1609 honestate
2575 1561 2971 1627 permanserit,
3021 1579 3366 1633 congressum
3416 1577 3475 1624 et

1883 1638 2339 1696 conﬂictationem
2381 1646 2624 1714 corporis
2652 1648 2871 1705 minime
2899 1653 3131 1722 experiri
3163 1673 3175 1708 :
3207 1657 3252 1710 si
3277 1672 3410 1712 vero
3439 1671 3471 1714 ι

1883 1731 2009 1786 boni
2041 1733 2448 1804 participatione
2474 1737 2785 1806 deﬂuxerit,
2822 1741 2964 1799 hanc
2991 1744 3045 1799 in
3071 1747 3236 1802 vitam
3271 1749 3474 1817 delabi,

174 1807 265 1862 τᾶν
290 1811 517 1865 Mei-Beia
551 1810 692 1876 τάξει
720 1822 811 1875 τῆς
843 1824 1163 1876 κατασκευῆς
1198 1823 1286 1870 τοῦ
1320 1817 1584 1892 ἀνθρώπου
1614 1841 1768 1898 προσ-

184 1902 195 1912 .
455 1896 480 1912 .
584 1902 596 1912 .
766 1899 785 1912 .
955 1910 962 1912 Α
1044 1904 1055 1912 .

1883 1823 2068 1892 sicque
2097 1840 2218 1881 esse
2257 1827 2308 1881 in
2340 1843 2587 1898 corpore.
2640 1832 2744 1886 Alii
2787 1835 3126 1893 attendentes
3171 1853 3242 1894 ex
3287 1837 3473 1912 Moyse

176 1902 416 1968 ἔχοντες,
449 1896 692 1980 δευτέραν
738 1899 865 1960 εέναι
906 1910 997 1964 τήν
1025 1904 1208 1977 ψυχήν
1243 1915 1334 1962 τοῦ
1378 1913 1619 1980 σώματος
1647 1896 1776 1968 κατά

173 1990 261 2043 τὸν
302 1989 501 2066 χρόνον
540 1999 712 2065 φασίν.
746 1995 949 2056 Ἐπειδὸ
981 2006 1186 2075 πρῶτον
1221 2000 1387 2056 λαϐὼν
1417 2000 1442 2056 ὁ
1471 2004 1598 2064 Θεὸς
1643 2013 1776 2077 χοῦν

175 2080 280 2136 ἀπὸ
305 2089 402 2143 τῆς
425 2091 523 2155 γῆς
549 2086 639 2140 τὸν
664 2082 924 2161 ἄνθρωπον
949 2086 1187 2159 ἔπλασεν,
1216 2087 1305 2147 εἶθ’
1321 2093 1486 2157 οὕτως
1527 2095 1774 2167 δψύχωσε

176 2169 261 2228 διά
286 2181 384 2230 τοῦ
409 2174 832 2249 ip§wﬁpa10;.l
861 2184 949 2238 Καὶ
975 2183 1088 2254 μετ’
1111 2183 1273 2258 ὀλίγα·
1307 2204 1324 2238 ε
1353 2187 1412 2240 Oi
1440 2195 1514 2260 τῷ
1539 2191 1775 2264 προτέρῳ

174 2268 554 2338 παριστάμενοι
580 2268 733 2344 λόγῳ,
761 2275 849 2326 καί
883 2275 1243 2349 πρεσϐυτέραν
1269 2286 1361 2340 τῆς
1389 2279 1440 2332 ἓν
1469 2282 1621 2356 σαρκὶ
1643 2285 1776 2345 ζωῆς

173 2361 263 2415 τὴν
289 2358 552 2416 πολιτείαν
581 2369 682 2416 τῶν
706 2363 896 2435 ψυχῶν
924 2365 1332 2440 δογματίζοντες,
1368 2368 1427 2426 οὗ
1453 2393 1536 2442 μοι
1563 2371 1776 2431 δοκοῦσι

173 2458 274 2505 τῶν
294 2453 588 2511 Ἑλληνικῶν
608 2455 902 2532 καθαρεύειν
927 2467 1028 2514 τῶν
1055 2465 1176 2537 περὶ
1197 2471 1290 2524 τῆς
1310 2464 1776 2539 μετεμψυχῶσεως

170 2543 680 2618 μεμυθολογημένων.
723 2550 780 2602 Et'
820 2551 918 2628 γάρ
953 2573 1033 2612 τις
1069 2553 1293 2628 ἀκριϐῶς
1333 2557 1608 2623 ἐξετάσειε,
1642 2559 1774 2635 πρὸς

170 2643 325 2692 τοῦτο
357 2640 492 2694 κατά
523 2646 695 2696 πᾶσαν
719 2643 939 2714 ἀνάγκην
959 2646 1045 2701 τὸν
1073 2645 1215 2720 λόγον
1252 2649 1427 2710 αὐτοῖς
1453 2650 1660 2726 εὑρήσει
1681 2675 1774 2709 κα-

169 2727 540 2804 τασυρόμενον.
578 2734 706 2786 Φασί
731 2755 844 2789 τινα
867 2741 968 2790 τῶν
996 2736 1122 2812 παρ’
1139 2738 1345 2800 ἐκείνοις
1385 2750 1554 2816 σοφῶν
1576 2747 1789 2821 danai-1

169 2838 270 2877 vat,
298 2817 382 2875 ὅτι
412 2823 498 2875 καί
522 2823 646 2911 ἀνιρρ
671 2826 872 2897 γέγονε,
907 2829 988 2881 καί
1028 2831 1260 2902 γυναικὸς
1298 2838 1449 2904 σῶμα
1488 2817 1770 2911 μετημφιά·

170 2929 326 2971 σατο,
352 2913 441 2965 καί
483 2903 802 2989 μεθόρνέων
847 2917 1064 2978 ἀνέπτη.
1092 2923 1179 2974 καί
1223 2923 1424 2995 θάμνοις
1465 2926 1655 2998 ἐφοίτα,
1687 2933 1770 2984 καὶ

166 3001 259 3054 τὸν
290 2997 500 3076 ἴνιδρον
543 3001 709 3076 ἴλαχε
757 3005 886 3078 βίον.
924 3009 998 3061 οὗ
1035 3008 1211 3086 πόρρω
1251 3020 1345 3072 τῆς
1382 2997 1610 3077 ἀληθείας
1643 3020 1770 3075 κατά

166 3097 262 3150 τὸν
306 3094 432 3164 ἐμήν
474 3098 643 3171 κρίσιν
683 3099 995 3176 φερόμενοςὸ
1023 3105 1143 3173 περὶ
1176 3101 1361 3160 ἑαυτοῦ
1389 3113 1556 3162 ταῦτα
1582 3107 1760 3182 λέγων.

1878 1913 2146 1969 condendi
2172 1915 2410 1971 hominis
2436 1919 2680 1974 ordinem
2708 1963 2722 1987 ,
2755 1924 2990 1979 animam
3029 1941 3260 1998 corpore
3289 1939 3473 2000 poste-

1876 2002 2077 2058 riorem
2108 2010 2352 2076 tempore
2381 2023 2500 2063 esse
2525 2006 2712 2066 dicunt
2742 2031 2755 2066 :
2782 2015 3215 2086 quandoquidem
3236 2020 3469 2090 primum

1878 2090 2018 2148 Deus
2040 2091 2224 2149 limum
2254 2109 2286 2151 e
2315 2103 2458 2152 terra
2485 2113 2724 2165 sumens,
2754 2102 2907 2159 tinxit
2933 2104 3230 2176 hominem,
3252 2125 3316 2166 ac
3341 2126 3468 2168 eum

1875 2179 2070 2238 deinde
2117 2183 2470 2255 inspiratione
2519 2190 2796 2248 animavit.
2827 2211 2848 2247 ι
2872 2195 2951 2251 Ac
2965 2198 3127 2267 paulo
3143 2207 3291 2270 post:
3319 2218 3338 2250 ι
3364 2201 3468 2269 Qui

1875 2271 2105 2340 primam
2133 2275 2401 2332 rationem
2433 2286 2670 2348 tuentur,
2701 2293 2758 2338 et
2785 2285 3084 2344 animarum
3158 2292 3314 2361 quasi
3335 2293 3468 2350 civi-

1877 2369 2044 2417 tatem
2075 2366 2434 2436 anliquiorem
2465 2371 2572 2426 vita
2604 2389 2866 2445 corporea
2898 2389 3166 2448 asserunt,
3195 2398 3303 2439 non
3334 2386 3465 2444 mihi

1873 2453 2128 2510 videntur
2155 2473 2340 2515 carere
2369 2475 2700 2531 paganorum
2754 2469 2965 2535 fabulis,
3011 2488 3131 2544 qua:
3159 2474 3227 2530 de
3253 2478 3466 2532 anima-

1871 2559 1990 2600 rum
2021 2563 2086 2602 ex
2115 2549 2234 2604 aliis
2257 2551 2309 2605 in
2332 2553 2432 2606 alia
2467 2569 2695 2626 corpora
2718 2559 3036 2629 migratione
3063 2565 3290 2634 prodita:
3317 2578 3463 2627 sunt.

1872 2637 1929 2694 Si
1957 2641 2077 2708 quis
2105 2643 2248 2697 enim
2296 2645 2564 2702 subtiliter
2592 2651 2886 2722 examinet,
2917 2657 3214 2726 comperiet
3237 2657 3344 2716 huc
3372 2676 3466 2717 ut»

1873 2731 2110 2787 cessario
2138 2735 2406 2791 rationem
2434 2753 2622 2794 eorum
2653 2742 2882 2798 devolvi.
2913 2744 3094 2814 Aiunt,
3117 2749 3405 2818 quemdam
3433 2767 3466 2808 ε

1870 2829 2031 2874 εοεαε
2059 2837 2172 2877 sum
2206 2825 2540 2895 sapientibus
2569 2829 2796 2898 dixisse,
2829 2841 2882 2888 et
2907 2835 3080 2890 virum
3111 2836 3275 2895 fuisse
3301 2855 3383 2910 se,
3409 2849 3465 2898 et

1871 2913 2133 2968 muliebre
2146 2930 2345 2986 corpus
2358 2918 2616 2989 induisse,
2630 2930 2685 2976 et
2704 2923 3016 2982 subvolasse
3037 2943 3160 2984 cum
3187 2929 3396 3001 avibus,
3409 2940 3466 2989 et

1869 3003 2034 3060 fuisse
2056 3008 2414 3074 arbusculam,
2444 3020 2500 3066 et
2527 3015 2818 3082 aquatilem
2848 3019 3011 3074 vitam
3037 3022 3308 3078 sortitum.
3343 3023 3463 3082 Non

1869 3095 2178 3164 longe,meo
2199 3100 2415 3168 quidem
2435 3101 2660 3170 judicio,
2678 3121 2708 3160 a
2730 3121 2861 3162 vero
2884 3107 3133 3176 discedit,
3149 3112 3242 3181 qui
3267 3113 3470 3170 ha!ch

165 3180 367 3247 Ὀττως
388 3189 490 3264 γὰρ
505 3190 799 3264 βατράχων
821 3199 988 3257 τινῶν,
1009 3192 1038 3252 ἦ
1067 3203 1268 3252 κολοιῶν
1292 3197 1553 3276 φλυαρίας,
1586 3199 1617 3261 ἦ
1645 3180 1766 3258 ἀλο-

1871 3200 1928 3240 se
1953 3185 2203 3242 allirmat.
2229 3187 2370 3246 Vere
2397 3193 2539 3246 enim
2559 3235 2574 3262 ,
2600 3195 2686 3250 vel
2708 3211 2959 3253 ranarum
2990 3210 3084 3255 aut
3118 3180 3463 3272 graculorum

165 3281 286 3350 γὶεις
329 3280 562 3349 ἰχθύων,
609 3281 640 3340 ἢ
683 3281 850 3358 δρυῶν
899 3286 1233 3349 ἀναισθησίας
1276 3285 1394 3354 ἄξια
1433 3293 1503 3346 τά
1550 3301 1767 3352 τοιαῦτα

165 3366 424 3442 δόγματα,
457 3369 515 3425 τὸ
543 3373 662 3443 μίαν
687 3372 872 3444 ψυχὴν
897 3374 1052 3448 λέγειν
1071 3373 1156 3430 διά
1179 3380 1439 3434 τοσούτων
1464 3383 1637 3438 ἐλθεῖν.
1663 3393 1764 3446 Τῆς

166 3459 222 3515 δὲ
254 3465 505 3524 τοιαύτης
532 3465 751 3526 ἀτοπίας
781 3465 912 3525 αὕτη
945 3467 1082 3522 ἐστίν
1107 3470 1138 3527 ἡ
1165 3471 1325 3536 αἰτία,
1355 3471 1414 3527 τὸ
1436 3478 1766 3549 προϋφεστά-

164 3575 248 3608 ναι
284 3557 383 3616 τὰς
421 3554 610 3628 ψυχάς
649 3554 876 3613 οἴεσθαιο
923 3555 1274 3616 δι’άκολούῖου
1315 3562 1412 3637 γάρ
1436 3566 1466 3621 ἠ
1494 3565 1638 3638 ἀρχή
1671 3575 1764 3622 τοῦ

163 3651 402 3702 τοιούτῖυ
425 3645 679 3720 δόγματος
706 3650 788 3702 ini
812 3649 868 3704 τὸ
892 3653 1162 3724 προσεχές
1190 3673 1266 3716 τε,
1290 3657 1377 3708 καί
1397 3659 1767 3730 παρακείμενον

163 3740 250 3793 τὸν
279 3735 426 3810 λόγον
451 3741 778 3814 προάγουσα,
803 3741 970 3816 μέχρι
998 3744 1180 3797 τούτου
1200 3747 1569 3821 τερατευομένη
1591 3747 1764 3814 διάξει-

160 3851 262 3884 σιν.
287 3835 347 3884 Εἰ
370 3834 467 3908 γάρ
497 3828 582 3886 ὂιά
609 3853 744 3894 τινος
767 3835 944 3894 κακίας
981 3836 1373 3893 ἀποσπασθεῖσα
1395 3849 1487 3901 τῆς
1513 3841 1763 3912 ὑψηλοτέ-

159 3941 258 3994 ρας
281 3922 313 3980 vi
335 3921 494 3993 ψυχὴ
539 3924 799 3986 πολιτείας
842 3921 1107 4000 ἄνθρωπος
1143 3931 1352 4002 γίνεται,
1390 3933 1762 4012 ἐμπαθίστερος

158 4008 212 4066 ὂὶ
264 4016 472 4074 πάντως
511 4011 539 4069 ὃ
579 4015 630 4068 ἕν
673 4019 827 4092 σαρκί
855 4017 968 4088 βίος
1014 4019 1329 4093 ὡμολόγηται
1367 4027 1514 4098 παρά
1551 4024 1636 4080 τὸν
1664 4034 1764 4082 τῶν

158 4103 336 4160 ἀιδίων
372 4109 462 4160 καί
503 4108 810 4179 ἀσωμάτων,
837 4111 1028 4181 ἀνάγκη
1057 4118 1209 4169 πᾶσα
1235 4119 1326 4173 τήν
1356 4115 1404 4169 ἐν
1445 4125 1517 4187 τῷ
1545 4121 1762 4192 τοιούτῳ

156 4199 420 4270 γινομένην
458 4199 578 4274 βίῳ,
602 4201 651 4254 ἕν
677 4198 717 4274 ᾦ
753 4205 838 4256 καὶ
868 4204 1068 4266 πλείους
1112 4207 1164 4261 αἰ
1204 4209 1334 4282 πρὸς
1361 4211 1419 4264 τὸ
1450 4208 1760 4286 ἁμαρτάνειν

157 4289 284 4341 εἰσὶν
327 4290 576 4365 ἀφορμαί,
608 4291 658 4344 ἓν
686 4291 875 4347 πλείονί
917 4314 973 4349 τε
1014 4301 1160 4372 κακίᾳ
1197 4300 1437 4370 γίνεσθαι,
1469 4304 1551 4356 καί
1592 4303 1760 4376 ἔμπα-

156 4379 394 4452 θέστερον
418 4377 737 4440 διατεθῆναιί
757 4383 1073 4460 ἀνθρωπίνης
1101 4385 1154 4442 δὲ
1184 4387 1368 4459 ψυχῆς
1389 4393 1545 4453 πάθος
1569 4395 1599 4452 ἡ
1627 4396 1760 4471 πρὸς

155 4470 215 4526 τὸ
245 4469 431 4542 ἄλογόν
457 4473 590 4527 ἔστιν
618 4471 879 4540 ὁμοίωσις·
902 4479 1066 4549 τούτῳ
1088 4477 1140 4533 δὲ
1160 4485 1640 4554 προσοικειωθείσαν
1675 4487 1760 4539 αὖ·

1868 3279 2085 3348 garrulo
2123 3281 2351 3352 strepitu
2379 3323 2396 3348 ,
2434 3283 2518 3338 vel
2557 3285 3030 3346 irrationabilitate
3071 3293 3298 3362 piscium
3320 3336 3337 3363 ,
3377 3297 3464 3353 vel

1869 3370 2120 3426 arborum
2142 3372 2551 3432 insensibilitate
2572 3377 2836 3448 ejusmodi
2858 3382 3139 3454 disciplina
3167 3385 3328 3455 digna
3357 3397 3462 3456 est,

1866 3476 1987 3532 qua:
2017 3471 2098 3519 tot
2143 3480 2230 3521 res
2272 3481 2553 3537 permeare
2591 3486 2752 3526 unam
2784 3473 3016 3530 animam
3064 3475 3229 3532 dicat.
3261 3475 3462 3536 Harum

1867 3560 2048 3608 autem
2079 3555 2400 3626 ineptiarum
2452 3560 2566 3616 haec
2593 3576 2754 3617 causa
2783 3570 2868 3618 est
2887 3606 2903 3632 ,
2943 3565 3086 3636 quod
3117 3569 3462 3637 prmexistere

1866 3642 2078 3699 animas
2105 3647 2480 3715 opinabantur.
2508 3650 2918 3722 Consequenter
2941 3655 3086 3710 enim
3110 3657 3233 3713 talis
3261 3659 3462 3716 doctrio

1865 3746 1949 3786 na:
1988 3734 2310 3807 principium
2357 3738 2426 3793 ad
2474 3738 2655 3796 aﬂinia
2697 3751 2752 3797 et
2791 3743 3046 3813 adjuncta
3083 3749 3459 3818 progrediens,

1868 3821 2147 3892 hucusque
2173 3835 2479 3884 commenta
2508 3845 2604 3885 sua
2633 3834 2917 3903 prapagat.
2967 3835 3100 3892 Nam
3128 3839 3173 3894 si
3202 3854 3300 3910 per
3326 3841 3461 3897 vitia

1863 3915 2076 3971 animus
2105 3932 2135 3971 a
2165 3919 2464 3977 sublimiori
2503 3922 2611 3977 vita
2640 3923 2969 3994 abstractus,
3013 3928 3178 3987 homo
3209 3932 3288 3998 tit,
3320 3947 3386 3989 ac
3411 3951 3458 3990 st

1864 4005 1917 4060 in
1951 4007 2199 4064 confesso
2227 4019 2340 4077 est,
2370 4012 2538 4068 vitam
2569 4029 2886 4086 corpoream
2916 4021 3259 4088 passionibus
3287 4026 3458 4096 magis

1862 4097 2153 4154 obnoxiam
2183 4115 2304 4156 esse
2329 4144 2345 4171 ,
2385 4117 2546 4172 quam
2575 4113 2834 4163 mternam
2864 4117 3026 4180 atque
3054 4111 3457 4185 incorpoream,

1862 4203 2082 4246 necesse
2134 4200 2218 4248 est
2265 4195 2498 4251 animam
2547 4198 2603 4253 in
2653 4201 2755 4256 hac
2782 4203 2891 4258 vita
2919 4203 3236 4274 degentem,
3267 4209 3456 4282 inqua

1860 4280 2040 4350 plures
2068 4281 2352 4341 facultates
2382 4286 2452 4342 ad
2480 4290 2816 4360 peccandum
2845 4305 3160 4367 suppetunt,
3194 4298 3252 4355 in
3278 4280 3454 4372 pluri-

1860 4372 1960 4429 bos
1980 4378 2184 4432 versari
2207 4379 2368 4446 vitiis,
2392 4382 2672 4452 magisque
2692 4387 3032 4456 passionibns
3054 4389 3219 4448 allici.
3250 4393 3457 4451 Anima:

1862 4476 2042 4523 autem
2072 4469 2321 4526 humanae
2351 4475 2534 4543 passio
2558 4517 2574 4544 ,
2604 4477 2898 4536 similitudo
2939 4489 3022 4538 est
3062 4481 3130 4538 ad
3169 4484 3456 4543 irrationa-

155 4570 245 4621 τίν
275 4569 352 4626 εἰς
376 4563 606 4625 κτηνὼὂη
642 4569 792 4640 φύσιν
819 4571 1184 4646 μεταρρὐῆναιο
1210 4571 1349 4638 ἅπαξ
1378 4572 1432 4629 δέ
1464 4572 1548 4630 διὰ
1574 4578 1753 4639 κακίας

1871 4559 2006 4615 bilia.
2063 4559 2198 4618 Huic
2248 4577 2378 4633 ergo
2415 4566 2539 4621 vita:
2568 4567 2817 4626 devincta
2847 4573 3044 4640 anima,
3076 4575 3130 4632 in
3159 4576 3456 4635 bestiarum

155 4654 442 4711 ὁδεύουσαν
463 4697 478 4720 ,
525 4656 654 4728 μηδὲ
697 4659 745 4714 ἐν
783 4659 955 4733 ἀλόγῳ
989 4665 1247 4734 γενομένην
1267 4673 1358 4724 τῆς
1385 4668 1471 4720 ἐπί
1498 4667 1556 4721 τὸ
1596 4671 1752 4724 κακὸν

155 4747 387 4824 προόδου
415 4749 576 4814 λήξειν
599 4753 746 4807 ποτέ.
777 4763 829 4807 Ἦ
851 4755 947 4829 γὰρ
970 4761 1059 4809 τοῦ
1088 4761 1243 4810 κακοῦ
1270 4758 1476 4823 στάσις,
1495 4761 1641 4833 ἀρχή
1659 4769 1753 4823 τῆς

155 4841 268 4897 κατ’
299 4844 492 4917 ἀρετήν
531 4843 667 4898 ἐστιν
693 4843 872 4918 ὁρμῆς.
906 4842 1081 4919 ’Δρετή
1106 4844 1159 4901 δὲ
1189 4848 1240 4901 ἔν
1264 4847 1460 4920 ἀλόγοις
1479 4850 1567 4903 οὐκ
1591 4847 1748 4906 ἔστιν.

155 4933 351 4986 οὐκοῦν
391 4933 473 4986 ἀεί
499 4935 627 5008 πρὸς
665 4936 724 4990 τὸ
770 4942 945 5010 χεῖρον
972 4937 1024 5002 ἐξ
1053 4938 1272 5010 ἀνάγκης
1313 4940 1708 5001 ἀλλοιωθήσεται
1731 4984 1747 5010 ,

155 5029 372 5080 πάντοτε
417 5025 547 5099 πρὸς
580 5027 638 5081 τὸ
668 5035 846 5103 χεζιον
873 5032 961 5082 καί
1004 5031 1302 5104 ἀτιμότερον
1344 5039 1630 5106 προϊοῦσα,
1667 5038 1753 5090 καί

155 5121 232 5174 ἀει
259 5121 321 5174 τὸ
352 5127 531 5191 χεῖρον
559 5128 650 5180 τῆς
677 5122 725 5174 ἐν
799 5122 911 5175 ίστι
930 5123 1127 5192 φύσεως
1159 5124 1541 5199 ἐξευρίσκουσα·
1573 5128 1750 5204 ὥσπερ

154 5212 207 5268 δὲ
231 5220 328 5268 τοῦ
375 5216 573 5286 λογικοῦ
618 5218 676 5270 τὸ
713 5217 947 5273 αἰσθητὸν
971 5217 1316 5286 ὑποϐέϐηκεν,
1360 5219 1493 5274 οὕτω
1530 5225 1610 5276 καί
1653 5225 1753 5278 ἀπὸ

154 5309 342 5361 τούτου
370 5308 453 5361 ἐπὶ
477 5307 535 5362 τὸ
564 5308 862 5366 ἀναίσθητον
900 5310 1227 5378 μετάπτωσις
1251 5313 1458 5383 γίνεται.
1494 5311 1636 5366 Ἀλλά
1661 5316 1752 5383 μί-

155 5417 244 5472 χρι
271 5399 457 5451 τουτου
482 5401 674 5473 προῖὼν
703 5397 729 5451 ὁ
757 5397 904 5468 λόγος
927 5399 1103 5458 αὐτοῖς
1122 5438 1137 5462 ,
1167 5403 1252 5453 καί
1274 5397 1376 5462 ἔξω
1404 5409 1497 5461 τῆς
1525 5401 1752 5462 ἀληθείας

151 5496 376 5561 φέρεται,
407 5487 530 5542 ἀλλά
553 5509 610 5561 γε
635 5485 727 5544 διά
750 5507 887 5546 τινος
918 5487 1212 5548 ἀκολουθίας
1236 5487 1428 5544 ἄτοπον
1468 5491 1518 5554 ἐξ
1558 5492 1756 5545 ἀτόπου

153 5577 548 5650 μιταλαμϐάνει.
604 5580 675 5633 Τὸ
725 5576 778 5633 δέ
827 5579 1049 5634 ἐντεῦθεν
1109 5579 1206 5640 ἤδη
1248 5579 1330 5636 διά
1381 5589 1481 5635 τῶν
1539 5584 1754 5654 ἀσυναρν

154 5673 311 5728 τῆτων
339 5673 511 5732 αὐτοῖς
539 5671 596 5725 τὸ
633 5668 804 5741 δόγμα
845 5671 1220 5738 μυθοποιεῖται.
1266 5683 1318 5726 'll
1369 5675 1459 5742 μὲν
1502 5675 1758 5730 ἰκολουθία

155 5761 361 5821 παντελῆ
386 5759 661 5836 διαφθοράν
683 5767 777 5818 τῆς
806 5757 987 5829 φυχῆς
1007 5758 1381 5816 ὑποδείκνυσιν.
1413 5771 1465 5813 'll
1488 5765 1585 5836 γάρ
1617 5763 1756 5829 ἅπαξ

156 5857 238 5910 τῆς
261 5853 460 5928 ὑψηλῆς
502 5836 777 5910 πολιτείας
820 5848 1245 5913 ἀπολισθὴσασα,
1295 5853 1345 5906 ἐν
1383 5851 1544 5908 οὐδενί
1573 5855 1751 5928 μέτρῳ

1859 4659 2104 4705 naturam
2133 4651 2432 4720 delabetur,
2462 4671 2526 4711 ac
2553 4660 2721 4714 semel
2749 4660 2876 4717 vitia
2908 4664 3165 4734 ingressa,
3197 4667 3358 4739 inque
3382 4670 3456 4726 ir-

1858 4744 2280 4802 rationabilitate
2327 4762 2584 4816 versans,
2613 4750 2818 4808 nullum
2869 4752 3028 4811 ﬁnem
3076 4758 3143 4813 ad
3191 4761 3451 4819 malitiam

1857 4837 2235 4909 progrediendi
2299 4839 2476 4897 faciet.
2555 4841 2658 4900 Ubi
2730 4849 2873 4902 enim
2938 4850 3142 4906 malitia
3217 4854 3448 4923 sistitur,

1857 4929 2096 4986 succedit
2125 4930 2358 5001 impetus
2386 4931 2453 4986 ad
2495 4932 2781 5004 virtutem;
2830 4940 2981 5008 atqui
3010 4941 3182 4998 virtus
3230 4944 3284 4999 in
3316 4945 3452 5000 irra-

1855 5022 2200 5080 tionabilibus
2253 5024 2398 5094 nulla
2443 5033 2566 5093 est;
2617 5027 2673 5082 in
2734 5028 2974 5088 deterius
3026 5048 3158 5104 ergo
3206 5050 3454 5092 necessa-

1857 5114 1940 5169 rio
1987 5114 2316 5182 mutabitur,
2348 5118 2563 5174 assidue
2609 5118 2678 5175 ad
2705 5121 2892 5192 pejora
2939 5125 3294 5198 turpioraque
3331 5143 3454 5198 pro-

1855 5204 2142 5275 grediens,
2190 5205 2413 5277 ejusque
2454 5217 2659 5266 natura:
2681 5251 2698 5278 ,
2756 5213 2811 5268 in
2855 5229 2962 5284 qua
3020 5223 3123 5282 est,
3176 5216 3452 5277 deteriora

1859 5310 2085 5370 quaeque
2109 5313 2325 5370 semper
2344 5303 2777 5360 comminiscens.
2806 5306 2975 5362 Porro
2994 5306 3449 5376 quemadmodum

1857 5390 2164 5445 rationabili
2192 5392 2446 5448 sensibile
2472 5394 2736 5463 subjacet,
2757 5397 2836 5452 sic
2864 5404 2922 5451 et
2948 5396 3017 5452 ab
3037 5397 3144 5454 hoc
3170 5398 3241 5454 ad
3271 5401 3454 5458 insem

1857 5481 2012 5534 sibile
2066 5479 2124 5535 ﬁt
2169 5482 2464 5552 prolapsio.
2513 5483 2877 5549 Quamobrem
2924 5487 3031 5542 huc
3074 5488 3214 5544 ratio
3254 5505 3445 5546 eorum

1858 5572 2116 5640 evadens,
2157 5589 2188 5628 a
2216 5575 2441 5630 veritate
2470 5576 2706 5645 aberrat,
2737 5587 2792 5633 et
2817 5594 2916 5650 per
2945 5582 3230 5652 quamdam
3251 5598 3449 5642 conse-

1859 5665 2132 5732 quentiam
2163 5680 2226 5720 ex
2256 5665 2502 5722 absurdis
2526 5667 2594 5723 ad
2618 5668 2847 5725 absurda
2889 5687 2948 5728 se
2975 5671 3204 5728 confert.
3238 5673 3446 5734 Exinde

1857 5773 2044 5812 eorum
2069 5759 2314 5816 doctrina
2356 5776 2455 5832 per
2480 5777 2544 5818 ea
2571 5778 2692 5833 quae
2719 5765 2859 5819 inter
2885 5780 2944 5821 se
2991 5781 3099 5822 non
3147 5768 3440 5836 cohaerent,

1857 5852 2099 5909 fabulose
2139 5853 2401 5925 procedit.
2447 5854 2846 5926 Consequentia
2872 5873 3004 5916 vero
3044 5858 3159 5929 ipsa
3204 5861 3443 5920 05tendit
