3952 6420
488 343 617 446 ἰός)

1882 338 2176 430 metues
2213 342 2412 428 rm.

3689 356 3797 413 200

495 487 676 559 κακῖας
703 499 878 552 στῆναι
902 490 1186 550 δυνήσεται·
1213 488 1340 545 ἀλλά
1357 485 1442 543 διά
1467 494 1559 549 τῆς
1581 485 1788 563 πρόςτά
1814 486 1945 544 πάθη
1972 491 2091 558 σχέ-

2203 483 2567 539 omnimodam
2599 481 2790 537 animae
2819 478 3204 552 corruptelam.
3237 477 3368 550 Qua:
3395 479 3541 534 enim
3571 481 3748 536 semel
3772 495 3804 536 a

503 606 636 646 σεως
658 585 761 642 ἀπὸ
788 583 878 650 μίν
907 587 998 636 τοῦ
1026 581 1228 654 λογικοῦ
1251 581 1384 656 πρὸς
1410 579 1468 634 τὸ
1501 575 1684 651 ἄλογον
1715 577 2064 648 μεταϐήσεται

513 674 608 729 ἀπ’
631 674 819 728 έκείνου
843 671 899 727 δέ
919 673 1048 748 πρὲς
1072 679 1162 730 τήν
1184 677 1284 727 τῶν
1309 677 1478 745 φυτῶν
1513 671 1850 727 ἀναισθησίαν
1885 688 2100 740 μετατε-

500 763 733 830 θήσεται,
779 769 854 836 τῷ
882 760 938 818 δέ
959 763 1248 836 ἀναισθήτῳ
1278 783 1388 823 πως
1414 761 1474 818 τὸ
1501 758 1712 833 ἄψυχον
1729 799 1743 824 ,
1771 762 1938 832 τούτῳ
1967 757 2020 815 δέ
2043 760 2101 818 τὸ

501 857 826 933 ἀνύπαρκτον
874 857 1076 911 ἕπεται.
1123 851 1280 911 Ὠστε
1325 854 1491 912 διόλου
1542 851 1630 908 διά
1674 861 1765 913 τῆς·
1814 853 2102 914 ἀκολουθίας

501 948 632 1023 πρὸς
658 951 716 1004 τὸ
757 953 830 1020 μή
871 943 928 1002 ὂν
977 949 1156 1009 αὐτοῖς
1195 949 1227 1008 ἡ
1273 946 1430 1022 ψυχὴ
1475 952 1866 1024 μεταχωρήσει.
1909 947 2102 1001 Οὐκοῦν

503 1041 774 1112 ἀμήχανος
802 1041 928 1114 αὐτῇ
947 1039 1098 1095 πάλιν
1118 1037 1274 1095 ἔσται
1299 1040 1330 1098 ἡ
1353 1040 1481 1114 πρὸς
1507 1041 1566 1093 τὸ
1585 1043 1817 1112 κρεῖττον
1838 1033 2100 1098 έπάνοδος.

504 1125 647 1185 ’Δλλά
671 1133 770 1200 μὴν
799 1129 854 1184 έκ
885 1129 1077 1201 θάμνου
1111 1129 1196 1184 ἐπί
1215 1127 1301 1182 τόν
1333 1124 1595 1202 ἄνθρωπον
1623 1125 1714 1186 τήν
1740 1123 1923 1199 ψυχήν
1949 1125 2102 1182 έπαν-

501 1225 736 1298 ἁγουσιν.
779 1223 972 1277 Οὐκοῦν
1019 1221 1394 1298 προτιμοτέραν
1435 1223 1528 1280 τήν
1563 1222 1614 1276 ἐν
1638 1221 1808 1294 θάμνῳ
1835 1223 1968 1286 ζωὴν
2012 1228 2104 1281 τῆς

503 1317 786 1384 ἀσωμάτου
807 1311 1058 1386 διαγωγῆς
1087 1310 1140 1366 έκ
1161 1313 1358 1369 τούτων
1379 1309 1820 1368 ἀποδεικνύουσιν.
1849 1311 2105 1369 Δέδεικται

505 1408 598 1482 γὰρ
627 1403 705 1462 ὅτι
740 1406 867 1482 πρὸς
895 1406 955 1460 τό
981 1413 1160 1480 χεῖρον
1190 1393 1479 1478 peregrinari
1514 1399 1733 1478 πρόοδος
1768 1411 1862 1464 τῆς
1883 1401 2102 1474 ψυχῆς,

505 1500 634 1575 πρὸς
663 1497 724 1552 τὸ
745 1500 1027 1572 κατώτερον
1047 1495 1178 1550 κατά
1194 1495 1253 1550 τὸ
1279 1496 1407 1556 είκὸς
1427 1495 1768 1552 ύποϐήσεται.
1797 1493 2105 1552 ’Υποϐέϐηκε

480 1577 560 1646 ’δὲ
583 1597 672 1650 τὴν
703 1591 1004 1650 ἀναίσθητον
1024 1589 1174 1662 φύσιν
1197 1588 1256 1644 τὸ
1279 1583 1507 1660 ἄψυχον.
1527 1589 1600 1648 είς
1621 1583 1647 1642 ὃ
1669 1585 1734 1642 δι’
1755 1587 2048 1648 ἀκολουθίας
2075 1589 2106 1646 ἦ

503 1684 648 1760 ἀρχὴ
671 1687 763 1738 τοῦ
793 1680 1047 1754 δόγματος
1071 1683 1232 1736 αὐτῶν
1259 1686 1354 1742 τήν
1395 1665 1578 1753 ψυχήν
1623 1677 1758 1754 ἄγει.
1790 1677 1916 1734 Ἀλλ’
1936 1678 2106 1740 ἕπειδή

502 1781 658 1831 τοῦτο
685 1779 742 1828 οὐ
769 1775 1054 1850 βούλονται,
1089 1771 1119 1834 ἦ
1163 1781 1236 1848 τῷ
1276 1774 1564 1845 ἀναισθήτῳ
1600 1777 1692 1833 τήν
1721 1771 1905 1845 ψυχήν
1951 1795 2108 1828 κατα-

2205 575 2421 630 sublimi
2453 575 2559 628 vita
2588 572 2818 640 decidit,
2869 571 3073 627 nullum
3115 571 3334 625 modtnu
3363 570 3554 626 statuit
3581 571 3808 628 malitia:

2203 681 2352 730 suae;
2403 665 2499 721 sed
2531 673 2750 736 propter
2789 663 3101 734 passionum
3140 661 3594 718 consuetudinem
3635 671 3809 732 atque

2205 757 2447 811 habitum
2479 771 2507 810 a
2538 753 2844 810 rationabili
2873 754 2940 810 ad
2960 755 3332 810 irrationabile
3351 755 3621 824 deveniet,
3648 755 3812 812 inde-

2203 861 2310 916 que
2336 846 2389 900 in
2418 846 2664 918 stirpium
2691 845 3156 901 insensibilitatem
3199 845 3536 913 mutabitur;
3567 843 3813 901 insensi-

2201 941 2296 997 bili
2319 949 2498 996 autcm
2527 940 2820 996 inanimum
2842 948 2925 994 est
2949 939 3562 1008 consequens,inanimo
3579 938 3635 994 id
3659 939 3814 1012 quod

2205 1048 2316 1088 non
2357 1033 2617 1088 subsistit.
2660 1031 2849 1100 Itaque
2891 1032 3107 1102 penitus
3149 1047 3217 1086 ex
3247 1031 3349 1086 hac
3389 1031 3810 1101 consequentia,

2207 1124 2384 1178 anima
2409 1125 2537 1194 ipsis
2558 1123 2624 1177 ad
2653 1137 2760 1177 non
2789 1137 2887 1176 ens
2915 1121 3130 1176 tandem
3160 1121 3442 1177 concedet.
3473 1120 3567 1178 Sic
3595 1123 3811 1178 nullam

2207 1212 2512 1268 facultatem
2541 1211 2784 1267 habitura
2809 1222 2893 1267 est
2920 1211 2987 1267 ad
3020 1213 3242 1268 meliora
3275 1212 3555 1268 redeundi.
3601 1212 3811 1268 Verum

2207 1301 2350 1357 enim
2376 1317 2506 1358 vero
2536 1301 2602 1356 ad
2623 1302 2898 1358 hominem
2933 1315 2966 1356 e
2995 1300 3188 1357 frutice
3229 1302 3463 1358 animam
3491 1302 3808 1371 reducunt;

2207 1392 2368 1460 igitur
2393 1391 2823 1462 praestantiorem
2851 1391 3228 1448 demonstrant
3255 1407 3375 1450 csse
3402 1392 3572 1448 vitam
3605 1393 3661 1448 in
3689 1391 3812 1449 fru-

2209 1485 2335 1552 tice,
2379 1499 2542 1553 quam
2574 1483 2950 1554 incorpoream
2984 1485 3170 1539 vitam.
3203 1483 3324 1540 Jam
3352 1485 3498 1540 enim
3523 1493 3812 1542 ostensum

2207 1583 2310 1643 est,
2332 1587 2677 1645 progressum
2705 1573 2898 1629 anima:
2929 1573 2984 1629 in
3006 1573 3301 1643 deteriora,
3331 1581 3496 1646 atque
3523 1573 3730 1630 idcirco
3755 1574 3813 1632 in

2207 1665 2462 1722 inferiora
2484 1681 2636 1732 esse;
2670 1665 2918 1736 subiacet
2939 1673 3123 1722 autem
3153 1664 3450 1721 insensibili
3480 1673 3691 1720 naturae
3718 1665 3814 1720 in-

2175 1763 2180 1768 '
2206 1757 2502 1812 animatum
2529 1774 2542 1812 :
2566 1765 2675 1828 quo'
2686 1771 2784 1826 per
2797 1757 3238 1826 consequentiam
3253 1754 3580 1826 principium
3609 1771 3813 1814 eorum

505 1868 792 1932 κλείουσιν,
839 1866 871 1928 ἦ
909 1866 1051 1945 ε”περ
1097 1867 1318 1922 ἐντεῦθεν
1359 1867 1442 1922 ἐπὶ
1482 1868 1565 1922 τῖν
1609 1867 1910 1944 ἀνθρώπινον
1949 1867 2091 1928 αύτήτ

2208 1847 2466 1904 doctrina:
2505 1847 2741 1904 animam
2771 1847 2984 1918 redigit.
3029 1847 3136 1903 Sed
3164 1849 3422 1918 quoniam
3445 1849 3553 1905 hoc
3581 1849 3807 1918 nolunt,

502 1959 801 2030 έπανάγοιεν
816 1959 948 2034 βίον,
974 1960 1342 2036 προτιμότερον
1351 2001 1374 2026 ,,
1383 1962 1541 2020 καθώς
1561 1959 1778 2036 ε’ρηται,
1801 1960 1888 2016 τὸν
1907 1959 2102 2025 ξυλώδη

501 2052 609 2122 βίον
629 2061 722 2112 τῆς
747 2055 950 2130 πρώτης
982 2051 1308 2118 ἀποδείξουσι
1337 2053 1731 2112 καταστάσεως⁶
1763 2049 1908 2125 εἴπερ
1921 2052 2102 2106 ἐκεῖθεν

500 2143 595 2212 μὲν
632 2145 662 2201 ἦ
691 2144 822 2216 πρὸς
873 2143 1046 2196 κακίαν
1088 2145 1422 2203 κατάπτωσις
1477 2143 1699 2215 γέγονεν,
1740 2143 1964 2198 ist-£130“
1987 2139 2044 2197 δέ
2071 2143 2102 2200 ἠ

499 2233 628 2306 πρὸς
651 2233 835 2306 ἀρετὴν
860 2231 1329 2304 έπάνοδοςηίνεται.
1375 2235 1564 2287 Οὐκοῦν
1588 2233 1832 2305 ἀκέφαλός
1859 2253 1966 2298 τις,
2015 2235 2104 2287 καί

499 2323 681 2385 ἀτελάς
719 2321 746 2378 ό
787 2329 1021 2385 τοιοῦτος
1048 2322 1372 2398 διελέγχεται
1411 2323 1589 2395 λόγος,
1620 2323 1646 2378 ὁ
1674 2326 1771 2384 τὰς
1807 2323 1996 2396 ψυχὰς
2033 2326 2105 2398 ἔφ’

499 2413 696 2470 έαυτῶν
724 2415 827 2491 πρό
863 2422 956 2476 τῆς
983 2417 1035 2470 έν
1064 2418 1222 2491 σαρκί
1247 2419 1380 2481 ζωῆς
1410 2415 1656 2488 βιοτεύειν
1679 2418 2100 2485 κατασκευάζων,

491 2509 584 2565 ’καί
611 2505 698 2562 διά
717 2509 888 2564 κακίαν
907 2505 1190 2563 ἐνδεδέσθαι
1209 2515 1320 2568 τοῖς
1354 2511 1585 2580 σώμασι.
1611 2525 1630 2558 δ
1659 2505 1911 2580 Προδήλου
1935 2513 2104 2564 τοίνυν

500 2597 660 2660 οὔσης
687 2607 778 2661 τῆς
807 2606 898 2655 τοῦ
929 2601 1126 2674 πατρὸς
1153 2598 1502 2662 διδασκαλίας,
1531 2603 1617 2655 καί
1643 2601 2103 2677 ἀποκηρυττούσης

500 2689 558 2744 τό
579 2689 738 2762 λέγειν
765 2691 1130 2769 προϋπάρχειν
1157 2691 1253 2752 τάς
1279 2689 1463 2762 ψυχὰς
1500 2699 1600 2746 τῶν
1640 2692 1888 2764 σωμάτων
1906 2736 1918 2758 ,
1953 2693 2100 2748 ἀκούο

501 2802 673 2853 σωμεν
701 2784 896 2838 καὶτοῦ
931 2785 984 2838 ἂν
1006 2783 1170 2858 ἁγίοις
1197 2784 1436 2857 Θεοφίλου
1459 2791 1548 2839 τοῦ
1576 2784 1854 2840 ἐπισκόπου
1879 2782 2101 2850 Ἀλεξαν-

501 2871 696 2947 δρείας,
711 2873 812 2928 ἀπὸ
833 2880 926 2932 τοῦ
941 2875 1089 2948 λόγου
1110 2881 1204 2932 τοῦ
1224 2877 1504 2951 ⁹γραφέντος
1523 2877 1654 2952 πρός
1679 2899 1819 2938 τινας
1838 2880 2102 2949 μοναχούς

501 2961 868 3038 τάὯριγένους
892 2971 1220 3042 φρονοῦντας,
1236 2965 1470 3038 λέγοντος
1497 2965 1640 3022 τάδε’
1663 2984 1682 3018 ε
1707 2967 1900 3022 Ούκοῐν
1921 2968 2098 3023 ἀναθε-

499 3060 802 3129 ματίζοντες
848 3059 934 3115 τὸν
966 3058 1222 3138 Ὠριγένην
1263 3063 1349 3116 καί
1383 3062 1502 3122 τοὺς
1556 3057 1738 3122 ἄλλους
1780 3062 2098 3136 αἰρετικιὺςς

498 3149 676 3224 ὥσπερ
703 3151 871 3221 ἡμεῖς,
903 3153 985 3206 καί
1011 3150 1040 3207 ὁ
1078 3159 1169 3212 m";
1198 3149 1452 3223 Ῥωμαίων
1479 3149 1631 3224 ἀνίας
1657 3152 1922 3215 ἐκκλησίας
1951 3153 2099 3208 ἐπίσ-

2206 1948 2302 1994 aut
2339 1937 2640 1994 insensibili
2669 1937 2908 1994 animum
2936 1936 3287 2002 concludunt,
3318 1945 3432 2006 aut,
3473 1941 3522 1996 si
3563 1940 3695 1997 inde
3737 1941 3814 1998 ad

2201 2031 2490 2086 humanam
2537 2031 2706 2086 vitam
2729 2045 2850 2088 eam
2897 2029 3201 2098 reducunt,
3250 2045 3370 2086 eam
3397 2031 3565 2086 vitam
3593 2045 3721 2102 quae
3751 2032 3815 2090 in

2202 2119 2374 2190 stirpe
2401 2119 2648 2188 ducatur,
2681 2129 2742 2176 ut
2763 2119 2972 2178 dictum
2999 2129 3114 2186 est,
3147 2121 3442 2177 ostendunt
3469 2121 3812 2180 antecellere

2201 2211 2379 2281 primo
2406 2209 2707 2268 animarum
2745 2213 2913 2268 statui
2945 2230 2960 2267 :
2989 2212 3254 2282 siquidem
3290 2212 3417 2269 inde
3443 2213 3512 2269 ad
3539 2213 3814 2272 malitiam

2203 2302 2303 2358 fuit
2327 2301 2644 2374 prolapsio,
2691 2302 2819 2358 hinc
2859 2317 2993 2359 vero
3034 2303 3102 2358 ad
3143 2303 3402 2358 virtutem
3439 2310 3526 2358 est
3570 2303 3811 2362 reditus.

2200 2392 2564 2460 Quamobrem
2592 2393 2684 2448 iila
2710 2395 2850 2450 ratio
2887 2394 3226 2450 convincitur
3253 2407 3374 2449 esse
3419 2393 3540 2450 sine
3587 2395 3806 2465 capite,

2202 2494 2258 2540 et
2283 2486 2400 2541 sine
2423 2484 2547 2552 fine,
2571 2499 2692 2557 qua:
2712 2487 2894 2542 vivere
2922 2485 3131 2542 animas
3147 2494 3426 2558 separatas
3455 2493 3585 2542 ante
3609 2501 3814 2558 corpo-

2201 2589 2353 2631 ream
2381 2577 2545 2632 vitam
2575 2584 2881 2644 asseverat,
2912 2591 2978 2632 ac
3008 2584 3233 2648 propter
3250 2576 3450 2647 flagitia
3476 2577 3814 2648 corporibus

2205 2680 2325 2722 esse
2345 2665 2650 2722 devinctas.
2665 2683 2684 2718 ι
2707 2665 2833 2723 Ηωο
2859 2666 3148 2740 Nyssenus.
3176 2667 3310 2723 Cum
3335 2667 3497 2736 igitur
3516 2677 3710 2739 aperta
3733 2669 3813 2724 sit

2205 2755 2380 2812 Patris
2399 2757 2559 2827 hujus
2579 2756 2848 2824 doctrina,
2868 2756 3194 2828 damnetque
3214 2773 3310 2816 eos
3333 2759 3427 2831 qui
3455 2754 3668 2825 dicant,
3692 2759 3812 2814 ani-

2203 2863 2320 2904 mas
2348 2857 2474 2904 ante
2502 2861 2733 2920 corpora
2760 2847 2926 2906 fuisse
2948 2865 2962 2903 :
2987 2848 3268 2908 audiamus
3285 2860 3341 2908 et
3357 2859 3610 2907 sanctum
3627 2851 3811 2908 Theo-

2201 2937 2405 3008 philum
2429 2937 2744 3009 episcopum
2775 2936 3136 3015 Alexandrfze,
3179 2956 3210 2998 e
3249 2955 3504 2996 sermone
3531 2940 3602 2995 ad
3631 2955 3810 3010 quos-

2201 3026 2325 3081 dam
2352 3029 2648 3084 monachos
2675 3028 2910 3100 scripto,
2959 3027 3052 3098 qui
3088 3025 3309 3096 Origeni
3347 3030 3754 3085 assentirentur
3789 3048 3802 3085 :

2197 3119 2280 3174 sic
2302 3119 2449 3174 enim
2475 3119 2608 3176 dicit
2641 3137 2654 3173 :
2687 3137 2706 3172 ι
2730 3119 2910 3186 Quare
2937 3118 3457 3175 anathematizantes
3481 3118 3808 3190 Origenem,

497 3259 654 3302 κοπος
675 3247 1024 3307 ’Δναστάσιος,
1047 3243 1102 3296 ίκ
1128 3241 1478 3316 παλαιοτέρων
1513 3239 1881 3315 ἀγωνισμάτων
1899 3239 2091 3308 ἴνδοξος

2199 3217 2535 3280 cmterosque
2562 3209 2874 3276 haereticos,
2902 3211 3154 3280 exemplo
3182 3217 3392 3280 nostro,
3439 3220 3500 3267 et
3523 3209 3809 3270 Anastasii

494 3333 783 3406 στρατηγὸς
805 3331 1061 3406 έπεσήμου
1084 3332 1208 3388 λαοῦ
1231 3333 1601 3408 χειροτονηθεὶς
1625 3372 1638 3396 ,
1661 3327 1702 3404 ᾧ
1721 3333 1804 3386 καί
1829 3337 1978 3387 πάσα
1996 3340 2096 3388 τῶν

495 3424 758 3498 μακαρίων
785 3426 922 3480 κατά
955 3428 1046 3483 τήν
1089 3421 1238 3478 δύσιν
1279 3422 1578 3478 ἐπισκόπων
1622 3423 1803 3478 ἕπεται
1843 3421 2053 3485 σύνοδος
2076 3466 2094 3493 ,

495 3514 855 3588 ἀποδεχομένη
881 3523 974 3576 τῆς
1000 3523 1100 3570 τῶν
1127 3512 1492 3589 Ἀλεξανδρέων
1519 3514 1786 3576 ἐκκλησίας
1829 3520 1918 3577 τήν
1963 3519 2096 3572 κατά

495 3610 586 3658 τοῦ
613 3605 835 3667 ἀσεϐοῦς
861 3605 1058 3680 ψῆφον..
1075 3623 1095 3665 ε
1451 3603 1458 3620 ¹

562 3885 668 3934 Τοῦ
707 3881 864 3937 αὐτοῦ
890 3881 945 3936 ἐκ
971 3889 1062 3943 τῆς
1083 3882 1356 3946 ἐπιστολῆς
1386 3891 1478 3946 τῆς
1506 3885 1636 3955 πρὸς
1665 3887 1786 3947 τούς
1813 3885 1865 3940 έν
1889 3893 1954 3960 τῇ
1978 3889 2092 3944 Σκή-

494 3991 569 4027 τει
588 3970 786 4044 ἁγίους,
811 3971 896 4030 διά
922 3977 1044 4036 τούς
1068 3975 1398 4048 ἐγκαλοῦντας
1421 3981 1512 4037 τὴν
1533 3983 1636 4032 τῶν
1663 3975 1932 4052 δογμάτων
1951 3977 2092 4054 Ὠρι-

491 4064 666 4137 γένους
691 4065 998 4140 καθαίρεσιν
1035 4083 1056 4117 ε
1077 4066 1384 4138 Ὲτόλμησάν
1411 4087 1546 4128 τινες
1583 4071 1744 4122 εἰπεῖν
1785 4066 2091 4126 διδάσκαλον

491 4153 618 4212 εἶναι
637 4167 732 4220 τῆς
759 4159 1028 4220 ἐκκλησίας
1048 4157 1326 4235 Ὠριγένην.
1343 4158 1481 4238 τΛροι
1504 4161 1704 4232 πρέπον
1720 4168 1819 4217 τῶν
1844 4163 2090 4218 τοιούτων

491 4248 796 4318 ἀνίχεσθαις
829 4251 872 4303 εί
911 4247 1221 4311 διδάσκαλός
1247 4252 1362 4308 ἔστι
1391 4259 1484 4312 τῆς
1511 4251 1779 4313 ἐκκλησίας
1807 4253 2085 4330 Ὠριγένης,

491 4337 948 4414 μεγαλοφρονοῦσιν
968 4343 1210 4414 ’Δρειανοί
1235 4361 1290 4396 τε
1311 4380 1329 4407 ,
1369 4345 1455 4396 καί
1497 4344 1822 4413 Εὗνομιανοί,
1861 4348 1945 4401 καί
1968 4341 2088 4398 Ἐλ-

491 4427 650 4488 ληνες·
682 4430 728 4483 oi
759 4433 852 4500 μὲν
878 4433 948 4492 εἰς
968 4433 1056 4486 τόν
1081 4432 1192 4486 υἱὸν
1219 4435 1305 4488 καί
1323 4436 1396 4494 εἰς
1423 4433 1482 4489 τὸ
1509 4439 1710 4504 πνεῦμα
1730 4434 2085 4508 βλασφημοῦν-

491 4539 598 4579 τες.
637 4521 684 4574 οἱ
723 4518 777 4576 δέ
805 4530 936 4594 μετᾶι
977 4528 1068 4576 τοῦ
1105 4521 1384 4578 δυσσεϐεῐν
1423 4523 1607 4596 ὁμοίως
1642 4527 1850 4592 αὐτοῖς,
1880 4528 1968 4580 καί
1994 4531 2086 4586 τήν

2199 3308 2398 3356 sancta:
2427 3299 2685 3356 Romanze
2721 3300 2977 3358 Ecclesiae
3004 3303 3276 3374 episcopi,
3301 3303 3396 3374 qui
3423 3317 3494 3359 ex
3521 3304 3809 3362 veteribus

2198 3391 2585 3448 certaminibus
2625 3392 2804 3448 clarus
2841 3393 3163 3450 nobilissimi
3191 3394 3378 3465 populi
3421 3394 3534 3450 dux
3583 3408 3809 3452 creatus

2197 3490 2312 3547 est,
2361 3497 2522 3553 quem
2567 3492 2623 3540 et
2646 3485 2898 3540 universa
2928 3485 3212 3541 beatorum
3236 3483 3550 3542 Occidentis
3580 3488 3804 3558 episco-

2195 3589 2389 3645 porum
2427 3576 2672 3646 sequitur
2715 3577 2986 3650 synodus,
3035 3591 3158 3650 quae
3197 3578 3408 3649 accepit
3453 3593 3520 3635 ac
3548 3580 3808 3650 probavit

2195 3665 2686 3724 Alexandrinorum
2748 3667 3001 3725 Ecclesia;
3057 3671 3386 3724 sententiam
3441 3669 3499 3725 in
3565 3670 3804 3742 impium

2196 3755 2382 3812 latam.
2412 3774 2432 3810 ι

2263 3865 2518 3938 Ejusdem
2549 3868 2618 3925 de
2645 3869 2873 3941 epistola
2901 3869 2970 3926 ad
2995 3878 3217 3928 sanctos
3236 3871 3329 3942 qui
3358 3872 3412 3927 in
3437 3871 3590 3928 Secti
3612 3883 3801 3941 erant,

2193 3967 2418 4030 propter
2456 3973 2554 4016 eos
2598 3959 2691 4031 qui
2730 3957 3042 4018 incusarent
3087 3961 3493 4020 damnationem
3541 3961 3808 4036 Origenis

2192 4047 2494 4106 doctrinae:
2525 4068 2545 4102 ι
2573 4047 2764 4108 Dicere
2785 4052 3029 4108 nonnulli
3049 4053 3168 4108 ausi
3195 4061 3344 4122 sunt,
3366 4051 3662 4124 Origenem
3692 4055 3805 4114 Ec-

2190 4140 2370 4196 clesia:
2399 4155 2520 4198 esse
2550 4141 2851 4198 doctorem.
2883 4143 2964 4198 An
2994 4143 3074 4214 hi,
3105 4144 3353 4212 obsecro,
3385 4145 3600 4202 ferendi
3631 4149 3808 4204 sunt?

2189 4229 2248 4287 Si
2269 4229 2528 4291 Ecclesiae
2557 4229 2753 4289 doctor
2779 4242 2862 4290 est
2885 4233 3164 4304 Origenes,
3191 4249 3419 4304 magnos
3442 4237 3547 4292 sibi
3572 4238 3807 4308 spiritus

2188 4330 2408 4378 sumunt
2434 4321 2640 4388 Ariani,
2685 4333 2742 4380 et
2767 4323 3106 4392 Eunomiani,
3137 4337 3194 4382 et
3219 4327 3417 4398 pagani
3450 4347 3463 4382 :
3492 4329 3569 4383 illi
3602 4331 3659 4385 in
3703 4329 3800 4385 Fi-

2187 4411 2318 4467 lium
2343 4429 2408 4468 ac
2433 4412 2692 4485 Spiritum
2721 4415 3196 4486 blaspliemantes;
3227 4417 3280 4473 hi
3313 4419 3588 4484 similiter,
3623 4431 3797 4492 atque

2189 4502 2284 4570 illi,
2311 4501 2484 4575 impii,
2511 4519 2614 4560 nec
2653 4521 2761 4560 non
2783 4508 3239 4562 resurrectionem
3273 4515 3624 4564 mortuorum
3651 4510 3806 4565 deri-

405 4679 417 4692 ,
490 4610 775 4667 ἀνάστασιν
801 4620 900 4667 τῶν
923 4621 1108 4690 νεκρῶν
1137 4615 1506 4686 χλευάζοντες.
1527 4619 1681 4690 Σαφές
1703 4621 1869 4674 τοίνυν
1899 4618 1954 4674 έκ
1981 4625 2082 4674 τῶν

2198 4595 2394 4652 lentes.
2426 4614 2446 4649 ι
2503 4593 2585 4652 Ex
2626 4595 2712 4654 his
2738 4598 3084 4668 perspicuum
3114 4607 3226 4665 est,
3281 4613 3408 4656 eum
3432 4601 3528 4670 qui
3569 4609 3806 4658 sanctos

491 4701 756 4774 εἰρημένων
793 4704 1084 4776 γεγένηται,
1129 4701 1212 4762 ὅτι
1259 4725 1358 4784 περ
1387 4705 1415 4762 ὁ
1459 4714 1568 4768 τοῖς
1614 4706 1780 4780 ἀγίοις
1822 4709 2084 4786 πατράσιν

491 4791 768 4856 ἀκολουθῶν
789 4795 879 4848 οὐκ
903 4795 1224 4868 ἀμφιϐάλλει,
1237 4799 1306 4858 ὡς
1327 4799 1374 4854 οί
1401 4797 1767 4874 τάὪριγένους
1785 4806 2084 4874 φρονοῦντες

491 4891 552 4958 τῇ
579 4883 830 4960 Ἑλληνικῇ
856 4886 1037 4962 πλάνῃ,
1071 4890 1156 4942 καί
1181 4897 1456 4964 ’Δρειανικῇ
1485 4890 1818 4968 ἀκολουθοῦσι
1841 4894 2022 4966 μανίᾳ.

560 4977 706 5056 Λέγει
731 4975 784 5030 δὲ
812 4981 894 5032 καὶ
931 4977 956 5034 ὁ
983 4980 1034 5033 έν
1071 4978 1230 5053 ἀγίοις
1273 4981 1520 5056 Κύριλλος
1547 4981 1828 5042 έπίσκοπος
1853 4981 2078 5048 ’Δλεξαν-

453 5129 460 5136 ,
487 5053 662 5144 δρείαέ
674 5066 726 5120 ἐκ
748 5075 837 5129 τῆς
863 5070 1129 5132 ἐπιστολῆς
1147 5079 1234 5132 τῆς
1265 5053 1391 5148 πρός
1417 5075 1542 5134 τούς
1562 5073 1613 5128 ἐν
1633 5079 1766 5146 cboqu
1783 5075 2074 5144 μοναχούς,

485 5165 618 5220 κατὰ
654 5169 754 5218 τῶν
791 5164 1031 5238 λεγόντων
1065 5169 1138 5236 μή
1161 5161 1290 5221 εἶναι
1334 5167 1620 5225 ἀνάστασιν
1659 5175 1759 5224 τῶν
1801 5169 2073 5240 σωμάτων,

487 5249 633 5307 τάδε·
663 5269 683 5302 ι
719 5257 846 5308 Φασὶ
866 5258 1033 5310 τοίνυν
1053 5263 1155 5312 τῶν
1177 5259 1228 5312 ἓν
1253 5257 1378 5327 ύμῖν
1401 5279 1541 5320 τινας
1563 5259 1832 5336 ἀρνεῖσθαι
1853 5265 1953 5314 τῶν
1980 5261 2079 5314 ἀν-

483 5343 746 5419 θρωπίνων
769 5347 1026 5420 σωμάτων
1056 5355 1145 5409 τὴν
1173 5351 1474 5417 ἀνάστασιν,
1509 5349 1638 5426 ὅπερ
1659 5353 1774 5408 ἑστι
1799 5353 1954 5428 μέρος
1989 5361 2082 5413 τῆς·

481 5437 745 5514 ὃμληίαε
775 5441 937 5511 ἡμῶν,
980 5440 1040 5502 ἧς
1065 5441 1346 5510 πεπαύμεθα
1387 5443 1686 5516 προσιόντες
1727 5449 1802 5517 τῷ
1841 5445 2078 5516 σωτηρίῳ

481 5531 825 5604 βαπτίσματι.
849 5533 1236 5605 Ὀμολογούντες
1255 5538 1352 5612 οιάρ
1368 5541 1458 5596 τήν
1478 5539 1673 5602 πίστιν,
1686 5538 2080 5610 προσεπὰγομεν

483 5617 562 5676 ὅτι
586 5624 896 5694 πιστεύομεν
918 5623 1003 5677 καὶ
1019 5625 1088 5683 εἰς
1109 5626 1299 5698 σαρκὸς
1320 5627 1618 5682 ἀνάστασιν.
1635 5628 1693 5680 Εἰ
1709 5624 1754 5682 δ’
1771 5627 2073 5701 ἀναιροῦμιν

483 5718 659 5779 τοῦτο,
703 5717 789 5772 καί
817 5716 876 5769 ού
907 5717 1218 5787 πιστεύομεν
1243 5715 1324 5772 ὅτι
1349 5717 1375 5772 ὁ
1408 5719 1628 5792 Χριστὸς
1664 5719 1717 5773 έκ
1741 5725 1929 5794 νεκρῶν
1958 5720 2072 5791 ἐγή-

486 5823 678 5880 γερται,
706 5805 790 5860 ἵνα
816 5807 950 5877 ἡμᾶς
976 5806 1148 5880 έαυτῷ
1167 5811 1551 5880 συναναστήσῃ,
1581 5807 1921 5878 χωλεύουσαν
1947 5807 2070 5879 ἔχο-

481 5919 573 5967 μεν
601 5905 691 5960 τήν
719 5902 912 5968 πίστιν,
942 5906 1026 5958 καί
1060 5906 1150 5962 τήν
1176 5903 1444 5972 βασιλικὴν
1470 5905 1677 5976 ἀφέντες
1705 5902 1816 5960 ὁδὸν
1834 5944 1848 5970 ,
1877 5902 2072 5976 βαδίζο-

2189 4686 2380 4744 Patres
2407 4689 2672 4759 sequitur,
2718 4705 2826 4746 non
2869 4689 3119 4748 dubitare
3144 4693 3277 4762 quin
3307 4692 3344 4748 ii
3371 4695 3468 4763 qui
3509 4710 3636 4750 cum
3673 4694 3802 4750 Ori-

2185 4791 2324 4847 gene
2366 4781 2628 4848 sentiunt,
2677 4795 3014 4853 paganorum
3065 4795 3308 4838 errorem
3357 4783 3804 4855 Arianorumque

2187 4868 2452 4926 insaniam
2481 4880 2800 4942 sequantur.

2255 4979 2380 5038 limo
2433 4998 2650 5054 quoque
2703 4994 2922 5042 sanctus
2969 4983 3202 5058 Cyrillus
3249 4985 3383 5042 dicit
3441 4986 3802 5052 Alexandrina

2182 5081 2486 5153 cpiscopus,
2528 5085 2582 5140 in
2622 5085 2850 5155 epistola
2887 5083 2960 5141 ad
2987 5085 3287 5144 monachos
3311 5087 3405 5157 qui
3437 5087 3494 5144 in
3520 5087 3709 5158 Phua,
3739 5091 3799 5146 in

2183 5198 2278 5240 eos
2297 5185 2389 5255 qui
2411 5185 2685 5241 affirmant
2704 5199 2992 5258 corporum
3014 5188 3476 5246 resurrectionem
3495 5205 3614 5248 non
3641 5207 3760 5248 esse
3774 5209 3795 5246 :

2188 5306 2208 5340 ε
2229 5287 2398 5342 Aiunt
2421 5286 2608 5357 igitur,
2637 5300 2761 5343 esse
2779 5287 2927 5358 apud
2954 5301 3054 5344 vos
3071 5287 3169 5358 qui
3189 5297 3393 5358 negent
3419 5290 3794 5348 humanorum

2179 5403 2472 5458 corporum
2519 5388 2978 5444 resurrectionem
3021 5406 3037 5443 :
3075 5401 3200 5458 quae
3243 5404 3374 5460 pars
3421 5391 3798 5448 confessionis

2182 5497 2379 5545 nostrae
2397 5498 2502 5557 est,
2517 5504 2676 5560 quam
2695 5488 2920 5546 fecimus
2939 5491 3176 5546 salutare
3195 5489 3463 5548 adeuntes
3485 5491 3790 5563 baptisma.

2181 5590 2364 5645 Fidem
2395 5591 2538 5646 enim
2565 5589 2903 5658 profitentes,
2931 5589 3273 5660 adjunginms
3302 5591 3534 5647 credere
3581 5609 3690 5648 nos
3729 5605 3792 5651 et

2178 5689 2356 5746 carnis
2378 5689 2850 5744 resurrectionem.
2873 5689 2930 5744 Si
2953 5691 3058 5744 hoc
3079 5690 3342 5756 tollimus,
3375 5705 3479 5746 nec
3505 5693 3795 5747 crediturus

2176 5789 2448 5844 Christum
2473 5790 2833 5846 rcsurrcxisse
2863 5804 2894 5844 a
2924 5788 3184 5857 mortuis,
3217 5797 3276 5844 ut
3315 5804 3420 5846 nos
3445 5791 3555 5848 sibi
3583 5805 3790 5849 conre—

2178 5898 2482 5965 suscitaret,
2511 5897 2906 5956 claudicantcm
2927 5897 3188 5956 habemus
3219 5899 3400 5967 fidem,
3425 5905 3492 5956 'ac
3523 5916 3556 5956 a
3581 5900 3667 5954 via
3693 5915 3788 5955 re.
