3952 6368
429 375 534 432 9ὲῖ
1795 354 2087 415 VlClLlUS
2125 351 2321 408 PAPA.
3590 334 3697 390 SUB

429 486 673 564 πρόδηλοί
700 488 798 542 εἱσι
820 484 1143 559 προάγουσαι
1167 482 1238 542 είς
1274 483 1470 556 κρίσιν,
1499 479 1602 535 τισί
1627 475 1681 532 δὲ
1715 477 1798 530 καί
1815 477 2005 530 ἐπακο·
2034 509 2041 534 ι

2145 474 2280 518 atem
2319 470 2366 516 et
2394 459 2766 530 subsequuntur
2797 455 2847 528 (1
2875 457 3007 511 Tim.
3041 455 3114 528 v).
3159 455 3290 511 Nam
3334 469 3450 524 ejus
3497 452 3704 506 erroris

430 544 710 641 λόυθοῦσιν.
724 600 744 634 ε
764 591 815 635 'tl
829 544 931 654 γαρ
953 544 1172 648 διαδοχή
1193 583 1286 638 τῆς
1523 573 1684 628 αὐτοῦ
1705 572 1756 625 έν
1777 578 1890 628 ταῖς
1909 575 2008 624 τῶν

2145 552 2381 610 uecessio
2424 551 2476 605 in
2528 547 2880 604 intirmiorum
2926 548 3168 619 irrepens
3211 548 3442 612 animas,
3485 544 3616 598 facit
3645 552 3708 596 ut

786 634 1020 744 έρπόυσα
1322 665 1527 724 δίδωσιν
1561 663 1846 721 ἀκολουθεῖν
1872 663 2010 732 αὐτῷ

2147 661 2233 698 um
2264 649 2558 710 sequantur
2607 655 2726 710 qua:
2773 653 2804 694 a
2841 638 3106 709 principio
3153 638 3442 694 commissa
3481 635 3552 690 ab
3579 634 3708 706 ipso

432 733 600 830 τᾶσιέξ
638 733 822 842 armis.
850 760 942 818 ὑπ’
979 733 1439 836 αὐτοῦ’γενομένας
1480 755 1755 828 ἁμαρτίας.
1791 751 1880 814 Ὠς
1912 753 2010 827 γὰρ
2111 739 2333 802 Fecenia
2361 733 2507 783 sum"

432 859 518 912 οὐκ
547 854 858 932 ἕξαρκοηίσης
891 861 1002 915 τοῖς
1032 854 1101 910 τὰ
1130 849 1416 926 Ὠριγίνους
1453 847 1722 912 δοξάζουσι
1764 854 1856 906 τῆς
1893 845 2014 920 περί

432 945 798 1022 προϋπάρξεως
822 948 923 999 τῶν
939 941 1131 1014 ψυχῶν
1149 939 1412 1002 ἀσεϐείας,
1438 939 1644 995 καὶτῶν
1664 933 1824 990 ἄλλων
1851 936 2014 990 αὐτοῦ

435 1035 798 1108 ματαιολογιῶν
816 1071 833 1098 ,
870 1036 959 1089 καί
987 1039 1087 1088 τῶν
1112 1034 1234 1108 περί
1258 1039 1350 1091 τῆς
1374 1029 1524 1104 ἁγίας
1550 1025 1751 1103 τριάδος
1787 1027 2018 1098 βλασφη-

436 1136 594 1199 μιῶν,
637 1129 726 1182 καί
761 1131 914 1183 τοῦτο
955 1131 1017 1200 τῇ
1055 1127 1220 1198 οἰκείᾳ
1256 1121 1590 1196 προστιθέασι
1626 1119 1789 1192 πλάνῃ
1823 1119 1878 1172 έκ
1916 1123 2016 1173 τῶν

437 1218 626 1275 έκείνου
655 1217 1064 1293 διεστραμμένων
1087 1214 1413 1289 ὁδηγούμενοι
1435 1213 1618 1288 λόγων,
1647 1214 1706 1270 τὸ
1727 1211 1904 1284 λέγειν,
1935 1206 2018 1264 ὅτι

440 1311 640 1366 πάντων
671 1309 872 1364 ἀσεεῶν
901 1308 1202 1383 ἀνθρώπων,
1240 1307 1327 1360 καί
1363 1303 1494 1377 πρός
1520 1322 1576 1376 γε
1606 1299 1850 1372 δαιμόνων
1877 1300 1909 1359 η
1933 1299 2020 1354 κό-

439 1399 591 1463 λασις
617 1401 782 1475 πέρας
815 1397 958 1471 ἔχει.
987 1399 1087 1454 Καὶ
1111 1394 1687 1454 ἀποκατασταθησονται
1709 1391 1915 1450 ἀσεϐεῖς
1938 1409 2018 1455 τε,

442 1493 526 1547 καί
565 1490 796 1563 δαίμονες
837 1494 910 1552 εὶς
945 1494 1036 1550 τὴν
1061 1490 1314 1565 προτέραν
1341 1488 1505 1562 αὐτῶν
1545 1486 1706 1551 τάξιν.
1747 1489 1929 1540 ταῦτα
1965 1481 2021 1538 δέ

2185 869 2348 937 Quasi
2376 869 2520 924 enim
2544 868 2608 922 iis
2629 866 2721 936 qui
2751 864 2992 936 Origenis
3019 866 3214 936 placita
3243 873 3564 934 sequuntur,
3595 879 3710 918 non

2115 962 2246 1016 satis
2273 959 2344 1015 sit
2368 959 2436 1014 de
2465 957 2867 1029 pmexistentia
2897 957 3197 1012 animarum
3229 957 3506 1026 impietas,
3541 965 3714 1010 tmte-

2115 1063 2284 1119 raque
2313 1049 2427 1118 ejus
2455 1047 2854 1118 vaniloquentia
2877 1086 2893 1112 ,
2934 1047 3394 1118 blasphemimque
3421 1045 3489 1102 de
3515 1055 3710 1102 sancta

2123 1141 2390 1196 Trinitate
2431 1158 2444 1192 :
2486 1139 2590 1194 hoc
2635 1153 2854 1209 quoque
2899 1139 3124 1210 proprio
3167 1139 3341 1194 errori
3388 1137 3716 1206 adjungunt,

2118 1231 2311 1288 ducem
2340 1239 2397 1286 et
2424 1238 2700 1284 auctorem
2751 1229 3015 1284 habentes
3050 1243 3359 1300 perversam
3401 1226 3521 1296 ejus
3549 1225 3724 1284 disci-

2119 1323 2348 1394 plinam,
2375 1329 2435 1376 ut
2459 1320 2676 1386 dicant,
2717 1319 2960 1375 omnium
2987 1318 3275 1389 impiorum
3300 1317 3618 1380 hominum,
3651 1328 3718 1366 ac

2120 1420 2382 1484 praeterea
2427 1407 2730 1464 dmmonum
2779 1424 2995 1480 poenam
3041 1407 3206 1464 tinem
3233 1405 3540 1462 habituram
3569 1418 3719 1464 esse.

2121 1503 2541 1570 restitutumque
2561 1499 2626 1555 iri
2652 1509 2766 1556 tum
2793 1501 2990 1571 impios
3012 1499 3279 1567 homines,
3300 1505 3416 1552 tum
3437 1497 3726 1552 daemones

441 1584 690 1658 λέγοντες,
716 1579 978 1662 ρᾳθέμους
1006 1583 1098 1653 μέν
1124 1585 1332 1637 ποιοῦσι
1356 1577 1477 1640 τοὺς
1503 1579 1798 1654 ἀνθρώπους
1821 1577 1942 1651 περί
1963 1575 2022 1631 τὸ

441 1674 665 1748 πληροῦν
689 1676 784 1734 τὰς
803 1673 1004 1735 έντολὰς
1030 1678 1123 1727 τοῦ
1147 1677 1298 1737 Θεοῦ,
1319 1678 1414 1733 τῆς
1446 1677 1625 1730 στενῆς
1647 1671 1734 1726 καί
1763 1667 2026 1738 τεθλιμμέ-

441 1784 531 1826 νης
556 1763 678 1820 ὁδοῦ
705 1765 892 1826 αὐτοὺς
939 1753 1340 1842 ἀποτρέποντες,
1387 1765 1469 1818 καί
1497 1763 1626 1841 πρὸς
1658 1768 1749 1822 τὴν
1782 1759 2024 1816 πλατεῖαν

2125 1594 2178 1649 in
2205 1591 2486 1663 pristinum
2511 1591 2754 1647 ordinem
2777 1606 2952 1645 suum.
2976 1589 3103 1646 ιιωε
3118 1605 3239 1645 cum
3261 1588 3470 1656 dicunt,
3492 1587 3724 1656 ignavos

2126 1685 2371 1741 homines
2399 1682 2638 1740 efﬁciunt
2671 1683 2726 1737 in
2765 1682 2859 1737 Dei
2887 1682 3170 1753 praeceptis
3198 1679 3590 1750 exsequendis,
3619 1693 3724 1734 eos

2128 1787 2437 1833 avertentes
2465 1777 2532 1830 ab
2556 1784 2784 1843 angusta
2804 1783 2860 1830 et
2887 1782 3036 1829 arcta
3063 1773 3167 1838 via,
3188 1782 3243 1828 et
3265 1772 3318 1827 in
3345 1771 3468 1827 lata:
3493 1785 3559 1826 ac
3587 1785 3724 1842 spa-

443 1858 532 1911 καί
558 1856 858 1932 εὐρύχωρον
885 1853 1304 1916 ἀποπλανῶντες·
1333 1855 1672 1910 έναντιοῦνται
1707 1849 1763 1907 δέ
1794 1851 2026 1916 καθάπαξ

2145 1869 2278 1923 .ioszc
2316 1883 2556 1922 errorem
2587 1866 2921 1921 inducentes.
2950 1863 3183 1920 Omnino
3212 1871 3391 1919 autem
3418 1861 3726 1918 adversan-

443 1949 524 2002 καί
559 1954 670 2009 τοῖς
709 1949 856 2023 παρὰ
899 1951 990 2001 τοῦ
1032 1945 1254 2020 μεγάλου
1298 1949 1424 2002 Θεοῦ
1478 1945 1564 2000 καί
1613 1950 1846 2020 σωτῆρος
1887 1943 2025 2012 ἡμῶν

443 2035 610 2098 ἰησοῦ
637 2046 861 2116 Χριστοῦ
895 2040 1202 2114 λεγομένοις.
1233 2039 1394 2099 Αὐτός
1417 2041 1518 2114 γὰρ
1546 2039 1597 2094 έν
1623 2045 1697 2112 τῷ
1726 2037 1854 2112 ἁγίῳ
1879 2037 2028 2110 εὐαγ-

442 2133 590 2203 γελίῳ
618 2130 848 2188 διδάσκει
866 2172 879 2196 ,
917 2133 987 2192 ὡς
1027 2131 1074 2184 oi
1101 2133 1192 2203 μέν
1218 2131 1422 2190 ἀσεϐεῖς
1452 2125 1815 2184 ἀπελεύσονται
1839 2127 1913 2186 είς
1941 2126 2030 2181 κό-

442 2223 590 2279 λασιν
625 2225 850 2288 αἰώνιον,
882 2221 927 2276 οί
959 2219 1013 2276 δέ
1041 2219 1221 2276 δίκαιοι
1243 2227 1326 2280 εἰς
1349 2224 1480 2284 {mia
1503 2220 1722 2275 αἰώνιον.
1755 2217 1854 2272 Καὶ
1880 2214 2030 2272 πάλιν

443 2317 576 2390 λέγει
585 2324 692 2378 τοῖς
705 2319 798 2388 μέν
816 2316 868 2370 ἐκ
882 2313 1074 2380 δεξιῶνο
1095 2319 1299 2379 «Δεῦτε,
1323 2312 1369 2368 oi
1718 2315 1813 2366 τοῦ
1833 2307 2030 2382 πατρίς

446 2429 564 2477 μου,
579 2407 987 2480 κληρονομήσατε
1013 2410 1104 2466 τὴν
1123 2405 1494 2475 ἡτοιμασμένην
1515 2402 1633 2472 ὑμῖν
1653 2401 1909 2472 βασιλείαν
1929 2398 2032 2456 ἀπὸ

447 2498 731 2559 καταϐολῆς
758 2497 950 2570 κόσμου
971 2512 985 2527 ·
1021 2513 1042 2550 ε
1073 2503 1180 2557 τοῖς
1209 2493 1263 2550 δὲ
1292 2497 1339 2559 ἐξ
1367 2494 1666 2562 εὐωνύμων·
1700 2507 1720 2542 ι
1758 2491 2032 2565 Πορεύεσθε

449 2589 539 2644 ἀπ’
561 2591 706 2658 ἐμοῦ,
733 2588 779 2644 ei
801 2587 1165 2661 ¹κατηραμένοι,
1199 2587 1242 2638 ε³
1245 2605 1270 2646 ς
1288 2583 1346 2640 τὸ
1364 2590 1470 2660 πῦρ
1492 2585 1550 2639 τὸ
1573 2584 1790 2647 αἰώνων,
1817 2582 1878 2636 τὸ
1897 2581 2034 2639 ἦτοι·

451 2680 711 2752 μασμένον
737 2686 811 2752 τῷ
837 2675 1056 2749 διαϐόλῳ
1079 2679 1168 2738 καί
1201 2683 1305 2736 τοῖς
1345 2675 1569 2748 ἀγγέλοις
1598 2675 1780 2730 αὐτοῦ.
1808 2677 2036 2742 ψανερῶς

453 2767 541 2827 οὖν
567 2775 662 2827 τοῦ
689 2771 866 2844 κυρίου
893 2765 978 2824 διὰ
1005 2774 1094 2824 τοῦ
1113 2767 1262 2840 ἁγίου
1284 2766 1578 2839 εὐαγγελίου
1597 2765 1922 2822 ἀτελεύτητον
1946 2767 2036 2822 τήν

453 2881 509 2917 τε
547 2861 752 2916 κόλασιν
781 2863 870 2922 τήν
911 2880 968 2914 τε
996 2859 1262 2930 βασιλείαν
1289 2857 1745 2930 ἐπαγγελλομένου,
1796 2851 2040 2930 πρόδηλοι

453 2956 819 3012 καθεστήκασιν
849 2947 990 3007 οὗτοι
1015 2951 1135 3012 τοὺς
1162 2950 1450 3026 Ὠριγένους
1476 2947 1668 3020 μέθους
1691 2954 2038 3024 προτιμῶντες

455 3050 558 3097 τῶν
603 3047 691 3098 τοῦ
738 3043 920 3115 κυρίου
973 3039 1306 3114 ἀποφάσεων·
1335 3036 1521 3112 ὃπουγε
1565 3039 1790 3110 κᾴκεῖίεν
1815 3039 1982 3092 αὐτῶν
2008 3037 2040 3094 ἦ

455 3131 602 3188 ἄνοια
627 3129 962 3205 διελέγχεται.
990 3133 1048 3186 Ei
1071 3131 1172 3206 γάρ
1198 3150 1275 3190 τις
1302 3131 1436 3184 κατά
1472 3131 1592 3190 τοὺς
1635 3129 1815 3184 ἐκείνου
1851 3128 2040 3204 λήρους

2128 1969 2215 2013 tur
2237 1958 2414 2028 magni
2439 1957 2532 2013 υιοί
2563 1965 2615 2013 et
2636 1955 2938 2012 Salvatoris
2958 1955 3129 2010 nestri
3155 1953 3283 2012 Jesu
3301 1951 3501 2008 Christi
3521 1951 3725 2016 dictis;

2129 2049 2244 2120 ipse
2269 2049 2414 2104 enim
2441 2048 2495 2104 in
2528 2056 2717 2103 sancto
2744 2044 3034 2114 Evangelio
3058 2044 3220 2099 docet
3239 2085 3255 2111 ,
3287 2043 3482 2114 impios
3501 2042 3727 2112 quidem

2128 2137 2298 2194 ituros
2327 2138 2381 2192 in
2411 2145 2672 2192 atternum
2719 2136 3036 2207 supplicium
3063 2177 3080 2205 ,
3103 2135 3279 2205 justos
3313 2149 3442 2188 vero
3471 2133 3526 2188 in
3553 2141 3727 2188 aeter-

2130 2245 2260 2284 nam
2289 2229 2453 2284 vitam
2504 2227 2722 2302 (Matth.
2753 2229 2881 2293 xxv)
2909 2243 2924 2294 ;
2973 2241 3268 2296 rursusque
3309 2224 3440 2280 dicit
3477 2224 3542 2281 iis
3567 2224 3664 2294 qui
3695 2240 3730 2280 a

2130 2321 2334 2378 dextris
2359 2330 2484 2377 sunt
2517 2339 2530 2376 :
2565 2320 2768 2386 Venite,
2807 2319 3065 2375 benedicti
3106 2317 3285 2372 Patris
3323 2317 3440 2380 mei,
3465 2317 3730 2387 possidete

2130 2425 2371 2484 paratum
2393 2412 2533 2468 vobis
2555 2427 2770 2484 regnum
2801 2428 2833 2464 a
2865 2408 3230 2466 c'onstitutione
3260 2409 3469 2473 mundi;
3498 2408 3566 2462 iis
3591 2423 3733 2462 vero

2132 2504 2222 2573 qni
2252 2518 2283 2558 a
2311 2502 2568 2558 sinistris:
2590 2501 2671 2556 Ite
2691 2518 2725 2556 ο
2744 2517 2844 2566 me,
2865 2501 3145 2564 maledicti,
3177 2500 3230 2552 in
3252 2499 3422 2570 ignem
3445 2507 3728 2556 internum.

2134 2595 2220 2664 qni
2242 2602 2456 2663 paratus
2477 2601 2554 2648 est
2584 2591 2796 2647 diabolo
2825 2600 2874 2644 et
2912 2590 3108 2662 angelis
3144 2589 3256 2658 ejus
3285 2586 3555 2660 (Ibidem).
3589 2585 3736 2644 Cum

2137 2685 2298 2754 igitur
2324 2692 2514 2756 aperte
2543 2683 2802 2740 Dominus
2848 2681 2906 2738 in
2957 2691 3145 2738 sancto
3181 2679 3476 2750 Evangelio
3523 2678 3735 2736 indesi-

2138 2793 2272 2832 nens
2291 2785 2347 2832 et
2371 2776 2693 2848 supplicium
2720 2783 2776 2831 et
2801 2787 3024 2844 regnum
3051 2772 3352 2840 denuntiet,
3380 2772 3734 2844 perspicuum

2137 2877 2219 2925 est
2245 2869 2346 2924 hos
2371 2867 2618 2939 Origenis
2663 2867 3019 2922 deliramenta
3062 2865 3352 2923 sententiis
3393 2864 3604 2920 Domini
3632 2880 3736 2920 an-

2140 2960 2362 3018 teferre.
2389 2959 2468 3016 Ex
2495 2961 2600 3018 hoc
2626 2976 2844 3032 quoque
2865 2960 3079 3016 illorum
3101 2960 3338 3016 amentia
3366 2958 3736 3028 redarguitur.

2141 3051 2197 3107 Si
2226 3053 2347 3122 quis
2373 3052 2516 3107 enim
2539 3051 2695 3120 juxta
2725 3051 2870 3108 illius
2897 3064 3066 3120 nugas
3090 3059 3258 3120 ponat
3286 3049 3608 3120 supplicium
3637 3047 3739 3102 (le-

2141 3142 2408 3207 siturum,
2450 3157 2672 3198 necesse
2715 3151 2799 3199 est
2845 3141 2991 3198 hunc
3039 3149 3094 3196 et
3124 3141 3400 3212 promissa:
3420 3139 3584 3209 justis
3611 3141 3738 3196 vitm

458 3224 694 3280 ὑπόθοιτο
710 3225 803 3299 πέρ
813 3243 869 3284 νς
891 3221 924 3278 ἕ
924 3243 1041 3294 χειν
1056 3227 1146 3282 τὴν
1167 3221 1384 3291 κόλασιν,
1396 3221 1583 3296 ἀνάγκη
1603 3221 1692 3303 τὸν
1707 3227 1932 3276 τοιοῦτον
1955 3224 2041 3276 καί

2145 3244 2356 3288 interna:
2383 3243 2627 3289 statuere
2657 3233 2816 3288 tinem
2843 3251 2856 3286 :
2879 3247 3034 3302 aeque
3062 3233 3206 3288 enim
3239 3231 3290 3286 in
3319 3239 3551 3300 utroque
3575 3240 3738 3285 teter-

457 3325 520 3388 τῇ
546 3316 881 3389 ἐπηγγελμένη
905 3323 1016 3378 τοῖς
1042 3312 1256 3376 δικαίοις
1279 3315 1460 3384 αἰωνίῳ
1487 3317 1589 3388 ζωῇ
1613 3312 1752 3374 τέλος
1777 3313 2038 3368 ἐπιθεῖναι.

456 3399 652 3472 Ἐξίσης
677 3410 778 3485 γὰρ
813 3407 892 3460 ἐπ’
927 3405 1222 3479 ἀμφοτέρων
1255 3406 1313 3458 τὸ
1351 3405 1548 3460 αἰώνιον
1572 3411 1758 3459 κεῖται⁰
1787 3404 1874 3458 καὶ
1898 3400 2040 3480 εῗπερ

459 3501 618 3573 πέρας
667 3496 786 3569 ἔχει
811 3497 1016 3558 κόλασίς
1040 3517 1098 3553 τε
1121 3500 1205 3552 καί
1228 3497 1534 3558 ἀπόλαυσις,
1565 3493 1702 3551 διατί
1735 3497 1767 3554 ἡ
1803 3496 2042 3572 ίνανθρώ·

461 3614 621 3654 πησις
645 3597 737 3646 τοῦ
765 3593 944 3664 κυρίου
978 3591 1116 3660 ἡμῶν
1147 3586 1313 3648 Ἰησοῦ
1350 3595 1602 3666 Χριστοῦ;
1641 3587 1778 3646 διατί
1812 3587 1867 3646 δέ
1901 3593 1988 3658 καί
2011 3593 2043 3650 ἡ

465 3684 790 3755 σταύρωσις,
819 3671 904 3738 καί
928 3679 955 3737 ὁ
981 3682 1200 3741 θάνατος.
1235 3683 1326 3735 καί
1347 3683 1377 3739 η
1403 3685 1557 3754 rufa.
1585 3683 1672 3739 καί
1697 3684 1728 3742 ἡ
1753 3683 2043 3744 ἀνάστασις

463 3779 558 3828 τοῦ
593 3775 803 3848 κυρίου;
839 3779 984 3826 ποῖον
1007 3769 1062 3828 δέ
1099 3759 1272 3844 ὄῷελος
1297 3779 1404 3833 τοῖς
1429 3773 1518 3828 τὸν
1543 3771 1688 3828 καλὸν
1713 3775 1886 3847 ἀγῶνα
1909 3775 2048 3848 ἀγω-

462 3865 770 3936 νισαμένοις,
797 3865 884 3918 καί
905 3864 1040 3940 ὑπὲρ
1066 3869 1292 3939 Χριστοῦ
1319 3868 1735 3940 μαρτυρήσωσιν,
1763 3867 1808 3920 εἰ
1827 3865 2051 3933 μέλλοιεν

463 3956 693 4038 δαίμονές
718 3978 772 4014 τε
787 3997 804 4024 ,
833 3961 917 4013 καί
941 3958 1147 4018 ἆσεϐε”ς
1178 3962 1270 4018 τήν
1295 3959 1454 4017 αὐτὴν
1478 3966 1586 4018 τοῖς
1611 3957 1774 4032 ἁγίοις
1799 3957 1942 4024 τάξιν
1967 3957 2054 4014 διὰ

464 4057 554 4110 τῆς
604 4049 1071 4116 ἀποκαταστάσεως
1119 4048 1424 4121 λαμϐάνεινς
1459 4043 1606 4104 ’Λλλά
1652 4052 1736 4102 καί
1769 4055 1938 4105 ταῦτα
1963 4052 2055 4120 μέν

464 4139 548 4194 έπί
588 4141 684 4200 τὰς
729 4141 920 4194 ἐκείνων
965 4141 1183 4214 τραπείη
1229 4138 1448 4210 κεφαλάς
1491 4146 1592 4194 τῶν
1638 4145 1802 4196 ταῦτα
1843 4140 2056 4208 μυθολο-

460 4227 705 4302 γοῦντων.
733 4230 793 4284 οἱ
815 4231 918 4304 γὰρ
943 4235 1035 4285 τοῦ
1059 4234 1284 4299 Χριστοῦ
1326 4228 1468 4300 ,λόγοι
1499 4226 1814 4300 διαμένουσιν
1837 4231 2056 4286 ἀσάλευ-

2145 3341 2274 3381 num
2321 3327 2557 3396 ponitur.
2608 3323 2666 3380 Si
2710 3334 2891 3383 autem
2933 3333 2991 3380 et
3033 3340 3191 3394 poma
3233 3334 3289 3379 et
3325 3323 3510 3378 fruitio
3550 3323 3741 3392 gloria

2147 3417 2348 3472 habent
2375 3416 2558 3483 tinem,
2591 3433 2689 3472 cur
2717 3415 3018 3471 incarnatio
3045 3414 3143 3468 fuit
3169 3413 3378 3468 Domini
3407 3413 3578 3467 nostri
3608 3411 3741 3467 Jesu

2147 3507 2380 3564 Christi?
2417 3523 2515 3566 cur
2538 3507 2849 3576 cruciﬁxio,
2879 3516 2934 3564 et
2962 3523 3128 3574 mors,
3159 3516 3216 3562 et
3241 3505 3536 3576 sepultura,
3568 3513 3627 3561 et
3652 3521 3742 3560 re-

2147 3597 2410 3654 surrectio
2437 3597 2697 3656 Domini?
2744 3596 2890 3668 quod
2936 3598 3279 3652 commodum
3323 3595 3389 3652 iis
3414 3595 3509 3668 qui
3535 3597 3743 3652 bonum

2147 3695 2422 3744 certamen
2447 3698 2810 3756 certaverunt,
2831 3696 2886 3743 et
2906 3703 3006 3758 pro
3033 3686 3250 3741 Christo
3273 3685 3592 3756 martyrium
3613 3685 3744 3740 sub—

2151 3781 2364 3846 ierunt,
2412 3779 2460 3835 si
2493 3788 2551 3834 et
2595 3777 2866 3834 daemtmes
2912 3785 2969 3832 et
3006 3776 3252 3831 homines
3287 3774 3435 3846 impii
3488 3774 3746 3830 eumdem

2152 3885 2314 3939 quem
2341 3871 2513 3928 sancti
2559 3869 2804 3926 ordinem
2831 3868 3290 3936 redintegratione
3319 3867 3555 3922 habituri
3582 3869 3746 3922 sunt?

2160 3959 2360 4016 Verum
2386 3961 2490 4017 hoc
2520 3959 2577 4016 in
2599 3974 2787 4016 eorum
2818 3958 2995 4029 capita
3021 3965 3282 4020 vertatur,
3325 3957 3414 4027 qui
3443 3955 3560 4012 hate
3587 3955 3747 4012 fabu-

2157 4050 2354 4106 lantur.
2387 4049 2520 4106 Nam
2547 4048 2747 4104 Christi
2784 4049 2948 4104 verba
2977 4048 3034 4102 in
3083 4046 3318 4102 ﬁdelium
3364 4047 3638 4103 mentibus
3668 4047 3748 4102 in-

2161 4154 2423 4196 concussa
2453 4147 2691 4204 manent,
2724 4147 2886 4207 atque
2914 4139 2967 4192 in
2998 4137 3114 4208 ipsa
3147 4151 3325 4196 rerum
3353 4135 3597 4190 veritate.

463 4343 538 4380 τοι
565 4323 616 4375 ἓν
648 4329 762 4382 ταῖς
798 4329 898 4376 τῶν
945 4327 1144 4376 πιστῶν
1176 4319 1421 4390 ψυχαῖς,
1463 4323 1546 4375 καί
1593 4321 1654 4377 έν.
1694 4321 1822 4395 αὐτῇ
1863 4327 1927 4393 τῇ
1952 4329 2052 4376 τῶν
2077 4323 2396 4396 πραγμάτων
2421 4322 2646 4395 ἀληθείᾳ.

537 4411 597 4464 ΟΞ
624 4408 679 4466 δέ
704 4413 792 4468 την
818 4411 1103 4486 Ὠριγένους
1125 4407 1440 4470 ἐκδικοῦντες
1460 4407 1762 4478 κακοδοξίαν,
1789 4409 2058 4484 φεύγοντες

467 4503 584 4561 τοὺς
610 4503 730 4574 περί
755 4500 950 4556 τούτων
975 4499 1216 4574 ἀρῥαγείς
1267 4501 1538 4582 ἐλέγχους,
1589 4505 1678 4557 καί
1714 4505 2058 4579 συγκρύπτειν

467 4594 558 4648 την
582 4589 778 4644 ἑαυτῶν
802 4588 991 4647 πλάιην
1006 4590 1318 4662 βουλόμενοι,
1337 4593 1476 4652 τινας
1500 4593 1674 4665 ῥήσεις
1699 4594 1754 4648 έκ
1775 4600 1875 4648 τῶν
1899 4593 2058 4668 ἁγίων

467 4682 706 4756 πατέρων
727 4687 888 4742 κακῶς
919 4681 1342 4752 ἐκλαμϐάνοντις,
1387 4687 1470 4744 καί
1505 4685 1636 4758 πρὸς
1663 4685 1750 4742 τὸν
1777 4681 1906 4742 ἴδιον
1945 4692 2060 4741 νοῦν

469 4774 966 4848 παρερμηνεύοντες,
996 4781 1062 4849 τῇ
1089 4775 1244 4848 οἰκεία
1270 4776 1702 4850 προσαρμόζουσι
1727 4777 1890 4850 νόσῳ’
1927 4775 2056 4852 ὅπερ

471 4869 683 4919 ποιοῦσι
712 4865 796 4919 καί
833 4863 918 4919 έπί
944 4870 1042 4920 τῶν
1083 4865 1226 4919 θείων
1259 4874 1478 4941 γραφῶν.
1510 4864 1684 4938 Ἠμεῖς
1729 4865 1784 4922 δέ
1813 4869 1862 4932 ἐξ
1895 4870 2059 4924 αὐτῶν

470 4961 570 5010 τῶν
599 4952 755 5028 ἁγίων
783 4955 1016 5030 πατέρων
1047 4953 1369 5026 ἀποδείξομεν
1392 4960 1644 5026 ματαίους
1670 4952 1796 5013 εἶναι
1831 4963 1914 5014 καί
1937 4963 2060 5021 τοὺς

423 5059 430 5067 ·
469 5047 746 5134 τοιούτους
775 5048 941 5104 αὐτῶν
963 5046 1163 5120 λόγους.
1187 5049 1337 5122 Λέγει
1362 5051 1527 5105 τοίνυν
1551 5049 1578 5106 ὁ
1599 5051 1650 5108 έν
1676 5051 1840 5124 ἁγίοις
1865 5052 2059 5128 Γρηγό-

469 5159 580 5214 ριος
605 5135 883 5212 ὁθεολόγος
909 5139 958 5192 έν
983 5145 1056 5210 τῷ
1085 5139 1428 5212 ἀπολογητικῷ
1446 5140 1574 5213 λόγῳ
1597 5139 1750 5198 τάδε·
1784 5140 1954 5212 «Ἡμῖν
1978 5143 2058 5211 δέ,

471 5227 544 5291 οἷς
572 5231 630 5285 τὸ
660 5229 1062 5301 κινδυνευόμενόν
1087 5231 1194 5286 ἐστι
1215 5236 1451 5306 σωτηρία
1476 5232 1658 5304 ψυχῆς
1685 5243 1777 5296 τῆς
1802 5239 2058 5312 μακαρίας

470 5343 526 5378 τε
558 5325 644 5378 καί
691 5321 975 5393 ἀθανάτου,
1003 5327 1086 5379 καί
1111 5322 1336 5382 ἀθάνατα
1364 5325 1797 5399 κολασθησομένης
1832 5327 1864 5388 ἦ
1908 5327 2058 5385 ἔπαι-

469 5415 802 5484 νεῦησομένης
827 5413 908 5470 διὰ
934 5415 1112 5470 κακίαν
1143 5413 1174 5474 ἦ
1205 5416 1412 5490 ἀρετήν,
1436 5415 1594 5472 πόσον
1620 5421 1728 5490 χρή
1750 5416 1914 5474 δοκεῖν
1933 5414 2059 5474 εἶναι

471 5504 557 5557 τὸν
583 5503 778 5574 ἀγῶνα,
803 5503 891 5555 καί
919 5499 1040 5562 ὅσης
1064 5500 1144 5557 δεῖ
1165 5511 1256 5564 τῆς
1280 5505 1592 5578 ἐπιστήμηςς
1615 5509 1737 5562 »καί
1763 5507 1874 5578 μετ’
1891 5507 2055 5581 ὀλιγα’

479 5600 597 5658 ιΐίς
621 5595 814 5667 ψευδὴς
835 5595 1105 5668 ἀπολογίας
1125 5599 1249 5652 ποία
1264 5596 1530 5660 πιθανότης
1555 5598 1832 5672 ἔντεχνοςς
1859 5603 1937 5660 τίς
1947 5602 2060 5656 irri—

473 5707 581 5743 νοια
614 5690 745 5744 κατὰ
785 5698 876 5750 τῆς
912 5688 1142 5749 ἀληθείας
1169 5689 1555 5762 παρώογιεῖται
1597 5690 1656 5745 τὸ
1701 5689 2056 5767 δικαστήριον,

476 5781 558 5832 καί
581 5777 754 5850 κλέψει
779 5785 866 5839 τήν
889 5780 1035 5854 ὀρθήν
1058 5781 1226 5855 κρίσιν
1251 5786 1358 5840 τοῖς
1383 5785 1516 5835 πᾶσι
1545 5776 1715 5835 πάντα
1737 5781 1786 5832 έν
1815 5785 1951 5852 ζυγῷ
1976 5802 2058 5835 τι·

478 5875 672 5937 ιεῐοναν,
703 5872 786 5924 καί
810 5871 1016 5940 πρᾶξιν,
1046 5873 1129 5926 καί
1146 5869 1311 5941 λόγον,
1341 5873 1423 5927 καί
1448 5868 1715 5939 διανόημα,
1745 5874 1828 5926 καί
1851 5873 2059 5930 ἀντιση-

2234 4411 2332 4478 Qui
2362 4426 2527 4481 porro
2559 4409 2806 4480 Origenis
2833 4411 3133 4480 improbam
3163 4409 3474 4480 opinionem
3503 4416 3748 4474 tuentur,

2161 4504 2312 4560 tirma
2339 4504 2452 4559 haec
2477 4512 2792 4573 argumenta
2816 4502 3082 4572 fugientes
3107 4543 3124 4568 ,
3172 4517 3437 4572 suumque
3483 4509 3751 4561 conantes

2166 4604 2348 4665 tegere
2395 4609 2634 4651 errorem
2663 4635 2676 4658 ,
2708 4593 2950 4665 quoniam
2997 4601 3305 4648 sanctorum
3351 4591 3572 4646 Patrum
3603 4591 3751 4648 dicta
3803 4647 3814 4656 ,

2160 4687 2302 4744 male
2328 4687 2660 4756 excipientes
2681 4725 2697 4752 ,
2745 4699 3020 4755 praveque
3055 4699 3122 4740 ex
3159 4684 3428 4740 sententia
3453 4697 3548 4738 sua
3581 4683 3754 4738 inter-

2161 4784 2454 4848 pretantes,
2483 4775 2704 4846 proprio
2727 4775 2920 4832 morbo
2940 4773 3388 4830 accommodant:
3413 4773 3558 4842 quod
3581 4773 3752 4829 etiam

2161 4867 2216 4922 in
2263 4865 2460 4921 divinis
2498 4865 2702 4921 faciunt
2745 4861 3058 4935 Seripturis.
3105 4862 3217 4919 Nos
3261 4871 3444 4920 autem
3491 4877 3561 4920 ex
3611 4863 3750 4934 ipsis

2159 4955 2361 5012 sanctis
2388 4953 2638 5012 Patribus
2665 4952 3012 5012 ostendemus
3047 4953 3232 5009 inanes
3261 4968 3326 5009 ac
3351 4953 3533 5010 futiles
3555 4968 3748 5010 eormn

2159 5048 2399 5103 rationes
2445 5061 2584 5102 esse.
2635 5043 2763 5102 Haec
2806 5046 2971 5116 igitur
2996 5047 3183 5102 scribit
3209 5055 3428 5102 sanctus
3455 5044 3752 5116 Gregorius

2161 5137 2468 5207 Theologus
2515 5138 2568 5192 in
2611 5137 2949 5208 apologetica
2995 5139 3287 5193 oratione:
3326 5157 3345 5190 ι
3377 5137 3544 5194 Nobis
3591 5155 3748 5210 vero,

2159 5229 2353 5298 quibus
2381 5227 2718 5299 periclitatur
2743 5229 2888 5285 salus
2913 5229 3106 5284 anima:
3133 5228 3304 5286 beata:
3330 5238 3496 5299 atque
3525 5231 3754 5288 immor-

2160 5323 2300 5386 talis,
2333 5336 2560 5391 quzeque
2595 5321 2976 5391 sempiternam
3007 5319 3219 5376 aditura
3259 5331 3342 5376 est
3393 5323 3479 5377 vel
3527 5339 3748 5394 pinnam

2161 5413 2245 5468 vel
2275 5412 2490 5468 laudem
2511 5451 2528 5478 ,
2571 5420 2792 5482 propter
2818 5411 3076 5466 malitiam
3107 5423 3201 5467 aut
3236 5413 3485 5468 virtutem
3511 5457 3528 5482 ,
3558 5417 3748 5485 quanti

2160 5504 2461 5561 faciendum
2508 5514 2592 5559 est
2633 5504 2737 5559 hoc
2779 5513 3089 5574 certamen,
3136 5513 3230 5560 aut
3271 5513 3472 5576 quanta
3519 5508 3749 5562 scientia

2161 5613 2296 5666 opus
2325 5597 2443 5651 est?
2480 5615 2497 5648 ι
2543 5595 2609 5650 Et
2638 5605 2762 5666 post
2789 5612 2958 5666 pauca
2991 5615 3004 5650 :
3045 5617 3063 5649 ι
3099 5595 3216 5664 Qua
3247 5597 3378 5652 falsa
3407 5597 3744 5663 defensione,

2157 5703 2264 5756 qua
2294 5686 2643 5757 persuasione
2669 5687 2988 5752 artiﬁciosa,
3009 5702 3246 5757 quonam
3267 5700 3575 5746 commento
3605 5695 3748 5748 veri-

2160 5786 2325 5832 tatem
2376 5786 2720 5847 oppugnante
2767 5779 3215 5834 circumvenietur
3255 5779 3374 5848 jus,
3425 5795 3486 5836 ac
3531 5781 3747 5840 falletur

2162 5877 2364 5926 rectum
2404 5869 2698 5941 judicium,
2731 5869 2876 5939 quod
2921 5886 2996 5927 on
3017 5871 3170 5928 nibus
3211 5873 3392 5927 omnia
3434 5872 3490 5928 in
3539 5883 3744 5931 statera
