3952 6372
493 297 592 354 εςτ

1871 296 2166 356 VlClLiUS
2205 296 2403 353 ΡΑΡΛ.

3651 297 3758 360 ειο

492 429 742 496 νήσαντα,
769 425 849 476 καί
869 421 1011 478 ἄλλον
1039 423 1122 478 τὸν
1148 421 1370 500 Χριστὸν
1395 422 1479 477 τὸν
1506 421 1760 479 παθόντος
1788 420 1817 480 ἦ
1839 423 1922 476 τὸν
1950 423 2069 476 Θεὸν

2182 417 2355 472 racula
2387 429 2639 486 operatus
2665 427 2763 481 est,
2823 427 2878 472 et
2905 418 3067 475 alium
3110 418 3383 476 Christum
3431 422 3522 492 qui
3565 437 3757 492 passus

493 518 637 589 λόγον
677 520 899 570 συνεῖναι
926 521 998 582 τῷ
1022 522 1224 588 Χριστῷ
1251 515 1379 586 λέγει
1410 516 1654 586 γενομένῳ
1682 517 1734 568 ἐκ
1760 515 2016 586 γυναικὸς,
2045 512 2076 571 ἦ

493 609 545 660 ἒν
568 609 700 675 αὐτῷ
729 602 853 660 εἶναι
879 606 947 664 ὥς
977 601 1119 658 ἄλλον
1147 605 1196 658 ἐν
1217 601 1368 676 ἄλλῳ,
1397 605 1498 658 ἀλλ’
1525 607 1651 676 οὐχί
1672 605 1754 659 ἕνα
1777 609 1859 657 καί
1885 605 1970 658 τὸν
1995 606 2077 657 αὖ·

491 701 576 753 τὸν
607 699 774 771 κύριον
802 699 940 768 ἡμῶν
967 695 1158 754 Ἰησοῦν
1175 700 1394 767 Χριστὸν
1417 698 1500 752 τὸν
1528 705 1614 752 τοῦ
1639 704 1766 752 Θεοῦ
1789 698 1864 767 λὸν,
1877 719 1928 748 ον
1950 718 2076 764 σαρ-

493 787 744 848 κωθὲ·.τα,
774 789 858 839 καί
904 786 1254 862 ἐνανθρωπὴσι
1268 807 1390 849 ντα,
1431 789 1517 842 καί
1545 793 1632 842 τοῦ
1663 788 1818 841 αὑτοῦ
1856 789 1918 840 τὰ
1948 786 2075 838 θαύ-

489 897 628 943 ματα
668 878 748 928 καί
783 876 848 928 τά
876 875 1042 940 πάθη,
1087 873 1220 949 ἅπερ
1263 876 1506 936 ἑκουσίως
1545 877 1776 947 ὑπέμεινε
1821 879 2006 950 σαρκί,
2051 873 2077 929 ὃ

492 972 723 1023 τοιοῦτος
749 964 972 1028 ἀνάθεμα
1002 961 1160 1018 ἔστω.

563 1142 623 1198 Εἴ
653 1165 731 1205 τις
772 1145 903 1216 λέγει
945 1147 1076 1200 κατᾶ
1119 1149 1305 1222 χάρνν.
1353 1145 1384 1205 ἦ
1423 1147 1532 1200 κατ’
1575 1148 1848 1224 ἐνέργειαν,
1887 1146 1917 1206 ἢ
1964 1147 2078 1202 κατ’

495 1235 660 1300 ἀξίαν,
685 1235 714 1295 ἣ
742 1235 856 1290 κατ’
873 1239 1148 1306 ἰσοτιμίαν,
1178 1235 1207 1294 ἦ
1234 1236 1346 1290 κατ’
1372 1237 1631 1291 αὖθεντίαν
1647 1278 1659 1299 ,
1683 1237 1712 1295 ἦ
1740 1237 1991 1311 ἀναφοράν
2007 1278 2023 1301 ,
2049 1236 2079 1294 ἦ

495 1330 710 1398 σχέσιν.
739 1326 770 1387 ἣ
802 1326 1034 1399 δύναμιν,
1061 1335 1150 1387 τήν
1175 1329 1350 1382 ἕνωσιν
1388 1335 1476 1382 τοῦ
1507 1334 1635 1383 Θεοῦ
1659 1325 1806 1399 λόγου
1832 1329 1959 1398 πρὸς
1989 1324 2080 1380 ἆν-

493 1423 693 1494 θρωπον
717 1421 1039 1491 γεγενῆσθαι,
1068 1419 1098 1478 ἢ
1137 1420 1241 1473 καθ’
1269 1418 1578 1489 ὁμωνυμίαν,
1613 1419 1722 1472 καθ’
1748 1419 1806 1476 ἣν
1827 1419 1872 1472 ο⁷
1900 1430 2079 1472 Νεστο-

491 1513 654 1587 ριανοί
681 1513 763 1562 καί
790 1511 874 1564 τὸν
896 1511 1016 1564 Θεὸν
1036 1508 1185 1580 λόγον
1207 1511 1424 1586 Χριστὸν
1447 1510 1713 1568 καλοῦντες
1729 1550 1742 1571 ,
1773 1530 1820 1560 κ’
1844 1511 1858 1559 ί
1887 1508 1973 1562 τὸν
2003 1505 2082 1560 ἕν-

491 1605 692 1675 θρωπον
719 1600 1110 1675 γεχωρισμένως
1149 1599 1368 1674 Χριστὸν
1411 1600 1735 1668 ὀνομάζοντες
1773 1604 1899 1652 κατά
1931 1597 2080 1668 μὸνην

493 1701 582 1750 τὴν
613 1692 950 1766 προσηγορίαν
970 1691 1057 1744 ἕνα
1086 1689 1302 1762 Χριστὸν
1328 1689 1581 1760 λέγουσιν·
1602 1688 1631 1748 ἦ
1657 1687 1796 1748 εἴτις
1817 1687 1944 1759 λέγει
1970 1686 2080 1741 κατ’

2180 515 2283 560 est.
2334 515 2427 559 aut
2455 507 2586 560 dicit
2617 507 2779 560 Deum
2809 507 3044 562 Verbum
3075 524 3197 564 cum
3241 509 3458 566 Christo
3503 527 3623 568 esse
3660 528 3759 568 na-

2179 606 2364 652 scente
2393 614 2455 653 ex
2489 601 2734 664 muliere,
2767 602 2849 654 vel
2876 601 2927 654 in
2957 602 3074 672 ipso
3103 619 3221 657 esse
3251 612 3503 673 tanquam
3534 605 3759 659 alterum

2178 688 2232 742 in
2263 689 2456 752 altero,
2497 689 2588 742 sed
2619 705 2726 742 non
2759 706 2922 744 unum
2967 692 3322 761 eamdemque
3353 693 3636 748 Dominum
3661 710 3762 748 no-

2180 787 2349 833 strum
2398 778 2578 834 Jesum
2609 778 2906 847 Christum,
2959 779 3125 834 Deum
3150 781 3386 836 Verbum
3421 783 3756 838 incarnatum

2179 877 2235 923 ct
2263 869 2533 922 hominem
2567 867 2790 932 factum,
2842 879 2898 924 et
2939 870 3179 939 ejustlem
3209 871 3375 940 ipsius
3404 872 3664 926 niracula
3705 882 3763 928 et
3792 868 3800 874 ’

2179 959 2482 1028 passiones,
2510 973 2646 1029 quas
2674 975 2836 1014 carne
2862 968 3055 1029 Sponte
3084 961 3358 1026 sustinuit,
3390 961 3512 1016 talis
3536 963 3760 1017 anathe-

2181 1065 2266 1102 ma
2297 1049 2386 1105 sit.

2253 1149 2342 1204 iV.
2384 1150 2440 1204 Si
2471 1151 2591 1220 quis
2619 1150 2770 1216 dicit,
2823 1149 3118 1205 secundum
3149 1150 3396 1219 gratiam,
3447 1152 3531 1204 vel
3563 1163 3759 1205 secun-

2181 1238 2308 1292 dum
2357 1239 2763 1306 operationem,
2813 1239 2897 1292 vel
2947 1240 3238 1292 secundum
3287 1239 3625 1305 dignitatem,
3677 1241 3760 1295 vel

2179 1328 2474 1384 secundum
2500 1329 2861 1398 aequalitatem
2883 1329 3122 1391 honoris,
3145 1329 3229 1383 vel
3253 1329 3548 1383 secundum
3569 1337 3762 1385 auctoo

2182 1420 2419 1484 ritatem,
2447 1419 2531 1473 vel
2564 1419 2900 1481 relationem,
2944 1419 3029 1472 vel
3061 1419 3335 1481 affectum,
3367 1420 3451 1475 vel
3481 1421 3762 1488 virtutem,

2179 1508 2480 1562 unitionem
2514 1508 2609 1561 Dei
2643 1507 2802 1562 Verbi
2837 1509 2900 1560 ad
2931 1508 3203 1561 hominem
3252 1507 3446 1562 factam
3493 1525 3632 1574 esse,
3677 1511 3763 1565 vel

2181 1599 2478 1653 secundum
2528 1598 2965 1668 homonymiam,
3017 1613 3118 1667 per
3154 1615 3316 1668 quam
3371 1600 3676 1654 Nestoriani
3710 1609 3768 1656 et

2182 1691 2348 1744 Deum
2381 1691 2614 1744 Verbum
2646 1699 2902 1744 vocantes
2923 1688 3218 1754 Christum,
3240 1696 3295 1744 et
3318 1691 3590 1746 hominem
3615 1706 3768 1762 sepa-

493 1783 724 1838 εὐδοκίαν
755 1788 844 1840 τὴν
872 1783 1047 1836 ἕνωσιν
1075 1782 1368 1852 ’γεγενῆσθαι
1388 1821 1400 1838 ,
1422 1784 1580 1840 καθὼς
1608 1779 1866 1852 Θείδωρος
1893 1779 1916 1833 ὸ
1945 1780 2069 1852 αἶρε·

2182 1783 2337 1835 ratim
2385 1781 2657 1835 Chri--tum
2704 1783 3065 1843 nominantes,
3114 1782 3232 1836 solo
3283 1782 3550 1836 vocabulo
3599 1799 3765 1838 unum

495 1879 631 1934 τηὸς
658 1875 838 1930 αὐτοῖς
868 1869 1028 1934 λέξεσι
1057 1871 1216 1941 λέγει,
1256 1873 1321 1930 ὡς
1353 1872 1648 1941 άρεσθέντος
1676 1877 1766 1924 τοῦ
1795 1871 1908 1922 θεοῦ
1932 1871 2082 1942 λέγον

493 1973 564 2036 τῷ
594 1965 842 2036 ἀνθρώπῳ
866 1962 967 2014 ἀπὸ
991 1967 1078 2014 τοῦ
1101 1955 1155 2014 εὖ
1186 1965 1267 2014 καί
1292 1963 1420 2015 καλὰ
1445 1959 1551 2024 δόξα
1567 1985 1582 2016 ι
1603 1963 1744 2031 αὐτῴ
1765 1964 1880 2036 περὶ
1902 1961 2080 2025 αὐτοῦ,

2185 1873 2453 1928 Christum
2484 1874 2671 1928 dicunt
2697 1891 2710 1926 :
2743 1881 2835 1927 aut
2862 1875 2907 1928 si
2936 1875 3055 1944 quis
3084 1889 3180 1943 per
3208 1875 3403 1928 bonam
3428 1874 3767 1929 voluntatem

2182 1966 2310 2021 dicit
2339 1967 2632 2020 unitioncm
2662 1965 2858 2021 factam
2887 1981 3026 2031 esse,
3073 1966 3210 2022 sicut
3238 1965 3556 2022 Theodorus
3597 1969 3768 2023 haere-

490 2055 610 2121 οὐχί
655 2050 757 2104 καθ’
785 2051 1074 2106 πζπὸστασιν
1114 2056 1206 2105 τοῦ
1244 2057 1368 2104 Θεοῦ
1410 2047 1560 2124 λόγου
1609 2052 1736 2124 πρὸς
1781 2057 1871 2108 τὴν
1919 2053 2069 2126 σάρκα

2191 2068 2311 2120 icus
2345 2069 2479 2137 ipsis
2511 2067 2695 2120 vvrhis
2731 2065 2900 2129 dicit,
2941 2062 3099 2132 quasi
3132 2060 3399 2131 placuerit
3436 2058 3547 2112 Deo
3587 2055 3771 2111 Verbo

492 2143 831 2212 ἱπᾷυχωμένην
859 2141 1011 2212 ψυχῇ
1038 2141 1208 2215 λογικῇ
1237 2145 1324 2196 καί
1350 2148 1495 2216 νοερᾷ
1517 2147 1604 2200 τήν
1632 2143 1808 2196 ἕνωσιν
1829 2141 2078 2213 ὁμολογεῖ,

491 2241 575 2290 καί
609 2235 692 2292 διὰ
733 2243 886 2291 τοῦτο
923 2239 1042 2306 μίαν
1071 2237 1225 2290 αὐτοῦ
1275 2242 1363 2295 τὴν
1415 2235 1706 2291 ὑπόστασιν
1752 2237 2013 2296 σύνθετον,
2053 2233 2080 2288 ὁ

496 2319 726 2387 τοιοῦτος
750 2328 970 2397 ἀνάθεμα
1005 2325 1159 2382 ἴστω.

559 2618 623 2673 Εἴ
637 2642 712 2681 τις
743 2621 874 2674 κατᾶ
897 2620 1164 2694 ἀναφορὰν,
1190 2618 1220 2677 ἦ
1245 2625 1674 2691 καταχρηστικῶς
1704 2618 1922 2672 θεοτὸιον
1948 2616 2077 2689 λέγει

428 2733 434 2739 ·
487 2718 577 2770 τὴν
607 2711 754 2780 ἁγίαν
783 2709 977 2772 ἔνδοξον
1008 2710 1328 2784 άειπόρθενον
1357 2711 1580 2781 Μαρίαν,
1610 2706 1640 2766 ἢ
1670 2709 2070 2783 άνθρωποτὸκον,

487 2803 515 2862 ἦ
542 2803 895 2879 Χριστοτὸκον,
929 2805 996 2862 ὡς
1025 2808 1116 2856 τοῦ
1150 2808 1375 2875 Χριστοῦ
1399 2808 1468 2873 μὴ
1495 2798 1637 2862 ὄντος
1663 2807 1820 2864 Θεοῦ,
1858 2801 1978 2854 ἀλλά
2005 2805 2074 2868 μη

483 2899 670 2971 κυρίως
700 2898 786 2949 καί
827 2893 940 2948 κατ’
989 2895 1214 2952 ἀλήθειαν
1245 2896 1469 2949 θεοτόκον
1497 2895 1653 2952 αὐτὴν
1698 2893 1958 2964 ὁμολογεῖ,
1991 2891 2076 2948 διά

480 2990 541 3041 τὸ
568 2986 650 3041 τὸν
688 2985 789 3058 πρὸ
820 2986 1010 3038 αίῶνων
1038 2985 1092 3037 ἐκ
1118 2990 1206 3038 τοῦ
1237 2984 1431 3058 πατρὸς
1457 2986 1748 3055 γεννηθέντα
1787 2984 1909 3038 Θεὸν
1931 2983 2074 3054 λόγον

483 3075 564 3130 ἐπ’
587 3078 830 3147 ἱσχάτων
871 3083 970 3130 τῶν
1005 3077 1205 3149 ἡμερῶν
1233 3076 1284 3139 ἐξ
1308 3079 1462 3136 αὐτῆς
1489 3076 1813 3150 σαρκωθῆναι
1840 3077 1925 3128 καί
1953 3094 2068 3148 γεν-

481 3169 702 3232 νηθῆναι,
735 3167 1007 3227 ὸτοιοῦτος
1033 3167 1256 3236 ἀνάθεμα
1279 3166 1432 3220 ἔστω.

553 3365 614 3422 εἴ
649 3390 726 3429 τις
765 3369 867 3439 οὐχ
897 3366 1130 3441 ὁμολογεῖ
1156 3368 1240 3423 τὸν
1285 3366 1668 3438 ἐσταυρωμένον
1709 3368 2068 3441 σαρκί“κύρισν

480 3465 620 3530 ἡμῶν
641 3459 832 3518 Ἰησοῦν
855 3459 1070 3531 Χριστὸν
1097 3460 1221 3512 Θεὸν
1248 3452 1370 3510 εἶναι
1399 3457 1642 3520 ἀληθινὸν,
1675 3460 1758 3510 καί
1785 3458 1954 3532 κύριον
1978 3465 2067 3517 τῆς

478 3552 658 3615 δτιξης.
696 3553 777 3606 καί
803 3551 888 3606 ἕνα
926 3558 1018 3611 τῆς
1047 3549 1194 3622 ἁγίας
1240 3545 1477 3623 τριάδος,
1509 3547 1535 3603 ὃ
1576 3554 1804 3608 τοιοῦτος
1843 3549 2068 3621 ἀνάθεμα

482 3653 643 3700 ἔστω.

551 3756 614 3811 Εἴ
644 3779 723 3818 τις
754 3760 806 3813 ἐν
832 3756 950 3814 δυσί
985 3759 1173 3818 φύσεσι
1210 3757 1364 3830 λέγων
1387 3761 1454 3830 μή
1485 3760 1549 3818 ὡς
1578 3758 1628 3812 ἐν
1659 3753 1884 3815 Ostia-nrt.
1911 3761 1991 3812 καί
2018 3759 2067 3812 ἐν

480 3852 830 3924 ἀντ’ρωπότητι
873 3849 960 3903 τὸν
997 3850 1086 3904 ἕνα
1127 3851 1298 3924 κύριον
1329 3851 1468 3919 ἡμῶν
1499 3847 1694 3908 Ἰησοῦν
1729 3851 1944 3924 Χριστὸν
1986 3853 2070 3904 τίν

477 3949 566 3997 τοῦ
595 3947 722 3996 Θεοῦ
750 3941 891 4013 λόγον
913 3943 1238 4016 σαρκωθέντα
1267 3941 1520 4014 ὁμολογεῖ,
1547 3938 1672 4012 μηδέ
1699 3943 1786 3996 ἐπὶ
1804 3949 1877 4010 τῷ
1897 3949 2067 4010 σημᾱο

477 4055 558 4107 ναι
584 4039 672 4091 τήν
698 4030 938 4106 διαφορὰν
965 4039 1064 4087 τῶν
1103 4034 1299 4104 φύσεων
1319 4071 1334 4093 .
1367 4033 1416 4096 ἐξ
1445 4031 1511 4085 ὦν
1541 4035 1626 4086 καί
1653 4034 1917 4116 συνετέθη,
1961 4035 2066 4088 ἀλλ’

478 4127 560 4178 in".
591 4121 836 4201 διαιρέσει
863 4131 926 4196 τῇ
952 4124 1048 4177 ἀνά
1078 4123 1231 4195 μέρος
1253 4128 1344 4182 τὴν
1372 4125 1611 4179 τοιαύτην
1637 4121 1884 4193 λαμϐάνει
1907 4131 2067 4194 φωνήν

480 4217 560 4268 ἐπὶ
597 4218 688 4268 τοῦ
722 4214 850 4266 κατᾶ
876 4214 1088 4286 Χριστὸν
1119 4217 1435 4286 μυστηρίου·
1477 4214 1545 4274 ὡς
1570 4214 1959 4285 κεχωρισμένας
1984 4218 2067 4269 καί

483 4305 907 4363 ίδιοϋποστάτους
935 4299 1062 4357 εἶναι
1105 4305 1200 4364 τάς
1243 4305 1450 4374 «θύσεις,
1500 4304 1666 4363 καθὼς
1689 4302 1946 4376 Θεόδωρος
1983 4308 2067 4361 καί

475 4395 748 4471 Νεστόριος
771 4394 1180 4468 βλασφημοῦσιν,
1211 4393 1239 4448 ὁ
1260 4401 1489 4454 τοιοῦτος
1510 4391 1736 4466 ἆνοίθεμα
1758 4394 1910 4450 ἴστω.

549 4575 610 4629 Εἴ
630 4595 709 4634 τις
735 4574 819 4628 ἐπί
844 4579 932 4629 τοῦ
958 4573 1062 4634 ἐνὸς
1083 4579 1262 4647 κυρίου
1286 4576 1425 4640 ἡμῶν
1443 4574 1610 4634 Ἰησοῦ
1633 4583 1856 4650 Χριστοῦ
1873 4619 1888 4642 ,
1917 4598 2066 4632 τουτ-

473 4672 584 4722 έστι
629 4672 720 4721 τοῦ
761 4667 1102 4740 σαρκωθέντος
1139 4673 1266 4720 Θεοῦ
1295 4665 1440 4740 λόγον
1483 4669 1568 4723 τὸν
1607 4671 1818 4742 ἀριθμὸν
1845 4678 1942 4724 τῶν
1969 4674 2060 4743 φύ-

473 4780 601 4814 σεων
623 4757 872 4830 ὁμολογῶν
901 4763 968 4826 μη
998 4767 1060 4829 τῇ
1089 4761 1269 4832 θεωρίᾳ
1305 4765 1394 4818 τὴν
1421 4759 1658 4830 διαεορὰν
1683 4765 1894 4826 τούτων,
1919 4764 1966 4825 ἐξ
1995 4760 2061 4814 ὧν

473 4854 554 4906 ναί
581 4853 845 4912 συνετέθη,
877 4851 1159 4916 λαμϐάνει,
1190 4854 1258 4913 ὡς
1291 4855 1480 4913 ταύτης
1505 4856 1595 4907 οὐκ
1633 4855 1950 4930 ἀνῃρημνης·
1977 4853 2059 4910 διὰ

467 4949 560 5003 τὴν
594 4945 798 5010 ἒνωτιν,
825 4945 928 4997 ἀλλ’
957 4947 1038 5000 ἐπί
1064 4945 1310 5015 διαιρέσει
1347 4954 1412 5022 τῇ
1451 4949 1545 5000 ἀνὰ
1586 4947 1739 5022 μέρος
1766 4954 1838 5019 τῷ
1865 4949 2058 5022 ἀριθμῷ

469 5036 750 5104 κέχρηται,
771 5035 797 5088 ὁ
825 5043 1048 5095 τοιοῦτος
1074 5040 1293 5108 ἀνάθεμα
1315 5035 1472 5092 ἴστω.

539 5133 602 5189 Εἴ
620 5155 699 5196 τις
741 5137 925 5208 λέγων,
954 5143 1068 5206 μίαν
1095 5141 1246 5208 φύσιν
1279 5145 1367 5193 τοῦ
1395 5146 1521 5194 Θεοῦ
1549 5141 2055 5213 λὸγου’σεσαρκωμὲ·

468 5245 581 5287 νην,
611 5227 889 5300 οὖχοῦτως
919 5231 1048 5283 αὐτὸ
1093 5229 1425 5299 ἐκλαμϐάνει,
1476 5234 1543 5292 ὡς
1591 5230 1671 5286 ὅτι
1698 5233 1751 5285 ix
1791 5242 1881 5292 τῆς
1921 5235 2056 5294 θείας

470 5316 700 5383 φύσεως,
751 5323 830 5374 καί
875 5328 965 5381 τῆς
1015 5323 1324 5396 ἀνθρωπίνης
1370 5319 1440 5382 εἷς
1485 5325 1704 5396 Χριστὸς
1744 5326 2054 5384 ἀπετελέσθη

469 5406 837 5478 υμοοηῖσιοςτῷ
881 5415 1043 5487 πλτρί
1071 5413 1197 5465 κατὰ
1239 5417 1328 5470 τήν
1378 5414 1614 5473 θεῖσι-ητα,
1661 5415 1748 5468 καί
1792 5413 2057 5484 ὸμοιύσιος

470 5498 588 5562 ἡμῖν
615 5495 642 5551 ὁ
665 5499 817 5558 αὐτὸς
842 5503 966 5554 κατὰ
989 5507 1078 5560 την
1108 5503 1490 5574 άνθρωπὸτητα,
1526 5503 1630 5556 ἀλλ’
1657 5501 1735 5558 ὅτι
1761 5512 1851 5565 τῆς
1879 5507 2053 5564 θεότη-

472 5606 552 5645 τος
569 5627 584 5650 ,
613 5589 702 5641 καί
720 5597 813 5649 τῆς
839 5591 1031 5664 σαρκὸς
1055 5599 1144 5645 τοῦ
1173 5601 1398 5666 Χριστοῦ
1427 5597 1519 5664 μία
1547 5597 1728 5666 φύσις,
1767 5597 1878 5655 ἦτοι
1906 5599 2056 5652 οὐσία

472 5669 806 5740 ἀπετελέσθη,
830 5682 963 5734 κατὰ
987 5685 1078 5738 τήν
1115 5681 1458 5756 Ἀπολιναρίου
1486 5688 1573 5739 καί
1607 5688 1883 5758 Εὐτυχοῦς
1911 5709 2052 5742 rato-

475 5768 694 5824 πεστίσν.
730 5767 752 5820 ὸ
783 5776 1005 5829 τοιοῦτος
1033 5773 1252 5844 ἀνάθεμα
1283 5772 1442 5827 ἔστω.

2094 4517 2147 4576 D

2167 2161 2348 2222 ltunto,
2380 2177 2445 2213 co
2475 2160 2622 2230 quod
2661 2161 2798 2212 bene
2828 2157 3006 2210 visum
3039 2164 3121 2210 est
3169 2155 3216 2207 ei
3247 2151 3316 2205 de
3345 2151 3486 2222 ipso,
3523 2151 3622 2206 sed
3659 2167 3768 2206 non

2164 2253 2468 2305 secundum
2503 2250 2919 2306 subsistentiam
2961 2247 3052 2301 Dei
3092 2243 3257 2298 Verbi
3287 2241 3352 2296 ad
3383 2257 3604 2296 carnem
3639 2242 3760 2297 ani-

2165 2354 2364 2397 tnatatn
2414 2345 2598 2398 anima
2633 2343 2889 2398 rationali
2938 2349 2990 2395 et
3038 2340 3396 2394 intellectuali
3452 2341 3761 2394 unitionem

2163 2438 2486 2499 conﬁtetur,
2525 2447 2578 2488 et
2621 2435 2744 2488 ideo
2780 2449 2945 2487 unam
2983 2433 3102 2501 ejus
3151 2431 3564 2485 subsistentiam
3609 2446 3762 2483 com-

2165 2532 2395 2596 pos-itam
2427 2542 2570 2588 esse,
2600 2527 2724 2579 talis
2756 2525 3043 2580 anathema
3078 2524 3170 2577 sit.

2255 2613 2312 2668 ν.
2345 2614 2400 2670 Si
2443 2617 2563 2685 quis
2610 2633 2708 2686 per
2761 2620 3100 2686 relationem,
3135 2630 3228 2676 aut
3253 2620 3494 2689 abusive,
3539 2619 3636 2678 Dei
3667 2637 3763 2693 ge-

2183 2707 2430 2762 nitricem
2461 2709 2593 2763 dicit
2618 2718 2859 2765 sanctam
2907 2711 3195 2781 gloriosam
3245 2727 3460 2784 semper
3496 2714 3764 2781 virginem

2177 2799 2421 2866 Mariam,
2469 2811 2562 2854 aut
2591 2802 2824 2856 hominis
2853 2802 3187 2870 genitricem,
3236 2811 3331 2858 aut
3356 2801 3759 2872 Christotooon,

2176 2896 2428 2956 tauquam
2451 2888 2670 2946 Christo
2699 2890 2811 2946 Deo
2840 2907 2948 2946 non
2977 2893 3265 2958 existente,
3293 2893 3386 2948 sed
3413 2909 3518 2949 non
3539 2895 3763 2965 proprie

2175 2987 2231 3032 et
2265 2995 2392 3034 vere
2420 2979 2516 3036 Dei
2560 2983 2877 3050 genitricem
2920 2983 3089 3052 ipsam
3137 2982 3448 3054 conﬁtetur,
3496 3000 3566 3040 eo
3616 2985 3762 3056 quod

2175 3068 2290 3139 ipse
2338 3071 2429 3139 qui
2460 3081 2585 3127 ante
2631 3073 2825 3128 sarcula
2855 3088 2922 3128 ex
2953 3071 3114 3129 Patre
3145 3082 3301 3128 natus
3345 3083 3427 3130 est
3457 3074 3603 3130 Deus
3628 3075 3763 3130 Ver-

2096 3145 2143 3209 C
2174 3159 2320 3224 bum,
2367 3161 2420 3216 in
2450 3163 2656 3218 ultimis
2701 3164 2890 3222 diebus
2920 3182 2991 3222 ex
3019 3167 3130 3238 ipsa
3161 3167 3472 3224 incarnatus
3514 3175 3571 3223 et
3601 3178 3762 3224 natus

2175 3260 2280 3320 est,
2315 3253 2434 3310 talis
2460 3256 2745 3311 anathema
2778 3259 2867 3313 sit.

2243 3359 2330 3415 Vl.
2383 3361 2439 3416 Si
2493 3363 2618 3432 quis
2664 3380 2771 3420 non
2821 3363 3112 3420 conﬁtetur
3168 3365 3452 3422 Dominum
3509 3379 3762 3426 nostrum

2169 3447 2350 3504 Iesum
2380 3450 2654 3506 Christum
2683 3453 2773 3523 qui
2803 3467 2965 3507 carne
2986 3455 3273 3510 cruciﬁxus
3301 3467 3404 3518 est,
3440 3459 3611 3512 Deum
3645 3476 3766 3517 esse

2171 3553 2380 3604 verum,
2412 3547 2466 3590 et
2497 3539 2778 3593 Dominum
2807 3540 3008 3608 gloritc,
3051 3551 3106 3595 et
3137 3559 3298 3597 unum
3328 3544 3395 3600 de
3423 3557 3613 3604 sancta
3646 3549 3765 3605 Tri-

2174 3627 2365 3693 nitate,
2397 3628 2517 3683 talis
2546 3628 2832 3683 anathema
2861 3630 2951 3684 sit.
3635 3645 3642 3650 '

2244 3738 2354 3794 VII.
2397 3737 2452 3794 Si
2481 3741 2601 3810 quis
2630 3740 2683 3794 in
2712 3741 2920 3794 duabus
2942 3743 3148 3798 naturis
3166 3741 3350 3798 dicens
3373 3760 3478 3798 non
3501 3754 3764 3820 tanquam

2169 3832 2224 3885 in
2254 3831 2456 3888 deitate
2503 3843 2558 3887 et
2585 3833 2922 3888 humanitate
2968 3850 3132 3888 unum
3177 3834 3462 3890 Dominum
3510 3851 3763 3898 nostrum

2170 3921 2352 3978 Iesum
2378 3922 2670 3988 Christum,
2702 3924 2871 3979 Deum
2903 3925 3134 3980 Verbum
3163 3927 3499 3985 incarnatum
3526 3936 3762 3992 conﬁte—

2175 4025 2280 4080 tur,
2329 4029 2431 4070 nec
2455 4013 2524 4070 ad
2564 4013 2968 4084 signiﬁcandam
3015 4016 3372 4074 differentiam
3415 4029 3757 4094 naturarum,

2171 4121 2240 4162 ex
2281 4107 2475 4175 quibus
2518 4107 2853 4177 compositus
2901 4117 3022 4171 est,
3077 4109 3171 4164 sed
3220 4127 3318 4180 pro
3344 4112 3622 4170 divisione
3665 4132 3761 4186 per

2175 4204 2410 4265 partem,
2463 4197 2627 4252 talem
2658 4199 2859 4268 excipit
2904 4215 3093 4254 vocem
3137 4201 3191 4256 in
3238 4206 3496 4274 mysterio
3533 4206 3757 4278 Christi,

2171 4302 2324 4355 quasr
2375 4289 2664 4358 separatim
2714 4307 3032 4362 unaquaque
3084 4303 3275 4350 natura
3323 4311 3476 4353 suam
3524 4301 3758 4361 habente

2168 4379 2598 4448 subsistentiam,
2625 4382 2764 4438 sicut
2790 4382 3110 4442 Theodorus
3136 4387 3482 4445 etNestorius
3511 4392 3757 4464 blasphe-

2171 4481 2474 4537 tnaverunt,
2505 4473 2625 4526 talis
2650 4475 2935 4530 anathema
2961 4477 3052 4532 sit.

2243 4569 2374 4626 Vill.
2407 4571 2463 4626 Si
2493 4573 2614 4643 quis
2639 4573 2690 4628 in
2721 4591 2827 4630 uno
2856 4575 3088 4631 Domino
3113 4575 3242 4633 Jesu
3270 4578 3508 4647 Christo,
3540 4583 3645 4639 hoc
3671 4595 3755 4640 est

2171 4661 2282 4716 Deo
2301 4663 2478 4718 Verbo
2502 4665 2799 4731 incarnato,
2827 4685 3108 4726 numerum
3130 4671 3395 4728 conﬁtens
3415 4684 3749 4741 naturarum,

2170 4769 2276 4805 non
2310 4755 2583 4810 intellectu
2611 4756 2968 4812 diti‘erentiam
2993 4774 3198 4828 earum,
3225 4777 3289 4816 ex
3314 4764 3510 4832 quibus
3530 4777 3584 4820 et
3606 4783 3753 4822 com—

2155 4843 2374 4912 positus
2423 4855 2525 4912 est,
2556 4847 2775 4916 excipit,
2829 4856 2886 4901 ut
2915 4857 3043 4920 pote
3071 4867 3175 4905 non
3207 4852 3584 4924 iuteremptam
3627 4873 3752 4926 pro-

2167 4945 2288 5004 pter
2316 4938 2599 5002 unitatem,
2633 4939 2727 4992 sed
2757 4954 2856 5007 pro
2876 4939 3140 4996 divisione
3167 4957 3264 5012 per
3287 4953 3499 5014 partem
3525 4962 3748 5027 numero

2169 5028 2351 5092 utitur,
2385 5027 2505 5083 talis
2533 5027 2819 5082 anathema
2845 5031 2931 5086 sit.

2236 5137 2326 5192 1X.
2359 5137 2416 5193 Si
2445 5139 2564 5207 quis
2592 5140 2775 5195 dicens
2800 5156 2962 5195 unam
2994 5151 3240 5198 naturam
3269 5143 3366 5200 Dei
3393 5145 3552 5202 Verbi
3573 5149 3747 5204 incar-

2167 5239 2368 5294 natam,
2401 5245 2507 5284 non
2535 5229 2611 5284 sic
2641 5230 2745 5285 hoc
2775 5232 3042 5302 intelligit,
3072 5234 3216 5302 quod
3248 5251 3317 5292 ex
3349 5237 3528 5292 divina
3555 5250 3744 5294 natura

2165 5330 2221 5373 et
2250 5321 2478 5373 humana
2509 5335 2645 5376 unus
2671 5319 2917 5377 Christus
2943 5324 3168 5379 eiiectus
3190 5335 3292 5388 est,
3317 5329 3743 5383 consubstantia-

2167 5411 2232 5464 lis
2261 5409 2404 5464 Patri
2435 5413 2730 5466 secundum
2758 5413 3036 5478 deitatem,
3067 5424 3122 5470 et
3145 5419 3617 5478 consubstantialis
3645 5439 3740 5476 no-

2167 5501 2248 5555 bis
2275 5501 2413 5554 idem
2445 5501 2558 5570 ipse
2588 5504 2885 5557 secundum
2914 5504 3325 5573 humanitatem,
3348 5509 3444 5565 sed
3469 5511 3613 5579 quod
3638 5513 3740 5566 dei-

2163 5593 2288 5646 tatis
2325 5601 2382 5647 et
2421 5595 2601 5649 carnis
2646 5595 2845 5650 Christi
2894 5613 2998 5652 una
3054 5611 3240 5654 natura
3293 5603 3408 5656 sive
3445 5605 3738 5659 substantia

2164 5687 2352 5741 effecta
2385 5697 2468 5742 est
2487 5689 2781 5744 secundum
2812 5693 3127 5760 Apollinarii
3167 5703 3223 5750 et
3283 5695 3589 5767 Eutychetis
3619 5715 3737 5769 per-

2164 5777 2362 5841 liiliam,
2391 5781 2508 5834 talis
2541 5782 2822 5837 anathema
2851 5785 2939 5838 sit.
