3952 6374
1829 299 2122 360 νιαιυυδ
2159 297 2360 354 PAPA.

3613 281 3715 340 25!

465 433 568 505 όδῳ
613 439 680 492 τῦ
717 433 768 488 ιν
804 428 1070 488 Χαλκηδόνι
1107 425 1365 484 συνωθῆθη
1394 420 1562 479 πάντα
1602 420 1671 477 τὰ
1716 421 1912 476 έναντία
1935 425 2046 478 τοῖς

2159 413 2392 484 delectus
2413 419 2517 475 est,
2539 417 2596 466 et
2622 414 2812 480 postea
2837 421 2890 462 tu
2921 411 3107 460 sancto
3131 397 3557 459 Chalcedoueusi
3583 416 3712 458 con-

465 526 868 598 μνημονευθεῖσιν
905 523 1064 577 αὐτοῦ
1113 518 1486 592 συγγράμμασι
1528 521 1739 574 ποιῆσαι
1760 552 1777 578 ,
1822 514 1911 568 καί
1953 516 2046 570 τόν

465 618 612 695 ὀρθήν
635 615 808 671 πίστιν
835 611 1159 685 ὁμολογῆσαι.

537 707 601 765 Εἴ
617 728 695 768 τις
720 708 1058 760 ἀντιποιεῖται
1085 710 1175 762 τῆς
1193 699 1416 760 ἀσεϐοῦς
1437 695 1704 757 ἐπιστολῆς
1730 701 1822 754 τῆς
1845 691 2049 764 λεγομί-

467 821 554 862 της
583 798 726 876 παρά
749 794 866 852 ἰϐα
881 794 1164 870 γεγράφθαι
1188 791 1318 867 πρός
1338 789 1509 863 Μάριν
1531 787 1616 843 τὶν
1641 787 1841 862 Πέρσην
1865 785 1951 838 τόν
1973 784 2050 839 αἷ-

467 893 688 965 ρετικόν,
737 898 829 950 τῆς
864 888 1170 964 ἀρνουμένης
1205 885 1290 941 τόν
1334 883 1459 938 Θεὸν
1665 877 1924 951 ἅνθρωπον
1959 897 2046 948 γε·

465 985 726 1054 γενῆσθαι,
765 984 849 1036 καί
885 980 1130 1052 λεγούσης
1159 981 1228 1048 μη
1269 975 1356 1032 τόν
1390 974 1511 1029 Θςόν
1542 973 1689 1044 λόγον
1714 973 1767 1026 έκ
1805 979 1894 1030 τῆς
1917 991 2047 1044 παρ-

468 1077 608 1130 θένου
652 1072 978 1148 σαρκωθέντα
1003 1069 1317 1142 γεννηθῆναι,
1361 1065 1480 1117 ἀλλὰ
1513 1061 1659 1132 ψιλόν
1697 1059 1954 1148 ὅνθριοπον
1993 1060 2045 1124 ἐξ

471 1166 632 1224 αὐτῆς
666 1145 986 1236 γεννηθῆναι,
1019 1155 1072 1213 ὃν
1098 1157 1209 1211 ναὸν
1234 1155 1504 1217 ἀποκαλεῖ,
1546 1154 1613 1212 ὡς
1643 1148 1786 1206 ἄλλον
1812 1145 1934 1203 εἶναι
1961 1150 2049 1202 τὸν

472 1255 599 1308 Θεὸν
633 1253 795 1325 λόγον,
837 1253 920 1306 καί
963 1246 1106 1304 ἄλλον
1143 1247 1228 1303 τόν
1264 1243 1544 1318 ἄνθρωπον·
1579 1243 1706 1317 πρός
1751 1243 1953 1300 τούτοις
1991 1237 2046 1294 δὲ

473 1345 833 1422 ένυϐριζούσης
875 1347 966 1402 τήν
999 1343 1047 1395 ἐν
1071 1339 1256 1413 Ἐφέσῳ
1293 1340 1500 1413 πρώτην
1525 1332 1763 1394 σύνοδον.
1787 1335 1856 1392 ὡς
1881 1332 2049 1422 χωρίς

475 1437 734 1499 ζητήσεως
759 1435 846 1486 καί
863 1433 1082 1505 κρίσεως
1108 1428 1375 1500 Νιστόριον
1394 1423 1828 1486 καταδικασάσης,
1851 1424 1937 1476 καί
1961 1421 2063 1500 τόν,

475 1527 525 1580 έν
550 1523 714 1597 ἁγίοις
741 1522 972 1598 κύριλλον
997 1521 1244 1597 αἱρετικὸν
1267 1518 1652 1581 ἀποκαλούσης,
1681 1517 1767 1568 καί
1791 1513 1954 1572 ἀσιϐῆ
1981 1512 2049 1568 τά

475 1614 541 1670 ιϐ’
584 1615 736 1670 αὐτοῦ
761 1613 1026 1684 κεφάλαια·
1052 1611 1322 1686 Νεστόριον
1348 1608 1402 1664 δέ
1423 1611 1506 1664 καί
1523 1606 1778 1677 Θεόδωρον
1800 1605 1928 1676 μετά
1953 1608 2051 1657 τῶν

475 1707 635 1760 αὐτοῦ
659 1703 860 1760 ἀσεϐῶν
889 1704 1301 1776 συγγραμμάτων
1341 1699 1676 1764 ίπαινοῦσης.
1711 1701 1800 1753 καί
1825 1695 2050 1752 έκδικοῦ-

477 1817 595 1856 σης.
626 1793 688 1849 Ετ
705 1815 784 1855 τις
809 1795 980 1848 τοίνυν
1008 1798 1097 1853 τήν
1127 1793 1387 1873 εἰρημένην
1423 1791 1586 1854 ἆσεθῆ
1643 1795 1880 1854 ἐπιστολή
1925 1785 2056 1849 ἐκδι-

477 1892 584 1949 uti,
625 1883 656 1942 ἦ
684 1883 828 1964 ὀρθήν
847 1883 1004 1945 αὕτην
1042 1882 1168 1943 εἶναι
1200 1889 1355 1960 λέγει,
1384 1887 1414 1946 ἦ
1441 1887 1592 1962 μέρος
1616 1886 1804 1950 uiris,
1833 1883 1956 1940 ἀλλά
1981 1889 2050 1954 μη

483 1973 831 2048 ἀναθεματίζει
853 1979 1029 2038 αὐτὴν.
1059 1979 1274 2047 ἀνάθεμα
1294 1975 1448 2032 ἔστω.

554 2077 655 2127 Τῆς
680 2067 918 2127 τοιαύτης
944 2069 1108 2121 τοίνυν
1133 2067 1400 2126 ἐπιστολῆς
1427 2063 1626 2124 δικαίως
1654 2061 2053 2134 ἀναθεματισθεί-

486 2177 584 2219 σης
621 2157 705 2214 διὰ
729 2159 823 2218 τάς
859 2159 1234 2229 περιεχομένας
1263 2161 1310 2210 δν
1348 2157 1476 2229 αὖτῇ
1515 2155 1864 2230 βλασφημίας,
1907 2154 1953 2206 οἱ
1989 2153 2054 2208 τά

481 2249 781 2322 Νεστορίου,
816 2246 847 2306 ἢ
879 2245 1142 2321 Θεοδώρου
1177 2247 1375 2306 ἀσεϐῶς
1414 2251 1695 2318 φρονοῦντις
1725 2245 2054 2317 ἐπιχειροῦσι

473 2339 662 2414 λέγειν.
687 2341 879 2399 ταύτην
917 2337 1154 2410 δεδέχθαι
1193 2340 1338 2412 παρά
1381 2345 1475 2397 τῆς
1512 2336 1660 2408 ἁγίας
1696 2337 1746 2389 ἒν
1786 2331 2054 2390 Χαλκηδόνι

489 2428 724 2497 συνόδου,
754 2437 906 2486 τοῦτο
947 2428 1001 2484 δέ
1031 2430 1236 2500 λέγουσι
1257 2433 1344 2488 τὴν
1365 2429 1454 2498 μέν
1483 2426 1629 2499 ἁγίαν
1658 2423 1870 2480 σύνοδον
1895 2444 2052 2476 συκο-

481 2526 797 2594 φαντοῦντες,
822 2525 894 2590 τῷ
921 2518 974 2574 δέ
997 2520 1189 2578 ταύτης
1210 2521 1553 2594 προσχήματι
1575 2513 1944 2576 σπουδάζοντες
1962 2521 2053 2574 τῆς

485 2610 790 2683 ὀφειλομένης
866 2612 1205 2681 κατακρίσεως
1270 2611 1596 2686 ἐλευθερῶσαι
1653 2605 1907 2682 Θεόδωρον
1970 2608 2054 2660 καί

479 2703 777 2779 Νεστόριον,
805 2705 891 2757 καί
918 2706 1008 2760 τήν
1029 2702 1188 2760 ἀσεϐῆ
1217 2699 1504 2764 ἱπιστολήν,
1532 2702 1652 2772 περὶ
1677 2697 1734 2758 ἧς
1760 2695 1900 2757 ἰϐας
1926 2697 2051 2750 πολ-

483 2792 627 2852 λάκις
655 2794 1006 2863 κατηγορηθείς
1032 2791 1120 2844 οὐκ
1157 2790 1424 2858 ἐτόλμησεν
1459 2788 1806 2842 οἰκειώσασθαι
1846 2785 1932 2840 διά
1959 2786 2054 2844 τὰς

479 2883 851 2956 περιεχομένας
888 2877 939 2932 ἕν
1124 2878 1463 2949 βλασφημίας.
1493 2880 1582 2931 Καὶ
1606 2883 1772 2931 ταῦτα
1795 2875 2054 2939 ἀποδείξοο

485 2991 576 3041 μεν
613 2972 668 3025 έκ
693 2977 790 3024 τῶν
833 2968 1077 3042 διαφόρως
1115 2971 1235 3038 περί
1259 2969 1444 3022 τούτου
1471 2969 1812 3034 κεκινημένων.
1836 2965 1914 3018 Ἐν
1954 2967 2054 3038 γὰρ

481 3069 586 3122 τοῖς
613 3063 756 3135 παρὰ
776 3062 994 3126 Φωτίου,
1019 3061 1100 3113 καί
1120 3059 1395 3114 Εὗσταθίου
1422 3060 1798 3130 πεπραγμένοις
1831 3059 1882 3110 έν
1909 3059 2054 3129 Τύρῳ

485 3171 912 3226 κατηγορουμενος
939 3149 962 3206 ό
996 3151 1294 3224 προλεχθείς
1321 3147 1462 3209 ἰϐνς
1483 3153 1600 3222 περὶ
1623 3156 1722 3204 τῶν
1749 3149 1942 3224 ὕϐρεων
1963 3155 2054 3204 τοῦ

484 3244 535 3298 έν
574 3242 735 3315 ἁγίοις
762 3241 1000 3312 κυρίλλου
1029 3246 1249 3317 φανερῶς
1290 3238 1550 3300 κατέθετο,
1593 3239 1722 3310 μετὰ
1745 3244 1835 3298 τὴν
1877 3239 2056 3294 ἕνωσιν

483 3345 583 3392 τῶν
607 3337 908 3391 ἀνατολικῶν
929 3335 1060 3409 πρὸς
1080 3333 1163 3388 τόν
1183 3332 1230 3384 έν
1252 3331 1412 3404 ἁγῗοις
1437 3331 1668 3406 Rupilio»
1687 3330 1840 3402 μηδὲν
1861 3331 2060 3405 ὕϐρεως

487 3426 728 3498 ἐχόμενον
761 3425 1010 3499 εἰρηκέναι
1033 3423 1151 3496 περί
1191 3421 1366 3476 αὐτοῦ’
1395 3421 1427 3480 -ὁ
1451 3418 1506 3476 δέ
1545 3420 1784 3480 ἐπιστολή
1811 3422 1842 3478 ἠ
1867 3419 2058 3479 πεπλη-

481 3519 682 3586 ρωμένη
703 3524 802 3570 τῶν
829 3514 1096 3588 εἰρημένων
1123 3512 1480 3584 βλασφημιῶν,
1509 3513 1581 3584 ίφ’
1603 3507 1682 3573 αἶς
1709 3519 2060 3588 κατηγορεῖται

476 3609 655 3672 Ἴδας,
683 3606 874 3667 πολλὰς
901 3605 1028 3660 κατά
1065 3611 1154 3658 τοῦ
1180 3604 1229 3658 ἐν
1263 3602 1426 3675 ἁγίοις
1465 3603 1698 3678 ιυρίὶλου
1739 3604 2059 3674 περιέχουσα

481 3699 827 3771 παρίστησιν,
857 3691 940 3754 ὅτι
967 3695 1097 3764 μετά
1119 3698 1209 3752 τήν
1243 3695 1420 3748 ἕνωσιν
1445 3697 1535 3752 την
1568 3694 1695 3767 πρὸς
1722 3691 1844 3750 τοὺς
1877 3690 2056 3745 ἀνατο-

485 3789 652 3848 λικοὺς
669 3786 886 3860 γέγονεν,
911 3785 960 3849 ἐξ
981 3781 1041 3838 οὗ
1065 3783 1317 3840 δείκνυται
1339 3784 1479 3844 ἰϐας
1499 3783 1914 3857 ἁπαρνησὰμενος
1933 3779 2056 3836 ταύ-

483 3902 595 3939 την.
622 3879 767 3934 Ὀοεν
795 3879 839 3933 οί
870 3879 1286 3948 μνημονευϐἑντες
1321 3879 1528 3936 Φὼτιος,
1556 3877 1636 3928 καί
1663 3873 1943 3932 Εὐστὰθιος
1969 3869 2054 3926 διὰ

483 3979 575 4035 τὴν
593 3980 692 4030 τῶν
712 3971 1048 4046 έγκαλούντων
1068 3971 1406 4046 πληροφορίαν
1429 3968 1686 4041 ἐγγράφως
1709 3963 2051 4026 διετύπωσαν,

483 4083 570 4122 τον
587 4065 838 4140 εἰρημένον
855 4061 998 4119 ἰϐαν
1020 4065 1188 4118 πάντα
1207 4065 1273 4117 τὰ
1292 4061 1485 4116 έναντία
1501 4066 1564 4132 τῇ
1587 4055 1820 4128 ἐπιστολῇ
1839 4055 2052 4128 πρᾶξαι,

481 4160 645 4218 καθὼς
671 4159 702 4216 ὁ
729 4160 850 4233 περί
872 4159 1058 4213 τούτου
1089 4155 1293 4246 δοθεῖσα
1317 4153 1438 4228 παρ’
1471 4154 1637 4246 αὐτῶν
1656 4149 1911 4246 ξπίκρισιι⁵
1937 4147 2060 4246 δέκ-

492 4267 658 4303 ννσιν.
678 4247 824 4302 ’Δλλά
843 4251 912 4318 μη
936 4247 1212 4320 πληρώσας
1230 4240 1374 4300 Ἰϐας
1399 4241 1466 4296 τὰ
1493 4238 1618 4309 παρ’
1648 4239 1842 4290 ἐκείνων
1871 4237 2059 4312 Inﬂat-

485 4339 631 4394 θέντα
655 4337 879 4402 ἐξεϐλήθη
903 4343 994 4396 τῆς
1039 4337 1321 4392 ἐπισκοπῆς
1360 4329 1444 4385 διά
1476 4330 1568 4388 τὰς
1608 4325 1927 4400 βλασφημίας
1967 4333 2060 4386 τῆς

490 4428 744 4503 εἰρημένης
769 4425 1056 4484 ἐπιστολῆς.
1078 4424 1166 4477 καί
1182 4421 1358 4479 Νόννος
1380 4419 1486 4474 ἀντ’
1509 4419 1663 4472 αὐτοῦ
1685 4417 2056 4490 ἐχειροτονήθη,

483 4517 545 4580 ὃς
583 4521 666 4573 καί
707 4516 1046 4574 συνεκαθέσθη
1064 4521 1127 4588 τῇ
1154 4512 1276 4586 ἁγίᾳ
1305 4513 1356 4566 έν
1382 4509 1657 4569 Χαλκηδόνι
1694 4509 1910 4582 συνόδῳ.
1939 4511 2058 4582 Περί
2081 4527 2136 4589 1)

486 4617 587 4666 τῶν
612 4612 774 4667 αὐτῶν
795 4611 965 4662 τοίνυν
991 4607 1078 4660 καί
1103 4607 1154 4660 is
1180 4602 1450 4662 Χαλκηδόνι
1487 4603 1844 4676 κατηγορηθείς
1881 4601 1907 4656 ὁ
1933 4621 2057 4672 μνη-

491 4702 741 4772 μονευθείς
767 4695 912 4758 ἰϐας
935 4698 1066 4767 μετά
1084 4701 1174 4756 τήν
1195 4697 1474 4768 ἀνάγνωσιν
1494 4703 1585 4755 τῆς
1611 4695 1831 4754 ἀσεϐοῦς
1857 4692 2059 4750 έπιστο-

496 4794 583 4850 λῆς
606 4789 696 4842 οὐκ
715 4785 956 4857 δτόλμησε
979 4785 1171 4844 ταύτην
1189 4787 1559 4848 οἰκειώσασθαι,
1583 4782 1683 4842 ἀλλ’
1710 4787 1858 4846 εὐθὺς
1879 4785 2056 4846 αὐταῖς

491 4881 680 4945 λέξεσιν
698 4879 964 4950 ίπήγαγεν,
985 4877 1061 4934 ὅτι
1087 4878 1339 4954 ἀλλότριός
1365 4883 1470 4950 εἰμι
1487 4885 1586 4934 τῶν
1611 4881 1928 4952 ἐπαγομένων
1947 4900 2055 4950 μοι.

491 4963 630 5025 ὀθεν
657 4970 689 5028 ἦ
859 4967 1086 5033 σύνοδος,
1117 4975 1185 5039 μή
1212 4970 1516 5045 ἀρκεσθεῖσα
1535 4976 1599 5042 τῇ
1621 4971 1829 5042 ἀρνήσει
1854 4965 1900 5020 ’Ί
1910 4969 1974 5022 ϐα
1997 4975 2060 5042 τῇ

489 5062 576 5116 is!
599 5069 662 5134 τῇ
691 5061 872 5118 ἀσεϐεῖ
891 5061 1128 5136 ίπιστολῇ
1151 5062 1441 5119 συνῶθησεν
1465 5061 1617 5116 αὐτόν
1641 5060 1880 5116 τάνωτῖα
1897 5066 2058 5135 ταύτῃ

488 5154 706 5231 πρᾶξαι,
735 5155 973 5208 τουτέστι
999 5157 1088 5210 την
1125 5154 1176 5204 έν
1360 5152 1686 5220 ἀθετουμένην
1713 5155 1886 5206 πίστιν
1911 5152 2056 5224 ὀρθήν

487 5244 822 5316 ὁμολογῆσαι,
859 5249 944 5298 καί
981 5248 1073 5300 τήν
1114 5241 1262 5312 ἁγίαν
1302 5243 1351 5296 έν
1388 5244 1570 5314 Ἐφέσῳ
1601 5244 1808 5316 πρώτην
1845 5241 2057 5297 σύνοδον

490 5330 740 5399 δέξασθαι,
767 5336 854 5389 καί
879 5336 964 5388 τόν
991 5333 1040 5386 ἐν
1061 5331 1222 5402 ἁγίοις
1248 5333 1478 5406 ιύριλλον
1495 5335 1698 5407 πατέρα
1717 5336 1801 5387 καί
1823 5331 2058 5388 διδάσκαο

485 5422 565 5477 λον
589 5423 984 5498 έπιγράψασθαι,
1009 5423 1075 5477 (si
1097 5422 1145 5476 έν
1167 5429 1232 5496 τῇ
1259 5422 1441 5477 ἀσεϐεῖ
1465 5421 1708 5498 ἐπιστολῇ
1731 5423 2052 5496 ὑϐριζόμενα·

487 5515 572 5567 καί
592 5513 868 5587 Νιστόριον
891 5515 979 5566 καί
1003 5513 1062 5572 τὸ
1088 5513 1270 5572 ἀσεϐές
1299 5514 1456 5568 αὐτοῦ
1480 5510 1644 5584 δόγμα
1667 5513 2052 5585 ἀναθεματίσαι.
2097 5559 2102 5565 .

481 5597 644 5676 ’Δπερ
685 5604 716 5660 ἡ
741 5603 932 5662 ἀσεϐὴς
955 5601 1192 5659 έπιστολύ
1228 5603 1423 5656 έπαινεῐ
1443 5603 1533 5656 καί
1568 5601 1760 5656 induti.
1799 5605 1857 5658 Εί
1891 5604 2056 5658 τοίνυν

481 5693 567 5744 καί
586 5691 732 5750 αὐτὸς
758 5687 903 5750 ἰϐας
933 5688 1186 5761 διαφόρως
1211 5691 1559 5762 κατηγορηθεὶς
1579 5693 1807 5762 περὶτῆς
1833 5691 2057 5751 tito-secs:

479 5777 779 5848 ἕπιστολῆς,
808 5781 893 5836 οὐκ
929 5779 1200 5852 ἐτόλμησεν
1223 5781 1373 5839 αὐτὴν
1411 5782 1798 5849 οἰκειώσασθαι,
1827 5785 1948 5842 ἀλλὰ
1980 5789 2058 5840 καί

2149 505 2276 562 cilio
2299 501 2605 573 compulsus
2632 508 2716 556 est
2742 498 2922 555 omnia
2948 495 3218 553 contraria
3247 495 3562 550 memoratis
3602 493 3713 550 suis

2150 593 2471 664 conscriptis
2491 591 2688 658 facere,
2709 597 2768 646 et
2793 597 2994 645 rectam
3011 586 3175 643 ﬁdem
3203 585 3470 642 confiteri.

2223 681 2359 738 XIII.
2389 680 2448 737 Si
2485 681 2607 750 quis
2633 677 2868 734 defendit
2893 676 3112 748 impiam
3150 664 3434 746 epistolam
3461 688 3626 744 quam
3654 673 3720 731 ad

2153 775 2345 831 Marim
2395 771 2612 829 Persam
2662 770 2973 826 haereticum
3019 767 3141 822 [bas
3185 765 3467 838 scripsisse
3505 765 3720 836 dicitur,

2152 880 2272 936 qua:
2299 864 2532 932 abnegat
2576 860 2742 916 Demn
2766 859 3000 914 Verbum
3041 858 3312 914 hominem
3354 855 3554 912 factum
3581 871 3719 922 esse,

2157 965 2213 1011 et
2238 954 2368 1010 dicit
2407 967 2515 1008 non
2543 951 2712 1006 Deum
2737 948 2971 1005 Verbum
2995 963 3066 1003 ex
3109 947 3315 1014 virgine
3363 947 3718 1012 ineat-natum,

2152 1055 2336 1102 natum
2361 1059 2501 1109 esse,
2535 1043 2630 1096 sed
2654 1055 2842 1112 purum
2863 1041 3132 1094 hominem
3153 1052 3219 1094 ex
3243 1038 3356 1109 ipsa
3377 1053 3498 1094 esse
3519 1047 3720 1104 natum,

2150 1150 2312 1206 quem
2363 1133 2622 1203 templum
2669 1139 2850 1199 vocat,
2897 1139 2957 1185 ut
3000 1129 3136 1184 alius
3180 1129 3252 1184 sit
3296 1127 3440 1184 Deus
3465 1128 3722 1198 Verbum,

2149 1234 2206 1281 et
2250 1224 2386 1280 alius
2433 1224 2638 1290 homo;
2679 1230 2736 1278 et
2777 1236 2939 1292 super
2985 1220 3099 1276 hinc
3139 1219 3361 1290 injuriat
3405 1217 3726 1290 Ephesinam

2151 1314 2382 1386 primam
2421 1311 2709 1385 synodum,
2751 1311 2908 1382 quasi
2931 1310 3050 1367 sine
3075 1309 3422 1380 inquisitione
3447 1316 3508 1365 et
3530 1309 3726 1365 exami-

2153 1405 2372 1460 natione
2400 1403 2469 1458 ab
2510 1403 2626 1473 ipsa
2665 1401 2915 1458 Nestorio
2963 1400 3345 1468 condemnato,
3387 1409 3445 1458 et
3481 1410 3725 1458 sanctum

2152 1492 2408 1564 Cyrillum
2436 1501 2592 1548 vocat
2617 1493 2945 1554 bmticum.
2975 1499 3034 1547 et
3057 1491 3339 1550 duodecim
3361 1493 3476 1565 ejus
3497 1493 3726 1566 capitula

2151 1584 2316 1654 impia
2363 1581 2514 1656 dicit,
2556 1586 2872 1645 Nestorium
2909 1595 3089 1644 autem
3133 1597 3190 1644 et
3232 1589 3576 1645 Theodorum
3607 1603 3728 1643 cum

2154 1677 2332 1754 impiis
2361 1697 2549 1739 eorum
2595 1679 2915 1750 conscriptis
2957 1679 3228 1734 collaudat
3271 1687 3327 1734 et
3365 1679 3626 1734 defendit.
3673 1677 3730 1732 Si

2154 1777 2273 1845 quis
2300 1775 2482 1844 igitur,
2529 1775 2666 1829 sicut
2693 1772 2894 1828 dictum
2921 1779 3027 1838 est,
3055 1770 3300 1826 eamdem
3330 1769 3499 1841 ipsam
3528 1769 3728 1838 episto-

2081 1853 2123 1908 Β
2154 1865 2259 1919 iam
2287 1864 2542 1929 vindicat,
2573 1861 2657 1916 vei
2687 1870 2890 1916 rectam
2918 1874 3038 1915 esse
3065 1859 3194 1915 dicit
3217 1860 3388 1930 ipsam
3415 1858 3502 1914 vel
3523 1867 3729 1928 partem

2153 1956 2339 2027 ipsius,
2367 1953 2464 2010 sed
2492 1968 2598 2010 non
2627 1952 3044 2007 anathematizat
3066 1965 3210 2018 eam,
3239 1950 3529 2004 anathema
3563 1949 3656 2004 sit.

2225 2047 2344 2102 Tali
2396 2059 2526 2114 ergo
2581 2044 2743 2114 impia
2797 2042 3025 2112 epistola
3076 2041 3221 2110 juste
3273 2039 3730 2093 anathematizata

2153 2150 2376 2212 propter
2401 2138 2631 2192 insertas
2655 2137 2706 2191 ei
2725 2134 3100 2205 blasphemias,
3131 2131 3398 2187 Theodori
3423 2140 3488 2190 et.
3498 2130 3732 2185 Nestorii

2155 2235 2444 2304 impiomm
2470 2244 2732 2301 sequaces
2757 2235 3023 2284 conantur
3041 2227 3240 2290 dicere,
3271 2231 3581 2293 susceptam
3611 2235 3734 2278 esse

2155 2339 2278 2380 eam
2325 2339 2359 2378 a
2395 2329 2584 2378 sancto
2627 2317 3057 2376 Chalcedonensi
3098 2315 3348 2372 concilio.
3402 2313 3522 2370 Hoc
3549 2323 3731 2368 autem

2157 2419 2362 2481 dicunt,
2407 2425 2648 2472 sanctam
2675 2413 2892 2484 quidem
2921 2409 3416 2466 Chalcedonensem
3459 2405 3730 2476 synodum

2157 2508 2568 2574 calumniantes,
2599 2505 2815 2559 nomine
2845 2510 3023 2556 autem
3063 2499 3180 2567 ejus
3207 2497 3524 2553 festinantes
3549 2496 3733 2551 debita

2158 2596 2606 2652 condemnatione
2643 2593 2871 2648 liberare
2889 2589 3257 2654 Theodorum,
3309 2597 3366 2644 et
3404 2587 3730 2651 Nestorium,

2158 2693 2214 2740 et
2233 2684 2451 2752 impiam
2478 2681 2784 2752 epistolam,
2811 2695 2909 2750 pro
2935 2694 3040 2748 qua
3060 2678 3180 2733 ibas
3207 2677 3402 2747 sepius
3425 2683 3734 2740 accusatus,

2162 2790 2268 2829 non
2294 2783 2376 2828 est
2402 2787 2563 2827 ausus
2589 2786 2707 2826 eam
2747 2785 2897 2825 suam
2923 2769 3103 2825 dicere
3147 2779 3368 2838 propter
3409 2766 3643 2823 insertas
3685 2765 3736 2818 ei

2159 2863 2537 2933 blasphemias.
2585 2860 2653 2916 Et
2705 2860 2818 2916 hmc
2861 2859 3347 2915 demonstrabimus
3391 2873 3458 2912 ex
3497 2857 3585 2911 his
3615 2871 3735 2926 qua:

2159 2953 2366 3008 diverse
2409 2951 2478 3006 de
2527 2951 2627 3005 ista
2674 2963 2834 3004 causa
2862 2958 3009 3003 mota
3055 2956 3198 3002 sunt.
3249 2947 3305 3000 ln
3335 2947 3417 3000 his
3443 2946 3588 3000 enim
3615 2960 3736 3014 qum

2159 3040 2298 3110 apud
2328 3038 2574 3096 Photium
2603 3051 2658 3094 et
2682 3038 3015 3094 Eustathium
3049 3037 3100 3109 [a
3131 3037 3323 3091 Photio
3349 3047 3406 3090 et
3429 3034 3734 3106 Eustathio]

2160 3127 2284 3200 Tyri
2324 3138 2447 3183 acta
2469 3133 2612 3194 sunt,
2661 3143 2782 3184 cum
2804 3137 3149 3184 accusaretur
3175 3127 3459 3196 praedictus
3498 3125 3624 3182 [bas
3668 3127 3738 3184 de

2084 3208 2127 3269 C
2158 3217 2368 3288 injuriis
2395 3217 2454 3273 S.
2480 3215 2684 3290 Cyrilli,
2709 3215 2992 3273 manifeste
3019 3214 3295 3272 confessus
3317 3223 3422 3282 est,
3468 3225 3598 3284 post
3625 3217 3740 3272 uni-

2150 3299 2322 3364 tatem
2350 3307 2722 3374 Orientalium,
2766 3323 2886 3377 qua:
2928 3306 2994 3361 ad
3021 3313 3223 3362 sanctis
3267 3306 3542 3361 memoria:
3568 3305 3742 3377 Cyrib

2157 3397 2266 3454 lum
2288 3395 2428 3452 facta
2449 3405 2554 3465 est,
2575 3395 2705 3452 nihil
2726 3394 3042 3465 injuriosum
3062 3394 3132 3449 de
3154 3410 3222 3452 eo
3243 3392 3460 3450 dixisse.
3493 3393 3738 3465 Epistula

2159 3496 2337 3542 autem
2365 3487 2522 3556 plena
2549 3485 2820 3557 prmdictis
2843 3483 3210 3554 blasphemiis,
3238 3499 3338 3554 pro
3359 3485 3555 3552 quibus
3579 3501 3740 3540 accu-

2155 3583 2376 3640 sabatur
2399 3581 2540 3650 lbas,
2565 3582 2763 3638 multas
2783 3590 2972 3638 contra
2992 3581 3052 3638 S.
3080 3580 3340 3652 Cyrillum
3359 3580 3589 3649 injurias
3615 3595 3740 3636 cou-

2159 3672 2356 3739 tinens,
2385 3670 2526 3726 facta
2555 3687 2674 3728 esse
2701 3671 3002 3728 ostenditur
3027 3679 3151 3741 post
3177 3671 3435 3726 unitatem
3462 3668 3530 3724 ad
3549 3671 3740 3729 Oricu-

2162 3761 2295 3816 tales
2344 3761 2558 3828 factam,
2600 3777 2670 3816 ex
2697 3776 2805 3830 quo
2843 3761 3243 3816 demonstratur
3269 3758 3389 3815 lbas
3415 3775 3535 3814 eam
3566 3762 3740 3818 abne-

2157 3865 2330 3921 gasse.
2363 3851 2516 3909 Unde
2541 3853 2778 3924 praedicti
2806 3851 3029 3908 Photius
3071 3860 3129 3910 et
3153 3851 3462 3908 Eustathius
3513 3851 3736 3909 satisfa-

2158 3940 2365 3996 cientes
2394 3943 2796 3999 accusatoribus
2843 3943 2896 3998 in
2945 3943 3156 4012 scriptis
3198 3939 3539 4007 deﬁnierunt,
3595 3957 3737 4012 pm-

2159 4031 2359 4087 dictum
2416 4033 2560 4088 ibam
2612 4034 2793 4090 omnia
2845 4035 3114 4090 contraria
3159 4033 3403 4103 epistola:
3445 4047 3732 4102 peragere,

2159 4122 2299 4179 sicut
2319 4122 2578 4192 judicium
2601 4125 2670 4180 ab
2710 4125 2790 4180 eis
2814 4123 2885 4180 de
2923 4125 3030 4181 hoc
3069 4125 3255 4180 datum
3299 4124 3580 4193 signiﬁcat.
3629 4123 3740 4180 Sed

2160 4230 2281 4270 cum
2309 4214 2428 4272 ibas
2452 4231 2560 4281 non
2596 4217 2942 4287 adimplesset
2970 4231 3034 4272 ea
3057 4233 3177 4288 qua:
3221 4216 3298 4272 illi
3330 4214 3734 4285 judicaverunt,

2161 4303 2364 4374 ejectus
2427 4315 2512 4362 est
2569 4306 2638 4362 ab
2709 4307 3026 4377 episcopatu
3091 4315 3315 4378 propter
3373 4305 3738 4375 blasphemias

2162 4394 2430 4464 praedictae
2473 4395 2748 4464 epistolae,
2803 4405 2860 4452 et
2898 4395 3118 4452 Nonnus
3165 4411 3264 4466 pro
3317 4395 3409 4449 illo
3455 4395 3737 4450 ordinatus

2164 4491 2247 4538 est
2272 4521 2289 4548 ,
2357 4483 2446 4554 qui
2514 4493 2570 4540 et
2631 4485 2873 4542 consedit
2935 4486 2988 4540 in
3054 4494 3242 4542 sancto
3310 4483 3736 4540 Chalcedonensi

2159 4583 2406 4640 concilio.
2491 4583 2568 4640 De
2645 4585 2846 4641 eisdem
2913 4585 3076 4652 igitur
3151 4585 3314 4640 etiam
3388 4583 3738 4637 Chalcedone

2160 4690 2442 4738 accusatus
2496 4691 2828 4739 memoratus
2877 4681 3000 4737 ibas
3023 4723 3039 4748 ,
3107 4691 3232 4752 post
3283 4681 3571 4738 lectionem
3631 4682 3730 4734 im-

2161 4781 2263 4852 piae
2308 4781 2549 4852 epistolae
2575 4795 2682 4836 non
2705 4789 2790 4836 est
2815 4795 2977 4836 ausus
3001 4794 3124 4836 eam
3151 4796 3303 4836 suam
3323 4797 3442 4836 esse
3463 4780 3732 4844 confiteri,

2161 4871 2256 4927 sed
2283 4872 2462 4928 statim
2475 4871 2606 4940 ipsis
2625 4871 2804 4928 verbis
2831 4870 3031 4940 intulit,
3061 4871 3293 4926 alienum
3323 4885 3382 4924 se
3404 4885 3525 4926 esse
3542 4884 3734 4926 eorum

2163 4975 2283 5030 quae
2307 4961 2360 5016 ei
2389 4959 2771 5016 inferebantur.
2824 4959 2976 5016 Unde
3001 4969 3182 5016 sancta
3209 4961 3474 5032 synodus,
3521 4976 3646 5016 cum
3687 4960 3734 5016 ei

2165 5064 2272 5104 non
2297 5049 2569 5106 sufficeret
2587 5050 2868 5117 abnegatio
2895 5049 3026 5118 Ihm,
3055 5065 3175 5120 quae
3202 5051 3342 5107 facta
3367 5058 3450 5106 est
3483 5051 3552 5106 de
3575 5051 3734 5121 impia

2163 5140 2387 5209 epistola
2406 5179 2424 5203 .
2462 5139 2721 5210 compulit
2745 5155 2869 5196 eum
2889 5142 3161 5196 contraria
3185 5141 3234 5196 ei
3263 5154 3543 5212 peragere,
3574 5141 3628 5195 id
3656 5150 3736 5196 est

2162 5231 2502 5300 reprobatam
2532 5231 2586 5285 in
2614 5246 2678 5287 ea
2701 5239 2906 5288 rectam
2927 5231 3084 5286 fidem
3116 5232 3358 5288 confiteri
3377 5273 3393 5299 ,
3433 5241 3488 5287 et
3515 5231 3738 5302 Ephesi-

2163 5337 2286 5378 nam
2301 5323 2527 5392 primam
2547 5333 2787 5378 sanctam
2804 5322 3068 5394 synodum
3085 5325 3378 5393 suscipere,
3407 5332 3464 5380 et
3492 5332 3740 5379 sanctqu

2162 5413 2416 5484 Cyrillum
2432 5411 2641 5469 Patrem
2669 5423 2724 5469 et
2743 5413 3018 5470 doctorem
3041 5414 3308 5470 ascribere
3317 5429 3458 5484 qum,
3470 5415 3528 5469 iu
3543 5413 3736 5469 eadem

2161 5510 2322 5580 impia
2346 5510 2572 5580 epistola
2613 5511 2959 5579 iujuriantur,
2996 5518 3052 5566 et
3081 5510 3382 5565 Nestorium
3405 5510 3738 5578 impiumque

2160 5600 2277 5668 ejus
2295 5601 2487 5669 dogma
2515 5601 2985 5666 anathematizare,
3007 5616 3127 5671 quas
3149 5610 3205 5656 et
3222 5601 3384 5670 impia
3401 5601 3626 5670 epistola
3639 5601 3732 5654 de-

2162 5693 2330 5748 fendit
2342 5702 2399 5748 et
2411 5693 2698 5748 collaudat.
2713 5692 2768 5748 Si
2787 5694 2946 5762 igitur
2955 5703 3012 5748 et
3023 5695 3138 5763 ipse
3151 5694 3269 5747 ibas
3285 5703 3502 5762 promer
3519 5693 3738 5760 impiam

2165 5785 2443 5855 epistolam
2463 5785 2658 5854 strpius
2687 5793 2989 5850 accusatus,
3019 5801 3127 5840 non
3145 5793 3228 5840 est
3258 5801 3417 5840 ausus
3445 5799 3569 5838 eaut
3586 5798 3740 5838 suam
