3952 6424
385 362 498 422 3⁸⁸5

1765 361 2056 420 γιϐιιιυε
2097 360 2274 416 PAPA
2291 399 2304 415 .
2900 346 2949 373 θ

3550 341 3648 396 2“ἱΰ

395 481 518 540 σεϐῆ
555 478 749 537 τούτων
777 478 961 536 ἔννοιάν
1003 499 1058 535 τε
1095 480 1178 534 καί
1227 480 1460 549 ἐξήγησιν
1500 477 1626 554 πρὸς
1671 484 1760 537 τήν
1791 478 1970 532 ciuium

2085 481 2132 526 et
2177 469 2571 540 expositionem
2623 467 2689 521 ad
2747 478 2898 521 suam
2946 450 3643 554 impietatem‘trausﬁlrri-t

389 575 681 646 μεταφέρειν
724 571 956 626 ἀσέϐειαν
979 586 994 601 ⁸
1029 567 1202 632 ἐπειδὴ
1229 573 1371 630 ἔστιν
1407 569 1490 628 ὅτε
1526 571 1580 626 αί
1615 571 1766 625 αὐταί
1812 571 1965 642 φωναί

392 664 552 724 καλῶς
590 664 682 730 μέν
705 661 1048 732 έξηγούμεναι,
1078 661 1164 714 καί
1185 659 1469 730 νοούμεναι,
1510 662 1642 728 μετά
1679 669 1770 720 τῆς
1815 663 1966 714 εύσεο

393 753 533 823 Scia:
558 753 675 818 εἰσί,
695 757 858 811 κακῶς
879 749 933 805 δέ
952 751 1097 816 ποιρά
1120 757 1218 806 τῶν
1250 751 1513 824 αἱρετικῶν
1559 749 1962 825 ἑρμηνευόμεναι,

391 846 476 898 καί
499 842 868 916 προφερόμεναι
897 841 956 895 τὸ
999 839 1181 900 ἀσεϐές
1209 838 1432 909 ἔχουσιν
1453 853 1468 868 ⁸
1507 841 1676 910 ἀμέλει
1705 838 1966 914 Νεστὸριον

391 933 599 988 είπὸντα
640 933 731 1002 μέν
771 929 864 988 δύο
916 934 1089 1002 φύσεις
1145 933 1227 983 καί
1266 928 1318 983 έν
1361 929 1653 1004 πρόσωπον,
1681 933 1750 1000 μή
1795 927 1968 998 ὁμολο-

387 1030 578 1096 γοῦντα
603 1021 657 1078 δέ
679 1024 874 1078 τούτων
897 1028 987 1082 τήν
1007 1022 1112 1077 καθ’
1128 1019 1420 1078 ὑπόστασιν
1439 1022 1639 1088 ἕνωσιν,
1659 1023 1691 1080 ἦ
1713 1022 1766 1075 έν
1785 1020 1968 1092 Ἐφέσῳ

389 1120 566 1194 πρώτη
590 1117 711 1192 ἀγα
738 1117 973 1184 σύνοδος,
1006 1117 1064 1179 ἧς
1097 1119 1312 1192 ἐξῆρχον
1365 1118 1649 1180 Κελεστῖνος
1689 1121 1774 1172 καί
1800 1119 1969 1191 ιύριλ·

388 1207 474 1270 λος
499 1210 546 1263 οί
571 1210 620 1264 έν
641 1209 758 1285 ὁσία
776 1217 838 1284 τῇ
857 1214 1043 1282 μνήμη,
1068 1211 1124 1266 οὐ
1145 1207 1502 1282 προσεδέξατο,
1525 1209 1648 1264 ἀ)λά
1673 1212 1755 1263 καί
1777 1207 1970 1264 κατεδί-

391 1321 566 1355 κασεν.
595 1298 766 1370 Ἠμεῖς
795 1298 848 1355 δέ
874 1307 938 1370 τῇ
978 1305 1079 1356 τῶν
1109 1299 1263 1371 ἁγίων
1301 1300 1535 1374 πατέρων
1560 1297 1862 1374 διδασκαλίᾳ
1889 1299 1972 1356 διά

391 1393 594 1448 πάντων
625 1393 1005 1452 ἀκοόυθοῦντες
1023 1435 1038 1458 ,
1069 1393 1152 1446 καί
1175 1396 1266 1451 την
1299 1399 1398 1448 τῶν
1424 1391 1515 1448 δύο
1541 1394 1740 1464 φύσεων
1773 1393 1971 1458 ἕνωσιν,

391 1483 444 1546 έξ
472 1480 540 1536 ὦν
581 1479 610 1538 ὅ
651 1483 822 1557 κύριος
860 1483 997 1550 ἡμῶν
1026 1479 1224 1542 Ἰησοῦς
1249 1484 1472 1556 Χριστὸς
1510 1483 1536 1539 ὃ
1574 1479 1644 1544 εἷς
1691 1491 1782 1544 τῆς
1825 1483 1974 1554 ἀγίας

391 1572 618 1649 τριάδος,
649 1573 676 1630 ὁ
704 1578 829 1636 Θεὸς
855 1575 998 1646 λόγος
1029 1577 1308 1648 σαρκωθείς
1345 1577 1604 1639 συνετέθη,
1634 1579 1718 1631 καί
1740 1583 1831 1634 τήν
1855 1579 1976 1631 τού·

389 1689 492 1723 των
524 1666 762 1743 διαφορὰν
799 1669 888 1722 ούκ
913 1669 1224 1741 ἀνῃρημένην
1266 1665 1353 1723 διά
1398 1671 1490 1725 τήν
1529 1667 1704 1723 ἕνωσιν
1741 1669 1974 1744 ἀνωτέρω

393 1761 704 1835 σαφέστερον
729 1759 1080 1831 ἀπεδείξαμεν.
1115 1764 1204 1816 Καί
1231 1760 1376 1836 ἤρκει
1400 1763 1490 1832 μὲν
1509 1762 1575 1816 τά
1601 1762 1722 1834 παρ’
1748 1763 1887 1832 ἡμῶν
1910 1765 1976 1816 εἰ·

392 1851 581 1925 ρημένα
607 1850 988 1928 πληροφορῆσαι
1024 1852 1146 1910 τοὺς
1185 1855 1256 1921 μὴ
1292 1850 1627 1922 βουλομένους
1671 1851 1968 1924 φιλονεικεῖν.

392 1939 516 1994 Ἀλλ’
539 1939 712 2002 ἐπειδὴ
732 1943 864 2018 πρὸς
891 1943 1122 1998 ἀσέϐειαν
1150 1941 1288 2006 ἅπαξ
1329 1943 1634 2004 ἐκκλίναντες
1669 1947 1754 1998 καί
1785 1945 1974 2019 έτέροις

395 2032 754 2108 έπιχειροῦσιν
772 2071 790 2098 ,
819 2035 1100 2107 ἀναγκαίως
1125 2035 1270 2105 ἡμεῖς
1297 2037 1380 2088 καί
1413 2037 1506 2095 τάς
1532 2037 1770 2096 τοιαύτας·
1807 2037 1974 2092 αὐτῶν

393 2125 674 2200 προφάσεις
713 2127 935 2195 ματαίας
973 2123 1318 2196 ἀποδείξομεν.
1363 2128 1490 2180 Φασὶ
1509 2128 1610 2201 γὰρ
1637 2131 1706 2196 μὴ
1746 2124 1846 2181 δεῖν
1870 2128 1972 2182 ύπὸ

395 2215 586 2288 μέμψιν
625 2216 858 2288 γενέσθαι
891 2219 984 2274 την
1009 2215 1173 2274 ἀσεϐῆ
1215 2215 1476 2274 ἐπιστολήν
1516 2213 1602 2271 διά
1645 2216 1705 2271 τὸ
1745 2217 1974 2292 φέρεσθαι

392 2307 445 2364 ἕν
463 2329 570 2364 τισι
593 2309 822 2380 βιϐλίοις.
846 2305 969 2362 Ἀλλ’
997 2311 1044 2362 εί
1077 2307 1228 2364 τοῦτό
1249 2327 1328 2368 τις
1355 2307 1484 2362 κατά
1505 2311 1593 2366 τήν
1620 2308 1782 2362 αὐτῶν
1807 2305 1976 2364 ἄνοιαν

393 2397 756 2476 προσδέξηται,
787 2396 867 2454 δεῖ
889 2400 975 2452 καί
1002 2397 1240 2467 Εύτυχέα
1285 2399 1369 2452 καί
1403 2397 1674 2462 Νεστόριον
1705 2395 1975 2467 δέχεσθαι,

394 2487 567 2550 έπειδη
585 2489 744 2544 πολλὰ
765 2491 850 2544 καί
878 2491 995 2562 περί
1015 2489 1206 2544 τούτων
1231 2496 1340 2548 τοῖς
1361 2488 1410 2542 έν
1525 2486 1718 2559 συνόδῳ
1743 2507 1979 2562 πεπραγ-

395 2581 558 2650 μένοις
579 2582 862 2660 έμφέρεται.
883 2577 1006 2634 ’Δλλ⁹
1033 2577 1193 2639 οὐδείς
1215 2585 1316 2633 τῶν
1343 2579 1708 2653 εύφρονούντων
1725 2586 1831 2639 τοῖς
1854 2579 1979 2654 παρ’

394 2674 559 2728 αὐτῶν
583 2672 866 2746 λεγομένοις
903 2672 1140 2746 προσέξει
1181 2673 1267 2727 τὸν
1305 2677 1445 2725 νοῦν.
1474 2673 1550 2726 Τά
1575 2673 1673 2746 γάρ
1717 2675 1837 2746 περί
1877 2679 1978 2727 τῶν

395 2765 662 2840 ειίρετικῶν
685 2767 737 2820 έν
763 2773 878 2826 ταῖς
915 2762 1144 2825 συνόδοις
1169 2763 1544 2841 προφερόμενοι,
1585 2767 1666 2818 καί
1695 2766 1849 2840 μέρος
1879 2771 1979 2818 τῶν

395 2855 774 2928 ὑπομνημάτων
792 2855 1019 2926 γινόμενα
1042 2856 1128 2908 ούκ
1153 2857 1239 2909 ἐπί
1262 2863 1336 2928 τῷ
1356 2855 1708 2930 ἐλευθερωθῆνο
1721 2876 1758 2920 ι,
1781 2853 1886 2910 ἀλλ’
1906 2856 1984 2916 εἲς

398 2943 617 3020 ἔλεγχον
646 2946 829 3008 αὐτῶν,
855 2946 939 2998 καὶ
964 2945 1046 2998 ἐπί
1073 2947 1260 3015 μείζονι
1286 2945 1576 3018 κατακρίσει
1601 2944 1766 2996 αὐτῶν
1792 2963 1868 3010 τε,
1894 2946 1982 2996 καί

396 3036 464 3089 τά
487 3031 640 3106 ὅμοια
673 3035 844 3093 αὐτοῖς
875 3036 1178 3110 φρονούντων
1211 3033 1686 3106 παραλαμϐάνεται.
1712 3034 1768 3085 El
1795 3036 1876 3087 καί
1903 3031 1980 3087 ὅτι

397 3127 468 3186 τά
496 3134 589 3186 τῆς
617 3125 838 3186 ἀσεϐοῦς
863 3125 1130 3185 ἐπιστολῆς
1157 3125 1402 3202 φερόμενα
1426 3126 1764 3193 ύπομ·.ἠματα
1793 3121 1850 3178 ἵν
1877 3145 1983 3179 τισι

401 3219 492 3289 μέν
512 3217 747 3288 βιϐλίοις,
772 3219 839 3278 ὡς
861 3214 1073 3292 εἴρηται,
1114 3219 1423 3283 ίντέτακται,
1459 3219 1507 3271 έν
1535 3216 1590 3272 δέ
1620 3225 1726 3276 τοῖς
1755 3218 1984 3272 αὐθεντι-

399 3316 524 3374 κοῖς,
557 3309 606 3363 ἐν
635 3305 706 3370 οἷς
727 3307 1030 3384 ὑπέγραψαν
1048 3310 1092 3363 οἶ
1127 3308 1395 3364 ὃσεῶτατοι
1425 3309 1714 3372 ἐπίσκοποι,
1745 3306 1984 3382 οὐδαμῶς

400 3399 638 3474 ηὕρηται.
669 3399 792 3458 Πλὴν
815 3400 1024 3472 κάκείνῳ
1062 3397 1144 3456 δεῖ
1165 3401 1450 3476 προσέχειν
1477 3403 1597 3460 τούς
1631 3405 1720 3458 τήν
1754 3400 1984 3458 ἀλήθειαν

403 3493 724 3566 έρευνῶντας·
755 3487 835 3546 ὅτι
857 3481 1094 3551 πολλάκις
1121 3491 1231 3546 τινὰ
1251 3490 1300 3543 έν
1337 3497 1456 3549 ταῖς
1483 3487 1710 3550 συνόδοις
1737 3490 1880 3564 παρά
1903 3510 1982 3544 τι-

401 3605 498 3638 νων
524 3585 577 3637 έν
603 3584 785 3642 αὑταῖς
805 3582 1172 3660 εὑρισκομένων
1198 3582 1393 3654 λέγεται
1414 3579 1445 3640 ἧ
1467 3581 1596 3636 κατά
1615 3583 1984 3656 προσπάθειαν,

403 3675 434 3736 ὃ
475 3677 578 3732 κατ’
604 3677 926 3745 ἐναντίωσιν,-
961 3674 992 3734 vi
1033 3675 1141 3731 κατ’
1170 3671 1390 3747 ἄγνοιαν,
1437 3672 1601 3734 οὐδεὶς
1641 3671 1694 3728 δέ
1734 3675 1990 3748 προσέχει

403 3774 514 3826 τοῖς
539 3768 669 3822 κατά
691 3767 842 3841 μέρος
870 3766 1013 3840 παρά
1041 3785 1188 3820 τινων
1208 3763 1510 3836 λεγομένοις,
1542 3764 1665 3818 ἀλλά
1691 3763 1856 3832 μόνοις
1873 3771 1988 3824 τοῖς

405 3859 538 3914 κατά
561 3860 724 3916 κοινήν
752 3858 1033 3912 συναίνεσιν
1069 3857 1214 3929 παρά
1239 3856 1442 3912 πάντων
1465 3853 1783 3928 ὁριζομένοις.
1811 3858 1871 3910 Εἰ
1889 3856 1986 3932 γὰρ

405 3947 518 4004 κατ’
566 3946 781 4007 ἐκείνους
827 3945 1086 4016 βουληθείη
1129 3967 1208 4006 τις
1252 3947 1530 4021 προσέχειν
1569 3953 1683 4005 ταῖς
1727 3947 1989 4007 τοιαύταις

405 4038 770 4098 έναντιώσεσιν,
809 4036 996 4092 ἑκάστη
1049 4032 1266 4096 σύνοδος
1304 4035 1598 4108 εὑρίσκεται
1637 4035 1822 4095 ἑαυτήν
1863 4037 1986 4091 ἀνα-

406 4129 694 4201 τρέπουσα.
735 4126 823 4180 Διά
861 4131 1024 4180 ταῦτα
1058 4127 1225 4178 τοίνυν
1263 4124 1366 4180 ἔδει
1407 4127 1615 4188 αὺτούς,
1647 4125 1785 4203 ετίπερ
1829 4127 1990 4198 ὀρθῶς

409 4216 649 4288 ἐδέχοντο
676 4223 764 4274 τὸν
805 4214 954 4285 ἁγίαν
980 4212 1204 4280 σύνοδον,
1242 4220 1313 4288 μή
1350 4217 1586 4276 τοιαύτας
1621 4217 1746 4292 αὐτῇ
1771 4217 1990 4290 μέμψεις

408 4309 730 4381 περιάπτειν,
752 4305 877 4358 ἀλλά
903 4305 1230 4362 ἀκολουθῆσαι
1253 4313 1362 4368 τοῖς
1382 4305 1703 4368 διδασκάλοις
1730 4317 1820 4368 τῆς
1847 4309 1993 4362 καθο-

2062 562 2331 630 siquidem
2378 551 2700 629 [interdum]
2749 551 2950 605 eaedem
3002 565 3188 615 voces,
3241 545 3462 617 quando
3507 542 3650 598 bene

2063 658 2414 719 exponuntur
2463 659 2509 701 el
2571 646 2982 710 intelliguntur,
3038 659 3162 695 cum
3229 640 3430 706 pietate
3481 646 3650 698 sunt;

2071 736 2286 807 quando
2311 744 2492 790 autem
2514 734 2654 788 male
2674 733 2741 788 ab
2772 732 3038 787 luereticis
3062 729 3432 798 intelliguntur
3451 736 3508 783 et
3531 743 3656 798 pro-

2072 826 2337 892 feruntur,
2369 826 2695 895 impietatem
2727 825 2944 879 habent.
2977 820 3162 892 Itaque
3186 820 3489 876 Nestorium
3522 819 3658 874 duas

2071 919 2288 990 quidem
2319 928 2536 972 naturas
2567 925 2621 971 et
2659 933 2823 971 unam
2864 931 3171 990 personam_
3193 913 3459 968 dicentem
3481 951 3496 978 ,
3549 928 3658 966 non

2069 1010 2414 1066 conﬁtentem
2440 1018 2622 1063 autem
2650 1023 2836 1062 earum
2876 1006 3135 1061 unitatem
3159 984 3458 1059 secundum
3480 1002 3658 1056 subsi-

2067 1107 2348 1172 stentiam,
2389 1105 2659 1176 Ephesina
2703 1104 2872 1174 prima
2900 1104 3168 1174 synodus,
3219 1100 3372 1168 cujus
3402 1107 3658 1154 auctores

2072 1208 2228 1258 erant
2259 1198 2584 1255 Coelestinus
2610 1205 2666 1252 et
2693 1194 2924 1268 Cyrillus
2951 1201 3153 1250 sancte
3194 1205 3498 1256 memor-ae,
3548 1205 3659 1243 nou

2073 1291 2348 1360 suscepit,
2393 1288 2488 1346 sed
2529 1287 2928 1344 condemnavit.
2972 1283 3081 1338 Nos
3122 1292 3302 1337 autem
3347 1289 3662 1336 sanctorum

2076 1382 2292 1438 Patrum
2315 1381 2614 1437 doctrinam
2646 1395 2742 1448 per
2767 1378 2944 1432 omnia
2970 1383 3279 1444 sequentes,
3312 1381 3366 1427 et
3396 1375 3662 1427 unitatem

2075 1472 2301 1528 duarum
2331 1479 2658 1530 naturarum.
2689 1485 2753 1524 ex
2784 1468 2978 1538 quibus
3005 1466 3262 1520 Dominus
3294 1475 3478 1520 uoster
3504 1463 3664 1520 Jesul

2076 1563 2317 1620 Christus
2333 1579 2472 1618 unus
2500 1570 2700 1616 sancta:
2729 1553 3030 1625 Trinitatis,
3053 1559 3194 1610 Deus
3222 1557 3456 1611 Verbum
3489 1557 3666 1612 incar-

2078 1663 2252 1719 natus,
2277 1655 2608 1724 compositus
2629 1661 2729 1715 est,
2755 1658 2810 1706 et
2842 1648 2986 1719 quod
3013 1664 3199 1702 earum
3229 1647 3526 1702 diﬁ‘erentia
3552 1664 3664 1702 non

2077 1748 2398 1817 interempta
2435 1753 2518 1800 est
2563 1752 2788 1814 propter
2830 1741 3092 1795 unitatem
3119 1779 3136 1803 ,
3181 1739 3234 1793 in
3288 1739 3665 1808 superioribus

2076 1839 2314 1910 apertius
2367 1834 2873 1892 demonstravimus.
2932 1831 3000 1886 Et
3051 1830 3389 1888 sufﬁciebant
3442 1831 3664 1902 quidem

2075 1947 2195 2002 quae
2235 1929 2595 2000 prrediximus,
2625 1926 2944 1983 satisfacere
2983 1925 3063 1981 eis
3090 1925 3182 1994 qui
3215 1924 3402 1980 nolunt
3431 1935 3667 1979 conten-

2075 2022 2223 2078 dere.
2252 2019 2362 2076 Sed
2395 2019 2650 2090 quoniam
2679 2018 2756 2072 illi
2785 2019 2876 2087 qui
2917 2016 3082 2073 semel
3107 2015 3175 2071 ad
3205 2016 3536 2086 impietatem
3567 2016 3670 2070 de-

2077 2114 2447 2178 clinaverunt,
2475 2120 2532 2167 et
2560 2111 2662 2164 alia
2691 2124 2997 2181 proponere
3025 2116 3325 2174 conantur,
3351 2109 3668 2164 necessario

2079 2219 2177 2260 nos
2220 2211 2276 2258 et
2319 2202 2454 2256 tales
2497 2215 2684 2256 eorum
2730 2199 3048 2255 occasiones
3093 2212 3262 2254 vanas
3290 2197 3660 2253 ostendemus.

2085 2294 2274 2349 Dicunt
2295 2291 2438 2348 enim
2462 2305 2570 2345 non
2597 2297 2852 2359 oportere
2880 2288 3188 2358 vituperare
3221 2286 3437 2358 impiam
3459 2287 3668 2356 episto-

2084 2385 2216 2452 lam,
2237 2399 2305 2440 eo
2325 2382 2467 2454 quod
2483 2383 2537 2438 in
2553 2382 2839 2450 aliquantis
2861 2380 3028 2436 fertur
3047 2379 3340 2436 codicibus.
3362 2379 3469 2436 Sed
3487 2380 3532 2437 si
3557 2379 3668 2436 hoc

2085 2481 2276 2551 aliquis
2292 2479 2582 2535 secundum
2597 2493 2784 2534 eorum
2807 2476 3132 2534 dementiam
3149 2477 3379 2534 sufﬁciat
3399 2477 3482 2551 {F.
3495 2482 3672 2536 susci-

2081 2569 2239 2643 piat],
2261 2577 2472 2642 oportet
2493 2579 2550 2625 et
2563 2569 2865 2626 Nesmrium
2886 2579 2941 2624 et
2964 2569 3259 2642 Eutychem
3284 2571 3502 2641 suscipi,
3527 2586 3670 2641 quo-

2086 2662 2231 2716 niam
2253 2661 2478 2730 plurima
2505 2668 2562 2715 et
2579 2659 2646 2714 de
2667 2660 2749 2714 his
2770 2661 2822 2714 in
2843 2661 3008 2728 gestis
3031 2662 3372 2716 continentur
3390 2676 3510 2730 quae
3523 2663 3668 2732 apud

2081 2751 2346 2824 synodum
2372 2761 2491 2806 aeta
2533 2759 2676 2805 sunt.
2703 2749 2812 2806 Sed
2847 2766 3008 2806 nemo
3051 2752 3268 2820 sapiens
3287 2749 3446 2808 dictis
3473 2767 3666 2808 eorum

2082 2842 2317 2896 animum
2342 2841 2605 2897 intendet.
2633 2841 2762 2908 Quze
2781 2843 2924 2897 enim
2945 2841 3014 2897 de
3039 2842 3301 2898 hmreticis
3317 2843 3670 2913 proferuntur

2083 2931 2138 2987 in
2165 2932 2386 3003 synodis
2413 2939 2469 2987 et
2491 2947 2616 3002 pars
2643 2940 2916 3002 gestorum
2948 2929 3110 3000 ﬁunt,
3157 2948 3266 2989 non
3293 2933 3362 2988 ad
3390 2934 3670 2990 liberatio-

2083 3039 2205 3079 nem
2249 3023 2560 3079 inseruntur
2581 3066 2597 3091 ,
2639 3025 2737 3080 sed
2765 3024 2834 3080 ad
2873 3025 3132 3095 majorem
3161 3026 3668 3085 condemnationem

2085 3129 2294 3180 eorum,
2332 3125 2389 3171 et
2415 3116 2506 3187 qui
2536 3117 2617 3172 eis
2642 3116 2837 3172 similia
2865 3118 3099 3188 sapiunt.
3148 3129 3164 3158 ι
3197 3119 3452 3186 Quamvis
3486 3129 3669 3176 autem

2084 3205 2413 3276 exemplaria
2451 3207 2626 3278 impia:
2655 3207 2896 3278 epistolae
2923 3225 3042 3280 qua:
3088 3209 3570 3278 circumferuntur,
3615 3213 3674 3272 in

2085 3299 2351 3369 aliquibus
2375 3298 2744 3369 codicibus,ut
2767 3300 2968 3356 dictum
2983 3309 3085 3366 est,
3117 3301 3314 3356 inserta
3329 3301 3457 3367 sint,
3488 3310 3674 3360 tamen

2087 3391 2142 3446 in
2168 3391 2496 3447 authenticis
2529 3393 2580 3448 in
2604 3392 2800 3462 quibus
2825 3393 3147 3449 sanctissimi
3169 3393 3408 3464 episcopi
3435 3395 3676 3452 subscri-

2085 3497 2326 3560 pserunt,
2357 3489 2663 3545 nullatenus
2685 3489 3048 3545 inveniuntur.
3063 3487 3290 3558 Oportet
3301 3497 3481 3546 autem
3507 3492 3674 3548 etiam

2089 3577 2220 3634 illud
2238 3578 2518 3634 attendere
2534 3593 2629 3634 eos
2647 3579 2738 3647 qui
2765 3579 3046 3633 veritatem
3071 3586 3496 3648 perscrutantur,
3524 3582 3677 3650 quod

2089 3667 2317 3725 forsitan
2347 3671 2398 3723 in
2430 3669 2676 3725 conciliis
2699 3667 2944 3738 quaedam
2964 3682 2994 3722 a
3020 3667 3184 3723 certis
3205 3667 3278 3723 ibi
3308 3669 3684 3726 convenienti-

2089 3768 2189 3826 bus
2211 3768 2479 3835 dicuntur,
2506 3775 2600 3823 aut
2626 3784 2722 3838 per
2747 3766 2985 3822 favorem
3003 3807 3020 3833 ,
3059 3773 3154 3820 aut
3183 3781 3281 3836 per
3309 3767 3643 3823 contrarieta
3663 3799 3678 3812 -

2091 3867 2234 3928 tem,
2278 3866 2373 3914 aut
2399 3875 2496 3930 per
2519 3859 2902 3928 ignorantiam.
2945 3857 3118 3916 Nemo
3141 3867 3322 3915 autem
3354 3861 3586 3915 attendit
3612 3878 3679 3919 ea

2091 3963 2211 4020 qua:
2237 3963 2334 4019 per
2357 3957 2568 4020 partem
2593 3963 2623 4002 a
2649 3947 2973 4018 quibusdam
2996 3949 3246 4022 dicuntur
3277 3967 3290 4003 :
3320 3949 3416 4005 sed
3438 3950 3553 4005 sola
3583 3951 3678 4006 illa

2093 4055 2212 4111 quas
2249 4041 2318 4096 ab
2353 4041 2602 4096 omnibus
2636 4041 2907 4094 communi
2935 4055 3200 4096 consensu
3227 4041 3578 4098 deﬁniuntur.
3619 4045 3681 4100 Si

2093 4131 2236 4187 enim
2276 4131 2468 4198 aliquis
2495 4129 2786 4184 secundum
2817 4129 2938 4186 illos
2957 4131 3190 4186 voluerit
3217 4133 3500 4188 attendere
3527 4135 3680 4203 ejus-

2095 4222 2239 4278 modi
2267 4222 2702 4287 contrarietates,
2745 4236 3082 4293 unaquaeque
3105 4224 3342 4295 synodus
3372 4225 3682 4280 invenietur

2095 4315 2437 4384 semetipsam
2467 4313 2770 4370 destruens.
2813 4313 3042 4384 Propter
3065 4316 3179 4372 lucc
3207 4316 3368 4386 igitur
3392 4318 3684 4387 oportebat

408 4401 547 4458 λικῆς
575 4399 865 4457 ἐκκλησίας.
905 4399 988 4452 καί
1011 4397 1235 4467 μάλιστα
1262 4404 1336 4470 τῷ
1362 4399 1412 4452 έν
1438 4397 1599 4470 ἁγίοις
1623 4401 1898 4472 Ἀθανασίῳ
1917 4407 1982 4474 τῷ

2097 4419 2210 4470 eos,
2227 4404 2274 4459 si
2299 4410 2544 4458 sanctum
2565 4404 2855 4459 concilium
2877 4413 3026 4459 recte
3045 4405 3396 4475 susciperent,
3423 4421 3526 4460 non
3546 4407 3683 4462 tales

409 4490 658 4564 γενομένῳ
679 4497 770 4549 τῆς
795 4485 1145 4562 ’Δλεξανδρέων
1165 4489 1422 4549 ἐκκλησίας
1451 4491 1732 4560 ἐπισκόπῳ,
1760 4494 1843 4545 καί
1870 4491 1994 4547 πολ-

411 4580 530 4638 λοὺς
567 4580 651 4632 καί
686 4577 938 4651 μεγάλους
977 4579 1176 4650 ἀγῶνκς
1213 4577 1556 4651 ἀναδιξαμένφ
1599 4582 1729 4658 ὑπὲρ
1774 4589 1866 4642 τῆς
1892 4588 1992 4637 τῶν

411 4675 722 4740 Χριστιανῶν
771 4670 991 4727 πίστεως
1035 4669 1182 4742 ὀρθῆς
1223 4671 1352 4724 κατά
1391 4672 1560 4730 πάσης
1600 4672 1860 4747 αἱρέσεως,
1909 4673 1993 4725 καί

413 4761 642 4832 μάλιστα
683 4766 784 4814 τῶν
825 4759 1177 4813 ἀσεϐεστάτοεν
1219 4767 1480 4833 ’Δρειανῶν
1510 4781 1516 4788 ·
1550 4768 1650 4816 τῶν
1695 4762 1792 4835 γὰρ
1821 4763 1993 4815 αὐτῶν

412 4850 681 4926 Ἀρειανῶν
715 4851 843 4924 πρὸς
865 4850 1060 4908 ἀπάτην
1089 4858 1186 4903 τῶν
1210 4851 1340 4904 λαῶν
1365 4855 1438 4912 εἰς
1469 4858 1561 4910 τήν
1591 4853 1780 4906 ἑαυτῶν
1808 4851 1992 4927 μερίδα

416 4942 781 5005 ἓπισπωμένων
809 4941 1083 5002 Διονύσιον,
1113 4943 1213 5014 πρὸ
1251 4941 1441 4995 πολλῶν
1472 4943 1596 4996 ἐτῶν
1623 4949 1713 4994 τοῦ
1743 4939 1793 4994 έν
1833 4941 1995 5012 ἁγίοις

423 5027 712 5087 Ἀθανασίου
759 5037 848 5088 τῆς
875 5027 1235 5102 Ἀλεξανδρείας
1277 5031 1540 5100 γενόμενον
1581 5031 1872 5092 ἐπίσκοπον,
1915 5033 1998 5084 καί

417 5119 678 5192 λεγόντων,
708 5125 775 5180 ὡς
819 5124 901 5174 καί
950 5123 1104 5182 αὐτὸς
1147 5121 1172 5174 ὁ
1221 5125 1478 5182 Διονύσιος
1523 5125 1587 5178 τά
1635 5120 1780 5192 ὅμοια
1829 5124 1998 5184 αὐτοῖς

413 5211 702 5286 ἐφρόνησεν,
733 5211 1020 5271 Ἀθανάσιος
1047 5211 1074 5265 ὁ
1101 5213 1262 5283 μέγας
1291 5221 1380 5270 τῆς
1413 5213 1674 5274 ἐκκλησίας
1700 5211 1998 5278 διδάσκαλος

415 5305 611 5364 πολλοῖς
665 5304 1185 5378 τρόποιςέγγράφως
1229 5303 1475 5368 ἀπέδειξε,
1509 5309 1598 5363 τὴν
1643 5307 1788 5376 ὀρθήν
1827 5307 2000 5362 πίστιν

416 5397 677 5450 Διονύσιον
705 5397 752 5458 ἐξ
780 5397 954 5470 ἀρχῆς
979 5393 1204 5469 κηρύξαι,
1241 5397 1322 5447 καί
1349 5393 1592 5466 μηδαμῶς
1622 5397 2001 5454 ἑπικοινωνῆσαι

415 5496 478 5558 τῇ
511 5493 611 5540 τῶν
643 5484 902 5558 ’Δρςιανῶν
938 5485 1168 5558 ἀσεϐείέ.
1199 5481 1357 5538 Οὗτοι
1395 5484 1448 5538 δὲ
1487 5487 1552 5539 τοὶ
1592 5492 1688 5540 τῶν
1733 5488 2000 5561 αἱρετικῶν

415 5584 713 5651 φρονοῦντες
738 5582 829 5636 τήν
857 5579 1038 5630 οἰκείαν
1057 5577 1292 5631 ἀσέϐειαν
1319 5578 1478 5650 ταύτῃ
1505 5580 1800 5651 περιάπτειν
1827 5601 1998 5635 σπουο

414 5666 676 5731 δάζουσιν.
697 5675 908 5724 εοπῖον
939 5666 992 5722 δέ
1021 5668 1132 5722 ἔστι
1159 5667 1466 5741 κατάκριμα,
1501 5672 1584 5723 καί
1608 5672 1728 5725 ποία
1757 5672 2000 5728 ἐπίκειται

2096 4493 2456 4563 blasphemias
2483 4494 2534 4548 ei
2564 4495 2862 4564 applicare,
2907 4495 3002 4550 sed
3028 4495 3178 4564 sequi
3207 4496 3459 4554 doctores
3487 4499 3686 4554 catho-

2096 4585 2216 4640 lica:
2240 4583 2512 4648 Ecclesiae,
2545 4593 2601 4640 et
2627 4586 2858 4641 maxime
2883 4595 3126 4642 sanctum
3159 4585 3505 4642 Athanasium
3527 4629 3543 4654 ,
3587 4592 3682 4658 qui

2097 4675 2198 4730 fuit
2236 4675 2572 4731 Alexandria:
2601 4677 2926 4746 episcopus,
2973 4687 3027 4732 et
3068 4679 3326 4748 plurimos
3357 4689 3411 4733 et
3456 4695 3684 4748 magnos

2095 4767 2308 4823 labores
2335 4769 2572 4838 suscepit
2595 4784 2692 4838 pro
2719 4780 2866 4824 recta
2895 4770 3321 4826 Christianorum
3350 4772 3452 4826 ﬁde
3488 4773 3688 4829 adver-

2096 4874 2188 4914 sus
2215 4873 2430 4914 omnem
2455 4858 2683 4912 lueresin
2707 4900 2723 4927 ,
2754 4867 2810 4914 et
2853 4860 3088 4915 maxime
3115 4870 3306 4916 contra
3332 4863 3682 4932 impiissimos

2099 4949 2345 5004 Arianos.
2393 4947 2526 5018 Ipsis
2553 4949 2696 5003 enim
2728 4949 2939 5004 Arianis
2979 4951 3045 5004 ad
3075 4950 3418 5020 decipiendos
3452 4955 3685 5023 populos

2097 5055 2196 5093 suo
2224 5039 2392 5094 errori
2425 5037 2870 5106 conjmgeutihus
2891 5039 3223 5111 Dionysium,
3263 5041 3355 5109 qui
3383 5051 3512 5096 ante
3540 5045 3683 5096 mul-

2100 5135 2185 5183 tos
2215 5144 2384 5183 annos
2426 5127 2702 5182 Athanasii
2740 5128 2943 5200 [multis
2969 5130 3124 5186 annis
3151 5138 3278 5184 ante
3308 5131 3685 5203 Athanasium)

2101 5220 2200 5272 fuit
2231 5218 2570 5272 Alexandria:
2594 5218 2900 5288 episcopus,
2921 5226 2978 5274 et
2999 5219 3299 5276 dicentibus
3315 5220 3460 5289 quod
3490 5229 3548 5275 et
3571 5222 3690 5290 ipse

2102 5310 2386 5381 Dionysius
2413 5309 2605 5363 similia
2633 5309 2713 5364 eis
2741 5309 2951 5379 sapuit,
2975 5311 3300 5366 Athanasius
3327 5324 3556 5380 magnus
3577 5311 3689 5368 Ec-

2100 5403 2278 5458 clesia:
2299 5401 2490 5455 doctor
2504 5400 2688 5456 multis
2706 5399 2879 5456 modis
2894 5399 3128 5456 ostendit
3147 5401 3202 5455 in
3230 5399 3465 5471 scriptis,
3478 5411 3692 5457 rectam

2101 5491 2258 5549 ﬁdem
2276 5493 2591 5564 Dionysium
2612 5492 2680 5548 ab
2701 5492 2857 5548 initio
2885 5491 3228 5563 praedicasse,
3244 5491 3504 5562 nulloque
3524 5496 3692 5550 modo

2101 5583 2423 5667 participem
2455 5581 2666 5636 Arianae
2694 5579 2987 5650 impietatis
3010 5579 3194 5638 fuisse.
3243 5581 3337 5637 Isti
3367 5591 3546 5637 autem
3577 5583 3686 5638 hae-

2099 5673 2269 5730 retica
2295 5672 2589 5744 sapientes,
2609 5687 2759 5728 suam
2785 5671 3114 5743 impietatem
3139 5674 3312 5731 eidem
3341 5676 3549 5746 synodo
3585 5691 3686 5743 ap-

2107 5799 2132 5816 ἢ

499 5847 516 5877 ί
557 5843 680 5898 llaec
708 5844 898 5898 absunt
927 5860 955 5898 a
995 5859 1091 5900 ms.
1128 5843 1487 5910 Buhieriano,
1539 5854 1592 5900 ct
1636 5847 1776 5916 apud
1823 5846 2222 5910 Lcunclavium.
