3952 6372
180 279 280 337 ’.57

1189 289 1568 350 JUSTINIANI
1605 297 1984 360 CONFESSIO
2023 303 2276 362 ΒΕΟΤᾸΞ
2315 303 2516 362 FIDEI.

173 398 279 468 ἆρὰ
321 403 426 461 τοῖς
454 398 527 460 είς
554 403 784 478 πατέρας
816 402 1185 478 ἁμαρτάνουσι,
1221 406 1425 464 δίδασκε
1475 410 1610 479 ἡμας
1640 421 1720 463 καὶ
1749 419 1763 460 ί

1883 409 2084 478 plicare
2123 409 2397 469 festinant.
2430 416 2614 482 Qualis
2641 425 2821 476 autem
2852 428 2934 477 est
2962 422 3377 497 condemnatio,
3407 436 3468 484 et

173 490 287 542 σεία
313 494 502 564 γραφή.
529 495 594 546 εδ
621 495 720 570 γὰρ
749 497 865 564 Χάμ
894 495 918 549 ὁ
951 498 1061 557 υἷός
1088 504 1176 553 τοῦ
1206 506 1309 554 Νῶε
1337 502 1648 568 θεασάμενος
1674 522 1768 573 γυ-

172 579 298 648 μνὸν
323 581 408 635 τὸν
433 578 559 637 ἴδιον
583 586 807 659 πατέρα,
850 589 936 641 καί
973 595 1043 660 μή
1065 589 1296 660 καλύψας
1333 598 1423 649 τήν
1456 597 1548 646 τοῦ
1577 593 1773 671 πατρὸς

174 681 478 746 σωματικήν
529 679 816 750 γύμνωσιν,
861 682 1063 746 ἐξελθὼν
1111 685 1370 757 ἐπήγγειλε
1427 689 1617 746 ταύτην
1664 696 1774 748 τοῖς

172 765 427 842 ἀδελφοῖς,
456 775 541 828 καί
570 773 749 830 ίκεῐνοι
777 775 964 847 ίματίῳ
986 775 1177 837 ταύτην
1204 781 1644 855 περιεσκέπασαν,
1673 784 1775 836 αυ-

171 862 263 921 τὸς
294 859 350 917 δέ
377 865 494 934 Χάμ
514 869 600 919 καί
627 866 674 920 οί
703 868 756 932 ίξ
779 869 939 924 αὐτοῦ
975 871 1288 940 γεννηθέντες
1317 871 1418 926 ὑπὸ
1443 872 1670 946 κατάραν
1694 892 1776 946 γε·

171 953 406 1025 γόνασιν,
435 957 482 1010 οἱ
505 953 561 1012 δέ
582 963 937 1022 σκεπάσαντες
965 963 1192 1032 εὺλνιγίας
1219 963 1440 1036 μεγάλης
1463 964 1768 1028 ἠξιώθησαν·

169 1044 344 1119 πολλῷ
363 1045 547 1112 μᾶλλον
568 1045 949 1123 οὗτοι⁶μείζονος
975 1055 1060 1106 καί
1080 1051 1155 1108 ἔτι
1175 1053 1400 1114 πλείονος
1421 1057 1772 1131 κατακρίσειέκ

170 1141 302 1192 εἰσιν
336 1135 491 1204 ἄξιοι,
519 1141 567 1195 οί
606 1147 697 1204 τήν
736 1142 984 1216 μηδαμῶς
1005 1151 1305 1220 προσοῦσαν
1331 1146 1536 1217 ἀτιμίαν
1557 1154 1622 1221 τῇ
1646 1167 1771 1204 συν·

171 1224 273 1298 ὁδῳ
309 1227 688 1295 σπουδάζοντες
732 1231 818 1288 διὰ
855 1241 947 1294 τῆς
973 1235 1212 1296 ἀσεϐείας
1253 1244 1346 1296 τῆς
1383 1236 1655 1297 ἐπιστολῆς
1688 1240 1771 1292 καί

171 1317 437 1389 Θεοδώρου
462 1326 763 1398 περιάπτειν
793 1327 944 1402 αὐτῇ.
974 1325 1097 1380 Ἀλλ’
1122 1328 1180 1381 ού
1210 1326 1295 1383 διὰ
1319 1333 1470 1384 τοῦτο
1507 1330 1540 1387 ἠ
1577 1330 1769 1389 ἀσεϐὴς

171 1413 434 1478 ἐπιστολή,
459 1414 488 1474 ἦ
516 1417 564 1470 οί
581 1419 775 1478 ταύτης
795 1418 1199 1488 ἀντιποιούμενοι
1226 1421 1542 1493 ίκφεύξονται
1567 1425 1658 1480 τήν
1685 1422 1767 1474 ίπί

168 1513 234 1580 τῇ
256 1508 426 1563 αὐτῶν
451 1510 666 1586 ἀσεϐείᾳ
689 1513 1006 1587 κατάκρισιν.
1035 1510 1154 1567 Ἀλλ’
1176 1511 1292 1568 usae
1316 1510 1579 1584 Θεόδωρος
1598 1511 1625 1569 ὅ
1645 1509 1768 1567 Ἐλ-

168 1596 321 1660 ληνᾶς
358 1619 414 1656 τε
463 1605 548 1656 καί
591 1599 870 1663 Ἰουδαίους
892 1607 977 1658 καί
1020 1609 1215 1664 πάντας
1253 1605 1529 1678 αἱρετικούς
1556 1611 1620 1679 τῇ
1640 1607 1768 1660 ἀσε-

170 1688 287 1763 Gri;
313 1689 766 1765 ὑπερϐαλλόμενος.
795 1688 962 1754 οὗτος
986 1695 1086 1769 γὰρ
1114 1693 1250 1766 πρὸς
1279 1701 1390 1754 ταῖς
1417 1691 1590 1756 ἄλλαις
1609 1695 1762 1750 αὐτοῦ

1859 1240 1998 1286 runt

1879 502 2054 572 qualis
2096 503 2336 559 imminet
2365 507 2670 564 maledictio
2699 511 2778 567 eis
2802 513 2891 583 qui
2919 514 2972 570 in
3003 513 3190 572 Patres
3217 527 3463 588 peccant,

1877 593 2038 649 docet
2061 610 2162 650 nos
2189 604 2246 652 et
2281 597 2458 652 divina
2491 598 2791 670 Scriptura.
2841 603 2898 659 Si
2927 605 3073 660 enim
3113 606 3284 663 Cham
3326 610 3467 668 Illius

1876 683 1994 740 Noe
2037 685 2247 755 (Cenes.
2291 689 2369 759 ιι)
2418 704 2540 745 cum
2573 691 2794 748 vidisset
2821 694 3021 750 nudum
3047 712 3202 752 suum
3231 708 3462 770 patrem,

1875 777 2128 845 quoniam
2155 793 2262 834 non
2283 781 2568 850 c00peruit
2597 783 2762 852 patris
2781 786 3118 856 corporalem
3143 789 3462 856 nuditatem,

1874 867 1968 922 sed
1999 882 2251 937 egressus
2281 873 2547 926 nuntiavit
2573 889 2692 928 eam
2741 875 3027 944 fratribus,
3079 888 3134 935 et
3179 880 3252 936 illi
3293 883 3478 937 vesti-~

1876 966 2058 1014 mento
2069 973 2188 1012 eam
2206 971 2624 1030 cooperuerunt,
2643 963 2759 1034 ipse
2770 964 2986 1033 quidem
3001 965 3192 1033 Cbam,
3210 978 3267 1023 et
3281 967 3357 1024 illi
3367 970 3461 1040 qui

1873 1065 1939 1106 ex
1971 1049 2088 1120 ipso
2115 1052 2226 1106 nati
2255 1059 2403 1119 sunt,
2451 1053 2550 1109 sub
2593 1053 2973 1111 maledictioue
3002 1055 3125 1114 facti
3155 1068 3320 1128 sunt;
3367 1061 3461 1131 qui

1873 1147 2053 1195 autem
2073 1151 2490 1211 cooperuerunt,
2521 1159 2769 1213 magnam
2794 1145 3226 1203 benedictionem
3247 1164 3462 1205 merue-

2045 1249 2058 1285 :
2101 1233 2272 1289 multo
2311 1234 2482 1303 magis
2525 1234 2613 1291 isti
2644 1235 2848 1305 majore
2887 1245 2944 1292 et
2971 1238 3234 1309 ampliore
3261 1240 3464 1297 conde-

1872 1325 2148 1380 mnatione
2173 1326 2316 1395 digni
2358 1337 2503 1391 sunt,
2525 1329 2639 1396 iqui
2667 1329 2734 1383 ad
2762 1331 3023 1400 synodum
3051 1332 3272 1389 minime
3294 1335 3464 1403 perti-

1872 1424 2090 1468 nentem
2114 1415 2406 1482 infamiam,
2427 1417 2681 1473 festinant
2707 1434 2805 1488 per
2830 1420 3163 1491 impietatem
3191 1425 3455 1494 epistokc,

1871 1515 1928 1561 et
1972 1506 2271 1575 Theodori,
2319 1509 2496 1565 eidem
2544 1521 2745 1566 sanctae
2775 1514 2980 1583 synodo
3009 1516 3300 1586 applicare.
3347 1514 3460 1573 Sed

1873 1613 1980 1652 non
2013 1597 2133 1652 ideo
2165 1599 2324 1668 impia
2348 1601 2605 1671 epistola,
2635 1603 2720 1657 vel
2751 1602 3103 1660 defendentes
3131 1621 3284 1674 eam,
3324 1623 3462 1663 con-

1870 1685 2271 1744 demnationem
2320 1708 2428 1746 suae
2471 1692 2766 1763 impietatis
2805 1691 3062 1764 effugient
3104 1710 3119 1748 :
3159 1695 3254 1750 sed
3285 1712 3460 1766 neque

166 1779 516 1853 βλασφημίαις
539 1784 627 1836 οὐκ
648 1787 860 1859 ἠρκέσθη
885 1792 960 1856 τῷ
985 1786 1114 1860 πρὸς
1134 1790 1224 1844 τὴν
1250 1782 1382 1840 ἰδίαν
1413 1783 1600 1842 πλάνην
1625 1805 1760 1861 παρ-

1870 1775 2217 1845 Tlieodorus,
2254 1781 2344 1850 qui
2387 1795 2625 1852 paganos
2653 1793 2704 1839 et
2735 1783 2965 1850 Judmos,
2994 1795 3048 1840 et
3075 1801 3266 1842 omnes
3297 1788 3461 1842 διετο-

167 1879 485 1944 ερμηνεῦσαι
510 1874 570 1929 τὸ
607 1875 861 1947 σύμϐολον
902 1883 1002 1930 τῶν
1026 1881 1333 1951 τριακοσίων
1360 1875 1481 1932 δέκα
1523 1881 1607 1933 καί
1633 1879 1764 1934 ὀκτὼ

167 1961 326 2034 ἆγίωι
365 1965 628 2036 πατέρων.
660 1965 784 2021 ἀλλά
825 1969 908 2022 καί
943 1972 1319 2042 περιφρονήσας
1361 1970 1546 2024 τούτου
1585 1968 1763 2042 ἕτερον

169 2055 427 2127 σύμϐολον
456 2057 646 2121 έξίθετο
683 2059 856 2119 πάσης
892 2061 1135 2120 ἀσεεείας
1180 2061 1605 2136 πεπληρωμένον,
1646 2063 1698 2116 έν
1723 2060 1764 2135 ᾧ

166 2146 530 2216 ἆναθεματίσαι
564 2149 688 2209 τοὺς
735 2147 921 2224 έτέρως
969 2156 1293 2224 φρονοῦντας,
1321 2150 1350 2210 ἦ
1387 2149 1763 2228 παραδιδόντας

166 2236 460 2308 ίτόλμησεν·
491 2237 624 2293 ὥστε
669 2235 787 2292 ὅσον
822 2241 953 2295 κατά
992 2247 1082 2300 τήν
1120 2243 1314 2296 ἐκείνων
1349 2245 1532 2313 μανίαν
1564 2244 1762 2307 πάντας

165 2330 286 2388 τούς
329 2327 510 2400 ἁγίους
545 2325 880 2393 ἀποστόλους,
929 2335 1014 2385 καί
1061 2335 1290 2405 πατέρας
1334 2335 1758 2410 κατακεκρίσθαν

168 2426 314 2474 τοῦτο
355 2418 412 2475 δὲ
450 2420 509 2475 τὸ
550 2421 735 2482 ἀσεϐές
765 2421 1026 2497 Θεοδώρου
1063 2426 1320 2494 σύμϐολον
1363 2429 1444 2480 καί
1472 2427 1521 2480 έν
1559 2436 1620 2502 τῇ
1652 2427 1762 2483 κατ’

165 2505 374 2582 Ἐγεσσν
419 2514 600 2586 πρώτῃ
627 2511 826 2568 συνὸδω
865 2518 1224 2588 προκομιοθέν.
1272 2521 1358 2572 καί
1409 2519 1458 2572 ἐν
1492 2518 1764 2578 Χαλκηδόνι

164 2605 483 2677 ἀναγνωσθίν
508 2606 587 2679 ὑφ’
614 2608 858 2684 έκατέρας
885 2609 1104 2665 συνόδου
1133 2613 1264 2680 μετά
1287 2617 1374 2666 τοῦ
1397 2613 1659 2682 ίκθεμένιυ
1680 2617 1766 2668 καί

164 2703 266 2750 τῶν
293 2694 569 2769 δεξαμένων
599 2700 722 2752 αὐτ.
753 2703 1036 2772 κατεκρίθη.

233 2966 438 3026 Ἐπειδή
480 2965 533 3021 δέ
574 2989 702 3030 τινες
731 2969 816 3024 τὸν
843 2969 976 3044 ὑπὲρ
1003 2971 1263 3044 Θεοδώρου
1291 2970 1436 3043 λόγον
1473 2975 1764 3042 ποιούμενοι

165 3081 200 3113 π
206 3081 292 3131 ρος
304 3063 544 3135 ερομένων
570 3067 669 3115 τῶν
696 3061 899 3117 ἀσεϐῶν
919 3064 1076 3116 αὐτοῦ
1104 3065 1522 3136 συγγραμμάτων
1558 3062 1640 3118 διὰ
1673 3071 1762 3122 τήν

1868 1871 2006 1924 ticos
2047 1872 2325 1942 impietate
2364 1886 2608 1945 superat.
2653 1875 2825 1947 impio
2856 1879 2999 1932 enim
3037 1875 3325 1936 Theodoro
3351 1897 3458 1937 non

1866 1961 2079 2017 suffecit
2107 1978 2270 2033 super
2296 1965 2430 2020 alias
2467 1965 2584 2035 ejus
2619 1967 2984 2040 blasphemias
3020 1971 3087 2026 ad
3115 1987 3268 2026 suum
3305 1987 3455 2028 erro-

1867 2067 1982 2107 rem
2015 2054 2154 2109 male
2183 2055 2523 2126 interpretari
2545 2059 2848 2130 symbolum
2879 2071 3240 2118 trecentorum
3266 2063 3456 2121 decem

1866 2151 1920 2198 et
1941 2153 2064 2199 octo
2092 2155 2403 2202 sanctorum
2436 2146 2679 2215 Patrum,
2721 2150 2817 2206 sed
2843 2151 3005 2208 etiam
3025 2162 3340 2226 contempto
3361 2170 3450 2222 eo,

1864 2233 2008 2289 aliud
2038 2237 2342 2307 symbolum
2373 2240 2625 2308 exposuit
2653 2242 2799 2296 omni
2829 2243 3104 2313 impietate
3133 2247 3368 2317 plenum,
3400 2249 3455 2304 in

1863 2340 1973 2396 quo
2002 2328 2465 2385 anathematizare
2505 2345 2668 2386 ausus
2696 2342 2780 2388 est
2805 2349 2901 2389 eos
2940 2335 3034 2406 qui
3062 2336 3220 2392 aliter
3237 2339 3453 2409 sapiunt

1863 2421 1948 2476 vel
1981 2421 2217 2486 tradunt,
2245 2431 2324 2491 ut,
2355 2433 2615 2494 quantum
2637 2425 2705 2481 ad
2733 2427 2873 2482 illius
2901 2429 3165 2485 insaniam
3195 2433 3452 2502 pertinet,

1864 2527 2054 2566 omnes
2077 2515 2255 2574 sancti
2267 2516 2498 2584 apostoli
2524 2525 2579 2571 et
2597 2515 2784 2573 Patres
2805 2520 3314 2578 condemnarentur.
3338 2521 3456 2579 ilnc

1863 2609 2047 2657 autem
2077 2603 2346 2660 Theodori
2378 2605 2598 2676 impium
2632 2598 2933 2679 symbolum
2978 2619 3034 2664 et
3081 2611 3136 2665 in
3186 2610 3452 2683 Ephesius

1864 2692 2037 2762 prima
2077 2693 2287 2766 synodo
2314 2696 2605 2766 prolatum,
2639 2706 2694 2752 et
2724 2698 2777 2752 in
2805 2695 3236 2756 Chalcrdnncusi
3264 2704 3461 2758 recita-

1865 2793 2000 2847 tum.
2031 2787 2099 2841 ab
2124 2795 2352 2857 utraque
2380 2789 2590 2860 synodo
2614 2805 2735 2846 cum
2761 2791 2878 2859 ejus
2907 2795 3251 2862 expositore,
3297 2807 3352 2850 et
3379 2797 3460 2852 eis

1865 2878 1957 2948 qui
1985 2878 2114 2933 illud
2145 2881 2478 2950 suscipiunt,
2509 2882 2923 2938 condemnatum
2955 2893 3054 2941 est.

1938 2967 2204 3036 Quoniam
2233 2978 2416 3026 autem
2445 2972 2694 3042 quidam,
2742 2976 2906 3028 verba
2936 2992 3037 3046 pro
3063 2976 3349 3036 Theodoro
3374 2981 3455 3037 fa-

1867 3058 2094 3124 cientes,
2119 3073 2240 3114 cum
2270 3057 2621 3130 proferuntur
2644 3063 2808 3132 impia
2839 3063 2956 3133 ejus
2984 3069 3312 3140 conscripta,
3339 3087 3460 3142 pro-

165 3150 242 3202 ἔνο
281 3171 380 3205 σαν
432 3151 610 3212 αὐτος
646 3153 964 3228 βλασφημίαν
1008 3161 1412 3228 προσποιοῦνται
1455 3157 1545 3226 μὲν
1577 3156 1759 3228 λέγειν,

1870 3161 1989 3218 pter
2034 3149 2292 3205 insertam
2332 3151 2412 3206 eis
2448 3151 2838 3222 blasphemiam
2886 3154 3202 3226 confingunt
3239 3160 3458 3229 quidem

164 3242 244 3296 ὅτι
271 3243 436 3300 ἀσεϐῆ
462 3249 633 3298 ταῦτα
675 3246 946 3315 τυγχυάνει.
975 3246 1121 3300 αὐτὸν
1161 3244 1214 3300 δέ
1252 3247 1340 3302 τὸν
1365 3246 1604 3305 τοιαύτην
1638 3248 1764 3301 ἀσέ-

165 3335 308 3387 ϐειαν
336 3334 646 3403 ίξεμέσαντα
674 3341 1041 3410 παραιτοῦνται
1083 3337 1481 3406 ἀναθεματίζειν,
1505 3335 1763 3411 θαυμαζο-

163 3447 257 3498 μεν
283 3435 376 3486 τήν
406 3431 602 3483 τούτων
628 3425 822 3491 ἄνοιαν,
855 3428 932 3483 ὅτι
957 3439 1022 3506 τῇ
1047 3433 1153 3504 θείᾳ
1186 3431 1438 3512 τολμῶσιν
1469 3431 1763 3486 ἐναντιοῦσ-

161 3525 244 3577 θαι
269 3530 440 3598 γραφῇ
464 3529 684 3597 φανερῶς
709 3525 952 3594 λεγούστ,
980 3520 1057 3576 ὅτι
1081 3540 1102 3573 ε
1128 3523 1174 3574 ἐν
1198 3521 1292 3594 ἴσῳ
1319 3523 1511 3594 μισητά
1537 3531 1646 3594 Θεῷ
1679 3528 1766 3578 γαί

161 3612 191 3669 ὃ
215 3614 422 3668 ἀσεϐῶν
443 3616 527 3666 καί
550 3617 580 3671 ἡ
601 3614 804 3668 ἀσέϐεια
826 3616 984 3668 αὑτοῦ
1029 3631 1048 3664 ι
1083 3616 1170 3667 καί
1197 3615 1295 3687 γὰρ
1321 3615 1381 3668 τὸ
1409 3615 1648 3688 ape/.65»
1669 3618 1766 3668 σύν

160 3715 237 3776 τῷ
276 3705 527 3781 δράσαντι
566 3707 940 3761 κολασθήσεται,
978 3707 1034 3759 Ei
1061 3703 1112 3760 δὲ
1141 3704 1326 3778 ὁμοίως
1442 3708 1595 3760 αὐτοῦ
1636 3707 1760 3760 ἀσε-

163 3797 280 3872 ϐιίᾳ
307 3799 519 3868 μισι,τὸς
546 3804 656 3870 Θεῷ
683 3800 768 3851 καὶ
793 3796 818 3850 ὁ
848 3797 1071 3862 ἀσεϐῶν,
1108 3794 1358 3873 πρόδηλον
1386 3799 1454 3855 ὡς
1483 3795 1508 3850 ὁ
1535 3803 1763 3856 τοιοῦτος

159 3893 480 3964 κεχώρισται
501 3897 594 3945 τοῦ
620 3897 772 3952 Θεοῦ,
801 3892 887 3944 καί
912 3896 985 3962 τῷ
1008 3890 1284 3959 ἀναθίματι
1309 3886 1517 3950 δικαίως
1543 3888 1763 3944 ὑποϐάλ-

157 3979 324 4037 λεται.
355 3983 424 4037 Τὸ
443 3985 544 4057 γὰρ
565 3981 792 4053 ἀνάθεμα
831 3980 973 4036 οὐδὲν
1001 3983 1173 4056 ἕτερον
1203 3985 1455 4052 σημαίνει,
1483 3980 1514 4040 ἢ
1549 3981 1636 4037 τὸν
1661 3981 1762 4036 ἀπὸ

158 4079 254 4126 τοῦ
277 4079 408 4128 Θεοῦ
437 4075 726 4150 χωρισμὸν,
759 4075 827 4133 ὡς
854 4074 906 4127 ίν
946 4080 1009 4147 τῇ
1037 4072 1230 4145 παλαιᾷ
1253 4076 1331 4128 καί
1368 4081 1514 4143 καινῇ
1553 4070 1762 4146 διαθήκῃ

158 4165 221 4218 τὸ
248 4166 484 4240 περὶτοῦ
523 4163 832 4235 ἀναθέματος
870 4169 1034 4234 κρῖμα
1072 4159 1238 4220 δηλοῖ.
1260 4158 1376 4218 ὀτι
1416 4160 1468 4216 δέ
1516 4159 1542 4215 ὁ
1587 4163 1762 4239 κύριος

159 4257 286 4317 τοὺς
315 4261 385 4326 μή
417 4251 567 4316 ὄντας
603 4256 654 4309 ἐν
680 4261 752 4328 τῷ
777 4262 866 4316 τῆς
891 4255 1115 4314 ἀληθείας
1145 4255 1303 4308 αὐτοῦ
1329 4253 1483 4328 λέγω.
1509 4274 1763 4326 κεχωρισ-

161 4349 348 4422 μένους
393 4343 519 4402 εἶναι
567 4346 697 4418 λέγει
723 4355 814 4407 τίς
861 4347 1144 4409 ἐκκλησίας,
1189 4345 1240 4399 έν
1277 4353 1349 4418 τῷ
1378 4347 1510 4401 κατά
1535 4343 1762 4404 Ἰωάννην

161 4440 440 4512 εὐαγγελίῳ
462 4440 593 4514 πρὸς
621 4441 742 4499 τοὺς
769 4437 1048 4499 Ἰουδαίους
1073 4437 1418 4510 διαλεγόμενος
1445 4438 1580 4492 οὕτω
1619 4441 1754 4510 φησί’

1869 3242 2048 3300 dicere
2073 3243 2219 3314 quod
2251 3243 2412 3314 impia
2440 3254 2594 3310 sunt,
2625 3245 2798 3316 ipsum
2827 3255 3008 3302 autem
3049 3249 3140 3318 qui
3170 3250 3330 3306 talem
3358 3251 3461 3306 im-

1869 3336 2125 3407 pietatem
2155 3337 2423 3401 evonfnit,
2474 3345 2725 3392 recusant
2753 3339 3214 3396 anathematizare
3246 3359 3260 3395 :
3294 3341 3460 3397 mira-

1867 3443 1990 3482 mur
2014 3442 2202 3483 eorum
2228 3427 2578 3492 dementiam,
2607 3427 2756 3498 quod
2779 3429 2974 3484 divinae
3002 3430 3294 3501 Scriptum:
3321 3449 3457 3489 con-

1867 3518 2030 3573 traria
2061 3526 2246 3587 agunt,
2280 3517 2563 3573 evidenter
2589 3519 2810 3584 dicenti,
2843 3520 2970 3589 quia
2998 3523 3268 3592 equaliter
3294 3523 3458 3579 horri-

1867 3609 1993 3663 bilia
2022 3619 2143 3662 sunt
2171 3609 2312 3680 apud
2351 3607 2520 3663 Deum
2546 3611 2738 3680 impius
2784 3621 2833 3665 et
2863 3613 3103 3682 impietas
3142 3614 3256 3684 ejus
3284 3615 3457 3687 (Sep.

1866 3703 2002 3769 xiv).
2034 3699 2194 3757 Actio
2232 3700 2377 3755 enim
2417 3715 2540 3756 cum
2568 3711 2791 3757 auctore
2820 3701 3048 3776 [actore]
3091 3708 3380 3773 punietur:
3411 3708 3458 3762 si

1866 3804 2046 3850 autem
2071 3795 2320 3849 similiter
2342 3795 2602 3864 impietati
2631 3796 2904 3852 horribilis
2923 3807 3006 3852 est
3028 3797 3141 3854 Deo
3166 3808 3223 3854 et
3251 3799 3342 3856 ille
3362 3801 3457 3870 qui

1865 3887 2028 3958 impie
2056 3887 2185 3955 agit,
2213 3895 2364 3942 certe
2392 3896 2674 3956 separatus
2699 3897 2781 3942 est
2808 3889 2930 3944 talis
2951 3903 2981 3942 a
3003 3887 3134 3954 Deo,
3155 3897 3210 3944 et
3235 3892 3458 3947 anathe-

1864 3978 1993 4032 mati
2034 3978 2180 4048 juste
2223 3977 2526 4048 subjicitur.
2555 3978 2856 4033 Anathema
2885 3981 3027 4033 enim
3056 3981 3188 4035 nihil
3213 3983 3356 4038 aliud
3385 3985 3459 4038 si-

1864 4069 2112 4140 gniﬁcat,
2147 4070 2244 4124 nisi
2276 4085 2304 4124 a
2337 4070 2447 4125 Deo
2475 4070 2876 4140 scparationem
2897 4115 2911 4139 ,
2939 4072 3078 4127 sicut
3112 4072 3166 4126 in
3193 4072 3376 4128 Veteri
3402 4083 3459 4130 et

1865 4165 2016 4219 Novo
2042 4163 2389 4219 Testamento
2413 4162 2672 4231 judicium
2695 4163 2764 4218 de
2790 4163 3136 4220 anathemate
3163 4163 3452 4235 significat.

1864 4255 2018 4322 Quod
2049 4266 2230 4309 autem
2257 4263 2314 4308 et
2342 4253 2602 4308 Dominus
2630 4267 2728 4308 eos
2764 4253 2854 4324 qui
2887 4270 2993 4309 non
3038 4263 3356 4324 permanent
3401 4257 3456 4312 in

1863 4346 2031 4400 verbo
2061 4345 2302 4400 veritatis
2351 4343 2556 4413 ipsius,
2615 4352 2898 4413 separatos
2933 4357 3054 4398 esse
3103 4345 3172 4400 ab
3213 4343 3455 4401 Ecclesia

1863 4437 2015 4504 dicit,
2045 4437 2096 4492 in
2127 4435 2420 4503 Evangelio
2447 4435 2742 4490 secundum
2768 4431 3031 4488 Joannem
3060 4433 3276 4491 Judzeos
3315 4435 3454 4491 allo-

166 4550 188 4583 ε
215 4539 319 4594 Πᾶς
341 4530 536 4587 ὁποιῶν
562 4536 654 4589 τήν
675 4529 928 4600 ἁμαρτίαν
949 4527 1126 4588 δοῦλός
1155 4529 1265 4583 ἐστι
1292 4535 1384 4588 τῆς
1411 4527 1687 4601 ἁμαρτίας.
1710 4541 1763 4582 ‘0

1871 4545 2062 4599 quens,
2104 4529 2181 4582 sic
2204 4529 2279 4580 ait
2322 4543 2337 4578 :
2382 4526 2566 4579 Omnis
2593 4525 2679 4596 qui
2709 4525 2834 4594 facit
2861 4533 3145 4593 peccatum,
3177 4542 3350 4582 serrus
3378 4538 3460 4583 εει

163 4623 214 4678 δέ
245 4623 424 4682 δοῦλος
447 4628 502 4676 οὗ
530 4625 663 4687 μένει
684 4625 734 4676 ἐν
762 4631 823 4697 τῇ
844 4625 978 4696 οἰκίᾳ
1005 4626 1076 4682 εἰς
1103 4624 1184 4678 τὸν
1220 4625 1400 4687 αἰῶνα,
1425 4619 1524 4676 ὁδέ
1545 4623 1652 4680 υίὸς
1678 4624 1761 4690 μὲ-

162 4738 236 4773 υει
263 4721 337 4776 είς
366 4718 449 4771 τὸν
469 4721 648 4770 αἰῶνα.
683 4734 700 4765 ι
729 4713 844 4770 Ὀτι
871 4711 924 4768 δέ
946 4719 1034 4772 τήν
1051 4715 1196 4788 παρὰ
1217 4720 1306 4768 τοῦ
1329 4715 1507 4783 κυρίου
1525 4715 1760 4782 ὠνομασ-

163 4813 320 4881 μένην
361 4811 518 4863 οἰκίαν
559 4810 590 4866 vi
616 4810 722 4861 θεία
760 4812 924 4880 γραφή
945 4806 1209 4861 ἐκκλησίαν
1248 4811 1374 4858 Θεοῦ
1398 4809 1580 4869 ζῶ.το;
1604 4805 1756 4865 mhi,

162 4901 192 4956 ὁ
217 4898 503 4958 ἀπόστολος
545 4907 801 4971 μαρτυρεῖ
837 4899 884 4950 ί»
918 4904 978 4971 τῇ
1013 4899 1144 4968 πρὸς
1179 4895 1418 4964 Τιμόθεον
1452 4899 1625 4972 πρώτῃ
1653 4897 1761 4949 ἐπι·

164 4993 346 5065 στολῇ.

237 5087 297 5137 Ei
331 5079 384 5136 δέ
429 5081 634 5155 λέγουσί
679 5098 812 5138 τινες
848 5084 916 5150 μή
957 5077 1058 5132 δεῖν
1098 5075 1354 5150 Θιὸδωρον
1385 5077 1516 5147 μετά
1552 5075 1761 5130 θάνατον

163 5175 640 5247 ἀναθεματίζισθαι,
675 5173 904 5226 ἴστωσαν
933 5171 980 5224 οἱ
1009 5171 1090 5226 τὸν
1120 5176 1345 5225 τοιοῦτον
1387 5170 1634 5245 αῖρετικὸν
1676 5169 1758 5221 έκο

163 5267 447 5329 δικοῦντες,
503 5267 572 5325 ὡς
625 5268 732 5322 πᾶς
785 5261 1035 5337 αἱρετικός
1079 5263 1244 5334 μέχρι
1292 5260 1464 5320 τέλους
1502 5269 1564 5333 τῇ
1603 5261 1760 5333 οἰκεία

165 5359 332 5432 πλάνῃ
367 5356 610 5426 ἐμμείνας
647 5351 959 5423 δικαιότερον
1001 5349 1219 5408 διηνεκεῖ
1265 5352 1649 5421 ἁναθεματισμῷ
1678 5354 1762 5405 καί

165 5455 296 5522 μετά
322 5451 535 5503 θάνατον
568 5443 929 5499 ὑποϐάλλεται.
973 5444 1072 5496 Καί
1090 5445 1243 5494 τοῦτο
1274 5442 1356 5493 ἐπί
1385 5439 1590 5499 πολλοῖς
1624 5442 1763 5512 γέγο-

167 5565 244 5602 νεν
271 5545 550 5620 αίρετικοῐς
571 5539 936 5614 ἀρχαιοτέροις
961 5555 1015 5591 τε
1054 5538 1140 5588 καί
1180 5541 1282 5594 τοῖς
1309 5533 1590 5606 ἐγγυτέρω·
1616 5554 1762 5588 τουτε

165 5640 277 5693 έστι
319 5635 614 5702 Βαλεντίνῳ,
649 5625 948 5699 Βασιλείδῃ,
991 5625 1288 5697 Μαρκίωνι,
1319 5623 1568 5697 Κορίνθῳ,
1601 5634 1756 5676 Mast-

167 5731 323 5801 χαίῳ.
353 5725 612 5795 Βύνομίῳ,
637 5721 722 5774 καί
750 5715 970 5786 Βονόσῳ·
993 5720 1147 5768 τοῦτο
1173 5712 1227 5768 δὲ
1250 5713 1373 5768 αὺτό
1396 5715 1481 5766 καί
1521 5713 1606 5767 ίπί
1635 5720 1759 5768 Θεο-

167 5815 312 5892 δῶρῳ
338 5815 510 5886 γέγονε
535 5812 620 5865 καί
645 5809 698 5862 έν
725 5811 830 5878 ζωῇ
859 5805 1264 5879 κατηγορηθέντι,
1290 5805 1372 5856 καί
1401 5804 1530 5874 μετά
1555 5803 1761 5858 θάνατον

1867 4621 2081 4688 peccati.
2117 4617 2304 4672 Servus
2326 4625 2494 4668 autem
2523 4632 2625 4668 non
2649 4624 2818 4668 manet
2840 4616 2894 4668 in
2924 4615 3148 4669 domoin
3171 4626 3454 4683 (sternunt;

1867 4712 2009 4780 ﬁlius
2037 4719 2205 4763 autem
2234 4717 2499 4776 permanet
2537 4706 2589 4760 in
2618 4715 2869 4760 intentum
2897 4707 2916 4778 (
2933 4705 3095 4762 Joan.
3121 4708 3268 4777 vni).
3299 4708 3455 4775 Quod

1868 4811 2069 4862 autem.
2099 4817 2260 4870 quam
2293 4800 2552 4854 Dominus
2583 4798 2825 4852 nominat
2845 4797 3089 4868 domum,
3113 4800 3291 4856 divina
3316 4801 3458 4857 Scri-

1867 4903 2022 4963 ptura
2073 4891 2364 4946 Ecclesiam
2414 4889 2507 4944 Dei
2539 4889 2642 4942 vivi
2689 4896 2878 4956 vocat,
2907 4885 3198 4958 Apostolus
3226 4899 3455 4946 testatur

1867 4984 1922 5039 in
1951 4983 2190 5052 Epistola
2219 4983 2387 5051 prima
2419 4981 2485 5034 ad
2513 4980 2854 5034 Timotheum
2887 4980 3040 5051 (Cap.
3069 4984 3171 5048 ut).

1934 5077 1991 5132 Si
2018 5091 2146 5130 vero
2176 5073 2391 5142 quidam
2415 5071 2630 5136 dicunt,
2682 5087 2790 5126 non
2818 5079 3076 5141 oportere
3105 5071 3448 5129 Theodorum

1863 5176 1986 5238 post
2007 5173 2236 5222 mortem
2263 5162 2707 5218 anathematizari
2725 5203 2740 5229 ,
2773 5163 2948 5218 sciant
2967 5163 3252 5232 qui-talem
3281 5165 3452 5220 btere-

1864 5260 2026 5314 ticum
2055 5255 2388 5317 defendunt,
2438 5252 2582 5324 quod
2623 5255 2796 5308 omnis
2842 5253 3127 5309 haereticus
3173 5267 3340 5324 usque
3379 5255 3450 5310 ad

1867 5347 2027 5404 linem
2056 5349 2180 5400 vitae
2211 5346 2264 5399 in
2293 5359 2396 5399 suo
2425 5359 2612 5400 errore
2638 5357 2990 5412 permanens,
3016 5345 3164 5414 juste
3189 5355 3452 5415 perpetuo

1864 5437 2195 5494 anathemati
2243 5435 2301 5490 et
2347 5418 2469 5504 post
2507 5442 2736 5488 mortem
2767 5433 3072 5502 subjicitur.
3123 5432 3200 5488 Et
3246 5436 3351 5492 hoc
3398 5437 3452 5492 in

1864 5527 2046 5583 multis
2075 5524 2347 5580 haereticis
2374 5534 2430 5579 ct
2459 5521 2854 5590 antiquioribus
2881 5530 2939 5578 et
2983 5523 3328 5593 propioribus
3368 5523 3450 5579 fa-

1863 5629 2008 5675 ctum
2051 5624 2156 5682 est,
2203 5615 2258 5672 id
2287 5625 2370 5670 est
2398 5613 2714 5680 Valentino,
2747 5612 3004 5683 Basilide,
3030 5614 3321 5680 Marciane,
3349 5614 3456 5672 Ce-

1863 5710 2068 5775 rintho,
2103 5706 2422 5771 Manichazo,
2454 5705 2756 5773 Eunomia,
2784 5713 2840 5760 et
2867 5703 3102 5763 Bonoso.
3132 5704 3250 5762 Hoc
3269 5715 3454 5764 autem

1861 5802 2004 5858 idem
2035 5809 2091 5858 et
2115 5801 2170 5857 in
2201 5797 2490 5856 Theodoro
2511 5797 2713 5854 factum
2741 5805 2844 5864 est,
2871 5806 2928 5852 et
2956 5795 3011 5852 in
3039 5797 3150 5854 vita
3171 5807 3448 5869 accusato,
