3952 6382
460 344 568 400 2'59
1829 315 2096 377 VlGlLlU!

2198 312 2359 369 *APA.
2396 301 2406 310 '
3625 297 3738 352 9M

463 459 904 523 ἀναθεματισθέντι
931 455 1032 510 ὑπὸ
1059 460 1158 509 τῶν
1187 451 1342 523 ἀγίων
1361 447 1614 520 πατέρων.
1645 440 1728 503 Οἷς
1761 443 1803 496 εί
1831 444 1899 510 μή
1929 436 2044 512 βού-
2074 436 2096 495 Α

2198 445 2206 482 ι
2242 435 2366 499 post
2402 435 2627 482 mortem
2660 419 3114 477 anathematizato
3155 433 3184 472 a
3221 417 3422 471 sanctis
3461 412 3740 474 Patribus,

615 505 912 592 Γ
1337 561 1382 592 Δ,
1409 505 1595 592 -.-ξ-ω
1628 505 2044 592 ἑψηηὲθτηξυη
2149 521 2342 592 quibus
2363 519 2406 572 si
2435 517 2658 573 credere
2689 513 2959 569 noluerint
2987 520 3048 566 ut
3075 508 3312 565 haeretici
3345 507 3462 574 ejus
3482 505 3742 560 defenso-

2150 629 2258 679 res,
2289 611 2375 666 vel
2405 610 2580 680 impiae
2609 607 2868 676 epistolic,
2917 618 3078 675 quam
3109 601 3210 672 ipsi
3252 598 3580 662 defendunt.
3613 614 3743 653 crc-

2148 685 2300 759 idant.
2366 703 2499 768 Quae
2540 701 2665 754 lieet
2709 697 3050 752 Theodorum
3107 692 3412 750 collaudet.
3455 687 3747 745 manifeste

2157 805 2334 846 tamen
2365 789 2512 852 dii-it,
2545 787 2687 856 quod
2719 787 2770 840 in
2801 785 3036 839 Ecclesia
3067 798 3097 835 ει
3117 781 3318 837 sanctis
3343 779 3591 833 Patribus
3611 793 3748 831 ana-

2157 881 2536 937 thematizatus
2564 887 2676 942 cst,
2723 885 2781 932 et
2809 891 2878 930 cx
2919 875 3012 928 illo
3038 872 3266 943 plurima
3299 869 3576 940 inquisitio
3605 868 3752 923 facta

2159 981 2242 1028 est
2269 972 2335 1025 de
2363 969 2478 1038 ejus
2505 967 2846 1035 conscriptis,
2871 972 2930 1019 ut
2958 971 3085 1033 pote
3109 961 3282 1032 plenis
3307 960 3605 1030 impietate.
3631 957 3753 1012 Hoc

466 586 636 630 λονται
676 569 934 626 πείσεσθαι
957 569 1024 627 ὡς
1057 564 1298 640 αίρετικοί
1337 561 1382 616 oi
1409 562 1595 618 τούτου
1627 553 2047 625 ἀντιποιούμενοι,

469 673 526 737 τῇ
565 669 688 737 γοῦν
733 658 856 733 παρ’
903 659 1065 712 αὐτῶν
1110 653 1429 727 ἐκδικουμένη
1467 651 1648 706 ἀσεϐεῖ
1674 647 1917 717 ἱπιστολῇ
1963 667 2050 698 πι-

471 754 858 813 ετευσάτωσαν,
886 751 997 810 ἦτις
1025 753 1068 804 εί
1103 750 1188 803 καί
1226 749 1288 802 τά
1314 747 1536 816 μάλιστα
1557 741 1810 816 Θεόδωρον
1841 737 2052 798 ἐκδικεῖ,

466 845 603 917 ὅμως
641 851 863 919 φανερῶς
905 843 1054 916 λέγει,
1105 839 1184 898 ὅτε
1227 842 1310 894 καί
1353 841 1434 893 ἐπί
1459 836 1722 898 ἐκκλησίας
1748 835 1872 907 παρ’
1901 832 2054 902 ἀίων

473 938 705 1010 πατέρων
725 935 1110 1008 ἀνεθεματίσθη,
1138 935 1221 986 καί
1245 933 1292 996 ἐξ
1329 932 1520 984 ἐκείνου
1549 927 1700 985 πολλή
1738 931 1946 989 ζάτησιῖ
1973 923 2056 991 γέ·

470 1049 584 1101 γονε
615 1031 732 1104 περὶ
759 1034 856 1083 τῶν
881 1029 1039 1082 αὐτοῦ
1062 1027 1501 1099 συγγραμμάτων,
1529 1022 1596 1080 ὡς
1623 1018 1862 1076 ἀσεϐείας
1891 1015 2059 1075 δηλον-

477 1121 554 1173 ότι
585 1118 1016 1192 πεπληρωμένων·
1049 1122 1205 1171 τοῦτο
1245 1112 1298 1168 δὲ
1340 1114 1534 1168 ἐποίουν
1572 1115 1852 1168 τηνικαῦτα
1892 1108 1938 1164 oi
1971 1115 2061 1166 τῆς

479 1211 730 1268 καθολικῆς
760 1209 1044 1270 ἐκκλησίας,
1075 1203 1144 1278 ἐφ’
1168 1204 1206 1277 ᾧ
1233 1210 1304 1274 μή
1325 1206 1445 1264 τοὺς
1473 1201 1856 1274 ἁπλουστέρους
1885 1201 2063 1269 ἐντυγ·

484 1301 739 1370 χάνοντας
764 1307 870 1357 τοῖς
919 1297 1101 1350 ἐκείνου
1133 1295 1348 1351 ἀσεϐέσι
1376 1294 1748 1368 συγγράμμασι
1789 1299 1882 1351 τῆς
1921 1291 2065 1364 ὀρθῆς

485 1391 890 1465 παρατρέπῖσθαι
929 1388 1172 1448 πίστεως.
1199 1386 1313 1442 Ὀτι
1357 1386 1409 1440 δὲ
1453 1388 1497 1440 οί
1544 1387 1752 1445 ἀσεϐεῖς
1798 1386 1842 1438 εί
1888 1386 1971 1438 καί
1998 1386 2070 1455 μή

486 1485 618 1538 κατά
661 1483 931 1558 πρόσωπον
979 1483 1070 1551 μέν
1128 1481 1178 1536 ἐν
1224 1484 1325 1554 ζωῇ
1365 1478 1604 1542 δέξωνται
1649 1477 2068 1548 ἀναθεματισμόν,

489 1571 626 1645 ὅμως
653 1577 732 1628 καί
758 1574 890 1645 μετά
910 1574 1122 1628 θάνατον
1148 1573 1596 1640 ἀναίεματίζοντκι
1624 1567 1728 1624 ὐπὸ
1761 1575 1851 1625 τῆς
1887 1566 2074 1619 καθολι-

491 1675 579 1727 κῆς
623 1665 910 1725 ίκκλησίας,
941 1662 1194 1720 δείκνυται
1219 1663 1270 1716 ἐκ
1297 1669 1395 1717 τῶν
1432 1661 1586 1736 ἁγίων
1628 1659 1872 1716 συνόδων.
1904 1670 1955 1713 Ἦ
1983 1661 2074 1729 μὲν

2162 1071 2342 1117 autem
2375 1070 2502 1114 tunc
2529 1058 2795 1112 faciebant
2839 1054 3123 1109 catholicm
3167 1050 3428 1106 Ecclesia:
3474 1050 3753 1113 doctores,

2163 1167 2232 1208 ne
2261 1151 2616 1220 simpliciores
2664 1147 2902 1213 legentes
2947 1144 3089 1197 illius
3133 1141 3295 1211 impia
3323 1142 3670 1209 conscripta,
3723 1155 3756 1192 a

2164 1252 2311 1299 recta
2341 1241 2444 1297 llde
2469 1239 2825 1295 declinarent.
2874 1233 3028 1302 Quod
3051 1243 3232 1288 autem
3263 1231 3442 1302 impii,
3489 1231 3621 1286 licet
3642 1245 3756 1284 non

2167 1335 2222 1390 in
2245 1334 2356 1389 vita
2384 1334 2440 1387 in
2466 1345 2618 1386 suam
2651 1342 2939 1400 personam
2968 1325 3256 1380 anathema
3284 1323 3644 1394 susceperint,
3671 1331 3758 1376 ta-

2169 1439 2293 1481 men
2328 1431 2386 1479 et
2435 1429 2556 1493 post
2603 1428 2832 1474 mortem
2873 1414 3398 1470 anathematizentur
3426 1428 3456 1467 a
3485 1411 3758 1468 catholica

2171 1515 2408 1572 Ecclesia
2429 1555 2444 1582 ,
2475 1511 2776 1568 ostenditur
2804 1523 2837 1562 a
2863 1507 3064 1562 sanctis
3091 1503 3332 1576 synodis.
3364 1503 3581 1558 Nicena
3611 1503 3759 1557 enim

2172 1605 2408 1678 synodus
2437 1618 2532 1658 eos
2555 1601 2646 1671 qui
2683 1599 2831 1670 impii
2878 1594 3140 1670 [impiam]
3171 1595 3285 1648 Arii
3314 1602 3520 1649 sectam
3547 1593 3763 1659 colunt,

2173 1696 2292 1755 sine
2318 1696 2534 1750 nomine
2562 1687 3052 1745 anathematizavit.
3085 1685 3218 1752 Quae
3243 1691 3424 1738 autem
3452 1681 3766 1738 Constanti-

492 1759 594 1831 γάρ
639 1759 690 1812 ἐν
726 1759 904 1831 Νικαίᾳ
950 1758 1071 1816 τοὺς
1114 1755 1172 1810 τὸ
1216 1754 1400 1814 ἀσεϐὲς
1426 1753 1615 1828 ’Δρείου
1649 1753 1874 1826 φρόνημα
1912 1771 2072 1826 πρεσ-

2198 1785 2360 1856 ropoli
2389 1789 2713 1852 congregata
2737 1787 2852 1842 est,
2900 1777 3120 1848 impiam
3167 1773 3468 1830 Macedonii
3513 1773 3764 1829 hasresim

498 1850 739 1908 ϐεὐοντας
767 1847 1036 1918 ἀνωνύμοις
1072 1847 1469 1915 ἀνεθεμάτισαν..
1497 1856 1548 1900 Ἦ
1574 1844 1627 1902 δέ
1658 1846 1710 1899 ἐν
1749 1854 2072 1898 Κωντταντίο

497 1937 731 1994 νουπόλει
773 1949 864 1996 τήν
913 1935 1220 1992 Μακεδονίου
1264 1937 1614 1994 ἀσεϐεστάτην
1659 1936 1852 2010 α”ρεσιν
1895 1932 2079 2005 ὁμοίως

499 2030 852 2100 ἀνεθεμάτισεν
873 2045 884 2058 ·
919 2029 1026 2084 ἀλλ’
1053 2027 1190 2101 ὅμως
1223 2029 1254 2086 ἦ
1295 2026 1416 2100 ἀγία
1443 2033 1533 2083 τοῦ
1563 2032 1684 2080 Θεοῦ
1729 2025 1964 2081 ἐκκλησία
1999 2027 2084 2078 καί

502 2122 632 2192 μετά
659 2121 870 2177 θάνατον
888 2117 1101 2198 Ἀρειον,
1131 2123 1212 2176 καί
1237 2117 1535 2176 Μακεδόνων
1562 2118 1807 2190 ὀνομαστὶ
1834 2117 2084 2188 ἀναθεμα-

501 2218 647 2278 τίζει.
678 2211 761 2268 Ἐκ
795 2214 987 2270 πολλῶν
1029 2211 1083 2268 δέ
1123 2219 1224 2269 τῶν
1273 2209 1573 2276 ἀποδείξεων
1627 2209 1968 2283 ἐλεγχόμενοι,
2015 2211 2086 2268 ὡς

503 2308 752 2363 ἀσεϐοῦσι
780 2305 1010 2368 διακενῆς
1039 2305 1083 2361 οί
1111 2303 1374 2383 Θεοδώρου
1415 2308 1500 2360 καί
1526 2312 1617 2370 τῆς
1646 2304 1884 2368 ἀσεϐείας
1919 2307 2086 2363 αὐτοῦ

505 2399 928 2471 ἀντιποιούμενοι.
983 2395 1055 2472 ἐφ’
1082 2397 1258 2476 ἑτέραν
1295 2399 1513 2473 ματαίαν
1555 2400 1801 2474 πρόφασιν
1838 2399 2092 2470 καταφεύ-

505 2510 658 2564 γουσι
684 2490 932 2565 λέγοντες,
955 2497 1027 2564 μή
1053 2490 1156 2549 δεῖν
1185 2493 1341 2548 αὐτὸν
1369 2494 1823 2559 metuat-warm
1848 2489 1933 2546 διὰ
1960 2491 2019 2546 τὸ
2039 2491 2091 2544 ἐν

507 2592 573 2660 τῇ
601 2587 832 2660 κοινωνίᾳ
858 2593 960 2642 τῶν
988 2585 1265 2642 ἐκκλησιῶν
1290 2585 1716 2642 τετελευτηκέναι.
1743 2579 1879 2642 Ἰ-ῐδει
1914 2579 1966 2636 δὲ
1997 2584 2094 2634 αὺ-

511 2681 633 2736 τούς
662 2675 857 2757 εἰδέναι.
906 2679 974 2738 ὦς
1016 2678 1194 2732 ἐκεῖνοι
1231 2675 1533 2731 τελευτῶσιν
1572 2676 1621 2730 ἐν
1647 2682 1710 2748 τῇ
1740 2675 1969 2747 κοινωνίᾳ
1995 2680 2094 2728 τῶν

513 2766 806 2832 δκκλησιῶν,
834 2769 880 2822 oi
916 2769 974 2824 τό
999 2767 1160 2822 κοινόν
1182 2774 1274 2828 τῆς
1315 2765 1576 2825 εὐσεϐείας
1605 2763 1770 2838 δόγμα
1797 2766 1856 2818 τό
1895 2765 1979 2820 ἐπί
2004 2773 2095 2822 τῆς

514 2857 782 2918 καθολικῆς
817 2859 1082 2917 ἐκκλησίας
1129 2856 1496 2932 κηρυττόμενον
1542 2857 1706 2927 μέχρι
1742 2855 1915 2914 τέλους
1943 2855 2097 2927 φυλα-

516 2949 737 3020 ξάμενοι.
768 2947 934 3012 Οὗτος
967 2948 1020 3004 δέ
1153 2951 1305 3024 οἰκείᾳ
1347 2949 1700 3008 ἐντελευτησας
1742 2947 1954 3022 ἀσεϐείᾳ
1993 2949 2097 3003 ἀπὸ

519 3044 690 3103 πάσης
719 3043 978 3103 ἐκκλησίας
1008 3042 1254 3107 ἐξεϐλήθη.
1287 3039 1475 3115 ’Δμὲλει
1500 3062 1585 3096 τοι
1621 3043 1706 3096 καί
1743 3046 1846 3095 πᾶν
1874 3042 1932 3096 τό
1971 3040 2099 3100 πλή-

2176 1876 2427 1933 similiter
2447 1871 2854 1936 condemnavit;
2876 1869 2972 1924 sed
3002 1875 3180 1922 tamen
3198 1873 3383 1922 sancta
3409 1864 3506 1919 Dei
3523 1863 3766 1920 Ecclesia

2177 1979 2233 2026 et
2260 1977 2383 2040 post
2421 1975 2654 2022 mortem
2689 1963 2874 2018 Arium
2919 1971 2976 2017 et
3018 1958 3392 2016 Macedoniam
3441 1957 3768 2012 nominatim

2181 2057 2620 2118 anathematizat.
2665 2054 2801 2109 Cum
2829 2062 3009 2108 autem
3039 2066 3107 2105 ex
3135 2049 3317 2104 multis
3355 2047 3772 2118 probationibus

2183 2150 2606 2214 convincuntur,
2660 2145 2805 2216 quod
2833 2156 3166 2214 supervacue
3194 2149 3249 2196 et
3275 2141 3444 2211 impie
3483 2149 3653 2208 agunt
3681 2146 3773 2209 qui

2185 2240 2531 2300 Theodon
2575 2246 2631 2294 et
2655 2237 2988 2310 impietatem
3009 2233 3125 2306 ejus
3155 2231 3470 2298 defendunt,
3511 2232 3578 2288 ad
3612 2232 3776 2288 aliam

2185 2351 2381 2392 vanam
2417 2335 2763 2390 occasionem
2805 2329 3149 2400 confugiunt,
3203 2327 3447 2383 dicentes
3473 2342 3586 2382 non
3613 2341 3776 2396 opor-

2189 2437 2306 2482 tere
2332 2441 2456 2481 eum
2481 2421 2928 2480 anathematizari
2949 2435 3016 2476 eo
3036 2417 3180 2491 quod
3203 2419 3255 2473 in
3275 2417 3775 2473 communicatione

2193 2515 2556 2572 Ecclesiarum
2583 2521 2830 2568 mortuus
2852 2519 2954 2567 est.
2978 2509 3274 2580 Oportebat
3303 2517 3480 2562 autem
3510 2509 3656 2562 scire
3685 2523 3780 2563 eos

2193 2607 2333 2676 quod
2381 2607 2454 2660 illi
2507 2605 2810 2658 moriuntur
2859 2603 2911 2657 in
2963 2600 3453 2657 communicatione
3504 2597 3775 2654 Ecclesia-

2193 2715 2331 2761 rum,
2361 2695 2452 2766 qui
2476 2709 2764 2750 commune
2792 2693 3010 2764 pietatis
3039 2693 3252 2760 dogma,
3297 2690 3443 2762 quod
3474 2692 3528 2747 in
3559 2692 3776 2746 Univer-

2196 2787 2545 2846 saliEcclesia
2570 2785 2908 2854 praedicatur,
2938 2799 3105 2853 usque
3132 2783 3197 2838 ad
3220 2781 3378 2838 linem
3405 2790 3781 2838 servaverunt.

2198 2876 2305 2934 lste
2374 2886 2554 2931 autem
2606 2891 2777 2946 usque
2824 2875 2890 2928 ad
2943 2883 3173 2929 mortem
3221 2875 3272 2929 in
3311 2889 3406 2929 sua
3460 2885 3791 2944 permanens

2198 2969 2494 3038 impietate,
2543 2967 2611 3022 ab
2655 2965 2800 3020 omni
2845 2963 3081 3020 Ecclesia
3119 2965 3324 3033 ejectus
3362 2972 3464 3020 est.
3517 2963 3708 3034 Itaque
3734 2973 3788 3019 et

2202 3062 2377 3117 omnis
2440 3059 2717 3131 plenitudo
2761 3058 3150 3127 Mopsuestenm
3207 3057 3490 3121 Ecclesize,
3573 3057 3628 3112 in
3683 3072 3786 3128 qua

518 3153 668 3208 ρωμα
693 3141 782 3195 τῆς
811 3135 859 3188 ἐν
883 3134 984 3202 Ma;
999 3136 1204 3207 ουεστίᾳ
1231 3133 1514 3196 ἐκκλησίας,
1550 3133 1598 3186 ἐν
1681 3133 1876 3204 λέγεται
1897 3133 2096 3187 ἑπίσκο⁴

2204 3129 2487 3223 episcopus
2515 3150 2710 3206 dicitur
2752 3147 2916 3204 fuisse
2962 3149 3225 3222 [propter
3274 3148 3634 3218 blasphemias
3660 3191 3678 3214 ,
3720 3149 3788 3202 ob

521 3248 616 3288 πος
644 3229 958 3301 γεγενῆσθαι,
984 3225 1068 3287 διά
1105 3229 1197 3290 τὰς
1225 3227 1568 3299 βλασφημίας,
1599 3224 1662 3281 δι’
1701 3225 1870 3301 ἅσπερ
1893 3223 2101 3285 Ἕλλησί

522 3341 606 3384 τε,
635 3323 722 3376 καί
745 3319 1034 3384 Ἰουδαίοις,
1078 3323 1161 3376 καί
1189 3317 1481 3384 Σοδομίταις
1507 3319 1652 3378 ποιρά
1680 3325 1780 3373 τῶν
1822 3317 1976 3391 ἁγίων
1999 3338 2100 3373 πα·-

518 3413 680 3486 τέρων
705 3413 1066 3486 συνηριθμήθη,
1108 3409 1392 3482 ἀπήλειψνν
1420 3412 1469 3475 ἐξ
1499 3411 1680 3466 ἐκείνου
1707 3419 1807 3466 τῶν
1835 3411 1979 3486 ἱερῶν
2012 3420 2104 3471 τῆς

523 3499 580 3554 ἐκ
606 3501 785 3560 λησίας
837 3499 1110 3570 διπτύχων
1161 3504 1250 3560 τήν
1293 3501 1476 3554 τούτου
1515 3502 1886 3575 προσηγορίαν,
1930 3500 1998 3558 ὡς
2035 3499 2105 3554 τά

524 3595 642 3667 περὶ
667 3594 848 3648 τούτου
888 3594 1162 3648 συστάντα
1187 3593 1320 3647 κατά
1363 3597 1454 3650 τήν
1485 3593 1644 3650 αὑτήν
1683 3591 1824 3645 πολιν
1860 3593 2003 3666 παρά
2042 3599 2106 3667 τῇ

529 3681 724 3754 συνόδῳ
747 3691 836 3744 τῆς
862 3683 1123 3757 ἐπαρχίας
1145 3685 1484 3751 ὑπομνήματα
1508 3680 1748 3737 δείκνυσι.
1773 3684 2107 3752 Θαυμάζομεν

528 3778 698 3830 τοίνυν
733 3777 860 3836 τούς
889 3773 1200 3836 ἐκδικοῦντας
1237 3772 1516 3849 Θεόδωρον,
1563 3775 1929 3840 οἰκειουμένους
1953 3774 2108 3830 αὐτόν

529 3888 582 3922 τε
610 3869 692 3921 καί
716 3871 804 3925 τὴν
832 3869 993 3920 αὐτοῦ
1019 3867 1274 3933 ἀσέϐειαν,
1307 3865 1434 3920 ὅπου
1461 3887 1516 3940 γε
1548 3869 1578 3924 ἠ
1608 3868 1862 3933 ἐκκλησία,
1893 3869 1942 3923 ἓν
2033 3870 2112 3940 γί-

527 3979 666 4029 γτινν
706 3959 1003 4022 ἐπίσκοπος,
1033 3960 1102 4018 ὡς
1144 3957 1390 4031 ατρετικόν
1418 3957 1469 4010 ἐκ
1523 3958 1716 4011 πολλῶν
1765 3965 1864 4011 τῶν
1911 3957 2111 4034 χρόνον

529 4051 678 4106 αὐτόν
703 4050 998 4104 ἀπεϐἀλιτο.
1019 4047 1136 4106 Ὀτι
1153 4048 1207 4104 δὲ
1233 4051 1314 4102 ἐπὶ
1336 4053 1629 4124 κατακρίσει
1654 4053 1806 4124 οἰκείᾳ
1829 4057 1917 4110 τὴν
1939 4054 2112 4106 τοιαύ-

530 4166 618 4202 την
660 4144 1028 4218 προΐαλλονται
1070 4144 1325 4216 πρόφασιν
1363 4143 1406 4196 oi
1456 4141 1715 4214 Θεόδωρον
1761 4143 2073 4204 ἐκδικοῦντες
2099 4187 2112 4208 ,

530 4233 699 4296 ἴξεττι
731 4241 916 4306 γνῶναι
937 4236 1022 4288 καί
1059 4234 1108 4295 ἐξ
1131 4234 1284 4288 αὐτοῦ
1313 4238 1406 4286 τοῦ
1429 4235 1514 4288 ἐπὶ
1540 4231 1707 4288 Ἰούδα
1735 4237 2001 4306 γενομένου
2027 4256 2116 4306 φο-

534 4326 624 4399 ϐςρ
654 4333 685 4378 ῦ
723 4327 984 4399 κρίματος.
1007 4322 1216 4384 Ἐκεῖνος
1243 4327 1342 4396 γάρ
1369 4329 1582 4395 νομίσας
1621 4327 1871 4381 λανθάνειν
1919 4327 2007 4381 τόν
2047 4329 2117 4382 τά

453 4435 470 4446 ⁶
533 4415 736 4488 κρυπτά
764 4423 864 4468 τῶν
889 4415 1167 4490 ἀνθρώπων
1191 4419 1519 4487 γινώσκοντα,
1547 4418 1837 4475 ἐκοινώνησε
1863 4426 1963 4472 τῶν
1990 4439 2118 4489 μυσ-

2201 3257 2336 3314 quas
2378 3239 2631 3312 paganis]
2678 3255 2799 3295 cum
2829 3239 3120 3294 invenisset
3145 3239 3289 3308 quod
3334 3240 3556 3309 paganis
3608 3248 3663 3294 et
3695 3238 3788 3294 Ju-

2203 3335 2334 3390 daais
2377 3341 2434 3387 et
2477 3331 2844 3388 Sodomitanis
2881 3345 2912 3384 a
2941 3331 3144 3385 sanctis
3198 3327 3442 3384 Patribus
3487 3344 3791 3384 connume-

2205 3433 2354 3480 ratus
2399 3431 2521 3492 est,
2571 3421 2890 3478 deleverunt
2937 3421 3036 3493 ipsi
3083 3435 3150 3475 ex
3201 3420 3294 3474 illo
3341 3435 3371 3474 a
3409 3409 3581 3475 sacris
3619 3419 3796 3476 Eccle-

2206 3517 2299 3569 sia:
2328 3513 2593 3585 diptychis
2621 3514 2739 3582 ejus
2768 3527 2991 3574 nomen.
3029 3512 3168 3567 sicut
3207 3520 3357 3578 gesta
3385 3511 3453 3566 de
3479 3511 3590 3566 hoc
3621 3512 3677 3566 in
3707 3526 3795 3567 ea-

2207 3606 2329 3662 dem
2356 3607 2576 3662 civitate
2602 3606 2744 3676 apud
2773 3603 3055 3660 concilium
3087 3603 3462 3673 episcoporum
3494 3603 3644 3661 illius
3670 3619 3794 3676 pro-

2209 3699 2398 3753 vinciae
2433 3697 2677 3753 confecta
2708 3695 3016 3750 ostendunt.
3052 3693 3307 3748 Miramur
3333 3693 3495 3762 igitur
3522 3693 3796 3753 Theodori

2211 3803 2489 3856 sequaces,
2519 3787 2611 3856 qui
2632 3800 2754 3840 eum
2785 3791 2839 3838 et
2867 3783 3198 3854 impietatem
3225 3783 3341 3850 ejus
3367 3792 3625 3854 tanquam
3648 3801 3798 3841 suam

2213 3877 2539 3942 defendunt,
2571 3891 2692 3931 cum
2733 3873 3004 3938 Ecclesia,
3037 3874 3093 3928 in
3121 3889 3227 3943 qua
3270 3873 3368 3929 fuit
3403 3875 3718 3946 episcOpus,
3746 3884 3801 3931 ut

2215 3976 2341 4039 pote
2369 3967 2680 4022 hzcreticum
2710 3983 2776 4022 ex
2811 3965 2992 4020 multis
3023 3967 3356 4036 temporibus
3401 3981 3523 4021 cum
3553 3967 3796 4036 ejecerit.

2215 4059 2369 4127 Quod
2390 4067 2570 4112 autem
2595 4055 2662 4111 ad
2691 4055 3198 4113 condemnationem
3213 4074 3363 4113 suam
3388 4060 3547 4114 talem
3568 4061 3800 4116 occasio-

2217 4165 2339 4206 nem
2389 4147 2752 4222 [prartextum]
2800 4158 3108 4218 proponunt
3145 4149 3458 4205 defensores
3507 4149 3797 4216 Theodori,

2217 4240 2357 4295 scire
2385 4239 2513 4293 licet
2533 4247 2588 4293 et
2617 4254 2683 4292 ex
2705 4238 2822 4308 ipso
2844 4238 3103 4294 adversus
3127 4237 3322 4293 ludam
3353 4238 3492 4294 facto
3521 4240 3799 4296 tremendo

2213 4328 2437 4399 judicio.
2471 4327 2565 4383 llle
2594 4330 2736 4382 enim
2771 4343 2896 4382 cum
2925 4337 3168 4398 putasset
3195 4329 3364 4386 latere
3409 4345 3533 4384 cum
3575 4331 3668 4401 qni
3706 4345 3798 4386 oc-

2219 4419 2363 4474 culta
2385 4418 2663 4474 hominum
2688 4418 2988 4485 cognoscit,
3018 4419 3368 4474 sacramentis
3392 4417 3802 4476 communicavit

533 4509 721 4581 τηρίων
750 4513 861 4567 τοῖς
901 4505 1218 4571 ἀποστόλοις,
1251 4506 1356 4561 ἀλλ’
1393 4504 1532 4574 ὅμως
1570 4507 1708 4562 οὐδέν
1741 4509 1892 4563 αὐτὸν
1933 4507 2092 4565 ὤνησε

2198 4525 2343 4568 ,cum
2373 4511 2630 4580 apostolis
2663 4529 2676 4563 :
2710 4509 2805 4565 scd
2836 4520 3014 4564 tamen
3043 4511 3174 4565 nihil
3204 4511 3254 4566 ei
3285 4512 3485 4582 profuit
3511 4513 3658 4581 quod
3683 4525 3797 4568 cum

537 4603 620 4656 καί
650 4603 680 4657 ἡ
704 4599 833 4669 μετά
859 4599 1176 4672 ὑποκρίσεως
1203 4602 1452 4653 κοινωνία.
1482 4595 1622 4652 ’Δλλά
1650 4596 1762 4652 οὐδέ
1790 4601 1875 4652 καί
1903 4599 1961 4652 τὸ
1989 4601 2121 4669 μετά

537 4690 751 4746 θάνατον
793 4689 945 4745 αὐτοῦ
993 4686 1182 4744 δὼδε.·α
1227 4689 1565 4758 ὀνομασθῆναι
1605 4689 1727 4747 τοὺς
1761 4688 2012 4758 μαθητὰς,
2053 4690 2122 4748 ὥς

541 4800 688 4852 φησιν
707 4779 930 4840 Ἰωάννης
944 4776 970 4831 ό
983 4777 1333 4850 εὐαγγελιστης
1347 4778 1522 4850 λέγων,
1537 4795 1556 4828 ε
1575 4782 1765 4848 Θωμᾶς
1791 4776 1844 4833 δέ
1863 4777 1889 4833 ό
1917 4775 2122 4850 λεγόμε-

537 4893 618 4932 νος
664 4869 897 4942 Δίδυμος,
947 4868 1017 4932 εἷς
1063 4879 1166 4927 τῶν
1203 4869 1416 4934 δώδεκα,
1449 4872 1540 4924 οὐκ
1578 4868 1634 4930 ἦν
1671 4872 1780 4942 μετ’
1822 4875 2008 4937 αὐτῶν,
2037 4872 2120 4930 ὅτε

542 4961 685 5022 ἦλθεν
705 4961 731 5016 ὁ
752 4959 942 5022 Ἰησοῦς
957 4999 974 5024 ,
999 4979 1018 5012 ε
1049 4959 1080 5017 ἢ
1109 4962 1294 5036 ἐξαίρει
1311 4960 1396 5015 τόν
1419 4957 1609 5015 Ἰούδαν
1632 4969 1724 5021 τῆς
1753 4966 2118 5039 κατακρίσεως,

541 5053 572 5113 ἦ
600 5053 1018 5126 συναριθμεῖσθαι
1043 5059 1177 5106 ποιεῖ
1198 5059 1304 5111 τοῖς
1331 5052 1652 5112 ἀποστόλοις.
1677 5051 1862 5124 ’Δμίλει
1887 5075 1966 5110 τοι
1992 5059 2123 5126 μετά

541 5151 632 5204 τήν
653 5149 747 5200 τοῦ
785 5148 964 5218 κυρίου
1001 5143 1245 5215 ἀνάληψιν
1285 5145 1334 5198 oi
1360 5145 1633 5201 ἀπόστολοι
1657 5145 1723 5202 δι’
1746 5149 1934 5209 οἰκείας
1955 5149 2124 5222 ψήφου

544 5236 628 5290 τὸν
675 5235 823 5292 αὐτόν
861 5231 1050 5290 Ἰούδαν
1093 5236 1178 5289 καὶ
1220 5235 1352 5304 μετά
1392 5236 1600 5290 θάνατον
1641 5236 1995 5304 κατεδίκασαν,
2041 5245 2129 5297 an!

542 5326 713 5398 ἕτερον
740 5325 1124 5398 ἆντεισήγαγον.
1152 5321 1268 5377 ὀτι
1294 5320 1348 5378 δέ
1376 5328 1596 5396 ματαίαν
1633 5328 1886 5405 πρόφασιν
1907 5330 2129 5406 προϐάλ-

545 5417 716 5472 λονται
762 5417 1000 5488 λέγοντες,
1032 5421 1104 5489 μὴ
1149 5415 1254 5474 δεῖν
1295 5418 1417 5478 τοὺς
1463 5417 1803 5479 τελευτῶντας
1846 5421 2130 5494 αἱρετικοὺς

547 5508 1016 5580 ἀναθεματίζεσοαε,
1043 5509 1127 5564 καί
1152 5508 1202 5570 ἕξ
1225 5507 1387 5560 αὐτῶν
1407 5514 1509 5562 τῶν
1540 5515 1631 5562 τοῦ
1673 5513 1855 5583 κυρίου
1893 5511 2131 5584 ῥημάτων

551 5597 898 5668 ἀποδείξομεν.
925 5601 1053 5659 Τοὺς
1080 5601 1178 5672 γάρ
1207 5598 1412 5658 ἀσεϐεῖς
1448 5601 1528 5652 καί
1567 5597 1645 5653 ἔτι
1692 5605 1884 5663 ζῶντας
1926 5605 2130 5676 νεκροὺς

553 5694 784 5758 ὀνομάζει
803 5692 975 5762 λέγων·
998 5708 1018 5740 ι
1036 5688 1183 5760 "Aper
1198 5692 1320 5748 τοὺς
1335 5693 1541 5763 νεκροὺς
1563 5692 1719 5762 θάψαι
1735 5697 1855 5752 τοὺς
1871 5716 1905 5749 α
1918 5697 2036 5749 Στῶν
2055 5715 2130 5750 νεα

559 5782 736 5853 κρουςί
753 5798 770 5832 ε
797 5783 970 5854 ὥσπερ
993 5775 1078 5838 οὖν
1093 5782 1174 5838 καί
1197 5777 1317 5840 τοὺς
1338 5776 1560 5842 δικαίους
1582 5781 1983 5844 τελευτήσαντας
2005 5789 2129 5848 ζῶνο

2220 4598 2345 4654 dolo
2373 4593 2809 4655 communicavit.
2840 4600 2949 4656 Sed
2979 4600 3107 4655 licet
3137 4608 3259 4672 post
3285 4610 3515 4656 mortem
3539 4604 3656 4671 ejus
3675 4602 3802 4657 duo-

2221 4690 2397 4746 decim
2423 4692 2682 4746 uominati
2709 4693 2816 4746 sint
2839 4692 3118 4761 discipuli,
3149 4693 3286 4748 sicut
3313 4690 3548 4748 Joannes
3573 4708 3798 4761 evange-

2223 4782 2346 4837 lista
2365 4781 2497 4838 dicit
2527 4799 2540 4834 :
2573 4781 2796 4836 Thomas
2826 4793 3033 4848 autent,
3081 4785 3166 4854 qui
3217 4782 3469 4854 Didymus
3510 4783 3794 4841 dicebatur,

2221 4889 2355 4928 unus
2385 4890 2448 4928 ea:
2479 4873 2778 4936 duodecim,
2825 4890 2928 4926 non
2969 4881 3080 4926 crat
3108 4891 3222 4926 cum
3262 4875 3388 4944 ipsis
3433 4875 3641 4944 quando
3675 4873 3801 4926 venit

2223 4963 2377 5019 Iasus
2407 4963 2603 5035 (Joan.
2636 4964 2749 5034 xx)
2783 4981 2796 5016 ε
2835 4973 3012 5017 tamen
3043 4963 3146 5017 hoc
3179 4980 3285 5018 non
3315 4964 3509 5018 liberat
3545 4963 3732 5020 Judam
3770 4975 3798 5013 a

2225 5056 2695 5120 condemnatione,
2711 5064 2804 5110 aut
2818 5071 3146 5111 connumera
3155 5057 3196 5110 ri
3209 5055 3337 5111 facit
3356 5056 3635 5126 apostolis.
3658 5053 3800 5109 Unde

2228 5154 2352 5217 post
2375 5146 2744 5200 ascensionem
2776 5143 3010 5211 Domini,
3039 5144 3270 5214 apostoli
3299 5159 3397 5214 per
3423 5159 3576 5200 suam
3601 5151 3802 5199 senten-

2229 5234 2632 5292 tiam‘eumdem
2659 5233 2852 5290 ludam
2889 5235 3052 5290 etiam
3083 5243 3207 5306 post
3233 5243 3465 5290 mortem
3494 5235 3804 5291 condemna-

2229 5335 2443 5393 verunt,
2465 5336 2522 5383 et
2540 5327 2704 5382 alium
2721 5342 2822 5398 pro
2842 5327 2934 5382 illo
2962 5326 3376 5382 introduxerunt
3396 5326 3532 5398 (Act.
3565 5325 3624 5395 ι).
3655 5320 3799 5390 Quod

2232 5426 2414 5474 autem
2435 5433 2627 5473 vanam
2652 5419 2994 5474 occasionem
3037 5425 3366 5490 proponunt,
3416 5417 3657 5474 dicentes
3699 5427 3799 5468 non

2230 5519 2485 5581 oportere
2529 5511 2811 5567 haereticos
2840 5519 3086 5568 mortuos
3126 5511 3595 5576 anathematizari,
3644 5516 3698 5564 et
3735 5519 3798 5561 ex

2235 5601 2364 5670 ipsis
2391 5601 2599 5656 Domini
2629 5603 2807 5658 verbis
2835 5603 3202 5658 ostendemus.
3243 5601 3441 5674 impios
3470 5605 3610 5658 enim
3638 5610 3691 5656 et
3714 5597 3800 5653 ad-

2235 5695 2339 5749 huc
2368 5695 2535 5761 vivos,
2553 5705 2793 5750 mortuos
2821 5696 3083 5761 nominat,
3109 5695 3328 5750 dicens:
3351 5694 3566 5750 Dimitte
3586 5703 3797 5748 mortuos

2233 5784 2450 5853 sepelire
2471 5793 2698 5841 mortuos
2718 5801 2837 5843 ενοι
2860 5784 3074 5860 (Matth.
3100 5783 3214 5857 vni)
3235 5804 3250 5840 :
3271 5787 3412 5842 sicut
3433 5792 3610 5859 justas
3627 5792 3683 5840 et
3694 5781 3796 5853 jam
