3952 6376
177 322 273 378 25's

1157 319 1537 380 lUSTlNlANl
1576 320 1956 379 CONFESSIO
1989 321 2246 378 RE'CT/F.
2291 323 2485 380 FIDEL

3359 335 3474 392 262

173 457 268 494 τας
315 433 585 491 ἀποκαλεῖ.
621 439 762 510 Λέγει
801 441 900 514 γὰρ
945 444 1062 514 περ’
1103 439 1338 517 ’Δῦραὰμ
1382 443 1462 494 καί
1479 439 1648 496 ’ἰσαᾶκ
1692 443 1778 494 καί

1887 437 2189 506 defunctos,
2219 439 2371 494 vivos
2397 450 2657 496 nominat.
2696 441 2830 498 Dicit
2857 445 2999 500 enim
3029 446 3095 502 de
3114 447 3384 506 Abraham
3417 463 3474 506 et

175 525 378 594 Ἰακὼϐ,
418 524 498 584 ὅτι
549 526 576 583 ό
617 529 740 590 Θεὸς
780 532 865 585 οῦκ
920 529 1039 588 ἔστι
1082 540 1290 609 νεκρῶν,
1331 533 1456 588 ἀλλὰ
1483 537 1701 598 ζώντων.
1729 536 1786 588 El

174 622 347 675 τοίνυν
371 620 507 675 κατᾶ
547 623 672 682 τοὺς
702 622 899 677 ἐκείνων
921 623 1095 696 λόγους
1124 627 1183 679 οῦ
1214 630 1324 699 χρή
1347 628 1470 686 τοὺς
1495 626 1782 704 αἱρετικοὺς

175 709 522 772 τελευτῶντας
575 711 1028 784 ἆναθεματίζεσθαι
1053 755 1068 778 ,
1129 713 1244 770 οῦδᾶ
1299 719 1482 780 ζῶντες
1535 718 1786 792 αἱρετικοῖ

175 801 739 872 ἀναθεματισῖήσονται
767 845 782 866 .
840 802 929 866 οὒς
965 810 1169 876 νεκροές
1213 806 1238 858 ὁ
1286 808 1462 881 κύριος
1511 807 1776 870 ἀποκαλεῖ,

177 891 257 949 3ιά
273 895 330 949 τό
350 897 878 972 ἀποκεχωρισμένους
893 893 1034 952 εἶναι.
1050 899 1208 952 αὐτοῦ
1223 899 1474 964 εἰπόντος,
1499 916 1517 949 ι
1534 896 1656 972 Ἐγὼ
1679 901 1780 970 εἰμι

173 990 201 1043 ri
235 989 362 1050 ζωή·
389 1007 406 1037 ι
432 990 512 1041 καί
543 989 660 1044 κατ’
683 991 867 1049 αὐτοὺς
895 990 1065 1043 λοιπόν
1088 985 1203 1044 οὕτε
1231 995 1434 1056 ζῶντες,
1466 987 1582 1045 οἵτε
1609 991 1778 1045 τελευ-

175 1085 364 1141 τῶντες
411 1081 657 1155 αἱρετικοί
706 1084 1276 1154 ἀναθεματισθήσονται·
1329 1088 1411 1139 καὶ
1457 1085 1628 1154 μάτην
1670 1085 1780 1140 κατ’

176 1171 390 1232 ἐκείνους
435 1176 464 1230 ἠ
494 1173 808 1232 ἁποστολικῆ
851 1171 1156 1230 διδασκαλία
1201 1175 1559 1250 παραδέδωκεν
1602 1177 1776 1232 ἀναθεο

175 1266 415 1332 ματίζεσ¹
425 1286 480 1319 αι
506 1267 628 1326 τοὺς
670 1263 1042 1340 παραδιδόντας
1070 1267 1194 1342 παρ’
1223 1263 1248 1322 ὃ
1275 1269 1648 1342 παρελάϐομεν·
1677 1271 1780 1344 μά-

177 1377 266 1411 την
295 1356 349 1409 αἱ
391 1355 531 1428 ἅγιαι
561 1355 764 1412 σύνοδοι
788 1360 910 1418 τοῦς
946 1359 1234 1436 αἱρετικούς
1264 1361 1584 1435 κατέκριναν⁴
1613 1362 1776 1432 μάτην

176 1449 257 1500 καί
285 1447 330 1500 οἱ
356 1445 493 1503 ἄλλοι
522 1447 659 1522 ἅγιοι
684 1449 902 1524 πατέρες
926 1453 1012 1504 καί
1052 1449 1350 1506 διδάσκαλοι
1385 1461 1476 1512 τῆς
1513 1453 1776 1514 ίκκλησίας

174 1539 297 1598 τούς
323 1539 618 1614 αἱρετικεῦς
648 1541 1032 1611 ἀνεθεμάτισαν.
1081 1541 1399 1614 Μέμψωιται
1441 1541 1494 1598 δέ
1527 1547 1610 1598 καί
1631 1551 1776 1616 Ἱερε-

174 1631 264 1703 μίᾳ
288 1637 363 1702 τῷ
382 1636 612 1705 προφήτῃ
636 1633 846 1704 λέγοντι,
871 1649 889 1684 ε
914 1630 1314 1712 Ἐπικατάρατος
1334 1631 1360 1690 ό
1382 1641 1536 1690 ποιῶν
1555 1637 1618 1691 τὰ
1643 1634 1777 1711 ἔργα

173 1727 264 1775 τοῦ
277 1725 456 1798 κυρίου
478 1725 696 1796 ἀμελῶς·
721 1745 738 1778 ι
759 1727 1005 1784 καίΔαυίδ
1023 1735 1096 1801 τῷ
1119 1733 1348 1803 προφήτῃ
1367 1730 1574 1792 εἰπόντι,
1598 1747 1617 1781 ι
1632 1728 1775 1788 Ἐπι-

1887 529 2032 587 lsaac
2060 541 2113 586 et
2141 531 2327 598 Jacob,
2351 535 2495 602 quod
2523 535 2663 590 Deus
2691 553 2796 591 non
2827 549 2908 593 est
2933 538 3076 596 Deus
3105 552 3467 614 mortuormn,

1883 621 1976 676 sed
2005 623 2297 678 viventium
2318 624 2528 695 (Matth.
2546 635 2700 681 χχιιι.
2733 627 2788 682 Si
2816 645 2945 701 ergo
2971 633 3266 689 secundum
3295 638 3460 693 verba

1882 713 2096 768 illorum
2121 731 2230 770 non
2265 727 2484 786 oportet
2512 719 2794 776 haereticos
2822 732 3064 780 mortuos
3105 728 3467 785 anathemati-

1882 805 2012 870 zari,
2037 819 2138 862 nec
2165 805 2528 865 vivihzcretici
2560 813 3174 886 anathematizabuntur,
3202 833 3340 889 quos
3362 820 3468 876 Do-

1881 897 2060 952 minus
2089 909 2333 955 mortuos
2360 911 2537 964 vocat,
2564 905 2688 972 quia
2718 891 2953 976 separati
2979 919 3104 964 sunt
3133 913 3200 966 ab
3231 915 3348 983 ipso
3376 916 3466 984 qui

1881 989 2016 1044 dixit
2045 1008 2057 1042 :
2092 989 2202 1064 Ego
2233 1010 2346 1046 sum
2389 995 2490 1047 vita
2520 994 2712 1067 (Joan.
2744 1015 2794 1052 XI
2824 1010 2872 1052 et
2903 1001 3042 1074 MV),
3093 1011 3148 1058 et
3175 1005 3466 1064 secundum

1881 1095 1976 1134 eos
1999 1080 2108 1149 jam
2140 1097 2240 1136 nec
2260 1083 2389 1148 vivi,
2423 1100 2522 1140 nec
2547 1087 2742 1140 mortui
2774 1086 3010 1144 hazrctici
3042 1091 3469 1148 anathematiza-

1877 1171 2106 1238 buntur;
2131 1181 2186 1226 et
2214 1173 2332 1229 sine
2353 1190 2534 1240 causa,
2558 1177 2852 1232 secundum
2883 1179 3026 1248 illos,
3052 1183 3352 1251 apostolica
3379 1183 3450 1240 do

1879 1265 2053 1318 ctrina
2101 1263 2310 1335 (Galat.
2344 1265 2398 1336 ι)
2447 1266 2616 1321 tradit
2639 1269 3082 1326 auathematizari
3111 1287 3208 1328 eos
3236 1273 3328 1343 qui
3356 1265 3468 1328 trai-

1881 1354 2019 1410 dunt
2045 1365 2242 1426 ιιι-αξιοι·
2265 1345 2411 1428 quod
2441 1359 2750 1430 accepimus
2782 1378 2797 1414 :
2831 1361 2948 1416 sine
2973 1377 3134 1418 causa
3159 1371 3359 1420 sanctae
3387 1380 3471 1438 sy-

1879 1445 2007 1500 nodi
2055 1446 2336 1502 hmreticos
2365 1448 2894 1516 condemnaverunt,
2927 1453 3045 1508 sine
3084 1470 3244 1509 causa
3292 1463 3348 1511 et
3376 1455 3470 1512 alii

1879 1537 2050 1593 sancti
2080 1535 2268 1594 Patres
2297 1548 2353 1593 et
2373 1539 2626 1596 doctores
2652 1541 2904 1597 Ecclesiae
2933 1545 3217 1601 hmreticos
3242 1547 3470 1604 anathe-

1880 1631 2288 1686 matizaverunt.
2323 1631 2604 1704 lnculpent
2633 1644 2814 1690 autem
2842 1645 2894 1690 et
2925 1636 3211 1692 Jeremiam
3244 1639 3468 1710 prophe-

1879 1729 1991 1778 tam
2017 1723 2286 1779 dicentem
2321 1743 2334 1778 :
2363 1723 2734 1780 Exsccrandus
2775 1729 2860 1798 qui
2887 1746 3042 1798 opera
3088 1728 3300 1784 Domini
3343 1731 3472 1802 facit

175 1813 460 1886 κατάρατοι
485 1817 530 1869 οἱ
562 1817 858 1878 ἐκκλίνοντες
877 1821 978 1874 ἀπὸ
999 1828 1098 1874 τῶν
1121 1818 1331 1876 ἐντολῶν
1356 1837 1473 1877 σου·
1497 1841 1516 1874 ι
1544 1827 1629 1878 καί
1653 1846 1770 1878 συν·

1887 1819 2200 1890 negligenter
2221 1817 2354 1887 (θεν.
2389 1819 2575 1890 xum)
2601 1837 2616 1887 ;
2661 1829 2718 1876 et
2745 1819 2910 1876 David
2938 1823 3256 1892 prophetam
3286 1823 3470 1879 dicen—

173 1904 345 1973 τόμως
371 1909 549 1970 εἰπεῖν,
577 1911 718 1979 πάσῃ
839 1914 943 1986 θεία
970 1923 1136 1991 γραφῂ
1167 1915 1429 1986 πολλαχοῦ
1465 1918 1559 1976 τὰς
1601 1919 1777 1972 τοιαύ-

173 2017 268 2057 τας
295 2005 622 2076 κατακρίσεις
643 2002 902 2075 ἐπαγούσῃ
925 2012 1034 2064 τοῖς
1063 2004 1324 2059 ἀσεϐέσιν.
1349 2007 1407 2058 Εἰ
1429 2003 1482 2060 δὲ
1506 2006 1552 2060 οἱ
1580 2007 1777 2078 ἀμελῶς

174 2097 438 2151 ποιοῦντες
467 2093 530 2148 τὰ
575 2090 704 2170 ἔργα
733 2097 933 2172 κυρίου,
965 2099 1050 2150 καί
1089 2096 1467 2173 ἁμαρτάνοντες
1514 2101 1636 2173 περί
1684 2101 1776 2162 τὰς

175 2183 339 2234 αὐτοῦ
389 2182 614 2248 ἐντολὰς,
659 2187 924 2246 τοιαύταις
971 2189 1334 2263 κατακρίσεσιν
1383 2188 1776 2255 ὐποέῗάλλονται,

175 2273 326 2344 πόσῳ
363 2275 552 2344 μᾶλλον
590 2276 850 2354 Θεόδωρος
885 2276 913 2334 ό
947 2279 1159 2346 ἀσεϐής,
1190 2279 1453 2336 ότοιαῦτα
1477 2283 1589 2338 κατ’
1619 2285 1778 2340 αὐτοῦ

175 2372 265 2421 τοῦ
310 2369 529 2440 μεγάλου
577 2377 705 2425 Θεοῦ
753 2373 836 2426 καί
884 2380 1116 2448 σωτῆρος
1171 2374 1310 2445 ἡμῶν
1351 2372 1518 2434 Ἰησοῦ
1555 2385 1776 2453 Χριστοῦ

177 2462 313 2533 ῥλασ
348 2471 422 2519 ἦα
457 2484 578 2528 σας,
621 2461 926 2540 δικαιότερον
955 2467 1333 2543 κατακέκριται,
1364 2469 1448 2521 καί
1475 2469 1782 2540 ἀναθεματί-

177 2557 228 2618 ζε
241 2577 315 2604 ."It
341 2577 356 2619 ;

247 2739 340 2790 Καὶ
367 2737 508 2813 ἕρκει
527 2740 619 2810 μὲν
638 2745 806 2794 ταῦτα
827 2739 958 2813 πρὸς
982 2745 1104 2800 ταῖς
1131 2741 1526 2817 παρατεθείσαις
1541 2741 1776 2818 ἀνωτέρω

177 2850 252 2892 τε,
271 2831 354 2883 καί
378 2830 426 2881 ἔν
447 2829 631 2908 ἑτέροις
653 2833 790 2900 ἡμῶν
802 2831 960 2905 λόγοις
983 2829 1296 2896 ἀποδείξισι,
1321 2834 1550 2904 περὶτοῦ
1573 2830 1679 2888 δεῖν
1695 2837 1781 2888 καί

177 2923 310 2992 μετὰ
338 2921 574 2979 τελευτήν
599 2924 722 2982 τοῦς
745 2921 1031 2998 αἷρετικοῦς
1056 2925 1460 2999 κατακρίνεσθαι,
1488 2925 1782 2996 καταισχύ-

175 3034 276 3067 νειν
322 3013 443 3072 τοῦς
478 3011 662 3088 etadd);
681 3033 738 3066 ου
787 3015 1282 3088 μεταποιουμένους,
1330 3017 1411 3068 καί
1462 3011 1645 3070 παύειν
1693 3023 1782 3076 τῆς

176 3103 426 3164 τοιιιύτης
459 3102 719 3162 ἀσεϐείας.
765 3105 854 3158 Διά
897 3101 950 3158 δέ
989 3106 1049 3158 τό
1078 3103 1424 3174 ἒμφιλονείκως
1469 3118 1577 3164 τοῖς
1612 3104 1782 3166 αὐτοῖς

1881 1917 1989 1964 tem
2023 1929 2037 1964 :
2070 1910 2397 1966 Exsecrandi
2425 1913 2513 1985 qui
2541 1913 2803 1968 declinant
2823 1930 2854 1966 a
2882 1914 3144 1969 mandatis
3166 1916 3266 1969 tuis
3295 1913 3466 1986 (Psal.

1879 2003 2103 2073 omn);
2131 2012 2264 2060 etut
2289 2004 2675 2076 compendiose
2704 2005 2964 2072 dicamus,
2989 2021 3206 2062 omnem
3233 2005 3470 2062 divinam

1878 2093 2213 2166 Scripturam
2264 2096 2318 2150 in
2355 2095 2582 2152 diversis
2627 2097 2763 2152 locis
2809 2095 2944 2153 tales
2987 2097 3471 2154 condemnationes

1879 2189 2058 2259 impiis
2105 2188 2449 2244 inferentem.
2506 2188 2600 2245 Sin
2649 2199 2833 2245 autem
2876 2190 2953 2244 illi
2996 2189 3090 2260 qui
3137 2190 3472 2260 negligenter

1878 2297 2046 2352 Opera
2075 2279 2172 2336 Dei
2202 2278 2423 2344 faciunt,
2456 2287 2512 2335 et
2540 2289 2770 2352 peccant
2798 2281 2850 2336 in
2881 2281 3150 2336 mandatis
3177 2280 3324 2351 ejus,
3348 2281 3472 2336 tali-

1878 2371 1979 2426 bus
2027 2371 2568 2427 condemnationibus
2615 2371 2973 2441 subjiciuntur
3005 2390 3018 2424 :
3050 2381 3253 2444 quanto
3298 2374 3470 2442 magis

1879 2464 2078 2534 impius
2094 2461 2434 2530 Theodorus,
2461 2463 2551 2533 qui
2575 2463 2703 2518 talia
2723 2464 2982 2520 adversus
3011 2465 3185 2536 ipsum
3213 2479 3468 2535 magnum

1881 2553 2051 2610 Deum
2091 2562 2148 2610 et
2186 2553 2523 2610 Salvator-em
2553 2562 2798 2610 nostrum
2825 2552 3008 2610 Iesum
3045 2551 3318 2610 Christum
3346 2554 3470 2610 bla»

1879 2645 2202 2717 sphemavit,
2215 2644 2360 2715 juste
2380 2643 2777 2702 condemnatus
2787 2653 2870 2701 est
2881 2654 2934 2700 et
2949 2645 3468 2702 auathematizatust

1951 2736 2018 2791 Et
2049 2736 2164 2792 htec
2193 2734 2408 2806 quidem
2437 2733 2793 2802 sufﬁciebant,
2837 2750 2999 2807 super
3027 2734 3319 2810 [superius]
3355 2751 3471 2790 me-

1881 2836 2124 2883 moratas
2151 2835 2208 2883 et
2236 2827 2356 2883 aliis
2395 2828 2595 2900 tmstris
2635 2826 2788 2882 libris
2827 2827 3058 2883 insertas
3099 2827 3469 2900 probationes,

1880 2933 2016 2986 quas
2038 2915 2360 2987 protulimus
2381 2955 2396 2979 ,
2448 2917 2826 2980 ostendentes,
2873 2919 3018 2988 quod
3047 2927 3263 2988 oportet
3307 2919 3469 2974 etiam

1883 3019 2006 3080 post
2031 3017 2262 3064 mortem
2295 3010 2578 3064 lucreticos
2604 3010 2985 3074 condemnari,
3017 3009 3348 3066 confundere
3376 3025 3472 3066 eos

1883 3101 1976 3171 qui
2005 3100 2351 3156 Theodorum
2389 3099 2703 3164 defendunt,
2735 3108 2790 3154 et
2827 3115 3172 3170 compescere
3200 3115 3230 3153 a
3252 3099 3347 3154 tali
3369 3099 3471 3154 im-

178 3197 448 3266 imyévzw.
479 3199 561 3250 καί
588 3196 645 3249 τό
671 3193 817 3249 πλέον
843 3195 1048 3272 ἐροῦμεν
1065 3237 1081 3261 ,
1113 3191 1191 3250 ὅτι
1219 3197 1348 3254 τινές
1370 3189 1468 3248 τῶν
1495 3195 1781 3265 συναχθέν-

1887 3192 2105 3263 pietate.
2150 3189 2416 3257 Quoniam
2455 3198 2634 3245 autem
2663 3190 2997 3246 contentiose
3042 3189 3096 3244 in
3126 3189 3314 3244 iisdem
3343 3205 3470 3260 per-

177 3309 281 3344 των
311 3289 360 3342 ἐν
385 3295 446 3363 τῇ
475 3290 600 3343 κατὰ
629 3289 836 3345 Νίκαιαν
870 3289 992 3364 ἁγίᾳ
1035 3287 1252 3360 συνόδῳ,
1283 3288 1779 3367 καὶιύπογράφαντες

179 3390 250 3452 τῷ
274 3383 529 3438 ἑκτιθὲντι
548 3379 672 3460 παρ’
694 3383 856 3443 αὐτῆς
882 3379 1006 3458 ὅρῳ,
1027 3381 1138 3440 ἦτοι
1162 3379 1399 3456 συμϐόλῳ
1421 3389 1512 3441 τῆς
1533 3382 1775 3448 πίστεως,

179 3470 358 3530 ἐπειδό
386 3471 520 3544 μετά
547 3479 717 3528 ταῦτα
740 3475 944 3529 ἐναντία
972 3475 1312 3550 φρονήταντες
1333 3473 1602 3543 ἐφάνησαν,
1626 3473 1671 3526 οἶ
1690 3475 1780 3543 μέν

180 3565 388 3625 ζῶντες,
423 3562 469 3614 οἱ
496 3560 546 3616 δὲ
587 3564 717 3633 μετά
742 3560 954 3617 θάνατον
994 3563 1456 3632 ἁν;Θεματίσ6ησαν
1493 3564 1641 3637 παρὰ
1680 3576 1782 3616 Δα-

178 3662 351 3724 μάσου
397 3661 484 3709 τοῦ
533 3662 624 3714 τῆς
653 3652 800 3714 όσίας
845 3658 1042 3725 μνήμης
1087 3655 1240 3708 πάπα
1283 3660 1376 3713 τῆς
1419 3653 1781 3728 πρεσϐυτέρας

178 3741 398 3819 ἰ’ὡμης,
430 3749 515 3802 καὶ
542 3753 633 3807 τῆς
659 3747 712 3800 ἓν
738 3743 950 3822 Σαρδικῇ
977 3743 1218 3810 συνόδου,
1250 3745 1380 3802 καθὰ
1417 3753 1674 3821 μαρτυρεῖ
1695 3749 1781 3801 καὶ

178 3835 208 3890 ό
255 3839 308 3892 ἐν
352 3837 514 3910 ἁγίοις
553 3838 863 3897 Ἀθανὰσιος.
894 3835 1036 3892 Ἀλλὰ
1076 3841 1163 3891 καί
1206 3837 1237 3895 ή
1276 3837 1323 3890 ἐν
1361 3835 1634 3896 Χαλκηδόνι
1662 3835 1784 3910 ἁγία

181 3926 404 3988 σύνοδος
469 3929 649 4001 Δόμν.ν
691 3931 776 3982 τόν
822 3927 1132 4000 ’Δντιοχείας
1198 3930 1459 3999 γενόμενον
1512 3931 1783 3984 ἐπίσκοπον

179 4023 316 4092 μετά
359 4023 569 4076 Θάνατον
610 4019 948 4088 κατεδίκασε,
996 4021 1322 4090 τολμήσαντα
1363 4020 1510 4092 μόνον
1551 4019 1778 4095 γράψαι.

180 4114 288 4170 δεῖν
325 4113 790 4190 π.‹ρασιωπηϐἦναι
826 4115 891 4172 τὰ
927 4113 1124 4170 δώδεκα
1162 4115 1398 4185 κεφαλαια
1427 4119 1519 4168 τοῦ
1546 4115 1595 4166 ἓν
1622 4114 1784 4186 ἁγίοις

181 4201 450 4279 Κυρίλλτῖυ.

255 4295 458 4355 Ἐπειδὴ
485 4293 538 4352 δὲ
561 4295 607 4350 οί
631 4297 895 4371 Θεοδώρου
917 4295 1320 4368 ἀντιποιούμενοι
1342 4294 1587 4368 α’ρετικοξ
1613 4294 1784 4352 πάσης

183 4392 491 4466 προτάσεως
519 4391 604 4443 καί
644 4388 991 4462 ἐγχειρήσεως
1020 4384 1400 4444 ἕκπεπτωκίτες
1439 4384 1785 4456 ἐπεχείρωαν

181 4481 342 4554 λέγειν
380 4481 512 4556 πρὸς
555 4480 754 4538 ἀπάτην
792 4488 894 4536 τῶν
921 4481 1268 4552 ἀγνοούντων,
1321 4480 1390 4538 ὡς
1433 4475 1460 4530 ὃ
1505 4483 1596 4535 τῆς
1641 4474 1784 4535 aria;

1883 3292 2123 3349 manent,
2139 3283 2302 3338 etiam
2322 3280 2463 3350 quod
2490 3289 2573 3336 est
2595 3280 2823 3351 amplius
2857 3279 3228 3352 dicimus,qula
3251 3279 3469 3350 quidam

1884 3389 1951 3430 ex
1990 3375 2124 3444 ipsis
2163 3373 2253 3442 qui
2293 3372 2348 3426 in
2377 3371 2590 3427 Niczcna
2627 3380 2812 3426 sancta
2841 3371 3048 3443 synodo
3077 3378 3468 3437 convenerunt,

1884 3473 1940 3519 et
1965 3463 2222 3534 exposita:
2245 3463 2312 3518 ab
2354 3477 2419 3517 ea
2460 3461 2584 3517 lldei
2613 3460 2913 3518 deﬁnitioni
2959 3461 3046 3518 vel
3073 3462 3315 3534 symbolo
3341 3464 3469 3520 sub;

1885 3557 2234 3628 scripsi-runt,
2253 3555 2508 3625 quoniam
2520 3564 2707 3625 postea
2726 3554 2996 3610 contraria
3021 3554 3294 3624 sapientes
3305 3567 3472 3626 appa-

1885 3656 2127 3712 ruerunt,
2154 3647 2244 3703 alii
2257 3647 2475 3716 quidem
2493 3646 2622 3710 vivi,
2637 3645 2727 3700 alii
2750 3653 2931 3700 autem
2945 3653 3070 3716 post
3089 3652 3317 3719 mortem
3341 3659 3473 3699 ana-

1887 3741 1941 3795 th
1949 3738 2219 3798 ematizati
2241 3745 2367 3793 sunt
2378 3752 2408 3792 a
2431 3737 2662 3792 Damaso
2675 3743 2873 3791 sancta:
2896 3737 3169 3790 memorize
3183 3749 3318 3804 papa
3331 3741 3468 3788 anu-

1885 3831 2090 3904 quioris
2101 3829 2367 3894 Romae,et
2379 3829 2446 3882 ab
2459 3825 2752 3882 universali
2765 3825 2898 3880 Sard
2907 3825 3067 3882 icensi
3080 3825 3476 3897 synodo,proct

1886 3928 2112 3976 testatur
2138 3928 2356 3974 sanctus
2384 3916 2733 3972 Athanasius.
2776 3913 2882 3970 Sed
2921 3921 2978 3968 et
3018 3911 3476 3968 Chalcedonensis

1885 4021 2073 4069 sancta
2091 4009 2326 4083 synodus
2339 4009 2602 4064 Domuum
2621 4004 2920 4062 Antiochia:
2945 4003 3140 4058 factum
3159 4003 3474 4072 episcopum

1886 4113 2011 4178 post
2034 4112 2263 4159 mortem
2279 4099 2674 4164 condemnavit,
2691 4097 2834 4167 quod
2849 4096 3024 4152 solum
3051 4110 3214 4149 ausus
3233 4101 3317 4148 est
3338 4094 3474 4150 scri-

1887 4195 2036 4261 bere,
2055 4201 2309 4263 oportere
2327 4189 2490 4246 taceri
2511 4188 2794 4244 duodecim
2816 4185 3048 4256 capitula
3061 4185 3233 4241 sancti
3263 4183 3470 4256 Cyrilli.

1960 4284 2225 4351 Quoniam
2282 4289 2462 4336 autem
2519 4277 2792 4334 Theodori
2847 4274 3158 4330 defensores
3213 4273 3476 4342 haeretici,

1888 4375 2035 4432 omni
2058 4372 2430 4444 propositione
2459 4379 2514 4426 et
2545 4378 2745 4425 conatu
2773 4366 3085 4422 excidentes
3103 4408 3118 4433 ,
3144 4371 3477 4436 praesumunt

1889 4467 2069 4522 dicere
2099 4463 2166 4519 ad
2211 4444 2585 4532 deceptionem
2631 4459 3032 4528 ignorantium,
3084 4455 3230 4526 quod
3273 4462 3478 4510 sanctae

184 4576 386 4645 μνήμης
409 4563 650 4649 ὶύριλλος
671 4567 728 4626 ἕν
747 4593 842 4627 τινι
863 4573 1004 4648 μέρει
1025 4569 1294 4628 ἐπιστολῆς
1317 4573 1501 4624 τοῦτον
1527 4567 1781 4637 ἐπῄνεσενε

1891 4557 2166 4613 memoria:
2195 4553 2428 4626 Cyrillus
2449 4552 2504 4606 in
2534 4551 2714 4620 aliqua
2744 4557 2902 4620 parte
2928 4547 3170 4620 epistolae
3195 4546 3342 4602 illum
3370 4543 3480 4600 col-

185 4665 242 4716 ἕκ
283 4661 478 4716 πολλῶν
502 4659 889 4724 ἀποδείκνυται,
921 4657 998 4716 ὅτι
1023 4660 1080 4713 οὐ
1107 4657 1380 4728 συμϐαίνει
1412 4655 1472 4710 τό
1508 4655 1674 4710 αὐτῶν
1703 4654 1788 4726 ἐγ-

188 4757 424 4828 χείρημα
453 4759 566 4813 τοῖς
605 4752 878 4828 εἰρημένοις
900 4752 1045 4824 παρὰ
1069 4755 1162 4804 τοῦ
1191 4749 1241 4802 ίν
1268 4746 1427 4820 ἁγίοις
1463 4743 1706 4820 ιυρίλλου
1737 4743 1788 4798 ἐν

191 4843 451 4919 διαφόροις
469 4843 624 4898 αὐτοῦ
645 4843 810 4916 λόγοις
837 4844 962 4897 κατὰ
987 4847 1076 4898 τοῦ
1108 4839 1396 4898 δυσσεϐοῦς
1426 4835 1707 4912 Θεοδώρου,
1737 4835 1788 4888 ἐν

183 4931 262 4996 οἷς
289 4935 427 4990 ἆσεϐ
441 4955 632 5011 στερον
657 4935 802 4988 αὐτόν
827 4937 1031 4989 πάντων
1056 4938 1156 4988 τῶν
1184 4927 1342 4984 ἄλλων
1368 4928 1629 5003 αἰρετικῶν
1653 4927 1788 4981 ἀπο-

185 5025 356 5090 δείξας
383 5021 540 5086 εἷναί,
589 5024 674 5077 οὐκ
699 5025 910 5094 ἐνεγκὼν
949 5022 1010 5076 τό
1054 5019 1240 5079 πλῆθός
1266 5037 1320 5074 τε
1345 5059 1358 5079 ,
1388 5019 1470 5071 καί
1497 5015 1554 5072 τὸ
1579 5014 1787 5086 μέγεθος

184 5129 284 5176 τῶν
319 5123 476 5175 αὑτοῦ
512 5119 840 5191 βλασφημιῶν
865 5123 964 5173 τῶν
991 5117 1258 5191 εἰρημένων
1297 5112 1422 5169 κατά
1445 5117 1534 5168 τοῦ
1561 5109 1785 5183 μεγάλου

185 5221 319 5272 Θεοῦ
346 5217 430 5268 καὶ
457 5220 688 5285 σωτῆρος
723 5214 863 5281 ἡμῶν
890 5208 1062 5268 Ἰησοῦ
1081 5213 1306 5282 Χριστοῦ
1335 5206 1675 5279 ἀπεφθᾶγξατο
1701 5203 1789 5258 οῦ-

183 5329 286 5367 τως
309 5307 490 5362 εἰπών’
521 5323 539 5354 ι
560 5305 766 5368 Ἐξέστη
793 5301 820 5356 ό
835 5301 1042 5376 οὐρανός
1064 5302 1144 5354 ἔπι
1169 5299 1357 5370 τούτῳ,
1376 5299 1460 5352 καί
1487 5294 1682 5370 ἔφριξεν
1701 5295 1788 5348 ἐπί

181 5399 341 5454 πλείω
363 5395 585 5474 σφόδρα,
624 5395 756 5466 λέγει
789 5390 986 5469 κύριος.
1017 5385 1082 5444 Ὢ
1105 5397 1194 5448 τῆς
1217 5388 1506 5464 ἀπορρήτου
1535 5385 1781 5442 σκαιότη·

183 5510 292 5552 τος,
327 5487 368 5543 ὦ
393 5489 638 5561 γλώσσης
663 5485 914 5544 λαλούσης
941 5479 1134 5537 ἀδικίαν
1163 5480 1294 5534 κατὰ
1316 5483 1409 5534 τοῦ
1440 5483 1588 5538 Θεοῦ,
1620 5477 1706 5528 καί
1723 5475 1784 5530 τὸ

185 5579 625 5653 κέρας-αἰρούσης.
640 5591 659 5626 ι
677 5576 779 5628 Καὶ
795 5573 957 5627 πάλιν
982 5589 999 5621 ι
1018 5568 1233 5632 Ἐπίθες,
1247 5563 1502 5642 ἄνθρωπε,
1514 5571 1577 5639 τῇ
1590 5567 1784 5618 σαυτοῦ

183 5673 385 5746 γλώττῃ
411 5667 574 5746 θύραν
615 5669 701 5722 καί
749 5663 962 5736 μοχλόν.
1007 5667 1210 5716 Παῦσαι
1249 5658 1308 5715 τό
1348 5657 1498 5734 κέρας
1540 5657 1611 5718 εἰς
1655 5653 1787 5724 ὕψος

187 5767 428 5842 ἐπαίρων.
456 5745 544 5816 καὶ
568 5759 728 5814 λαλῶν
754 5754 948 5812 ἀδικίαν
981 5754 1112 5809 κατὰ
1139 5755 1230 5807 τοῦ
1260 5755 1410 5842 Θεοῦ.
1449 5748 1631 5842 Μίχρι
1656 5745 1790 5805 τίνος

188 5839 444 5931 ἐπιπηδᾷς
472 5853 850 5918 ἀνεξικακοῦντι
866 5849 1102 5920 limat-6,3;
1129 5844 1200 5904 εἰς
1217 5847 1331 5896 νοῦν
1355 5839 1450 5911 ἔχε
1477 5841 1534 5897 τὸ
1555 5853 1787 5912 γεγραμ-

1887 4649 2165 4713 laudavit;
2215 4663 2282 4702 ex
2313 4644 2500 4700 multis
2525 4642 2858 4708 ostenditur,
2901 4640 3046 4711 quod
3075 4655 3186 4696 non
3225 4637 3480 4694 convenit

1891 4756 2078 4798 eorum
2109 4753 2376 4794 conamen
2422 4735 2578 4790 dictis
2619 4749 2648 4788 a
2678 4733 2736 4789 S.
2768 4731 2970 4804 Cyrillo
3009 4732 3062 4786 in
3108 4730 3334 4786 diversis
3364 4728 3482 4798 ejus

1889 4831 2041 4887 libris
2088 4838 2276 4886 contra
2327 4827 2548 4896 impium
2592 4823 2956 4889 Theodorum,
3004 4823 3058 4878 in
3086 4822 3280 4892 quibus
3309 4821 3481 4889 magis

1891 4923 2112 4993 impium
2137 4920 2386 4976 omnibus
2402 4916 2521 4970 aliis
2535 4914 2805 4969 hazreticis
2822 4929 2946 4969 eum
2962 4915 3274 4976 ostendens,
3286 4912 3484 4968 deinde

1896 5027 2004 5069 non
2025 5011 2298 5068 sustinens
2317 5006 2576 5078 plurimas
2603 5011 2661 5058 et
2689 5004 2952 5058 maximas
2981 5003 3098 5073 ejus
3119 5001 3482 5072 blasphetmns

1895 5110 2085 5159 contra
2113 5111 2366 5169 magnum
2381 5095 2550 5151 Deum
2577 5102 2636 5150 et
2661 5093 2998 5150 Salvatorem
3029 5099 3273 5147 nostrum
3296 5089 3486 5150 Jesum

1895 5193 2165 5250 Christum
2185 5189 2376 5252 dictas,
2400 5184 2744 5246 exclamavit,
2761 5183 2835 5239 ita
2855 5181 3067 5240 dicens:
3090 5199 3108 5233 ι
3131 5178 3484 5250 Expavitctr

1895 5287 2004 5342 lum
2031 5297 2194 5353 super
2220 5279 2348 5344 hoc,
2374 5284 2430 5332 et
2451 5276 2663 5332 horruit
2691 5273 2921 5344 amplius
2949 5273 3322 5338 vehementer,
3350 5270 3482 5324 chit

1895 5375 2176 5432 Dominus.
2225 5368 2271 5426 0
2299 5366 2691 5424 intolerabilem
2719 5363 3138 5431 malignitatem,
3185 5377 3220 5416 ο
3245 5361 3482 5428 linguam

1888 5467 2202 5538 loquentem
2228 5459 2568 5529 iniquitatem
2590 5464 2778 5512 contra
2809 5454 2978 5508 Deum
3001 5491 3018 5517 ,
3058 5459 3115 5506 et
3154 5450 3207 5504 in
3237 5449 3480 5504 altitudi-

1889 5573 2014 5614 nem
2028 5569 2198 5612 cornu
2209 5546 2587 5608 extollentem!
2613 5566 2632 5599 ι
2652 5545 2944 5617 (Etiterum
2966 5559 2979 5598 :
3000 5562 3020 5596 ι
3038 5541 3278 5613 Impune,
3294 5541 3482 5603 homo,

1891 5656 1998 5704 tua:
2025 5647 2219 5715 linguae
2252 5642 2448 5699 ostium
2471 5646 2528 5696 et
2553 5651 2750 5703 seram,
2780 5649 2933 5692 cessa
2957 5647 3127 5689 cornu
3153 5631 3208 5686 in
3237 5627 3479 5684 altitudi-

1892 5752 2016 5796 nem
2035 5735 2320 5800 extollens,
2339 5739 2396 5790 et
2411 5732 2642 5802 loquens
2658 5728 2994 5798 iniquitatem
3009 5723 3267 5781 adversus
3277 5721 3473 5777 Deum.

1893 5831 2185 5898 Quousque
2206 5824 2434 5884 insultas
2461 5822 2684 5894 patienti
2713 5818 2974 5876 Christo?
3019 5815 3078 5872 ln
3112 5821 3296 5871 mente
3327 5814 3482 5872 hab.
