3952 6376
489 337 596 392 913

1886 298 2182 356 VIGIIJUS
2222 299 2420 354 PAPA.

3662 297 3766 354 ΞΜ

487 441 550 508 μί
559 457 634 489 νον
651 429 792 504 παρά
807 431 897 480 τοῦ
918 424 1190 479 θεσπεσίου
1205 419 1418 476 Παύλου·
1437 448 1505 459 —
1520 419 1673 473 Οὕτω
1695 415 1747 472 δὲ
1769 417 2075 491 ἁμαρτάνον-

2179 411 2438 480 scriptum
2462 424 2492 463 a
2523 409 2702 463 divino
2731 408 2896 462 Paulo
2929 425 2941 460 :
2977 407 3070 462 Sic
3096 415 3270 461 autent
3294 413 3562 477 peccantes
3583 405 3636 458 in
3661 407 3754 472 fra-

489 536 578 578 τες
599 519 670 576 είς
695 519 814 576 τοὺς
839 514 1101 584 ἀδελφούς.
1130 516 1216 568 καί
1240 513 1546 570 πλήττοντες
1569 510 1735 563 αὐτῶν
1760 508 2074 561 ἀσθενοῦσαν

488 617 580 668 τὴν
604 603 882 663 συνείδησιν
902 607 972 664 εἷς
995 614 1158 677 Χριστ
1171 625 1209 654 ιν
1229 603 1564 674 ἁμαρτάνετε.
1577 627 1648 640 -—
1662 599 1844 653 Καέἶνα
1859 619 1910 651 τι
1927 599 2012 650 καὶ
2027 597 2078 650 ἐκ

488 703 808 773 προφητικῶν
835 695 1111 768 φθίγξωμαι
1152 693 1380 764 βιτλίων,
1411 689 1779 748 --“Εδικα.ιὼοη
1801 686 1995 758 Σόδομα
2023 688 2076 738 ἐκ

486 791 603 840 σοῦ.
631 813 700 825 -
725 789 989 845 Νενίκηκας
1028 785 1120 844 τὰς
1157 790 1256 838 τῶν
1294 781 1534 841 Ἑλλήνων
1573 782 1971 856 ἀθυροστομίας,
2015 775 2078 836 ἂς

489 877 790 936 ἐποιήσαντο
822 878 954 930 κατὰ
991 881 1216 949 Χριστοῦ
1239 913 1255 938 ,
1283 878 1478 943 μωρίαν
1507 872 1774 942 ἡγούμενοι
1800 870 1884 923 τόν
1911 888 2077 922 σταυ-

489 969 596 1043 ρόν.
610 967 768 1024 Ούδέν
788 965 906 1022 ὄντα
921 963 1163 1030 διίδειξας
1184 967 1246 1020 τὰ
1266 962 1636 1022 τῆςῚουῖΞακῆς
1652 962 1891 1020 ἀπονοίας
1907 959 2068 1028 ἐγιλή-

488 1079 648 1128 ματα.
673 1076 690 1106 ε
723 1059 926 1110 Τούτων
946 1059 1109 1112 τ.ίνυν
1126 1056 1289 1114 οἶτως
1315 1054 1397 1108 ἐπί
1424 1055 1722 1128 κατακρίσει
1740 1055 1830 1106 τοῦ
1859 1049 2079 1108 ἀσεϐοῦς

489 1150 754 1222 Θεοδώρου
784 1148 888 1203 ὑπὸ
911 1153 1004 1203 τοῦ
1045 1149 1093 1199 ἐν
1119 1147 1232 1215 όιγίο
1254 1167 1281 1206 ς
1321 1145 1565 1220 Κυρίλλου
1595 1142 1896 1216 εἰρημένων,
1928 1142 1971 1193 εἰ
1998 1142 2080 1193 καί

491 1239 601 1299 δὀίη
620 1261 698 1300 τις
719 1242 847 1293 κατά
873 1241 992 1297 τοὺς
1031 1239 1226 1292 ἐκείνων
1253 1237 1428 1308 λόγους
1459 1242 1542 1289 τόν
1572 1235 1619 1287 ἐν
1649 1232 1811 1305 ἁγίοις
1852 1230 2078 1306 κύριλλον

490 1334 740 1409 εἰρηκέναι
767 1353 818 1386 τι
837 1332 969 1405 ύπέρ
997 1328 1284 1403 Θεοδώρου,
1311 1325 1427 1381 ούδέ
1455 1335 1606 1382 τοῦτο
1631 1327 1901 1398 ἐξαιρεῖται
1929 1323 2080 1374 αὐτόν

487 1431 579 1482 τῆς
608 1425 976 1498 κατακρίσεως.
1008 1420 1318 1490 Εὑρίσκομεν
1343 1419 1467 1489 γὰρ,
1499 1419 1566 1475 ὡς
1591 1413 1766 1469 πολλοί
1800 1421 1899 1467 τῶν
1924 1411 2078 1483 ἁγίων

489 1515 724 1588 πατέρων
767 1516 906 1572 τινας
936 1520 1037 1568 τῶν
1073 1513 1336 1584 αἶρετικῶν
1377 1506 1701 1570 ἀπεδέξαντο,
1735 1505 1912 1578 ὥσπερ
1943 1501 2077 1556 καὶὸ

489 1607 540 1660 ἔν
565 1605 724 1677 όιγίοις
751 1606 1002 1673 Δάμασος,
1036 1605 1122 1654 καί
1148 1595 1456 1662 Ἀθανάσιοξ,
1487 1600 1570 1650 καί
1598 1594 1850 1654 Βασίλειος
1879 1591 2076 1646 ’Λπολι-

488 1695 691 1771 νάριον,
734 1698 818 1748 καί
855 1697 988 1748 Δίων
1016 1691 1068 1748 δὲ
1097 1691 1123 1746 ὁ
1152 1699 1242 1750 τῆς
1271 1690 1420 1761 ἁγίας
1457 1692 1652 1758 μνήμης
1698 1685 1958 1754 Εὐτυχέα.
1992 1685 2080 1734 καὶ

2182 509 2312 559 tres,
2346 509 2394 553 et
2421 499 2758 562 percutientes
2786 514 2961 550 eorum
2987 497 3254 566 inﬁrmam
3282 495 3679 561 οοπεείαεείεειι,
3707 498 3760 550 in

2181 588 2438 644 Christum
2466 590 2689 658 peccatis
2713 586 2768 658 (1
2799 586 2920 641 Cor.
2947 593 3082 656 vin).
3112 585 3179 640 Et
3204 594 3262 640 ut
3286 585 3488 656 aliquid
3510 585 3668 640 etiam
3696 601 3759 641 ex

2181 679 2512 749 propheticis
2541 679 2732 747 loquar
2759 677 3032 734 codicibus
3066 696 3078 731 :
3106 677 3410 747 luctiﬁcam
3436 687 3514 732 est
3538 677 3760 734 Sodoma

2178 788 2243 825 ea:
2273 781 2320 824 te
2343 769 2412 841 (Ε
2418 770 2556 823 zecli.
2587 769 2715 840 ενι),
2746 769 3014 838 superasti
3037 783 3365 839 paganorum
3395 769 3758 834 verbositates,

2179 877 2313 932 quas
2335 871 2525 917 contra
2547 861 2820 917 Christum
2854 861 3116 926 fecerunt,
3148 862 3431 917 stultitiam
3459 863 3764 918 existimat»

2190 964 2272 1010 tes
2295 970 2508 1008 crucem
2541 953 2596 1025 (ι
2623 953 2743 1010 Cor.
2762 957 2896 1025 vm),
2929 956 3060 1010 nihil
3089 971 3208 1010 esse
3235 954 3515 1011 ostendisti
3537 955 3765 1012 Judaica:

2179 1047 2444 1114 superbiae
2473 1047 2718 1100 crimina.
2751 1065 2769 1098 ι
2805 1045 2900 1100 His
2949 1047 3111 1116 igitur
3151 1048 3217 1099 ad
3265 1045 3764 1102 condemnationem

2185 1135 2457 1191 Theodori
2485 1137 2563 1191 sic
2583 1153 2611 1189 a
2634 1147 2821 1191 sancto
2841 1136 3042 1207 Cyl-illo
3069 1137 3246 1204 dictis,
3277 1137 3404 1192 licet
3429 1138 3622 1208 aliquis
3641 1153 3765 1192 con-

2180 1231 2376 1294 cedat,
2428 1230 2722 1284 secundum
2773 1230 2984 1284 illorum
3025 1230 3190 1284 Verba
3237 1240 3480 1285 sanctum
3512 1231 3766 1302 Cyrillum

2182 1319 2379 1389 aliquid
2404 1335 2500 1388 pro
2525 1318 2812 1372 Theodoro
2833 1318 3051 1381 dixisse,
3085 1334 3260 1388 neque
3281 1320 3384 1374 hoc
3406 1319 3599 1374 liberat
3623 1318 3766 1374 illum

2181 1424 2214 1464 a
2242 1409 2709 1465 condemnatione.
2742 1407 3046 1462 Invenimus
3075 1408 3242 1473 enim,
3285 1407 3432 1478 quod
3463 1407 3618 1462 multi
3646 1424 3766 1464 san-

2181 1508 2392 1553 ctorum
2424 1497 2642 1552 Patrum
2673 1497 2934 1566 quosdam
2977 1497 3262 1552 hmrclicos
3307 1496 3766 1564 collaudaverum,

2181 1591 2321 1646 sicut
2360 1600 2416 1645 et
2455 1591 2626 1645 sancti
2673 1591 2934 1644 Damasus
2977 1599 3034 1644 et
3077 1589 3403 1644 Athanasius
3443 1597 3500 1644 et
3546 1587 3768 1644 Basilius

2183 1686 2594 1756 Apollinarium,
2621 1694 2678 1740 et
2704 1695 2922 1740 sanctus
2944 1685 3167 1758 [sancte
3195 1684 3494 1756 memoriae]
3525 1683 3633 1740 Leo
3661 1683 3765 1740 Eu~

489 1787 627 1858 ὅμως
656 1784 828 1844 ἐπειδή
854 1787 1040 1857 φανερά
1073 1784 1267 1855 γέγονεν
1294 1784 1324 1838 ἡ
1363 1781 1551 1834 τού;ων
1577 1779 1810 1841 ἀσέξεια,
1853 1779 1938 1828 οὐκ
1975 1774 2075 1837 ἐξέ-

2184 1777 2376 1848 tychen
2405 1795 2418 1830 :
2446 1784 2503 1831 et
2525 1785 2706 1830 tamen
2728 1776 2942 1843 cognita
2974 1791 3162 1830 eorum
3197 1775 3498 1846 impietate,
3519 1791 3628 1831 non
3649 1792 3767 1845 pro-

487 1901 642 1951 φυγον
687 1877 768 1932 διὰ
806 1883 896 1936 τὴν
941 1880 1181 1934 τοιαύτην
1229 1872 1498 1944 ἀποδοχήν
1537 1871 1782 1944 αἶρετικοί
1820 1873 1908 1924 τὴν
1947 1865 2080 1937 μετά

489 1976 654 2026 ταῦτα
679 1972 752 2028 είς
781 1971 957 2022 οἰκεῖον
984 1967 1260 2042 πρόσωπον
1286 1968 1370 2018 καί
1402 1969 1490 2020 τὴν
1535 1964 1700 2015 αὐτῶν
1730 1961 1968 2013 ἀσέξειαν
1996 1977 2080 2026 γε·

487 2062 697 2132 νομένην
729 2064 1026 2133 κατάκρισιν
1064 2078 1116 2114 τε
1163 2062 1244 2112 καί
1280 2055 1704 2126 ἀναθεματισμόν.
1748 2053 1978 2109 Τοσαύτη
2023 2049 2078 2106 δέ

488 2154 626 2208 ἐστιν
653 2155 682 2210 ri
716 2155 870 2220 μανία
905 2159 1002 2206 τῶν
1033 2149 1296 2218 Θεόδωρον
1327 2148 1682 2209 ἐκδικούυτων,
1735 2143 1814 2198 ὄτι
1856 2143 2080 2210 τολμῶσι

487 2240 904 2313 καταψεύδεσθαι
927 2244 1007 2294 καί
1043 2242 1315 2316 Γρηγορίου
1342 2244 1433 2294 τοῦ
1461 2236 1689 2310 θεολόγον
1708 2279 1719 2300 ,
1747 2237 1830 2288 καί
1856 2231 2078 2288 ἰωάννου

488 2343 581 2393 τοῦ
637 2333 1246 2401 κωνσταντινουπόλεως,
1300 2333 1367 2390 ὡς
1429 2329 1704 2388 ἐπιστολὰς
1751 2326 1876 2404 πρὸς
1927 2323 2078 2378 αὐτὸν

486 2425 745 2500 Θεόδωρον
781 2427 1184 2480 ἀποστειλάντων
1225 2423 1626 2496 πεπληρωμένας
1670 2421 1874 2474 ἐπαῖνου
1952 2416 2077 2489 ὅπερ

487 2517 710 2591 ψεύδους
741 2520 853 2572 ἐστί
895 2518 1100 2587 μεστόν.
1133 2517 1411 2590 Γρηγόριος
1449 2516 1538 2586 μὲν
1564 2534 1684 2588 γάρ,
1717 2511 1800 2566 ὅτε
1831 2512 1961 2586 ὑπὲρ
1989 2519 2079 2570 τῆς

485 2612 718 2672 ἀληθείας
757 2613 808 2664 ἐν
848 2609 1370 2664 Κωνσταντενουπόλει
1404 2607 1810 2676 ἀγωνισάμενος,
1845 2606 1925 2655 καὶ
1952 2604 2073 2663 τούς

487 2701 641 2761 λαούς
683 2700 783 2754 ἀπὸ
809 2707 900 2758 τῆς
935 2704 1036 2752 τῶν
1072 2696 1338 2772 ’Δρειανῶν
1381 2696 1564 2754 πλάνης
1595 2696 1666 2753 είς
1703 2699 1793 2751 τήν
1823 2693 1860 2766 ὀ.
1882 2691 2079 2755 ὑόᾶοξον

489 2797 668 2850 πίστιν
713 2791 1030 2866 ἐπιστρέψας
1071 2793 1144 2850 εἰς
1177 2794 1268 2847 τήν
1303 2788 1488 2842 οἰκείαν
1537 2787 1779 2844 ἐπανῆλθε
1827 2783 2074 2859 πατρίδα,

487 2887 584 2944 τὰς
610 2885 755 2951 παρὰ
782 2889 881 2937 τῶν
922 2881 1183 2958 αἱρετικῶν
1222 2882 1512 2952 κακούργως
1549 2877 1923 2953 προφερομίνας
1962 2875 2077 2930 ἑπι-

489 2975 674 3035 στολάς
700 2973 758 3026 ού
787 2974 913 3048 πρὸς
935 2970 1188 3047 Θεόδωρον
1209 2972 1292 3025 τόν
1317 2970 1666 3040 Μόψουεστίας
1692 2967 1932 3042 ἔγραψεν,
1959 2967 2080 3022 ἀλλὰ

489 3067 616 3141 πρὸς
643 3061 898 3138 Θεόδωρον
925 3064 1206 3118 ἐπίσκοπον
1229 3064 1457 3128 Τυάνων,
1488 3063 1602 3121 ἥτις
1637 3061 1748 3118 ἐστί
1788 3067 1876 3120 τῆς
1905 3057 2078 3114 δευτί·

2182 1877 2302 1938 pter
2329 1867 2432 1922 hoc
2455 1875 2742 1922 evaserunt
2773 1866 3008 1921 harretici
3029 1865 3538 1920 condemnationem
3569 1873 3624 1920 et
3645 1881 3769 1919 ana-

2184 1959 2402 2022 thema,
2459 1957 2603 2026 quod
2657 1967 2844 2027 postea
2889 1966 3080 2011 comm
3133 1971 3323 2011 eorum
3381 1973 3667 2026 personam
3717 1965 3769 2010 et

2181 2049 2510 2119 impietatem
2541 2047 2739 2103 factum
2779 2059 2880 2102 est.
2931 2047 3135 2102 Tantus
3168 2057 3346 2102 autem
3376 2057 3458 2102 est
3488 2048 3638 2101 furor
3676 2047 3768 2102 de-

2182 2140 2513 2195 fendentium
2557 2138 2936 2206 Theodorum,
2983 2140 3107 2208 quia
3139 2147 3470 2209 pnesumunt
3516 2139 3768 2193 adversus

2179 2229 2495 2299 Gregorium
2542 2229 2876 2298 theologum,
2906 2238 2961 2284 et
2988 2228 3251 2284 Joannem
3278 2229 3769 2298 Constantinopoli-

2181 2331 2365 2376 tannm
2394 2320 2633 2385 mentiri,
2666 2320 2908 2376 dicentes
2937 2320 3194 2390 epistolas
3223 2319 3292 2374 ad
3319 2321 3568 2374 eumdem
3597 2318 3768 2374 Theo-

2179 2414 2370 2468 dorum
2395 2413 2583 2484 plenas
2610 2411 2786 2467 laudis
2815 2426 2912 2467 eos
2941 2411 3202 2466 direxisse
3229 2429 3243 2463 :
3274 2411 3417 2481 quod
3447 2409 3640 2469 falsum
3669 2417 3765 2466 est.

2180 2503 2473 2574 Gregorius
2498 2505 2664 2570 enim,
2693 2520 2816 2560 cum
2845 2504 2896 2558 in
2919 2501 3392 2573 ConstantinOpoli
3422 2518 3519 2572 pro
3544 2503 3769 2558 veritate

2180 2594 2470 2658 laborans,
2518 2595 2796 2651 conversis
2837 2609 2936 2665 per
2977 2609 3100 2649 cum
3139 2594 3209 2649 ab
3238 2595 3436 2649 Ariana
3465 2594 3671 2650 insania
3705 2593 3770 2649 ad

2180 2687 2500 2742 catholicam
2531 2686 2688 2741 (idem
2720 2686 2932 2758 populis
2953 2729 2966 2749 ,
2994 2687 3062 2744 ad
3088 2702 3239 2741 suam
3269 2687 3498 2758 patriam
3525 2701 3770 2742 reversus

2180 2789 2284 2846 est,
2315 2779 2571 2850 epistolas
2600 2796 2736 2850 quas
2765 2781 3000 2836 haeretici
3023 2779 3212 2836 dolose
3233 2779 3532 2849 proferunt,
3568 2795 3674 2834 non
3705 2778 3769 2833 ad

2182 2873 2524 2929 Theodorum
2554 2873 2993 2944 Mepsuestenum
3023 2873 3268 2942 scripsit,
3301 2873 3396 2927 sed
3426 2873 3493 2927 ad
3523 2871 3770 2926 Theodo-

2181 2981 2299 3020 rum
2322 2966 2636 3036 episcopum
2662 2951 3024 3038 Tyanensem,
3044 2980 3164 3035 quae
3191 2975 3274 3020 est
3293 2965 3543 3020 secunda:
3570 2963 3770 3034 Cappa-

2181 3059 2350 3114 docia:
2381 3058 2714 3128 metropolis.
2745 3056 2998 3127 Ejusdem
3027 3067 3208 3112 autem
3243 3055 3530 3125 provincia:
3565 3064 3692 3109 sunt
3719 3064 3771 3108 et

491 3174 588 3228 ρας
617 3151 971 3209 Καππαδόκων
993 3152 1322 3228 μητρόπολις.
1348 3157 1450 3211 Τῆς
1475 3149 1528 3206 δέ
1549 3151 1707 3210 αὐτῆς
1730 3152 1912 3224 χώρας
1939 3151 2075 3204 ἔστὶν

2181 3149 2479 3204 Nazianzus
2498 3150 2708 3215 civitas,
2731 3150 2882 3218 cujus
2905 3149 3077 3204 fuerat
3106 3149 3388 3218 episcopus
3409 3147 3550 3202 idem
3573 3157 3769 3202 sancta:

490 3247 520 3304 ἡ
558 3246 862 3310 Ναζια.ζὸς,
911 3243 970 3305 ἧς
1015 3247 1211 3318 γέγονεν
1257 3244 1537 3304 ἐπισκοπος
1578 3242 1604 3297 ό
1641 3244 1789 3302 αὐτὸς
1817 3246 1866 3294 ὲν
1913 3241 2076 3313 ἁγίοις

487 3334 780 3411 Γρηγόριος,
814 3336 893 3388 καί
915 3335 1164 3408 ’Δριανζός
1191 3335 1250 3388 τό
1284 3336 1494 3406 χωρίον.
1528 3330 1636 3385 ὅθεν
1661 3335 1886 3404 ὡρμᾶτο.
1915 3338 2076 3386 Τοῦτο

487 3429 588 3501 γὰρ
615 3429 703 3480 καί
729 3427 881 3480 αὐταί
906 3431 1078 3496 σαφῶς
1109 3423 1344 3482 δηλοῦσιν
1367 3424 1416 3476 αί
1445 3423 1740 3486 ἐπιστολαί,
1769 3425 2076 3494 μεμνημέναι

487 3517 671 3578 ἐθνῶν,
715 3517 800 3570 καί
822 3511 1078 3578 συνόδων,
1108 3515 1192 3567 καί
1229 3518 1319 3566 τοῦ
1366 3513 1526 3567 αὐτοῦ
1573 3515 1768 3590 χωρίου
1796 3511 2074 3590 Ἀριανζοῦ,

487 3611 576 3664 καί
604 3607 787 3681 ἐτέρων
815 3608 1023 3680 χωρίων
1065 3613 1157 3665 τῆς
1195 3608 1350 3666 αὐτῆς
1395 3606 1690 3679 ἐπαρχίας.
1721 3610 1807 3661 καί
1833 3607 1987 3678 μηνὸς
2017 3617 2077 3683 τῇ

490 3698 758 3772 ἐπιχωρίῳ
823 3693 1067 3767 διαλέκτῳ
1125 3693 1470 3750 Καππαδόκων
1537 3698 1938 3767 ὠνομασμένων,
1994 3703 2077 3753 καί

491 3789 768 3862 Βοσπορίου
796 3784 1071 3840 ἐπισκόπου
1111 3786 1199 3842 ὑπ’
1233 3786 1386 3841 αὐτόν
1413 3786 1676 3846 τελοῦντος
1706 3787 1958 3850 Κολωνίας
1985 3799 2076 3851 τῆς

487 3879 700 3939 πόλεως.
728 3881 814 3932 καί
838 3878 1023 3956 ἐτέρων
1051 3878 1364 3941 ἐπισκόπων,
1395 3881 1480 3933 καί
1507 3880 1920 3953 χωρεπισκόπων
1941 3923 1955 3946 ,
1997 3887 2076 3939 καί

487 3972 836 4044 μοναστηρίων
867 3970 967 4024 ύπό
1001 3971 1084 4025 τόν
1105 3959 1260 4024 αὐτόν
1287 3971 1563 4026 τελούντων
1588 3970 1842 4047 Θεόδωρον
1881 3995 2073 4045 μνημο-

485 4063 752 4118 νεύουσαι.
784 4061 846 4113 ὧν
880 4064 964 4114 καί
1005 4063 1170 4134 μέχρι
1196 4067 1282 4114 νῦν
1321 4065 1542 4126 σώζεται
1584 4065 1650 4118 τά
1681 4063 1918 4133 ὀνόματα.
1951 4069 2073 4119 Ποία

434 4211 441 4220 ,
485 4149 540 4206 δέ
565 4155 813 4222 μετουσία
843 4151 1215 4212 Καππαδόκαις
1253 4155 1384 4226 πρὸς
1411 4156 1528 4213 τοὺς
1557 4162 1647 4214 τῆς
1675 4152 1919 4228 δευτέρας
1947 4153 2072 4209 Κιλι-

486 4247 601 4304 κίας
627 4243 658 4302 ii
684 4244 798 4299 τότε
847 4243 877 4302 ἦ
915 4250 1004 4298 νῦν
1039 4245 1305 4316 ὑπάρχει,
1347 4244 1802 4322 διαμεμερισμένης
1839 4257 1931 4307 τῆς
1974 4255 2073 4301 τῶν

487 4336 760 4405 ἐπαρχιῶν
795 4336 985 4389 τούτων
1021 4333 1334 4398 διοικήσεωςζ
1367 4336 1396 4395 ἦ
1425 4342 1611 4396 ποίςυς
1652 4338 1960 4397 ἐπισκόπους
1990 4339 2072 4408 ὑφ’

490 4429 668 4480 ἑαυτὸν
693 4424 836 4497 ἔχειν
858 4427 1075 4484 nti-Jama
1115 4427 1140 4481 ό
1184 4429 1542 4498 Μοᾲουεστίας
1573 4430 1877 4496 ἐπίσκοπος,
1919 4432 2072 4490 αὐτὸς

2181 3242 2456 3297 memoria:
2481 3240 2792 3309 Gregorius,
2838 3248 2893 3294 et
2922 3239 3180 3294 Arianzus
3211 3236 3484 3308 praedium,
3512 3237 3658 3292 unde
3685 3251 3770 3290 or-

2182 3345 2268 3390 tus
2298 3333 2490 3389 fuerat.
2522 3333 2638 3389 Hoc
2663 3335 2807 3388 enim
2839 3341 2893 3388 et
2921 3333 3052 3402 ipsa:
3081 3331 3324 3402 epistolae
3351 3338 3540 3400 aperte
3565 3329 3767 3400 signili-

2179 3436 2333 3492 cant,
2382 3425 2699 3481 memoriam
2744 3423 3006 3480 facientes
3044 3423 3491 3478 consuetudinum
3520 3431 3580 3476 et
3607 3422 3769 3476 colle-

2179 3517 2440 3583 ctionum,
2470 3525 2526 3570 et
2551 3515 2791 3584 ejusdem
2817 3513 3001 3584 pimdii
3029 3513 3260 3577 Arianai,
3294 3521 3349 3567 et
3371 3513 3604 3566 alioran
3638 3527 3770 3583 pra:-

2185 3611 2397 3666 diorum
2446 3607 2688 3678 ejusdem
2739 3607 3068 3678 provincias,
3125 3614 3179 3659 et
3225 3605 3426 3658 mensis
3477 3605 3764 3660 vernacula

2185 3700 2365 3768 lingua
2387 3699 2767 3769 Cappadocum
2797 3696 3075 3766 nominati,
3099 3706 3153 3748 et
3184 3693 3465 3763 Bosphorii
3491 3693 3763 3768 [Bospori]

2180 3789 2419 3859 epiScopi
2469 3789 2570 3842 sub
2599 3785 2788 3841 eodem
2818 3783 3106 3842 Theodom
3135 3782 3452 3848 constituti,
3501 3784 3596 3853 qui
3642 3794 3766 3840 tunc

2179 3879 2436 3948 temporis
2455 3875 2696 3932 Coloniae
2723 3873 2954 3930 civitatis
2981 3873 3218 3943 ejusdem
3247 3873 3536 3944 provinciae
3558 3878 3766 3946 episco-

2177 3985 2278 4040 pus
2305 3977 2454 4036 erat,
2487 3978 2542 4024 et
2570 3967 2800 4023 aliorum
2829 3969 3229 4038 episcoporum,
3259 3976 3315 4020 et
3343 3967 3762 4038 chorepiscopo-

2175 4076 2334 4124 rum,
2383 4069 2438 4115 et
2485 4060 2968 4124 monasteriorum,
3017 4073 3136 4128 qua:
3164 4058 3263 4113 sub
3293 4057 3567 4112 Theodori
3605 4059 3766 4128 juris-

2175 4150 2412 4205 dictione
2440 4158 2594 4203 erant
2617 4190 2632 4216 ,
2679 4164 2909 4217 quorum
2941 4165 3108 4217 usque
3139 4165 3281 4204 nunc
3322 4150 3510 4202 eadem
3544 4151 3759 4204 nomina

2175 4249 2476 4296 servantur.
2508 4239 2692 4307 Qualis
2717 4256 2881 4310 porro
2914 4243 3223 4297 communio
3256 4241 3674 4311 Cappadocibus
3698 4241 3762 4295 ad

2175 4330 2465 4385 secundam
2494 4331 2757 4398 Ciliciam,
2784 4333 2866 4387 vel
2895 4341 3041 4399 tunc,
3075 4333 3158 4387 vel
3200 4333 3360 4387 modo
3388 4332 3558 4386 divisa
3581 4349 3760 4388 earum

2176 4421 2574 4491 provinciarum
2602 4424 2990 4490 gubernatione
3014 4427 3038 4478 ?
3085 4424 3152 4478 Et
3178 4439 3315 4494 quos
3344 4425 3630 4495 episcopos
3665 4426 3761 4482 sub

489 4516 591 4568 ύπὸ
609 4519 694 4570 τόν
713 4524 802 4574 τῆς
822 4517 972 4574 αὐτῆς
1003 4515 1244 4591 δευτέρας
1269 4517 1479 4574 Κιλικίας
1501 4539 1627 4588 μητρ
1640 4518 1874 4576 οπολίτην
1894 4521 2072 4584 τελῶν;

2181 4531 2238 4570 se
2270 4517 2468 4570 habere
2489 4527 2703 4585 poterat
2731 4517 3140 4588 Mopsuestenus
3163 4519 3470 4587 episcopus,
3504 4533 3628 4573 cum
3651 4518 3760 4588 ipse

493 4609 716 4670 Ἰωάννης
759 4605 810 4661 δὲ
855 4607 881 4662 ό
927 4608 1495 4668 Κωνσταντινουπόλιως
1541 4606 1761 4681 ἔγραψεν
1807 4610 2078 4670 ἐπιστολήν

488 4701 616 4774 πρὸς
645 4699 898 4773 Θεόδωρον
938 4705 1024 4754 τόν
1053 4701 1449 4770 Μοφουεστίας,
1475 4701 1565 4751 οὐκ
1591 4701 1803 4754 ἐπαίνων
1832 4700 1886 4756 δὲ
1905 4743 1919 4766 ,
1953 4703 2078 4758 ἀλλὰ

487 4791 724 4860 μέμ-ᾅδων
746 4801 828 4844 καί
865 4793 1206 4858 ἐπιτιμήσεων
1233 4785 1397 4844 οὖσαν
1424 4796 1634 4859 μεστὴν,
1671 4794 1738 4852 ὡς
1775 4793 2076 4857 ἐκπεσόντος

485 4883 637 4936 αὐτοῦ
673 4889 762 4940 τῆς
789 4883 1100 4940 οεοσεϐείας.
1138 4885 1458 4941 Συνασκησας
1484 4885 1584 4956 γὰρ
1611 4883 1744 4953 αὐτῷ
1772 4883 1854 4938 τὸν
1884 4891 2072 4962 μονήρη

485 4975 596 5044 {:iov
627 4974 672 5027 ἐν
698 4975 768 5027 ἑνί
795 4975 876 5027 καί
900 4981 972 5043 τῷ
1001 4975 1140 5040 αύτῷ
1169 4977 1514 5046 μοναστηρίῳ,
1544 4985 1632 5034 τῆς
1663 4977 1828 5030 ἐκεῖσε
1860 4976 2072 5033 συνδια-

482 5075 652 5139 γωγῆς
679 5067 1039 5136 ἀναμιμνήσκει
1065 5065 1236 5116 αὐτόν.
1270 5070 1356 5116 Καὶ
1382 5072 1549 5120 ταῦτα
1577 5077 1830 5142 μαρτυρεῖ
1851 5070 2069 5139 Σωζόμε-

482 5179 582 5222 νος,
611 5161 692 5211 καί
711 5156 981 5225 Ἠσύχιος.
1011 5158 1097 5208 καί
1119 5168 1415 5226 Σωκρκτης,
1444 5164 1530 5212 καί
1556 5160 1867 5234 Θεοόὡριτος
1893 5160 1918 5214 ό
1945 5163 2069 5216 πολ-

483 5249 593 5308 λούς
627 5250 760 5321 ὑπὲρ
796 5245 1054 5317 Θεοδώρου
1085 5247 1259 5317 λόγους
1283 5268 1331 5302 τε
1361 5252 1446 5302 καί
1473 5250 1708 5311 ἐπαίνους
1739 5247 1979 5311 ἐκτείνας.
2014 5255 2072 5304 Εἰ

482 5339 537 5394 δέ
573 5342 884 5413 προφέρουσι
923 5343 1212 5412 μαρτυρίας
1234 5338 1455 5393 Ἰωάννου
1504 5347 1597 5394 τοῦ
1637 5339 1950 5412 ’Δντιοχείας
1990 5348 2070 5398 καί

482 5439 574 5491 τῆς
599 5431 683 5486 ὑπ’
713 5434 867 5485 αὐτὸν
909 5433 1198 5491 ἀνατολικῆς
1237 5431 1485 5496 συνόδου,
1537 5433 1668 5504 ὑπὲρ
1699 5433 1958 5506 Θεοδώρου
1989 5439 2072 5488 καί

481 5531 574 5582 τῆς
604 5524 754 5578 αὐτοῦ
783 5522 1017 5581 ἀσεϐείας
1064 5525 1360 5592 γενομένης,
1411 5519 1596 5592 ἀνάγκη
1637 5523 1817 5582 αὐτούς
1868 5525 2072 5578 κάιεεῑνα

483 5614 746 5678 δέξασθαι,
779 5613 912 5688 ἅπερ
942 5613 1060 5669 ὅσον
1089 5615 1144 5668 τό
1163 5635 1218 5685 γε
1257 5615 1336 5666 ἐπ’
1359 5616 1536 5672 αὐτοῖς
1565 5617 1634 5673 εἰς
1660 5618 1953 5689 κατάκρισιν
1982 5624 2069 5671 τοῦ

483 5705 535 5758 ἐν
561 5703 722 5775 ἁγίοις
753 5706 989 5778 κυρίλλου
1014 5744 1030 5768 ,
1064 5708 1148 5757 καί
1175 5703 1412 5762 ἀθέτησιν
1451 5713 1542 5764 τῆς
1574 5705 1722 5781 όρθής
1767 5712 1994 5766 πίστεως
2023 5709 2073 5789 οξ

491 5795 604 5868 περί
633 5791 852 5854 Ἰωάννην
879 5795 1175 5865 ἐτόλμησαν·
1209 5795 1294 5847 καί
1325 5791 1456 5867 ἅπερ
1498 5791 1754 5867 ἴυίιραφαν,
1798 5797 2068 5869 Νεστιίριον

2181 4611 2279 4662 sub
2304 4611 2717 4678 metropolitano
2743 4613 2994 4666 secunda:
3018 4613 3218 4667 Cilicize
3241 4615 3568 4668 constitutus
3589 4613 3760 4669 esset?

2177 4699 2413 4756 Joannes
2441 4711 2622 4756 autem
2647 4702 3275 4772 ConstantinOpolitanus
3302 4705 3518 4774 scripsit
3547 4703 3758 4775 quidem

2179 4793 2462 4862 epistolam
2490 4794 2557 4849 ad
2585 4793 2928 4850 Theodorum
2952 4796 3406 4866 lt'IOpsuestenum,
3444 4813 3551 4853 non
3583 4807 3758 4852 tamen

2178 4885 2446 4952 laudibus,
2470 4886 2564 4941 sed
2591 4887 2941 4954 querimoniis
2970 4898 3025 4942 ct
3050 4891 3505 4960 increpationibus
3529 4891 3754 4959 plenam,

2179 4989 2238 5033 ut
2282 4989 2408 5048 pote
2456 4981 2547 5033 illo
2593 4995 2623 5033 a
2655 4981 2794 5034 bona
2837 4983 3252 5037 conversatione
3299 4982 3543 5054 [pietate]
3591 4984 3752 5052 lapso.

2179 5070 2440 5134 cadmiam
2490 5069 2631 5123 enim
2685 5086 2803 5124 cum
2851 5086 2916 5124 eo
2957 5071 3326 5126 monachicam
3359 5075 3522 5126 vitam
3573 5074 3622 5126 in
3655 5087 3756 5126 uno

2179 5159 2476 5227 eodemque
2519 5162 2847 5213 monasterio
2880 5161 3158 5228 exercuit,
3209 5164 3640 5218 conversationis
3687 5164 3756 5216 ibi

2182 5251 2332 5304 "actm
2361 5266 2482 5305 eum
2531 5253 2811 5307 admonuit
2839 5271 2851 5305 :
2883 5262 2937 5307 et
2972 5267 3072 5322 pro
3103 5253 3185 5308 his
3234 5255 3596 5310 testimonium
3628 5271 3757 5326 pne-

2178 5342 2306 5396 hcnt
2332 5342 2684 5408 Suzomcnns,
2710 5355 2762 5399 et
2789 5345 3105 5416 Hesychius,
3134 5356 3188 5400 et
3215 5347 3486 5412 Socrates,
3510 5357 3566 5402 et
3587 5347 3756 5402 Theo-

2174 5435 2415 5496 dorctus.
2440 5438 2531 5505 qui
2560 5438 2754 5492 multas
2777 5455 2876 5510 pro
2889 5438 3178 5494 Theodoro
3208 5443 3484 5496 orationes
3503 5451 3558 5496 et
3580 5440 3757 5495 laudes

2174 5527 2320 5582 fecit.
2366 5530 2422 5584 Si
2454 5541 2632 5587 autem
2681 5533 2984 5586 testimonia
3016 5533 3297 5602 proferunt
3324 5533 3547 5588 Joannis
3576 5535 3756 5587 Antio-

2175 5619 2356 5685 cheni,
2390 5629 2445 5674 et
2475 5622 2764 5676 Orientalis
2799 5623 3012 5678 concilii
3042 5625 3140 5676 sub
3171 5639 3236 5679 eo
3263 5625 3577 5691 constituti,
3621 5623 3753 5677 facta

2175 5723 2273 5778 pro
2297 5707 2605 5778 Theodoro,
2637 5721 2690 5766 et
2719 5713 2837 5782 ejus
2867 5713 3164 5782 impietate,
3199 5729 3424 5770 necesse
3453 5724 3532 5769 est
3561 5731 3655 5769 eos
3703 5722 3754 5767 et

2174 5798 2265 5856 illa
2305 5801 2580 5871 suscipere
2603 5844 2618 5871 ,
2666 5819 2786 5876 qua:
2831 5811 3123 5878 {quantum
3154 5804 3220 5860 ad
3249 5805 3370 5860 illos
3392 5803 3659 5881 pertinet)
3689 5807 3754 5857 ad
