3952 6378
155 303 259 359 ‘26:)

1201 290 1583 347 JUSTINIANI
1625 287 2006 343 CUNFESSIO
2043 287 2295 344 REUTA‘J
2334 287 2569 342 FlDEI.‘

3320 292 3429 350 εεο

146 400 224 454 καί
247 401 336 456 τὸν
361 395 528 452 αὖτώ
553 398 851 464 κακοδοξίαν
877 403 966 456 ἐπί
994 405 1237 459 πλεῖστον
1277 406 1467 476 χρόνον
1493 404 1742 460 ίκδικοῦν-

1856 405 2355 463 condemnationem
2401 407 2574 463 sancti
2620 406 2804 479 Cyrilll
2828 447 2844 473 ,
2897 419 2954 464 et
2991 410 3431 480 reprobationem

149 508 253 550 τες.
283 491 369 542 lui
393 495 550 544 τοῦτο
572 489 838 548 δείκνυται
860 494 912 546 in
937 492 1188 568 διαφόρων
1212 497 1373 550 αὐτῶν
1399 495 1558 566 λόγων
1581 516 1638 550 τε
1657 498 1742 550 καί

149 581 424 637 ἐπιστολῶν
456 583 588 655 πρὸς
617 583 888 639 θεοδίσιον
915 586 1000 640 τόν
1027 595 1120 646 τῆς
1145 585 1386 646 εὐσεϐοῦς
1411 587 1598 650 λήξεως
1614 627 1629 652 ,
1661 589 1744 640 καί

150 673 352 745 ἑτέρους
377 673 656 749 διαφόρους
680 685 988 749 γραφεισῶν.

1847 507 2010 551 rectm
2055 495 2178 552 tldel
2221 497 2466 554 fecerunt
2501 497 2738 553 Joannes
2759 507 2818 554 et
2842 500 2934 569 qni
2962 514 3086 555 cum
3126 500 3220 555 illo
3246 511 3427 568 erant,

1853 601 1953 642 nec
1980 601 2089 642 non
2117 588 2283 643 etiam
2320 603 2444 657 qua
2485 588 2836 658 scripserunt.
2885 588 3190 644 Nestorium
3215 598 3274 646 et
3311 589 3432 660 ejus

1855 675 2132 745 perﬁdiam
2161 677 2364 734 diutius
2391 676 2760 733 defendentes.
2808 677 2875 731 Et
2903 679 3008 733 hoc
3032 680 3333 735 ostenditur
3358 696 3430 738 ea

1851 770 2080 825 diversis
2100 784 2288 826 eorum
2316 770 2468 826 libris
2511 779 2568 824 et
2606 771 2879 839 epistolis,
2917 786 3053 840 quas
3079 771 3148 825 ad
3175 770 3428 828 Theodo-

149 857 284 910 sium
310 856 414 924 pia.-
442 855 840 914 recordationis
863 897 878 923 ,
930 864 988 912 et
1034 858 1103 913 ad
1149 859 1289 916 alios
1329 860 1572 916 diversos
1605 862 1957 932 scripserunt.

220 954 309 1002 Καὶ
339 957 509 1004 ταῦτα
538 953 629 1020 μὲν
657 950 839 1010 οὕτως·
868 953 952 1006 ἵνα
980 950 1035 1006 δέ
1063 950 1216 1025 μηδὲν
1241 961 1334 1013 τῆς
1355 955 1617 1029 ἀκριϐείας
1642 977 1744 1009 παι

152 1041 470 1114 ραλιίφωμεν
492 1081 506 1100 ,
557 1044 831 1114 ἀναγκαῖον
874 1045 1178 1112 ἐνομίσαμεν
1217 1047 1493 1114 μνησθῆναι
1529 1049 1613 1099 καί
1646 1054 1744 1100 τῶν

151 1134 437 1205 γρατιὸδτων
460 1137 605 1206 παρὰ
635 1135 969 1206 Afr/out”in
997 1141 1092 1190 τοῦ
1119 1145 1211 1195 τῆς
1234 1135 1381 1197 ὁσίας
1402 1143 1601 1206 μνήμης
1628 1141 1742 1193 ἔπι·

151 1228 347 1280 σκίπου
387 1227 438 1279 ἕν
463 1236 665 1302 ’Δφρικῇ
693 1230 975 1300 γενομένου.
1017 1234 1285 1292 Ζητήσεως
1320 1229 1421 1309 γοίρ
1459 1253 1592 1292 τινος
1623 1236 1744 1308 περί

155 1319 464 1373 Καικιλιανοῦ
495 1321 623 1388 μετά
649 1321 861 1374 θάνατον
887 1323 1046 1375 αὐτοῦ
1089 1324 1396 1389 κινηθείσης,
1446 1327 1515 1384 ὦς
1546 1334 1636 1385 τῆς
1665 1327 1743 1378 ἐκι-

156 1409 511 1467 ιλησιαστικῆς
538 1410 956 1486 παρατραπίντος
983 1411 1336 1488 παραδόσεως,
1362 1413 1448 1468 καί
1467 1436 1610 1468 τινων
1634 1416 1746 1470 τού-

160 1519 244 1552 του
275 1495 439 1572 χάριν
480 1502 820 1572 χωρισάντων
854 1499 1068 1561 ίαυτούς
1105 1503 1208 1585 ἔξπό
1248 1510 1340 1563 τῆς
1369 1504 1626 1564 καθολικῆς
1666 1505 1748 1556 ἔκη-

156 1591 394 1652 κλησίας.
437 1587 618 1666 γράφει
679 1593 806 1667 πρός
848 1599 1134 1664 Βονιφὰτιον
1187 1593 1213 1648 ὁ
1261 1596 1412 1656 αὐτὸς
1457 1604 1550 1656 τῆς
1595 1596 1746 1657 όσίας

157 1683 356 1750 μνήμης
381 1683 748 1751 Δύγουστῖνος,
780 1682 848 1740 ὡς
874 1682 965 1734 οὐκ
992 1678 1100 1735 ἔδει
1127 1684 1265 1742 τινάς
1292 1681 1378 1738 διά
1406 1689 1557 1738 τοῦτο
1581 1687 1748 1759 χωρί-

1921 950 1986 1005 Εε
2011 952 2125 1006 haec
2144 951 2360 1020 quidem
2389 951 2469 1006 sic
2493 965 2553 1006 se
2579 949 2800 1005 habent.
2837 948 2904 1004 Ut
2930 960 3111 1006 autem
3142 952 3271 1007 nihil
3296 955 3428 1008 sub.
3457 993 3460 996 -

1850 1043 2060 1098 tilitatts
2073 1042 2561 1112 praetermittamus,
2594 1042 2954 1096 necessarium
2982 1044 3289 1112 putavimus
3315 1061 3430 1100 nte-

1849 1149 2064 1189 morare
2102 1134 2266 1188 etiam
2284 1131 2372 1185 illa
2386 1146 2507 1200 quae
2522 1131 2591 1185 ab
2607 1131 2910 1200 Augustino
2927 1142 3128 1188 sancta:
3151 1137 3430 1190 memoria;

1851 1224 2099 1278 Africano
2123 1223 2381 1293 episcopo
2425 1224 2626 1293 scripta
2653 1233 2798 1278 sunt.
2829 1224 3136 1290 Qumstione
3162 1227 3306 1281 enim
3323 1228 3430 1282 aii-

1848 1328 1953 1382 qua
1978 1320 2101 1382 post
2128 1320 2357 1367 mortem
2401 1311 2670 1367 Cmciliani
2696 1312 2766 1367 de
2793 1327 2861 1368 eo
2883 1322 3048 1379 mota,
3076 1315 3221 1384 quod
3240 1315 3309 1371 ab
3336 1331 3432 1372 ec-

1847 1405 2146 1462 clesiastica
2176 1403 2466 1459 traditione
2488 1403 2782 1459 declinasse
2807 1404 3102 1470 dicebatur,
3128 1414 3186 1462 et
3209 1417 3433 1478 propter

1848 1496 1952 1550 hoc
1977 1495 2294 1564 quibusdam
2313 1510 2346 1549 a
2374 1495 2639 1550 catholica
2667 1493 2906 1552 Ecclesia
2932 1497 3213 1567 separatis,
3243 1498 3435 1554 scribit

1849 1588 1917 1643 ad
1945 1587 2280 1643 Bonifacium
2333 1587 2476 1642 idem
2521 1595 2740 1642 sanctus
2765 1587 3112 1656 Augustinus,
3142 1588 3289 1657 quod
3320 1603 3433 1643 non

1849 1681 2136 1750 oportebat
2177 1680 2386 1749 aliquos
2413 1679 2534 1734 ideo
2560 1694 2814 1748 separare
2837 1694 2957 1734 sese
2984 1695 3014 1733 a
3043 1679 3312 1734 cadmica
3335 1677 3434 1734 Ec-

157 1791 247 1823 σαι
297 1770 515 1829 iuvre-3;
558 1779 650 1829 τῆς
697 1771 961 1832 καθολεκῆς
1010 1772 1293 1832 ἐκκλησίας.
1345 1775 1402 1827 εί
1441 1776 1540 1849 γάρ
1592 1776 1746 1834 ἀληθῆ

1856 1772 2032 1827 clesia.
2060 1770 2118 1824 Si
2156 1771 2300 1825 enim
2329 1784 2455 1824 vera
2476 1779 2658 1826 essent
2683 1785 2747 1825 ea
2774 1785 2894 1840 qua:
2921 1769 3208 1826 Calciliano
3237 1771 3435 1828 infere-

158 1859 372 1930 ὑπῆρχε
393 1860 458 1912 τά
487 1859 773 1931 ἐπαγόμενοι
795 1860 1108 1930 καικιλιανῷ,
1140 1865 1222 1914 καί
1250 1864 1532 1936 ἐφανερώθη
1551 1866 1749 1920 ἐναντία

159 1955 422 2025 φρονήσας
447 1958 537 2010 τῆς
565 1951 829 2013 καθὸλιής
853 1953 1242 2016 καταστάσεως,
1280 1956 1366 2007 καί
1386 1957 1516 2026 μετά
1541 1956 1752 2010 θάνατον

162 2040 220 2096 ἂν
259 2048 442 2098 τοῦτον
484 2043 566 2095 ἀν>
578 2043 754 2114 θίματε
803 2042 1079 2098 ύπίϐαλον.
1134 2043 1276 2097 Ἀλλά
1321 2047 1408 2098 καί
1453 2049 1616 2099 κανὼν
1657 2055 1752 2106 τῆς

160 2133 310 2205 ἁγίας
339 2134 390 2186 ἐν
414 2133 612 2208 ’Δφρικῇ
655 2131 872 2188 συνόδου
915 2131 1200 2206 διαγορεύει
1239 2136 1360 2196 τούς
1404 2134 1746 2203 ἐπισκόπους,

161 2232 282 2288 τούς
320 2234 413 2286 τὴν
438 2231 623 2281 οἰκείαν
650 2226 681 2284 ἦ
722 2229 772 2279 ίν
803 2225 1034 2299 διαθήκῃ,
1064 2226 1094 2284 ἢ
1129 2227 1181 2290 ἐξ
1214 2225 1475 2281 ἀδεαθίτου
1510 2228 1750 2300 αέρετικῷ

163 2320 607 2392 παραπέμποντας
656 2324 849 2392 χρῆναι
891 2319 980 2372 καί
1015 2319 1145 2386 μεεά
1188 2316 1406 2373 θάνατον
1445 2319 1752 2388 ἀναθεματί-

163 2415 358 2477 ςεσθαι.
394 2413 522 2485 Πρός
549 2412 752 2471 τούτοις
779 2410 832 2465 δὲ
877 2410 1077 2476 ἅπασι,
1125 2411 1206 2473 τίς
1245 2413 1417 2484 ἀγνοεῖ
1454 2411 1520 2464 τά
1559 2411 1611 2464 ίν
1637 2418 1751 2470 τοῖς

164 2505 424 2577 ἡμετέροις
480 2503 681 2579 χρόνοις
735 2502 786 2555 iv
835 2509 899 2575 τῇ
949 2501 1187 2576 ίκκλησίᾳ
1251 2509 1346 2562 τῆς
1392 2502 1752 2576 πρεσϐυτίρας

165 2593 356 2667 Ῥώμης
385 2595 630 2668 γενόμενα
670 2593 801 2649 κατά
848 2595 1148 2666 Διοσκόρους
1187 2590 1244 2654 ὃς
1281 2591 1422 2648 ὠδὶν
1449 2595 1534 2648 iui
1574 2595 1752 2649 πίστιν

164 2691 496 2761 ἡμαρτηκὼς,
529 2685 614 2740 διὰ
647 2686 800 2757 μόνην
825 2686 1240 2744 ἂκκλησιαστικην
1272 2686 1594 2741 κατάστασιν
1619 2686 1752 2754 μετά

163 2779 375 2832 θάνατον
400 2779 524 2852 παρ’
550 2781 712 2838 αὐτῆς
747 2786 838 2838 τῆς
879 2780 1008 2834 κατά
1031 2777 1220 2849 Ῥώμην
1256 2773 1544 2850 ἁγιωτάτης
1577 2777 1752 2835 ἔκκλη-

165 2872 284 2930 σίας
332 2873 718 2940 ἀνεθεματίσοη.
750 2873 806 2925 Ei
831 2872 993 2926 τοίνυν
1021 2871 1067 2925 oi
1095 2871 1250 2943 μηδὲν
1277 2875 1350 2933 είς
1387 2875 1561 2928 πίστιν
1596 2873 1752 2926 πταί-

166 2984 349 3022 σαντες
394 2965 664 3018 ἐπίσκοποι
703 2962 788 3018 διά
827 2966 1142 3020 νατάστασιν
1185 2964 1624 3030 ίκκλησεασταην,
1671 2966 1753 3017 καί

165 3050 248 3108 διά
278 3059 606 3128 χρηματικήν
629 3055 796 3109 αἰτίαν
823 3055 1093 3124 ἀναθέματι
1119 3057 1203 3108 καί
1231 3053 1360 3125 μετά
1383 3055 1595 3109 θάνατον
1617 3053 1752 3108 ύποο

1850 1864 2066 1929 bantur,
2099 1867 2155 1917 et
2195 1862 2569 1918 manifestatus
2595 1870 2738 1917 esset
2761 1865 3091 1917 contrarium
3117 1863 3318 1932 aliquid
3344 1879 3436 1919 ec-

1850 1957 2155 2012 clesiastico
2194 1956 2358 2011 statui
2407 1955 2669 2026 sapuisse,
2701 1955 2862 2011 etiam
2903 1965 3025 2025 post
3053 1966 3283 2012 mortem
3309 1974 3432 2014 eum

1851 2045 2177 2101 anathemati
2207 2045 2549 2114 subjicerem.
2581 2045 2689 2101 Sed
2715 2054 2772 2100 et
2804 2046 2986 2116 regula
3013 2055 3213 2102 sancta:
3241 2049 3435 2118 synodi

1851 2135 2114 2192 Africanae
2139 2138 2347 2202 statuit,
2376 2135 2661 2205 episcopos
2686 2135 2780 2205 qui
2799 2151 2925 2191 suas
2953 2137 3239 2192 facultates
3269 2139 3323 2192 in
3355 2146 3438 2192 te-

1850 2237 2140 2293 stamento,
2162 2227 2249 2283 vel
2268 2243 2338 2283 ex
2365 2228 2620 2283 intestato
2639 2227 2895 2284 haeretica
2919 2229 3250 2298 relinquunt,
3272 2243 3436 2300 opor-

1851 2333 1968 2377 tere
2005 2329 2060 2376 et
2086 2331 2210 2390 post
2237 2327 2467 2375 mortem
2504 2320 2965 2375 anathematizari.
2997 2320 3174 2390 Super
3198 2322 3314 2376 haec
3335 2336 3436 2376 au-

1852 2423 1960 2470 tem
1988 2415 2190 2477 omnia,
2216 2413 2336 2485 quis
2382 2413 2594 2481 ignorat
2635 2425 2699 2467 ea
2728 2427 2846 2482 qua:
2879 2412 3078 2468 nostris
3107 2411 3435 2482 temporibus

1853 2505 1907 2560 in
1931 2504 2168 2561 Ecclesia
2194 2504 2510 2572 antiquioris
2537 2501 2724 2558 Roma:
2750 2513 2940 2558 contra
2971 2503 3287 2560 Dioscorum
3310 2516 3434 2559 acta

1853 2598 2012 2651 sunt?
2038 2595 2143 2663 Qui
2170 2611 2292 2651 cum
2313 2594 2444 2648 nihil
2471 2593 2527 2648 in
2556 2591 2716 2648 ﬁdem
2739 2605 3036 2664 peccasset,
3061 2602 3241 2649 tamen
3265 2609 3434 2664 prop-

1853 2696 1939 2743 ter
1975 2689 2149 2744 solum
2179 2687 2601 2743 ecclesiasticum
2651 2686 2894 2741 ordinem
2940 2695 3064 2754 post
3110 2694 3337 2741 mortem
3365 2687 3436 2742 ab

1853 2780 2042 2834 eadem
2076 2787 2263 2834 sancta
2292 2775 2528 2831 Ecclesia
2560 2775 2799 2831 Romana
2826 2765 3303 2831 anathematizatus
3329 2786 3433 2833 est.

1854 2868 1912 2924 Si
1941 2869 2100 2938 igitur
2137 2868 2269 2922 nihil
2312 2867 2365 2921 in
2414 2865 2570 2921 iidem
2602 2874 2886 2936 peccantes
2925 2866 3185 2936 episcopi,
3213 2875 3436 2938 propter

1853 2961 2028 3016 solum
2077 2959 2500 3015 ecclesiasticum
2548 2959 2813 3026 ordinem,
2863 2967 2918 3013 et
2967 2967 3188 3028 propter
3216 2975 3434 3016 casam

1855 3051 2219 3124 pecuniariam
2243 3051 2527 3104 anathema
2537 3049 2573 3104 ti
2595 3059 2786 3119 etpost
2807 3059 3036 3104 mortem
3059 3051 3435 3120 subjiciuntut,

166 3150 464 3216 ϐαλλονι-αι,
495 3150 646 3219 πόσῳ
691 3149 876 3220 μᾶλλον
901 3147 1161 3224 Θεόδωρος
1185 3147 1210 3203 ὁ
1239 3150 1313 3208 είς
1347 3148 1494 3202 αὐτόν
1516 3148 1602 3202 τόν
1629 3147 1752 3202 Θεὸν

1856 3151 2057 3210 quanto
2077 3140 2248 3207 magis
2275 3139 2614 3207 Theodorus,
2641 3139 2735 3209 qui
2763 3141 2815 3194 in
2845 3139 3018 3208 ipsum
3043 3140 3210 3195 Deum
3237 3156 3436 3212 pecca-

165 3241 462 3303 ἀσεϐήσαςς
491 3238 612 3294 ὅσον
656 3237 711 3294 δί
741 3239 867 3315 πρὸς
905 3245 996 3296 τήν
1030 3237 1204 3294 ἄνοιαν
1244 3247 1345 3294 τῶν
1382 3237 1640 3308 λεγόντων,
1679 3242 1749 3308 μή

165 3330 272 3386 δεῖν
312 3333 765 3404 ἀναθεματίζεσθαι
810 3334 940 3405 μετά
985 3333 1198 3386 θάνατον
1243 3334 1366 3392 τοὺς
1399 3332 1448 3384 ἓν
1485 3338 1548 3406 τῇ
1595 3332 1753 3406 οἰκείᾳ

167 3421 382 3495 ἀσεϐείᾳ
407 3421 765 3484 τελευτῶντας,
795 3423 853 3475 ού
893 3419 975 3475 δεί⁸
993 3419 1117 3492 μηδί
1143 3423 1264 3480 τούς
1290 3418 1478 3481 ἀδίκως
1515 3441 1752 3492 κατακρι-

167 3515 345 3571 eiu-ras
370 3514 600 3588 πατέρας
627 3513 756 3584 μετά
794 3513 1004 3567 θάνατον
1040 3511 1426 3573 ἀνακαλεῖσθαι,
1457 3509 1582 3587 ὅπερ
1609 3531 1750 3581 συμο

168 3605 350 3662 ϐέϐηκε
385 3604 470 3658 καί
505 3605 589 3658 ίπί
611 3600 815 3676 Ἰωάννῃ
845 3610 916 3672 τῷ
953 3603 1002 3655 ίν
1034 3600 1152 3673 ὁσία
1194 3610 1256 3676 τῇ
1285 3605 1451 3674 μνήμῃ
1494 3603 1752 3674 ἕπεο-κόπῳ

167 3695 416 3768 γενομένῳ
446 3693 1022 3752 ιωνσταντινουπόλεως
1046 3692 1149 3746 ύπό
1174 3699 1265 3751 τῆς
1293 3691 1557 3751 καθολικῆς
1579 3691 1752 3749 ἐκκλη-

170 3791 289 3850 σίας
319 3791 450 3859 μετά
471 3787 686 3843 θάνατον
707 3787 1042 3845 ἀνακληθίντι⁹
1067 3787 1151 3840 καί
1176 3787 1262 3840 ίπί
1285 3785 1541 3853 Φλαυιανῷ
1562 3792 1634 3854 τῷ
1661 3793 1754 3845 τῆς

169 3879 315 3937 ὁσίας
355 3882 552 3950 μνήμης
586 3879 670 3931 καί
712 3879 854 3947 αὐτῷ
894 3875 1470 3936 κωνσταντινουπόλεως
1507 3876 1753 3946 γενομένῳ

168 3966 432 4040 ἔπισκὸπῳ
450 4007 465 4029 ,
495 3965 682 4028 ἀδίκως
710 3969 800 4038 μίν
831 3967 880 4020 ίν
918 3972 1018 4042 ζωῇ
1047 3967 1420 4043 κατακριθέντι,
1469 3963 1672 4024 δικαίως
1698 3962 1753 4019 δὲ

168 4059 299 4126 μετά
324 4059 533 4112 θάνατον
576 4057 892 4115 ἀνακληθίντι
919 4057 1022 4112 ύπό
1051 4077 1104 4111 τε
1135 4063 1223 4112 τοῦ
1261 4064 1354 4117 τῆς
1381 4055 1528 4116 ὁσίας
1557 4059 1753 4127 μνήμης

168 4150 316 4201 nam
346 4148 576 4206 Λέοντος,
603 4149 687 4200 καί
713 4155 804 4206 τῆς
838 4149 889 4200 ἐν
914 4146 1184 4205 Χαλκηδόνι
1208 4147 1358 4219 ἁγίας
1387 4145 1628 4202 συνόδου.
1656 4155 1752 4201 Ἕνα

167 4237 339 4290 τεῦθεν
360 4234 414 4290 δὲ
443 4236 712 4306 συμϐαίνει
735 4239 869 4292 κατὰ
899 4239 1022 4297 τοὺς
1047 4237 1100 4289 ίκ
1125 4239 1240 4290 ίνων
1271 4237 1449 4309 λόγους
1467 4277 1481 4299 ,
1518 4240 1638 4297 τούς
1663 4239 1754 4308 μέν

168 4329 458 4405 αἱρετικούς
483 4335 588 4386 τοῖς
617 4327 778 4398 ἁγίοις
807 4331 1031 4404 πατράσι
1055 4329 1482 4402 συναριθμεῖσθαι,
1513 4325 1592 4382 οἷα
1620 4329 1757 4382 ἐλευ-

167 4421 348 4493 θέρους
372 4418 667 4489 ἀφιεμένους
693 4427 783 4477 τῆς
813 4419 1125 4490 ὀφειλομένης
1165 4419 1340 4479 αὐτοῖς
1377 4423 1752 4490 κατακρίσεως·

1853 3234 1964 3289 vit?
1993 3233 2263 3301 Quantum
2292 3240 2471 3287 autem
2519 3231 2585 3286 ad
2616 3231 2976 3301 insipientiam
3006 3231 3298 3287 dicentium
3325 3249 3434 3290 nor.

1855 3345 2108 3404 oportere
2134 3329 2578 3387 anathematizari
2609 3336 2732 3400 post
2754 3338 2985 3384 mortem
3015 3344 3111 3384 eos
3136 3329 3230 3400 qui
3257 3329 3312 3385 iu
3334 3344 3434 3386 sua

1853 3423 2129 3494 impietate
2153 3421 2350 3476 mortui
2377 3429 2504 3476 sunt
2533 3437 2546 3472 :
2578 3419 2864 3489 oportebat
2885 3434 2985 3474 nec
3009 3434 3102 3474 eos
3122 3419 3213 3490 qui
3241 3419 3439 3489 injuste

1853 3513 2198 3572 condemnati
2220 3521 2346 3568 sunt
2370 3510 2560 3566 Patres
2584 3517 2708 3580 post
2727 3519 2956 3568 mortem
2977 3511 3243 3579 revocari,
3272 3511 3434 3582 quale

1853 3607 2080 3676 contigit
2126 3605 2179 3660 in
2227 3603 2437 3660 Joanne
2489 3611 2691 3658 sancte
2736 3601 3128 3658 recordationis
3175 3603 3436 3674 episcopo

1851 3696 2459 3766 Constantinopolitanzn
2483 3694 2733 3756 civitatis,
2783 3692 2851 3748 ab
2879 3693 3167 3748 universali
3197 3692 3439 3750 Ecclesia

1852 3797 1976 3861 post
2003 3796 2236 3843 mortem
2263 3793 2539 3850 revocato,
2568 3792 2622 3839 et
2644 3785 2698 3838 in
2729 3783 2986 3838 Flaviano
3013 3791 3212 3838 sancte
3240 3799 3442 3840 memo-

1853 3879 1946 3934 ria:
1976 3889 2030 3932 et
2059 3878 2175 3948 ipso
2215 3876 2469 3946 episcopo
2517 3873 3130 3943 Constantinopolitanae
3180 3875 3440 3941 civitatis,
3533 3867 3543 3876 ’

1855 3968 2054 4039 injuste
2074 3967 2290 4037 quidem
2314 3966 2367 4020 in
2395 3965 2504 4019 vita
2526 3964 2908 4027 condemnato,
2933 3963 3080 4032 juste
3105 3971 3288 4019 autem
3316 3974 3468 4034 post

1855 4066 2087 4115 mortem
2133 4064 2388 4112 revocato
2413 4093 2430 4119 ,
2490 4065 2600 4108 tam
2647 4069 2678 4108 a
2724 4062 2924 4110 sancite
2977 4053 3252 4108 memoriae
3301 4069 3442 4124 papa

1856 4151 2038 4206 Leone
2058 4164 2220 4219 quam
2241 4164 2271 4202 a
2296 4156 2483 4203 sancta
2511 4145 2936 4202 Chalcedonensi
2967 4144 3193 4216 synodo.
3231 4143 3308 4200 Ex
3335 4146 3443 4202 hoc

1857 4252 2036 4298 autem
2067 4241 2330 4308 contingit
2369 4238 2664 4294 secundum
2692 4237 2902 4292 illorum
2925 4237 3110 4302 verba,
3159 4236 3444 4294 haereticos

1857 4334 2076 4402 quidem
2107 4331 2308 4388 sanctis
2355 4330 2604 4385 Patribus
2631 4330 3031 4393 connumerari,
3062 4336 3121 4383 nt
3147 4337 3276 4398 pote
3303 4329 3443 4384 libe-

1859 4433 2006 4480 ratos
2024 4423 2205 4479 debita
2227 4421 2306 4478 eis
2325 4421 2795 4482 condemnatione,
2812 4429 3030 4476 sanctos
3049 4428 3228 4475 autem
3253 4418 3442 4475 Patres

168 4514 287 4572 τοὺς
331 4507 385 4563 δί
430 4508 606 4580 ἁγίους
643 4509 870 4584 πατέρας
916 4507 1104 4566 ἀδίκως
1150 4505 1605 4568 καταδικασθέντας
1648 4516 1752 4568 τοῖς

1857 4523 2054 4591 injuste
2079 4519 2488 4585 condemnatos,
2512 4517 2776 4573 haereticis
2795 4515 3066 4584 conjungi,
3091 4525 3149 4570 ut
3178 4525 3307 4586 pote
3332 4533 3442 4572 non

167 4607 444 4681 αἱρετικοῖς
473 4608 822 4661 συνάπτεσθαι
842 4645 856 4668 ,
890 4602 970 4660 οἶα
999 4611 1068 4676 μη
1093 4605 1337 4675 λυομένης
1361 4613 1452 4665 τῆς
1485 4605 1563 4658 ἐπ’
1586 4607 1757 4666 αὐτοῖς

168 4696 346 4752 ἀδίκου
375 4693 1191 4770 κατακρίσεως.’ΔΞιοπιστότερος
1219 4695 1273 4752 δί
1295 4697 1496 4749 πάντων
1526 4697 1640 4749 ἐστὶ
1678 4693 1727 4750 δι

169 4786 424 4846 δάσκαλος
453 4790 480 4840 ὅ
520 4789 686 4861 κύριος
725 4789 807 4839 καί
835 4785 956 4843 Θεὸς
981 4786 1119 4853 ἡμῶν
1156 4782 1347 4844 ἰησοῦς
1375 4786 1595 4859 Χριστὸς
1639 4796 1760 4855 περὶ

172 4881 361 4934 ίαυτοῦ
382 4878 539 4949 λέγων
599 4895 618 4927 ε
648 4877 794 4932 οὕτω
819 4879 919 4955 γὰρ
944 4878 1203 4947 ἠγάπησεν
1232 4875 1258 4929 ό
1285 4877 1408 4934 Θεὸς
1434 4878 1520 4930 τόν
1542 4875 1753 4944 κόσμον,

173 4973 304 5024 ὥστε
325 4971 412 5024 τὸν
441 4970 550 5022 υίόν
575 4969 728 5023 αὖτοῦ
759 4969 847 5022 τὸν
879 4975 1114 5036 μονογενῆ
1143 4963 1344 5028 ἔδωκεν,
1373 4967 1456 5018 ἶνα
1484 4971 1586 5022 πᾶς
1615 4965 1642 5019 ὁ
1669 4986 1760 5020 1:.-

174 5063 373 5115 στεύων
400 5063 473 5120 εἰς
515 5060 670 5114 αὐτόν
697 5063 766 5129 μὴ
793 5057 1071 5123 ἀπόληται,
1116 5056 1218 5110 ἀλλ’
1247 5054 1349 5127 ἔχῃ
1390 5059 1518 5120 ζωήν
1543 5059 1758 5110 αἰώνιον.

174 5155 243 5205 οὐ
261 5153 362 5226 γὰρ
393 5150 690 5206 ἁπίστειλεν
713 5147 740 5203 ό
776 5149 896 5209 Θεὸς
923 5147 1010 5200 τὸν
1033 5147 1143 5199 υἱόν
1172 5146 1325 5200 αὐτοῦ
1350 5149 1423 5204 εἰς
1450 5148 1532 5198 τόν
1554 5146 1761 5214 κόσμον,

171 5245 254 5297 ἶνα
276 5245 423 5317 κρίκῳ
450 5243 538 5296 τὸν
565 5241 770 5312 κόσμον,
799 5238 904 5294 ἀλλ’
930 5239 1014 5291 ἵνα
1052 5238 1189 5310 σωθῇ
1216 5236 1241 5290 ό
1269 5237 1464 5307 κόσμος
1489 5235 1555 5292 δι’
1577 5239 1760 5292 αὐτοῦ.

173 5345 228 5387 '0
255 5333 522 5389 πιστεύων
552 5335 623 5392 εἶς
644 5332 790 5386 αὐτόν
820 5332 876 5384 οὐ
909 5331 1158 5405 κρίνεται·
1186 5326 1288 5382 ὁδί
1316 5334 1385 5399 μὴ
1412 5332 1668 5382 πιστεύων
1692 5332 1765 5390 εἰς

173 5427 328 5480 αὐτόν
356 5423 453 5482 ἤδη
481 5424 725 5496 κέκριται,
753 5420 830 5476 ὅτι
857 5427 926 5492 μη
951 5423 1293 5476 πεπίστευκεν
1316 5423 1388 5478 είς
1411 5421 1468 5473 τὸ
1497 5417 1652 5490 ὄνομα
1673 5427 1763 5475 τοῦ

173 5520 476 5588 μονογενοῦς
512 5514 630 5567 υίοῦ
657 5521 751 5568 τοῦ
781 5519 930 5569 Θεοῦ.
959 5531 976 5564 ε
1004 5515 1105 5566 Καὶ
1127 5513 1184 5566 τὸ
1207 5517 1408 5583 πνεῦμα
1434 5513 1492 5565 τὸ
1522 5512 1660 5582 ἅγιον
1684 5511 1711 5566 δ
1732 5513 1768 5566 ἀ

173 5620 262 5666 τοῦ
286 5613 558 5687 προφήτου
580 5607 734 5663 Δαυίδ
753 5611 906 5680 λέγει,
928 5612 1048 5670 τούς
1069 5608 1276 5667 ἀσεϐεῖς
1297 5613 1363 5678 μή
1385 5609 1766 5666 ἀναστήσεσθαι

172 5705 222 5758 ἕν
252 5707 440 5775 κρίσει.
482 5709 588 5759 Τῆς
619 5695 703 5752 οὖν
727 5701 969 5759 τοιαύτης
998 5705 1087 5754 τοῦ
1119 5700 1294 5770 κυρίου
1321 5699 1622 5768 ἀποφάσεως
1662 5700 1766 5762 ἑξε-

76 5849 78 5854 .
172 5800 446 5869 νεχθείσης
467 5797 598 5848 κατὰ
622 5793 810 5850 παντὸς
838 5794 1076 5860 ἀσεϐοῦς,
1101 5794 1182 5846 καί
1203 5789 1354 5860 μηδὲν
1376 5789 1770 5854 διαστελλούσης

421 5887 698 5950 Punoc.
747 5883 979 5944 LXIX.

1862 4616 2037 4670 soluta
2063 4620 2251 4668 contra
2280 4626 2375 4666 eos
2409 4609 2547 4665 facta
2577 4610 2756 4678 iniqua
2783 4610 3149 4664 damnatione.
3186 4609 3446 4666 On'tniltus

1862 4713 2042 4759 autem
2075 4702 2244 4772 magis
2272 4700 2571 4756 credendus
2594 4699 2734 4770 [lide
2756 4698 2968 4770 dignus]
2999 4708 3084 4754 est
3111 4699 3314 4755 Doctor
3335 4700 3447 4756 Du-

1861 4794 2037 4847 tninus
2081 4801 2136 4847 et
2163 4791 2305 4846 Deus
2347 4798 2534 4845 noster
2556 4788 2712 4844 Jesus
2739 4789 3001 4854 Christus,
3033 4790 3101 4845 de
3128 4805 3188 4845 se
3213 4791 3398 4848 dicens
3429 4813 3443 4845 :

1863 4884 1952 4938 Sic
1973 4885 2111 4936 enim
2138 4883 2318 4936 dilexit
2344 4880 2482 4934 Deus
2529 4880 2795 4942 mundum,
2827 4890 2883 4934 ut
2923 4879 2970 4932 F
2974 4881 3123 4934 ilium
3160 4898 3312 4936 suum
3336 4887 3448 4937 uni-

1864 4976 2085 5046 genitum
2111 4973 2277 5033 daret.
2302 4981 2357 5025 ut
2381 4974 2546 5026 omnis
2571 4974 2656 5042 qui
2689 4972 2850 5025 credit
2877 4973 2929 5025 in
2952 4989 3088 5035 eum,
3112 4989 3217 5027 non
3246 4990 3447 5044 pereat,

1862 5067 1951 5119 sed
1981 5064 2165 5118 habeat
2205 5066 2363 5119 vitam
2402 5073 2671 5118 cateruam.
2697 5062 2821 5118 Non
2860 5064 2997 5117 enim
3022 5065 3163 5118 misit
3193 5064 3330 5120 Deus
3357 5065 3447 5119 Fi-

1862 5155 1990 5209 lium
2009 5169 2156 5207 suum
2178 5153 2231 5206 ίιι
2262 5151 2510 5206 mundum
2536 5160 2593 5205 ut
2611 5151 2811 5222 judicet
2835 5153 3104 5214 mundum,
3140 5153 3231 5207 sed
3260 5163 3316 5206 ut
3341 5156 3446 5208 sul-

1864 5256 2006 5298 vetur
2030 5243 2250 5298 mundus
2275 5259 2365 5312 per
2390 5245 2580 5312 ipsum.
2613 5244 2710 5308 Qui
2740 5243 2904 5297 credit
2931 5244 2986 5296 in
3015 5259 3148 5305 eum,
3180 5259 3283 5296 non
3296 5242 3446 5312 judi—

1867 5345 2013 5388 catur
2041 5350 2058 5386 .'
2105 5333 2190 5402 qui
2232 5342 2403 5386 autem
2448 5347 2553 5386 non
2575 5333 2754 5395 credit,
2773 5333 2890 5402 jam
2917 5331 3186 5401 judicatus
3205 5340 3300 5393 est,
3327 5336 3445 5403 quin

1864 5441 1967 5478 non
1996 5424 2156 5477 credit
2177 5425 2231 5476 in
2255 5423 2461 5476 nomine
2487 5423 2739 5492 unigeniti
2760 5420 2866 5475 Fili
2913 5420 3218 5492 DeiiUuan.
3247 5423 3347 5487 tu).
3386 5420 3445 5474 lit

1866 5516 2097 5586 Spiritus
2142 5523 2321 5568 autem
2373 5521 2592 5569 sanctus
2618 5528 2716 5582 per
2754 5513 3072 5583 prophetam
3123 5512 3289 5566 David
3319 5511 3444 5566 dicit

1865 5610 2037 5677 (Ρδαι.
2070 5608 2138 5674 ι),
2172 5608 2364 5678 impios
2411 5622 2517 5662 non
2560 5614 2964 5662 resurrecturos
3004 5605 3057 5660 in
3082 5604 3307 5674 judicio.
3333 5602 3452 5658 Tali

1870 5701 2029 5767 igitur
2058 5699 2268 5753 Domini
2295 5697 2560 5753 sententia
2585 5697 2794 5766 prolata
2824 5697 3083 5753 adversus
3111 5709 3327 5751 onmem
3356 5711 3451 5747 nn-

1869 5791 2040 5863 pium,
2069 5789 2265 5845 ctnihil
2287 5789 2626 5845 discernente
2661 5788 2800 5845 inter
2821 5789 2972 5843 vivos
3000 5795 3056 5844 et
3077 5794 3322 5842 mortuos
3342 5785 3448 5840 lm-

2903 5879 2942 5941 9
