3952 6374
444 422 553 487 .283

1809 411 2106 469 YIGlUUS
2138 409 2318 466 PAPA

3606 403 3711 461 238

448 542 533 592 καί
558 535 835 610 Θεὸδωρον,
866 534 953 586 καί
976 535 1065 590 τήν
1091 530 1359 605 εἰρημένην
1380 526 1545 584 ἀσεϐῆ
1576 525 1841 582 ἑπιστολήν
1867 544 2026 578 κατα-

2149 530 2304 577 ocata
2330 528 2475 591 spes,
2505 516 2873 584 Theodorum,
2901 530 3117 588 unaque
3144 514 3363 586 impiam
3407 512 3565 571 simul
3594 514 3714 587 epi-

451 625 678 692 δικάσεις
699 625 896 683 Ἐπειδὴ
913 624 966 679 δέ
991 625 1234 677 ἐπαινεῖτε
1258 624 1349 679 τήν
1374 619 1538 677 ἀσεϐῆ
1557 617 1830 675 ίπιστολὴν
1859 618 2026 690 περιέ·

452 738 684 789 κουσαν,
715 715 792 772 ὅτι
817 715 842 771 ὸ
867 715 1023 788 λέγων
1050 714 1200 769 αὐτὸν
1232 713 1320 768 τὸν
1365 711 1486 767 Θεὸν
1520 710 1664 783 λύγον
1708 709 2029 783 σαρκυθῆναι

440 810 536 861 ’καί
563 807 925 879 Μ’ρωπίσαι
950 815 1040 863 τήν
1067 801 1304 877 διαφοράν
1325 803 1525 875 ἀναιρεῖ
1548 804 1640 853 τοῦ
1665 804 1786 852 ναοῦ
1825 797 1910 850 καί
1937 802 2028 851 τοῦ

451 898 757 957 ἐνοικοῦντος
783 898 829 950 ίν
857 902 929 966 τῷ
954 902 1086 965 ναῷ,
1116 896 1381 967 γινώσκετε
1418 889 1495 945 ὅτι
1526 888 1767 962 διαφοράν
1794 890 1885 959 μέν
1927 894 2030 942 τῶν

452 990 681 1062 φύσεων,
729 988 778 1051 έξ
814 983 932 1040 ὧνὸ
978 983 1048 1046 εἷς
1076 984 1293 1058 Χριστὸς
1319 981 1347 1037 6
1384 982 1558 1053 ⁴ιιύριος
1605 982 1691 1033 καί
1726 980 1850 1040 Θεὸς
1891 981 2033 1043 ἡμῶν

457 1079 723 1138 συνετέθη,
769 1079 927 1152 ὀρθῶς
965 1078 996 1134 ἡ
1025 1076 1145 1146 άγία
1182 1080 1275 1128 τοῦ
1311 1077 1440 1128 Θεοῦ
1477 1071 1719 1128 ἐκκλησία
1761 1070 2032 1147 κηρύττει’

454 1172 688 1251 διαφορὰν
715 1170 769 1226 δέ
797 1177 885 1227 τοῦ
913 1177 1036 1223 ναοῦ
1063 1170 1146 1222 καί
1171 1174 1259 1224 τοῦ
1281 1167 1584 1224 ένοικοῦντος
1608 1164 1658 1216 έν
1680 1164 1838 1232 αὐτῷ,
1868 1159 2033 1220 οὐδείς

456 1274 553 1323 τῶν
579 1265 731 1337 ἁγίων
760 1264 994 1338 πατέρων
1027 1260 1277 1324 ἐδίδαξεν.
1305 1258 1428 1313 ἀλλὰ
1466 1259 1610 1329 μόνοι
1630 1257 1677 1310 οί
1717 1254 1919 1314 ἀσεϐεῖς
1940 1264 2033 1309 Ns-

453 1357 662 1432 στόριος
700 1359 787 1410 καί
820 1352 1079 1429 Θεόδωρος
1104 1355 1368 1426 εἰρήκασι,
1405 1347 1498 1404 δύο
1533 1347 1755 1402 ἐντεῦθεν
1772 1345 2035 1420 πρόσωπα

455 1448 671 1519 εἰσάγειν
697 1445 1007 1517 βουλόμενοι.
1039 1438 1132 1496 κᾶν
1149 1443 1251 1519 γάρ
1270 1441 1325 1495 αί
1343 1441 1471 1494 θεῖαι
1492 1440 1701 1511 γραφαί,
1726 1442 1811 1491 καί
1834 1437 1879 1490 oi
1900 1434 2037 1508 ἅγιοι

460 1540 675 1612 πατέρες
699 1545 761 1611 τῇ
786 1543 877 1593 τοῦ
898 1541 1022 1590 ναοῦ
1049 1534 1297 1607 ὀνομασίᾳ
1323 1532 1623 1605 κέχρηνται,
1653 1528 1778 1583 άλλά
1801 1526 1860 1582 τὸ
1883 1534 2038 1597 σῶμα

452 1635 548 1683 τοῦ
570 1633 869 1701 μονογενοῦς
893 1626 1007 1679 υίοῦ
1025 1631 1118 1679 τοῦ
1132 1629 1261 1679 Θεοῦ
1278 1623 1610 1693 σημαίνοντες
1631 1625 1787 1674 τοῦτο
1810 1618 2037 1689 λέγουσι,

460 1722 622 1781 καθὼς
651 1716 789 1775 εἶπεν
824 1717 851 1773 6
891 1716 1274 1791 εὐαγγελισάςο
1307 1732 1326 1764 ε
1351 1714 1502 1773 Αὐτὸς
1533 1710 1586 1768 δέ
1623 1709 1766 1783 ἔλεγε
1801 1713 1920 1785 περί
1946 1716 2037 1764 τοῦ

2129 612 2324 667 stolam
2377 610 2796 666 condemnabit?
2845 610 2980 664 Cum
3033 617 3216 663 autem
3264 606 3329 661 id.
3362 606 3718 662 vehementer

2129 701 2391 773 probetis,
2439 700 2585 770 quod
2632 702 2688 755 in
2734 698 3056 755 exsecrabili
3094 712 3159 754 ea
3194 694 3421 766 epistola
3460 694 3712 761 traditur,

2130 791 2437 847 doctrinam
2482 789 2732 844 nimirum
2779 804 2884 860 qua
2936 787 3170 842 Verbum
3215 786 3356 841 Deus
3402 784 3717 840 incarnatus

2131 882 2404 951 homoque
2450 882 2623 936 factus
2667 880 2885 947 dicitur,
2936 879 3222 934 discrimen
3271 877 3413 933 inter
3450 876 3748 947 templum»

2132 981 2296 1043 atque
2323 973 2379 1027 in
2406 972 2609 1042 templo
2638 971 3025 1026 inbabitantem
3053 968 3357 1033 sustollere,
3380 966 3715 1037 cognoscite.

2135 1074 2445 1121 naturarum
2473 1064 2862 1128 diversitatem.
2903 1077 2973 1118 ex
3009 1061 3206 1131 quibus
3241 1060 3435 1115 unicus
3472 1058 3718 1115 Christus

2135 1158 2279 1213 Deus
2322 1166 2488 1225 atque
2525 1156 2779 1211 Salvator
2826 1163 3015 1210 noster
3039 1151 3409 1218 constituitur,
3452 1158 3603 1206 recte
3647 1150 3718 1206 ah

2135 1255 2323 1303 sancta
2352 1245 2447 1301 Dei
2476 1244 2714 1302 Ecclesia
2741 1245 3041 1315 praedicari;
3069 1251 3331 1301 caeterum
3370 1240 3556 1311 templi
3588 1239 3719 1309 hoc,

2135 1346 2299 1409 atque
2342 1337 2400 1393 in
2446 1337 2566 1407 ipso
2613 1336 2961 1393 inhabitantis
2994 1336 3285 1393 discrimen
3313 1350 3345 1389 a
3374 1334 3594 1390 nemine
3621 1351 3720 1389 un-

2136 1443 2299 1499 quam
2324 1437 2635 1483 sanctorum
2666 1428 2884 1482 Patrum
2927 1425 3092 1483 luisse
3118 1424 3475 1497 propositmn,
3517 1424 3617 1479 sed
3653 1425 3722 1480 ah

2138 1518 2319 1590 impiis
2337 1518 2512 1574 solum
2541 1517 2829 1575 Theodoro
2874 1527 3037 1588 atque
3058 1517 3310 1573 Nestorio
3332 1516 3724 1585 excogitatum,

2136 1607 2285 1679 quod
2309 1608 2445 1664 duas
2480 1608 2680 1664 exinde
2722 1623 2982 1679 personas
3029 1607 3284 1664 inducere
3332 1607 3721 1663 decrevissent.

2139 1702 2297 1770 Quod
2319 1701 2368 1758 si
2403 1702 2728 1773 quandoque
2750 1702 2942 1759 divina:
2993 1701 3211 1758 Litterae
3234 1702 3516 1772 sanctique
3540 1700 3723 1756 Eccle-

460 1816 577 1865 ναοῦ
600 1816 690 1864 τοῦ
719 1812 961 1879 σῶματος
994 1808 1170 1861 αὐτοῦ.
1200 1822 1221 1856 ε
1249 1801 1427 1865 Οὐδείς
1452 1802 1554 1877 γὰρ
1578 1807 1670 1856 τοῦ
1702 1801 1812 1861 ένὸς
1831 1803 2040 1875 προσώ-

2149 1793 2234 1849 sim
2262 1792 2452 1849 Patres
2492 1793 2596 1849 hac
2638 1808 2857 1863 quoque
2894 1793 3077 1863 templi
3111 1791 3432 1847 translatitia
3472 1791 3557 1847 usi
3600 1799 3722 1846 sunt

460 1920 562 1953 που
598 1905 689 1954 τοῦ
720 1903 945 1974 Χριστοῦ
971 1895 1215 1974 διαφοράν
1252 1894 1382 1967 πρὸς
1412 1894 1564 1948 ἑαυτὸ
1605 1888 1732 1947 εἶναί
1757 1914 1934 1966 φησιν.
1970 1894 2039 1954 ὦς

2149 1887 2525 1958 appellatione,
2556 1886 2610 1941 id
2638 1895 2817 1941 tamen
2834 1926 2851 1952 ,
2878 1894 2939 1941 ut
2965 1884 3331 1955 significarent
3355 1892 3566 1938 tantum
3600 1880 3721 1937 Uni.

462 1982 605 2041 ἄλλον
633 1986 682 2039 ἐν
711 1982 841 2058 ἄλλῳ
863 1971 1010 2051 εἶναί,
1043 1984 1165 2038 ἀλλά
1188 1990 1290 2040 τῶν
1312 1985 1513 2056 φύσεων
1538 1983 1686 2053 μόνον
1705 2021 1722 2046 ,
1745 1984 1796 2046 ξε
1824 1980 1892 2036 ὧν
1919 1982 1946 2038 ὸ
1973 1980 2042 2044 εἷς

2149 1980 2308 2050 geniti
2337 1978 2458 2033 Filii
2488 1978 2584 2033 Dei
2626 1993 2826 2047 corpus
2852 1976 3168 2039 adhibuere,
3196 1990 3264 2031 eo
3290 1982 3515 2045 prorsus
3569 1973 3727 2028 modo

462 2076 675 2150 Χριστὸς
702 2077 1024 2148 ἁσυγχύτως
1048 2078 1133 2129 καί
1158 2072 1453 2149 άδεαιρέτως
1482 2073 1812 2132 ἀπετελέσθη.

2149 2086 2257 2141 quo
2284 2070 2351 2125 de
2377 2070 2495 2138 ipso
2521 2069 2695 2139 inquit
2723 2067 3061 2136 Evangelista
3088 2084 3102 2119 :
3133 2064 3255 2137 Ipse
3297 2075 3467 2119 autem
3487 2061 3726 2135 loqueba-

2148 2170 2234 2215 tur
2275 2159 2340 2214 de
2390 2159 2577 2220 templo
2626 2159 2857 2229 corporis
2897 2160 3004 2212 suis
3052 2154 3233 2228 (Joan.
3287 2171 3345 2222 ιι,
3393 2155 3509 2227 21).
3562 2153 3726 2210 Nemo

461 2270 627 2325 porro
656 2254 771 2309 haec
806 2253 860 2308 in
893 2254 1051 2309 unica
1078 2252 1278 2310 Christi
1310 2268 1541 2325 persona
1566 2252 1772 2309 invexit
1796 2253 2105 2310 discrimina
2132 2291 2150 2319 ,
2188 2251 2340 2321 quasi
2369 2250 2472 2305 alia
2503 2254 2559 2305 in
2581 2249 2688 2304 alia
2713 2249 2824 2317 sit,
2860 2262 3049 2303 verum
3074 2245 3475 2302 distinctionem
3522 2254 3727 2299 tantum

459 2354 771 2403 naturarum
800 2345 1160 2411 admiserunt,
1187 2361 1256 2401 ex
1283 2346 1480 2415 quibus
1507 2361 1648 2401 unus
1682 2345 1928 2400 Christus
1944 2341 2240 2415 perﬁcitur,
2271 2357 2383 2398 non
2401 2340 2839 2396 commixtionem
2861 2351 3079 2407 passus,
3103 2349 3278 2404 neque
3304 2334 3646 2389 divisionem.

534 2446 623 2498 ιιαί
647 2442 793 2513 ὑμεῖς
822 2443 987 2497 τοίνυν
1024 2445 1116 2498 τὴν
1152 2454 1247 2501 τίς
1276 2441 1549 2498 έπιστολῆς
1583 2438 1896 2498 ἐκδικοῦντες
1921 2438 2045 2491 ἆσέ-

462 2533 636 2597 6ειαν,
679 2541 770 2593 τῆς
798 2532 1103 2606 ἀρνουμένης
1146 2530 1296 2583 αὐτὸν
1320 2530 1408 2585 τὸν
1442 2532 1566 2584 Θεὸν
1597 2529 1742 2598 λόγον
1786 2525 2048 2602 ἄνθρωπον

463 2626 776 2696 γεγενῆσθαι,
799 2619 1037 2698 πρόδηλοι
1059 2621 1396 2678 καθεστήκατε
1417 2619 1511 2675 δύο
1538 2619 1792 2693 πρόσωπα
1815 2619 2046 2692 είσίγον-

466 2733 574 2776 τις,
612 2714 695 2766 καί
730 2718 896 2766 ταῦτα
917 2716 1149 2770 νοοῦντες
1173 2713 1294 2785 περί
1311 2718 1404 2765 τοῦ
1430 2717 1655 2783 Χριστοῦ
1686 2712 1754 2771 ὡς
1780 2715 1931 2782 ψιλοῦ
1955 2712 2047 2765 άν-

465 2803 698 2876 θρῶπου·
730 2799 855 2875 ὅπερ
888 2798 916 2855 ὸ
942 2800 1221 2860 ἀπόστολος
1257 2795 1394 2856 εἶπεν
1420 2798 1505 2856 διὰ
1527 2805 1649 2863 τοὺς
1676 2805 1894 2864 πιστοὺς
1925 2821 1944 2854 ι
1969 2800 2047 2858 ὅτι

469 2891 611 2962 ὑμεῖς
637 2890 757 2952 ναὸς
795 2896 922 2946 Θεοῦ
956 2896 1074 2947 ἕστε
1091 2930 1108 2955 ,
1136 2899 1223 2946 καί
1247 2892 1308 2946 τὸ
1342 2899 1544 2963 πνεῦμα
1569 2900 1661 2949 τοῦ
1684 2900 1816 2950 Θεοῦ
1855 2896 1982 2951 οἷκεῖ
2004 2895 2054 2950 ἐν

469 2982 614 3051 ὑμῖν.
645 3000 666 3036 ε
701 2992 788 3045 Ὠτ
832 2986 960 3041 κατὰ
999 2987 1090 3045 τὸν
1131 2983 1383 3056 ὑμετέραν
1420 2986 1609 3046 πλάνην
1644 2988 1891 3062 μηδεμίαν
1929 2986 2053 3045 εἶναι

469 3073 710 3148 διαφοράν
736 3078 926 3146 μεταξύ
956 3078 1097 3147 ἡμῶν
1116 3084 1218 3133 τῶν
1245 3079 1537 3152 ἀνθρώπων,
1575 3083 1661 3136 καί
1691 3087 1782 3136 τοῦ
1807 3089 2052 3157 Χριστοῦ,

470 3166 599 3220 καθά
635 3168 723 3218 καί
754 3166 907 3227 αὐτὸς
927 3164 1182 3241 Θεόδωρος
1210 3165 1237 3222 6
1263 3168 1542 3243 αίρετιτιὸς,
1570 3168 1598 3225 6
1634 3168 1936 3231 διδάσκαλος
1959 3178 2051 3225 τοῦ

2222 2433 2331 2488 Vos
2356 2432 2536 2501 itaque
2562 2431 2703 2486 illius
2729 2428 2969 2499 epistola:
2996 2427 3330 2497 impietatem
3359 2424 3726 2499 defendentes.

2148 2539 2254 2594 qua
2279 2516 2446 2578 Deum
2481 2521 2716 2577 Verbum
2763 2518 3035 2575 hominem
3075 2517 3277 2572 factum
3319 2531 3439 2572 esse
3482 2525 3728 2584 negatur,

2150 2614 2436 2669 manifesto
2463 2611 2692 2681 duplicis
2721 2611 2773 2664 in
2807 2608 3023 2665 Christo
3046 2607 3294 2662 admissa:
3321 2621 3572 2676 persona:
3615 2606 3723 2660 red-

2150 2703 2469 2772 arguimini,
2522 2710 2686 2771 atque
2730 2700 2835 2755 hoc
2882 2698 3044 2754 modo
3083 2697 3152 2753 de
3194 2696 3435 2764 Christo,
3476 2705 3729 2765 tanquam

2151 2809 2291 2863 puro
2332 2793 2551 2848 homine
2592 2790 2781 2845 deliria
2821 2788 3094 2852 docentes,
3139 2787 3193 2842 in
3233 2786 3481 2841 eamdem
3515 2785 3586 2840 de
3617 2785 3729 2855 ipso

2150 2883 2472 2943 sententiam
2501 2880 2798 2954 loquimini,
2828 2895 2933 2950 qua
2961 2878 3028 2935 de
3055 2877 3396 2936 credentibus
3423 2877 3629 2934 dictum
3654 2886 3731 2934 est

2152 2977 2221 3030 ab
2250 2975 2509 3045 Apostnlo
2542 2991 2557 3028 :
2595 2970 2854 3038 Quoniam
2879 2973 3126 3043 templum
3151 2970 3251 3026 Dei
3272 2972 3395 3026 estis
3422 2988 3533 3036 ros,
3557 2982 3608 3026 et
3636 2969 3731 3024 Dei

2154 3065 2381 3136 Spiritus
2427 3065 2683 3119 inhabitat
2717 3063 2773 3116 in
2812 3062 2951 3117 robis
2990 3060 3043 3133 (1
3073 3059 3194 3116 Cor.
3220 3076 3297 3128 tu,
3328 3060 3450 3132 i6);
3475 3061 3551 3114 ita
3581 3068 3661 3125 ut,
3689 3058 3731 3113 si

2153 3157 2354 3213 erroris
2377 3156 2541 3211 vestri
2566 3153 2814 3211 habenda
2851 3155 2922 3209 sit
2947 3153 3106 3219 ratio,
3134 3153 3337 3208 nullum
3360 3152 3471 3222 jam
3499 3152 3731 3223 supersit

467 3257 759 3329 γράψαντος
783 3263 872 3317 τὴν
900 3259 1187 3328 έπιστολήν,
1218 3266 1268 3314 ιν
1285 3269 1360 3335 τῷ
1380 3263 1538 3337 τρίτῳ
1561 3265 1694 3318 κατά
1710 3263 2046 3341 ’Δπολιναρίςυ

2153 3270 2253 3312 nos
2289 3254 2534 3311 homines
2570 3254 2711 3309 inter
2753 3251 3132 3320 Christumque
3158 3250 3468 3317 discrimen,
3494 3250 3658 3318 juxta
3685 3249 3731 3303 id

470 3346 600 3420 λόγῳ
636 3355 966 3424 παραφρονῶν
999 3354 1167 3405 ταῦτα
1191 3351 1263 3409 ὥς
1299 3350 1352 3405 ἐκ
1386 3355 1664 3427 προσώπου
1702 3358 1793 3407 τοῦ
1826 3359 2049 3425 Χριστοῦ

470 3439 624 3509 λέγει’
648 3456 667 3489 ι
688 3439 816 3511 Ἐγὼ
842 3442 953 3503 μέν,
969 3435 1026 3493 ὃν
1049 3438 1201 3510 ὁρᾶτε
1229 3438 1452 3512 δὲναμαι
1471 3445 1562 3514 μέν
1587 3450 1746 3499 ποεεῖν
1759 3441 1901 3498 οὐδέν
1920 3447 2051 3499 κατά

470 3537 562 3588 τὴν
603 3532 787 3584 οῗκείαν
832 3533 986 3602 φύσιν
1037 3530 1128 3587 ἅτε
1177 3530 1440 3607 ἄνθρωπος
1489 3533 1576 3589 ὧν.
1617 3537 1920 3609 ἐργὰζομαι
1958 3533 2013 3590 δέ
2032 3578 2047 3601 ,

472 3618 644 3678 ἐπειδή
674 3621 723 3673 έν
748 3621 858 3691 έμοί
884 3623 1044 3691 μένων
1068 3623 1095 3677 ὸ
1119 3628 1290 3700 πατὴρ
1320 3622 1526 3682 ἅπαντα
1550 3635 1704 3682 ποιεῖ.
1728 3612 1930 3688 ’Ἐπειδή
1952 3632 2051 3703 γὰρ

471 3713 572 3781 έγῶ
597 3731 674 3773 τε,
698 3714 870 3785 φησίν,
891 3714 940 3766 έν
964 3720 1038 3784 τῷ
1063 3716 1246 3788 πατρί,
1272 3718 1357 3770 καί
1377 3714 1404 3770 6
1431 3720 1601 3793 πατὴρ
1619 3718 1670 3770 έν
1694 3717 1823 3787 έμοί,
1845 3719 1969 3776 Θεὸς
1997 3717 2051 3773 δέ

472 3800 620 3872 λόγος
647 3803 696 3854 έν
717 3803 830 3871 έμοί
848 3800 877 3859 6
904 3810 995 3858 τοῦ
1027 3811 1154 3859 Θεοῦ
1182 3812 1470 3878 μςνογενής,
1502 3804 1648 3865 δῆλον
1676 3805 1755 3864 ὅτι
1772 3813 1857 3863 καί
1881 3824 2053 3886 πατὴρ

470 3892 569 3947 σὺν
589 3892 746 3961 αὐτῷ,
775 3894 828 3946 έν
848 3893 957 3978 έμοί
974 3913 1028 3949 τε
1054 3896 1235 3966 μένων,
1263 3900 1350 3951 καί
1369 3899 1436 3951 τά
1463 3895 1589 3972 ἔργα
1613 3906 1792 3952 ποιῶν⁶
1822 3902 1909 3955 καί
1926 3902 2054 3954 θαυ-

473 3982 669 4051 μαστόν
694 4003 750 4055 γε
784 3983 927 4038 οὐδέν
955 3986 1041 4039 έπί
1062 3994 1157 4042 τοῦ
1184 3994 1403 4063 Χριστοῦ
1432 3995 1586 4044 τοῦτο
1612 3992 1850 4061 νομίζειν,
1879 3999 2054 4064 σαφῶς

472 4071 633 4124 αὐτοῦ
659 4075 778 4145 περί
795 4080 895 4128 τῶν
918 4074 1104 4130 λοιπῶν
1122 4075 1351 4149 λέγοντος
1370 4079 1666 4154 ἀνθρώπων,
1679 4078 1818 4135 -Ὀ
1839 4081 2053 4154 ἀγαπῶν

473 4181 535 4230 με
556 4162 639 4215 τὸν
661 4161 804 4234 λόγον
830 4185 929 4236 μου
954 4170 1187 4236 τηρήσει,
1215 4170 1301 4221 καί
1321 4166 1349 4222 ὸ
1375 4174 1546 4243 πατήρ
1567 4192 1666 4243 μου
1687 4172 1942 4247 ἀγαπήσει
1966 4175 2055 4229 αὖ·

474 4253 593 4318 τὸν,
633 4257 716 4306 καί
741 4254 867 4331 πρὸς
900 4257 1049 4310 αὐτὸν
1080 4257 1418 4330 ἐλευσόμεθα,
1455 4266 1541 4317 καί
1582 4265 1735 4331 μονὴν
1765 4263 1891 4337 παρ’
1915 4267 2053 4338 αὖτῷ

475 4346 908 4412 ποιήσομεν.-Εί
922 4346 1019 4417 γάρ
1033 4347 1159 4421 παρ’
1174 4348 1367 4418 ἑκάστῳ
1383 4354 1484 4404 τῶν
1504 4353 1748 4407 τοιούτων
1779 4354 1860 4411 ὅτε
1882 4360 2052 4433 πατὴρ

475 4435 562 4485 καί
587 4430 614 4486 6
650 4432 760 4494 υίὸς
787 4438 877 4493 τήν
901 4437 1058 4504 μονήν
1086 4443 1374 4501 ποιοῦνται,
1416 4442 1468 4494 τί
1491 4440 1783 4514 Θαυμαστὸν
1822 4447 1869 4498 εἰ
1896 4445 1946 4501 έν
1978 4430 2052 4517 τῶ

474 4520 606 4574 κατά
645 4521 813 4595 σάρκα
846 4519 1066 4597 δεσπότῃ
1092 4533 1296 4598 Χριστῷ
1336 4524 1482 4600 ἄμφω
1519 4532 1651 4586 κατά
1695 4532 1876 4587 ταυτὸν
1912 4536 2054 4607 νομί-

2151 3348 2297 3419 quod
2321 3346 2636 3402 Theodorus
2663 3346 2947 3402 haereticus
2987 3345 3129 3401 illius
3171 3343 3411 3413 epistola:
3453 3343 3732 3413 scriptoris

2149 3439 2404 3507 magister
2434 3438 2490 3492 in
2531 3437 2692 3493 tertio
2724 3436 2982 3493 adversus
3020 3434 3408 3505 Apollinarium
3455 3448 3733 3500 sermone,

2149 3528 2418 3584 Christum
2449 3528 2518 3583 de
2541 3543 2603 3584 se
2630 3528 2746 3598 ipso
2774 3527 3083 3597 loquentem
3110 3524 3457 3579 introducens
3484 3524 3598 3580 hoc
3622 3539 3734 3578 mo-

2150 3619 2240 3684 do,
2291 3619 2474 3689 inepte
2521 3627 2860 3673 commentus
2904 3625 3033 3673 est:
3071 3634 3090 3666 ι
3126 3614 3239 3684 Ego
3279 3615 3531 3686 quidem,
3575 3630 3734 3685 quem

2153 3709 2458 3781 prospicitis
2486 3703 2615 3763 nihil
2644 3708 2821 3764 facere
2849 3721 3067 3778 possum
3096 3704 3387 3761 secundum
3422 3719 3607 3760 meam
3646 3722 3735 3761 na.

2152 3807 2348 3865 turam,
2374 3813 2496 3853 cum
2536 3798 2697 3853 homo
2725 3798 2827 3852 sim
2866 3815 2880 3851 :
2911 3812 3109 3865 operor
3135 3803 3335 3861 autem,
3378 3797 3641 3864 quoniam
3683 3798 3734 3851 in

2153 3905 2242 3945 me
2279 3904 2504 3945 manens
2530 3888 2690 3942 Pater
2716 3896 2905 3944 cuncta
2936 3894 3191 3957 operatur
3219 3904 3233 3939 :
3278 3887 3587 3955 enimvero,
3647 3888 3734 3943 in-

2152 3988 2288 4057 quit,
2317 3996 2373 4043 et
2400 4000 2501 4055 ego
2529 3987 2582 4042 in
2622 3985 2803 4051 Patre,
2836 3994 2893 4042 et
2918 3984 3079 4041 Pater
3119 3985 3173 4040 in
3215 4000 3324 4054 me,
3364 3985 3508 4042 Deus
3553 3997 3735 4042 autem

2153 4077 2390 4134 Verbum
2415 4076 2746 4144 unigenitum
2774 4076 2829 4131 in
2857 4090 2945 4131 me
2970 4083 3053 4131 est
3079 4093 3095 4130 :
3123 4084 3328 4133 certum
3356 4085 3463 4142 est,
3504 4078 3655 4146 quod
3681 4086 3735 4133 et

2154 4163 2315 4221 Pater
2342 4180 2463 4219 cum
2493 4165 2612 4234 ipso
2648 4165 2701 4219 in
2729 4179 2818 4220 me
2846 4173 3047 4233 manet,
3079 4173 3136 4221 et
3162 4181 3326 4236 opera
3348 4166 3494 4221 facit.
3528 4166 3600 4221 Et
3626 4183 3732 4222 non

2153 4265 2239 4314 est
2279 4255 2583 4310 mirandum
2623 4256 2691 4311 de
2727 4256 2943 4312 Christo
2982 4257 3097 4313 haec
3123 4258 3439 4324 existimari,
3469 4274 3596 4315 cum
3624 4261 3733 4316 evi-

2153 4346 2345 4402 denter
2389 4346 2503 4418 ipse
2523 4346 2591 4403 de
2616 4350 2827 4405 ueteris
2852 4349 3159 4404 hominibus
3186 4348 3334 4405 dicat
3371 4367 3391 4405 :
3423 4350 3522 4415 Qui
3564 4352 3733 4423 diligit

2153 4452 2252 4504 me,
2283 4454 2570 4492 sermonem
2613 4454 2781 4493 meum
2817 4438 3058 4508 servabit,
3096 4449 3147 4494 et
3182 4439 3345 4495 Pater
3371 4457 3515 4495 meus
3556 4442 3733 4514 diliget

2152 4544 2287 4593 eum,
2310 4537 2359 4582 et
2384 4528 2453 4581 ad
2478 4544 2592 4583 eum
2619 4531 2897 4596 veniemus,
2917 4539 2967 4584 et
2989 4531 3306 4585 mnsionent
3334 4531 3473 4601 apud
3496 4549 3615 4586 eum
3652 4534 3733 4604 [a-

474 4611 636 4670 ζοιντο
656 4611 840 4680 μένειν,
865 4618 957 4672 τῆς
980 4614 1107 4668 κατά
1130 4620 1222 4674 τήν
1241 4617 1411 4672 οὐσίαν
1429 4618 1680 4682 κοινωνίας
1698 4626 2046 4695 προσιεμένης,

2155 4621 2348 4674 ciemus
2373 4619 2554 4691 (Joan.
2578 4637 2686 4687 xiv,
2713 4620 2826 4692 25).
2859 4622 2914 4676 Si
2949 4623 3092 4677 enim
3125 4622 3265 4692 apud
3294 4636 3561 4693 quemque
3588 4623 3732 4693 ejus-

473 4700 543 4758 ὡς
567 4700 721 4768 ετκὸς,
749 4704 829 4755 καί
854 4708 942 4761 τήν
960 4712 1052 4764 τῆς
1075 4714 1228 4776 μονῆς
1257 4712 1533 4778 κοινωνίαη
1563 4726 1584 4761 s

544 4791 743 4845 Τούτων
784 4796 953 4848 τοίνυν
996 4795 1132 4851 οὕτω
1160 4800 1305 4874 παρὰ
1337 4805 1427 4855 τοῦ
1467 4798 1754 4863 δυσσεϐοῦς
1791 4801 2049 4882 Θεοδώρου

472 4882 758 4957 εἰρημένων.
789 4886 846 4938 οὐ
876 4888 1197 4957 θαυμαστὸν,
1236 4888 1378 4965 εἴπερ
1402 4889 1430 4946 6
1455 4893 1679 4947 ἐκπεσὼν
1703 4899 1796 4948 τοῦ
1829 4901 1957 4951 Θεοῦ
1987 4903 2051 4972 τῇ

472 4972 683 5047 ἀσεϐείᾳ
706 4979 1098 5050 συνεζευγμένην
1126 4977 1243 5050 ἴχει
1270 4983 1354 5035 καί
1377 4984 1596 5056 μωρίαν,
1625 4985 1791 5047 καθὼς
1814 4989 1933 5059 περί
1954 4996 2057 5043 τῶν

470 5065 671 5122 ἀσεϐῶν
710 5065 734 5120 ὸ
764 5072 1024 5140 προφήτης
1051 5070 1257 5133 Ἡσαΐας
1282 5072 1433 5144 λέγει,
1467 5090 1486 5124 ε
1516 5085 1571 5130 '0
1594 5075 1766 5151 μωρὸς
1788 5078 1937 5153 μωρὰ
1960 5076 2051 5132 λα·

462 5158 642 5221 λήσει,
670 5160 754 5211 καί
785 5160 817 5217 ἡ
848 5158 1031 5235 καρδία
1058 5162 1213 5217 αὐτοῦ
1248 5164 1446 5234 μάταια
1482 5168 1674 5224 νοήσει.
1699 5184 1718 5218 ε
1751 5176 1809 5219 ‘0
1843 5168 1943 5243 γάρ
1969 5169 2054 5223 τὸν

469 5249 672 5322 πατέρα
710 5251 797 5303 καί
822 5251 908 5305 τὸν
933 5252 1042 5306 υἱὸν
1077 5252 1212 5308 οὕτω
1247 5257 1411 5327 μένειν
1435 5257 1487 5311 έν
1514 5265 1587 5329 τῷ
1621 5266 1857 5332 Χριστῷ,
1892 5261 2055 5320 καθὼς

472 5339 559 5391 καί
582 5337 631 5390 έν
667 5346 775 5399 τοῖς
812 5340 1008 5402 λοιποῖς
1040 5343 1323 5412 ἀνθρώποις
1361 5344 1833 5424 διισχυριζόμενος.
1862 5352 1945 5404 καί
1983 5354 2055 5423 μή

471 5426 724 5501 ὁμολογῶν
751 5428 833 5484 τὸν
858 5433 1074 5506 Χριστὸν
1114 5430 1241 5490 εἶναι
1286 5438 1372 5493 τὸν
1407 5440 1526 5493 Θεὸν
1564 5438 1705 5511 λόγον
1733 5441 2057 5516 σαρκωθέντα

474 5520 552 5574 καί
579 5520 1063 5593 ένανθρωπήσαντα,
1108 5534 1218 5586 πῶς
1252 5526 1385 5600 λέγει
1427 5529 1650 5601 Χριστὸν
1686 5533 1812 5587 κατά
1858 5532 2052 5603 σάρκας

471 5608 533 5661 οἱ
554 5604 657 5684 γάρ
687 5610 824 5683 ἅγιοι
850 5614 1070 5687 πατέρες
1089 5612 1445 5687 ὁμολογοῦντες
1466 5620 1555 5674 τὸν
1581 5621 1803 5695 Χριστὸν
1823 5615 1948 5674 εἶναι
1968 5622 2055 5676 τὸν

471 5701 598 5754 θεὸν
629 5699 766 5773 λόγον
803 5705 1126 5778 σαρκωθέντα
1172 5708 1253 5760 καί
1287 5708 1765 5782 ένανθρωπήσαντα.
1803 5709 1876 5766 ὅτ’
1904 5709 1965 5766 ἄν
2005 5734 2055 5768 τι

474 5792 594 5861 περί
620 5792 781 5846 αὐτοῦ
814 5798 1045 5849 ταπεινὸν
1069 5793 1328 5885 λέγουσιν,
1363 5798 1524 5876 ὀρθῶς
1557 5800 1803 5870 ἐπάγουσι
1827 5803 1885 5855 τὸ
1921 5802 2055 5855 κατά

474 5878 665 5952 σάρκα.
694 5877 817 5957 Ἀλλ’
843 5883 888 5936 εί
911 5886 999 5938 καί
1022 5877 1280 5958 προσῆκον
1304 5884 1360 5948 ἦν
1386 5891 1503 5952 τοὺς
1529 5886 1786 5964 Θεόδωρον
1812 5887 2055 5947 indum-Sv-

2150 4711 2298 4767 modi
2343 4712 2619 4767 hominum
2658 4721 2714 4766 et
2759 4710 2919 4767 Pater
2957 4722 3015 4768 et
3051 4711 3216 4767 Filius
3257 4715 3594 4770 mansionem
3654 4714 3732 4768 l‘a-

2151 4802 2321 4868 ciunt,
2348 4801 2477 4873 quid
2514 4803 2709 4856 mirum
2737 4802 2782 4857 si
2823 4803 2876 4857 in
2921 4802 3147 4858 Domino
3184 4804 3478 4859 secundum
3513 4820 3728 4860 carnem

2153 4892 2391 4961 Christo,
2419 4893 2579 4948 ambo
2600 4893 2758 4948 simul
2780 4902 3096 4963 putarentur
3121 4909 3359 4960 manere,
3390 4897 3727 4952 communio-

2153 4996 2224 5036 ne
2277 4996 2465 5035 eorum
2529 4981 2823 5036 secundum
2869 4981 3247 5049 substantiam,
3298 4987 3730 5041 communionem

2154 5085 2372 5140 quoque
2408 5070 2704 5126 mansionis
2741 5070 2969 5126 fortasse
3009 5073 3368 5143 suscipiente?
3401 5093 3421 5127 ι
3455 5074 3550 5131 His
3573 5076 3731 5145 igitur

2154 5159 2209 5216 in
2248 5159 2392 5215 hunc
2429 5160 2647 5215 modum
2689 5160 2758 5217 ab
2784 5162 2947 5231 impio
2975 5161 3258 5219 Theodoro
3297 5166 3609 5237 propositis,
3632 5165 3730 5221 mi-

2153 5267 2275 5307 rum
2303 5266 2426 5307 esse
2450 5252 2670 5309 minime
2708 5253 2868 5310 debet
2894 5255 3037 5325 quod
3065 5270 3097 5311 a
3128 5256 3241 5312 Deo
3266 5258 3521 5314 excideris
3545 5258 3731 5329 impie—

2156 5344 2252 5398 tati
2283 5343 2653 5417 desipientiam
2683 5345 3013 5416 adjunxerit,
3046 5350 3497 5418 quemadmodum
3525 5352 3592 5408 de
3627 5352 3726 5406 im-

2157 5435 2258 5506 piis
2282 5434 2593 5506 prophetica
2619 5433 2768 5493 Isaia:
2788 5437 3004 5509 praefert
3028 5442 3293 5497 sententia
3321 5460 3335 5496 :
3368 5443 3461 5497 Vir
3485 5445 3728 5515 insipiens

2158 5525 2316 5579 stulta
2344 5525 2593 5598 loquetur,
2617 5534 2667 5581 et
2691 5540 2781 5583 cor
2804 5529 2916 5598 ejus
2941 5532 3090 5602 fatua
3114 5533 3359 5604 cogitabit
3380 5534 3535 5607 (Isai.
3564 5550 3724 5599 xxxii,

2158 5617 2235 5689 6).
2279 5616 2531 5688 Quisquis
2579 5619 2722 5674 enim
2767 5615 2980 5675 Patrem
3028 5629 3086 5676 et
3106 5620 3300 5678 Filium
3327 5625 3491 5680 sicin
3521 5624 3727 5680 Christo

2156 5710 2607 5780 quemadmodum
2629 5718 2685 5766 et
2704 5709 2756 5765 in
2776 5711 2995 5781 reliquis
3021 5713 3328 5773 hominibus
3347 5733 3564 5774 manere
3590 5717 3721 5771 allii-

2158 5805 2289 5861 mat.
2315 5800 2593 5868 Deumque
2623 5798 2852 5857 Verbum
2881 5802 3149 5862 Christum
3178 5809 3526 5880 incarnatnm,
3561 5812 3730 5866 homi-

2159 5893 2392 5963 nemque
2415 5891 2613 5948 laetum
2643 5908 2763 5950 csse
2785 5908 2891 5952 non
2918 5899 3226 5969 conﬁtetur,
3253 5902 3526 5972 quoiuodo
3550 5910 3722 5975 potest
