3952 6418
259 397 367 456 185

1430 402 1799 465 ευδτικίΛΝι
1838 409 1977 468 IMP.
2018 410 2373 472 EPISTOLA.

3394 424 3540 483 νεεδ

264 550 375 594 τως.
395 534 482 586 καί
502 532 563 589 tu
585 528 776 600 ταύτης
796 539 951 595 αὐτοῦ
973 546 1065 601 τῆς
1090 542 1196 597 καθ’
1217 542 1504 615 ὑπερϐολήν
1527 544 1835 617 βλασφημίαι

1954 543 2223 600 Chris'tum
2247 545 2419 615 ipsum
2448 546 2736 603 secundum
2758 562 2972 605 carnem
3002 549 3316 607 nominare?
3339 550 3524 609 Sancti

269 627 350 681 τόν
369 625 563 679 τούτου
590 626 803 682 ἔκκλίναι
831 627 1152 686 δυσσέϐειαν⁸
1186 631 1291 686 ἀ>λ⁹
1315 627 1403 686 οὖν
1430 630 1516 687 διὰ
1541 638 1631 689 τίν
1656 636 1852 689 τούτων

266 712 537 779 ἀναδειαν,
558 718 648 771 καί
673 714 827 779 ἄλλοις
852 720 1011 774 αὐτοῦ
1029 721 1352 792 βλασφημίας
1368 724 1762 798 προαγάγωμεν,
1786 720 1854 779 δι’

264 797 329 855 ὗν
352 799 446 858 δύο
471 806 674 875 εἰσάγει
700 808 981 878 πρόσωπα.

334 893 664 966 Μεμφόμενος
688 898 788 973 γὰρ
831 900 953 960 τοῦς
996 900 1235 973 λέγοντας
1282 898 1362 956 ὅτι
1405 899 1432 956 ό
1468 904 1592 964 Θεός
1628 900 1795 975 λόγος.
1825 900 1853 957 ὅ

263 986 367 1056 πρὸ
406 990 622 1051 αἰώνων,
652 991 853 1061 γέγονεν
880 989 962 1045 ἄπ’
990 988 1232 1063 ἕσχείτων
1254 989 1536 1069 ἄνθρωπος,
1563 994 1697 1050 οὕτω
1722 995 1855 1070 λέγει

263 1075 314 1128 ἐν
338 1083 414 1148 τῷ
442 1078 572 1131 κατὰ
593 1075 939 1156 Ἀπολιναρίου
965 1083 1192 1158 τετάρτῳ
1215 1083 1367 1157 λόγον

342 1182 361 1215 ε
389 1176 444 1218 ‘0
473 1168 576 1241 πρὸ
617 1169 838 1235 αἰώνων,
877 1174 1054 1242 φησὶν.
1080 1172 1275 1244 γέγονεν
1299 1171 1379 1227 ἐπ’
1404 1168 1672 1244 ἐσχάτων·
1703 1172 1852 1230 πάλιν

263 1256 333 1316 ὗς
360 1277 508 1311 τινων
533 1256 847 1324 δεδωκότων,
891 1263 977 1315 καί
1016 1268 1171 1318 τοῦτο
1206 1263 1363 1336 λέγων
1392 1263 1592 1326 οὐδενός
1617 1267 1637 1287 ‘
1664 1259 1725 1319 ἂν
1752 1273 1852 1321 τῶν

262 1350 499 1404 εὐσεϐεῖν
552 1350 939 1410 ἐσπουδακότων
986 1354 1175 1417 ταύτην
1216 1357 1446 1428 ἕλομίνου
1493 1366 1714 1419 νοσῆσαι
1760 1363 1852 1419 τήν

260 1433 457 1505 ἄνοιαν,
493 1440 623 1495 ὥστε
652 1441 739 1495 τόν
764 1444 865 1518 πρὸ
898 1447 1093 1499 αἰώνων
1136 1447 1295 1501 εἰπεῖν
1328 1446 1410 1503 ἃττ’
1441 1449 1681 1518 ἐσχάτων
1703 1468 1851 1523 γεγε·

260 1530 471 1587 τῆσθαι·
490 1548 510 1581 ε
537 1534 637 1585 Καί
653 1533 762 1601 μεθ’
780 1534 953 1608 ἕτερα·
977 1553 996 1585 ε
1014 1537 1200 1591 οὐκοῦν
1213 1546 1317 1598 τοῖς
1332 1538 1593 1614 ὑμετέροις
1622 1539 1853 1610 ἔπόμενοι

260 1618 466 1689 νόμοις,
508 1624 595 1677 καί
634 1629 726 1682 τήν
753 1625 854 1680 ὖπό
881 1634 973 1687 τῆς
997 1635 1093 1688 σῆς
1126 1628 1393 1701 ἀγχινοίας
1428 1632 1851 1702 νομοθετουμένην

260 1711 630 1789 ἀντιστροφὴν,
656 1715 843 1786 pano»
873 1714 927 1772 δὲ
955 1722 1306 1794 καταστροφήν
1329 1718 1616 1793 δεξάμενοι.
1644 1725 1759 1799 φίρε
1785 1721 1850 1783 δή

258 1800 437 1856 πάντα
465 1806 536 1864 ε’ς
568 1806 752 1861 ταυτὸν
777 1807 1113 1881 πγχέωμεν,
1145 1812 1228 1864 κοί
1259 1809 1481 1882 μηδεμία
1514 1811 1687 1869 λοιπὸν
1716 1811 1848 1869 ἴστω

1951 635 2148 708 quippe
2168 635 2355 693 l’atres
2382 635 2649 693 Christum
2680 637 2844 693 Deum
2873 638 3105 696 Verbum
3134 656 3252 696 esse
3275 643 3528 699 incarna-

1953 732 2087 790 tum,
2110 733 2273 795 atque
2293 725 2566 780 hominem
2596 727 2793 781 factum
2817 728 3155 799 confitcntes,
3183 730 3227 785 si
3255 732 3527 803 quidpiam

1952 813 2020 869 de
2059 814 2176 883 ipso
2204 815 2404 870 humile
2426 817 2721 885 proferunt,
2746 825 2891 872 recte
2912 816 2962 871 id
2990 819 3281 874 secundum
3309 836 3526 876 carnem

1952 904 2003 960 ei
2044 906 2338 961 convenire
2375 905 2682 973 subjiciunt.
2717 906 2982 962 Cteterum
3012 923 3220 978 aequum
3247 909 3530 968 videbatur

1953 992 2221 1049 Theodori
2245 1004 2668 1065 propugnatores
2688 996 2771 1049 vel
2794 995 2894 1050 hac
2914 997 3256 1066 exsuperanti
3276 998 3527 1069 blasphe-

1952 1083 2058 1138 mia
2074 1093 2376 1140 commotos
2396 1085 2465 1138 ab
2486 1084 2650 1153 ipsius
2664 1084 2938 1155 impietate
2952 1086 3241 1143 recedere“:
3264 1097 3523 1156 attamen,

1953 1182 2011 1229 ut
2058 1174 2296 1244 ipsorum
2336 1175 2610 1230 refellatur
2661 1175 3021 1245 impudentia,
3052 1178 3286 1249 reliquas
3312 1195 3527 1251 quoque

1952 1262 2069 1330 ejus
2094 1262 2452 1333 blasphemias
2479 1261 2810 1333 proferemus
2832 1264 2884 1319 in
2911 1265 3174 1331 medium,
3208 1268 3401 1336 quibus
3426 1269 3527 1323 du-

1951 1353 2144 1424 plicem
2172 1352 2367 1408 Christi
2407 1368 2690 1423 personam
2735 1354 2954 1408 inducit.
3001 1354 3318 1410 lusimulaus
3345 1358 3525 1427 itaque

1951 1458 2048 1500 eos
2074 1443 2164 1522 qui
2193 1442 2364 1499 Deum
2392 1442 2626 1499 Verbum
2655 1453 2779 1498 ante
2806 1444 2999 1500 saecula
3034 1446 3295 1514 genitum,
3332 1447 3385 1501 in
3422 1463 3525 1503 uo-

1954 1535 2171 1592 vissimo
2205 1536 2477 1590 hominem
2507 1533 2704 1589 factum
2734 1550 2853 1590 esse
2881 1533 3217 1606 proﬁtentur,
3248 1537 3301 1590 in
3330 1546 3526 1607 quarto

1951 1633 2139 1681 contra
2179 1624 2564 1717 épollinarium
2594 1624 2730 1680 libro
2769 1625 2884 1680 haec
2911 1624 3135 1680 scribit:
3171 1644 3189 1677 ι
3224 1625 3341 1682 Hoc
3379 1627 3525 1697 quod

1951 1715 2062 1789 [hic
2086 1712 2398 1785 quiIGraecJ
2420 1722 2544 1769 ante
2571 1714 2763 1770 smcula
2790 1724 2929 1784 erat,
2956 1716 3010 1770 in
3049 1717 3351 1773 novissimis
3393 1719 3525 1774 dicit

1950 1805 2146 1860 factum
2174 1819 2296 1860 esse
2315 1805 2669 1876 temporibus,
2700 1813 2887 1877 utpote
2911 1805 3228 1876 quibusdam
3267 1808 3371 1863 hoc
3394 1824 3525 1865 con-

257 1887 540 1971 διέκρισες,
567 1899 637 1965 μή
664 1902 790 1951 Θεοῦ
817 1907 1031 1974 μορφῆς,
1060 1905 1131 1973 μή
1153 1899 1334 1958 δούλου
1359 1912 1585 1979 μορφῆς,
1620 1909 1691 1975 μή
1723 1912 1835 1961 ναοῦ

1952 1901 2242 1968 litentibus,
2265 1916 2387 1956 cum
2407 1917 2569 1958 nemo
2589 1916 2655 1957 ex
2675 1901 2759 1957 his
2777 1901 2867 1971 qui
2888 1901 3103 1973 pietatis
3124 1918 3304 1958 curam
3324 1904 3524 1960 habent

255 1981 547 2056 ληφθέντος,
572 1992 644 2059 μὴ
664 1995 757 2043 τοῦ
783 1990 1085 2052 ἐνοικοῦντος
1112 1992 1162 2045 ἐν
1184 2001 1258 2063 τῷ
1284 2002 1416 2063 ναῷ,
1448 1999 1520 2066 μή
1563 2001 1653 2050 τοῦ
1678 1995 1849 2051 λυθέν-

255 2093 378 2135 τος.
409 2080 481 2145 μὴ
515 2083 606 2132 τοῦ
634 2080 946 2154 ἐγείραντος,
976 2088 1047 2150 μὴ
1075 2089 1166 2137 τοῦ
1191 2083 1535 2145 τελειωθέντας
1563 2085 1612 2138 ἐν
1638 2084 1842 2148 πάθεσι.

254 2169 330 2234 μή
350 2171 441 2219 τοῦ
460 2167 830 2229 τελειώσαντος.
850 2175 921 2242 μή
940 2178 1031 2226 τοῦ
1051 2174 1498 2244 μνημονευθίντος,
1522 2179 1593 2243 μὴ
1606 2180 1699 2228 τοῦ
1718 2196 1844 2244 μνη-

254 2258 635 2326 μονιιῖσαντοςἸ
680 2266 751 2333 μή
789 2267 880 2316 τοῦ
920 2264 1316 2335 ίπισκεφθίντος,
1345 2272 1415 2336 μή
1452 2272 1541 2321 τοῦ
1567 2267 1843 2339 επισκεφα-

252 2349 409 2420 μένου
429 2389 444 2411 .
487 2354 559 2421 μή
586 2357 673 2407 τοῦ
711 2352 891 2430 βραχῦ
929 2354 1055 2428 παρ’
1082 2355 1322 2428 ἀγγέλους
1351 2356 1734 2423 ἐλαττωθέντος,
1768 2364 1841 2430 μή

252 2444 345 2490 τοῦ
373 2438 782 2507 ἐλαττώσαντος,
812 2446 883 2513 μή
908 2449 996 2497 τοῦ
1021 2441 1138 2517 δόξῃ
1164 2447 1249 2498 καί
1273 2454 1394 2515 τιμῇ
1421 2447 1838 2517 στεφανωθέντος.

251 2532 324 2596 μή
344 2534 438 2582 τοῦ
466 2533 905 2601 στεφανώσαντος,
928 2537 999 2602 μὴ
1026 2539 1111 2588 τοῦ
1137 2530 1480 2594 καταστάντος
1507 2536 1592 2590 ἐπί
1622 2536 1689 2590 τά
1713 2534 1840 2610 ἔργα

250 2623 355 2671 τῶν
380 2625 572 2691 χειρῶν
590 2626 680 2675 τοῦ
709 2628 940 2694 Θεοῦ,μή
959 2630 1049 2679 τοῦ
1073 2628 1516 2691 καταστήσαντος,
1542 2631 1612 2699 μή
1632 2633 1724 2683 τοῦ
1749 2628 1841 2683 λα-

252 2708 429 2772 ϐόντος
451 2713 582 2767 αὑτά
613 2714 662 2766 ἄν
692 2715 959 2791 ὑποταγῇ,
985 2723 1056 2788 μή
1084 2723 1174 2772 τοῦ
1203 2716 1379 2779 δόντος
1403 2724 1493 2779 τήν
1518 2720 1832 2792 ὑποταγῆνδ

320 2809 402 2854 Ἐκ
424 2803 619 2857 τούτων
644 2808 806 2859 τοίνυν
828 2814 929 2861 τῶν
956 2808 1156 2862 ἀσεϐῶν
1180 2806 1443 2880 Θεοδώρου
1469 2810 1727 2886 ῥημάτων,
1751 2815 1839 2866 καί

248 2899 341 2951 τῆς
364 2891 527 2954 οὕτως
552 2896 709 2951 αὐτοῦ
739 2905 1021 2971 προφανοῦς
1047 2899 1365 2973 βλασφημίας
1392 2901 1762 2977 ἐρυθριάσωσιν
1790 2904 1837 2958 οί

248 2984 652 3059 (inmanitatem
689 2991 845 3044 αὐτοῦ
883 3012 937 3045 τε
965 2994 1159 3052 καὶτῆς
1185 2993 1406 3054 ἀσεϐοῦς
1444 2994 1730 3056 ἐπιστολῆς.
1770 2997 1837 3051 Τὸ

246 3074 347 3148 γὰρ
368 3074 585 3137 ἀναιδῶς
611 3082 695 3132 καί
718 3079 958 3141 πολλάκις
984 3079 1127 3137 ἄλλον
1153 3078 1275 3139 εἶναι
1293 3086 1376 3140 τὸν
1402 3086 1527 3140 Θεὸν
1551 3084 1723 3157 λόγον,
1748 3090 1836 3142 καί

245 3159 395 3216 ἄλλον
414 3167 498 3221 τόν
515 3171 728 3242 Χριστὸν
751 3170 907 3243 λέγειν
927 3174 1079 3227 αὐτὸν
1093 3214 1107 3235 .
1132 3177 1214 3228 καὶ
1232 3176 1318 3230 τὸν
1343 3178 1432 3245 μέν
1453 3177 1830 3250 εὐεργετοῦντα.

1950 1992 2112 2048 istum
2154 2007 2215 2055 se
2249 1992 2484 2062 patiatur
2522 1991 2767 2047 morbum
2795 1991 2996 2047 habere
3023 1991 3323 2056 dementire,
3358 2002 3414 2048 ut
3437 1994 3522 2050 di-

1945 2088 2052 2145 cat,
2089 2095 2211 2136 eum
2238 2080 2328 2148 qui
2368 2088 2452 2136 est
2483 2088 2610 2135 ante
2647 2080 2852 2148 secula,
2893 2080 2946 2134 in
2988 2080 3280 2137 novissimo
3320 2080 3521 2137 factum

1944 2186 2082 2228 esse.
2119 2188 2141 2224 ι
2172 2170 2241 2225 Et
2277 2180 2401 2242 post
2442 2185 2612 2241 pauca
2637 2170 2853 2226 subdit:
2890 2187 2910 2222 ι
2945 2170 3163 2225 Vestras
3193 2172 3352 2240 igitur
3375 2172 3520 2241 leges

1942 2270 2251 2330 sequentes,
2294 2269 2351 2316 et
2386 2276 2418 2315 a
2459 2269 2551 2314 tua
2578 2260 2839 2330 sapientia
2871 2260 3214 2316 constitutam
3241 2260 3517 2316 obversio-

1942 2367 2103 2419 nem,
2156 2353 2265 2406 imo
2311 2350 2481 2419 magis
2525 2349 2927 2405 subversionem
2974 2349 3358 2419 suscipientes,
3414 2364 3516 2419 age

1940 2441 2098 2497 simul
2127 2440 2304 2495 omnia
2333 2438 2738 2506 confundamns,
2761 2446 2818 2494 et
2842 2438 2985 2493 nulla
3008 2437 3118 2507 jam
3147 2439 3218 2493 sit
3245 2439 3515 2510 discrepa-

1943 2530 2037 2595 tio,
2080 2544 2181 2586 nec
2217 2529 2313 2585 Dei
2352 2528 2558 2594 formae,
2607 2543 2707 2584 nec
2749 2529 2890 2584 servi
2939 2526 3142 2597 fornae,
3187 2544 3286 2585 nec
3328 2530 3512 2599 templi

1938 2622 2159 2693 sumpti,
2188 2637 2289 2679 nec
2329 2620 2447 2690 ejus
2479 2620 2571 2691 qui
2613 2620 2666 2675 in
2706 2619 2906 2689 templo
2947 2619 3222 2683 habitavit,
3260 2634 3361 2674 nec
3395 2619 3512 2689 ejus

1938 2710 2028 2780 qui
2059 2711 2267 2768 solutus
2294 2719 2397 2775 est,
2431 2725 2531 2766 nec
2558 2709 2675 2777 ejus
2705 2709 2797 2777 qui
2824 2708 3120 2775 suscitavit,
3153 2723 3252 2764 nec
3278 2708 3393 2777 ejus
3418 2708 3509 2779 qui

1937 2798 2207 2869 perlectus
2235 2807 2318 2856 est
2345 2799 2399 2854 in
2428 2798 2793 2869 passionibus,
2839 2813 2942 2854 nec
2980 2798 3097 2867 ejus
3133 2799 3223 2867 qui
3260 2799 3506 2869 perfecit,

1936 2908 2039 2947 nec
2077 2892 2194 2961 ejus
2230 2892 2321 2961 qui
2363 2892 2677 2948 memoriam
2722 2890 2943 2946 meritus
2982 2901 3083 2957 est,
3129 2907 3228 2947 nec
3267 2891 3381 2960 ejus
3416 2892 3508 2961 qui

1937 2998 2145 3038 memor
2167 2983 2336 3038 factus
2355 2991 2455 3047 est,
2484 2998 2586 3039 nec
2612 2982 2727 3052 ejus
2753 2982 2846 3052 qui
2865 2982 3110 3037 visitatus
3136 2992 3238 3050 est,
3271 2998 3369 3039 nec
3392 2983 3511 3050 ejus

1934 3074 2028 3143 qui
2072 3072 2327 3136 visitavit,
2370 3086 2473 3128 nec
2510 3071 2627 3141 ejus
2663 3072 2755 3142 qui
2794 3072 2955 3143 paulo
2990 3072 3165 3129 minus
3200 3074 3268 3128 ab
3306 3074 3508 3140 angelis

1935 3164 2232 3220 minoratus
2261 3172 2362 3227 est,
2389 3177 2490 3219 nec
2516 3162 2632 3231 ejus
2658 3163 2749 3233 qui
2778 3163 3084 3228 minoravit,
3129 3177 3229 3218 nec
3263 3162 3378 3231 ejus
3416 3162 3507 3232 qni

244 3253 335 3309 τόν
354 3252 410 3308 δε
436 3258 875 3331 εὐεργετούμενον,
902 3265 986 3317 καί
1010 3264 1094 3317 τὸν
1124 3266 1216 3334 μεν
1246 3267 1514 3331 σώσαντα,
1538 3267 1627 3323 τὸν
1652 3265 1707 3323 δὲ
1730 3289 1829 3323 σω-

1936 3256 2105 3327 gloria
2148 3264 2205 3312 et
2238 3256 2449 3312 honore
2498 3262 2790 3311 coronatus
2816 3262 2928 3323 est,
2958 3268 3061 3308 nec
3090 3254 3206 3322 ejus
3233 3254 3322 3323 qui
3350 3269 3507 3309 coro-

244 3346 425 3408 οέντα,
458 3357 681 3428 φανερῶς
720 3351 945 3421 ἀρνεῖται
984 3358 1074 3412 τὴν
1112 3352 1311 3427 διδμτοῦ
1339 3356 1557 3429 μεγάλου
1581 3364 1712 3413 Θεοῦ
1742 3360 1830 3414 καί

242 3444 478 3515 σωτῆρος
516 3442 655 3510 ἡμῶν
680 3438 844 3500 Ἰησοῦ
879 3451 1102 3512 Χριστοῦ
1138 3447 1543 3521 προσγενομένην
1571 3449 1687 3519 ἡμῖν
1719 3470 1830 3504 σω-

242 3530 447 3599 τηρίαν.
476 3536 533 3580 ιο
556 3532 656 3604 γὰρ
683 3531 808 3605 παρ’
847 3528 997 3587 ἄλλον
1022 3535 1306 3608 εὐεργεσίοοι
1344 3536 1544 3601 λαϐὼν,
1572 3537 1684 3595 ἦτοι
1723 3561 1831 3594 σω-

242 3615 379 3681 θεὶς,
409 3617 613 3692 ἑτέρους
646 3627 757 3681 πῶς
789 3619 1002 3678 δύναται
1036 3626 1242 3690 σώζεινς
1274 3625 1334 3679 Oi
1369 3627 1527 3679 τοίνυν
1553 3630 1637 3681 τὸν
1664 3634 1830 3685 ταῦτα

239 3706 683 3780 βλασφημήσαντα
723 3710 1066 3777 ἐκδικοῦντες,
1119 3716 1254 3776 τίνος
1303 3712 1488 3769 οἴονται
1539 3723 1690 3787 σῶμα
1744 3720 1827 3771 καί

239 3795 372 3868 αἷμα
396 3800 687 3873 λαμϐάνειν,
726 3810 816 3859 τοῦ
843 3804 1245 3878 εῦεργετηθίντος
1277 3803 1308 3864 ἦ
1343 3811 1431 3859 τοῦ
1461 3807 1825 3881 εὐεργετήσαν-

238 3908 359 3957 τος;
399 3893 503 3945 ἀλλ’
532 3897 578 3949 εἰ
609 3895 700 3965 μεν
734 3903 827 3951 τοῦ
866 3897 1285 3974 εὐεργετήσαντος
1321 3902 1452 3950 Θεοῦ
1494 3897 1676 3967 λόγου,
1715 3904 1827 3959 πῶς

238 3990 392 4038 τοῦτο
419 3985 647 4057 λέγουσιν
670 3992 741 4059 μή
774 3985 1131 4060 ὁμολογοῦντες
1161 3987 1321 4041 αὑτὸν
1348 3987 1701 4062 σαρκωθῆναι,
1741 3989 1829 4041 καί

236 4077 656 4155 ὶνανθρωπῆσαις
701 4082 748 4134 εί
777 4078 833 4136 δέ
860 4086 954 4136 τοῦ
980 4079 1408 4155 εὐεργετηθέντος,
1439 4081 1634 4150 ματαία
1658 4080 1827 4133 αὐτῶν

236 4172 269 4227 η
290 4170 431 4232 ἐλπίς
451 4166 916 4248 ἀνθρωπολοῖτρείαν
936 4172 1342 4248 πρεσϐευόντων,
1366 4171 1445 4227 ὅτι
1465 4170 1825 4233 ἠσεϐοίσθησαν

235 4265 328 4317 καί
352 4262 661 4338 ἐλάτρευσαν
685 4272 747 4339 re:
775 4265 936 4320 κτίσει
957 4265 1102 4341 παρὰ
1121 4266 1206 4320 τόν
1236 4269 1502 4322 κτίσαντα.

1929 3348 2099 3415 navit,
2139 3362 2241 3403 nec
2273 3347 2390 3417 ejus
2417 3347 2509 3416 qui
2543 3348 2867 3403 constitutus
2887 3353 2971 3401 est
3002 3359 3165 3415 super
3190 3359 3352 3415 opera
3390 3359 3505 3399 ma-

1930 3461 2096 3502 nuum
2136 3445 2254 3512 Dei,
2292 3459 2396 3500 nec
2431 3444 2547 3515 ejus
2574 3444 2665 3515 qui
2694 3444 2988 3508 constituit,
3023 3457 3123 3498 nec
3157 3442 3274 3513 ejus
3307 3442 3398 3513 qui
3435 3442 3503 3499 ad

1929 3536 2353 3592 sublevationem
2372 3535 2488 3592 hsce
2516 3535 2740 3606 accepit,
2765 3548 2865 3589 nec
2888 3532 3003 3603 ejus
3029 3533 3122 3603 qui
3151 3533 3294 3588 dedit
3320 3533 3504 3588 suble-

1928 3628 2222 3683 vationem.
2260 3645 2280 3679 ι
2313 3626 2392 3682 Ex
2416 3627 2610 3696 quibus
2638 3624 2814 3697 impiis
2842 3622 3111 3680 Theodori
3142 3622 3337 3689 verbis,
3376 3638 3503 3692 pro-

1927 3719 2161 3788 fanoque
2192 3718 2641 3789 blasphemiarum
2671 3730 2871 3786 genere
2912 3714 3161 3771 etl‘ectum
3189 3722 3272 3770 est
3298 3722 3358 3769 ut
3404 3729 3500 3784 pu-

1926 3810 2059 3865 dore
2127 3808 2474 3864 aﬂlcerentur
2524 3824 2715 3864 omnes
2778 3808 2871 3878 qni
2924 3807 3026 3877 ipsi
3079 3806 3362 3876 impiosque
3426 3804 3501 3860 illi

1928 3899 2168 3970 epistola:
2192 3898 2631 3955 adversabantur.
2659 3896 2899 3966 Namque
2926 3897 3116 3953 crebro
3142 3904 3200 3951 et
3225 3895 3501 3965 impuden-

1930 3999 2014 4046 ter
2054 3990 2198 4045 aliud
2242 4005 2362 4047 esse
2406 3989 2503 4045 Dei
2542 3988 2775 4044 Verbum
2822 3988 3088 4056 inquiens,
3130 3987 3293 4041 alium
3318 3995 3499 4041 autem

1926 4079 2232 4148 Christum;
2274 4081 2437 4135 alium
2462 4080 2553 4149 qui
2578 4078 2899 4135 beneficium
2934 4076 3188 4147 suscepit,
3218 4076 3383 4130 alium
3408 4075 3498 4145 qui

1928 4171 2187 4237 contulit;
2218 4170 2499 4239 aliumqui
2519 4170 2710 4232 salvat,
2736 4168 2898 4223 alium
2919 4168 3010 4237 qui
3034 4166 3294 4232 salvator,
3314 4173 3498 4234 aperte

1926 4264 2154 4319 salutem
2192 4262 2462 4318 inliciatur
2492 4268 2698 4331 partam
2734 4260 2889 4315 nobis
2916 4274 3015 4330 per
3049 4271 3297 4326 magnum
3329 4255 3498 4312 Deum

1932 4362 1989 4411 et
2023 4353 2357 4408 Salvatorem
2398 4360 2641 4406 nostrum
2680 4348 2862 4405 Jesum
2895 4348 3184 4404 Christum.
3217 4344 3499 4412 Quomodo

232 4441 382 4497 enim
428 4441 609 4499 salvos
644 4443 826 4500 facere
869 4450 1049 4514 potest
1091 4444 1345 4515 reliquos,
1377 4445 1452 4510 is,
1481 4443 1573 4513 qui
1602 4458 1710 4500 non
1733 4457 1890 4500 secus
1929 4457 1996 4497 ac
2024 4443 2204 4499 ueteri
2229 4442 2545 4513 beneﬁcium
2574 4441 2816 4511 percepit
2840 4439 3047 4506 salutis,
3076 4446 3237 4509 atque
3263 4436 3499 4491 salvatus

230 4532 356 4586 est?
397 4530 686 4601 Cujusnam
731 4534 892 4603 igitur
934 4550 1133 4605 corpus
1179 4543 1236 4591 et
1270 4535 1584 4605 sanguinem
1630 4548 1843 4591 sumere
1886 4550 1945 4592 se
1984 4534 2311 4601 existimant,
2368 4533 2458 4602 qui
2504 4532 2622 4588 lucc
2674 4531 3135 4603 blasphemantem
3175 4528 3498 4584 defendunt?

235 4619 436 4689 Ejusne
461 4622 554 4693 qui
580 4621 898 4678 beneficium
925 4622 1165 4688 contulit,
1203 4638 1272 4678 an
1310 4623 1427 4693 ejus
1467 4620 1561 4693 qui
1596 4622 1869 4692 suscepit?
1905 4621 2056 4689 Quod
2083 4620 2130 4676 si
2161 4619 2318 4675 Verbi
2344 4618 2440 4675 Dei
2489 4617 2811 4685 beneficium
2846 4614 3171 4673 conferentis
3209 4629 3403 4685 capere
3437 4629 3498 4669 se

229 4722 571 4769 sacramenta
609 4716 1012 4785 responderint,
1042 4715 1316 4786 quomodo
1354 4715 1408 4772 id
1445 4716 1649 4785 dicant,
1680 4731 1803 4772 cum
1848 4714 2020 4785 ipsum
2067 4715 2404 4770 incarnatum
2450 4721 2508 4768 et
2552 4713 2827 4768 hominem
2870 4712 3070 4767 factum
3121 4724 3241 4768 esse
3277 4711 3498 4766 minime

230 4800 630 4860 conﬁteantur?
668 4805 762 4861 Sin
790 4813 973 4862 autem
1000 4806 1116 4875 ejus
1153 4808 1242 4863 cui
1280 4806 1598 4865 beneficium
1635 4807 1891 4869 collatum
1919 4816 2005 4863 est
2043 4806 2294 4871 dixerint,
2341 4804 2505 4861 stulta
2548 4812 2632 4860 est
2670 4817 2799 4873 ergo
2845 4817 3034 4860 eorum
3063 4818 3208 4874 spes,
3255 4803 3349 4874 qui
3391 4804 3495 4859 ho-

200 4900 437 4958 'minem
473 4900 624 4956 cultu
657 4913 1004 4974 venerantur,
1022 4906 1266 4975 quoniam
1312 4914 1604 4960 creaturam
1639 4921 1794 4977 super
1816 4903 2060 4961 Creatore
2089 4902 2433 4958 adornarunt
2458 4898 2613 4973 (Sap.
2643 4913 2734 4963 xv,
2756 4898 2872 4969 15).

302 5002 471 5066 Ἦμεῖς
496 4992 549 5049 δὲ
576 4994 766 5057 πάντες
798 4996 849 5051 ei
882 5006 970 5057 τῆς
996 4999 1257 5060 κιθολικῆς
1285 4998 1550 5059 ἕκκλησιας
1574 4999 1661 5054 τόν
1686 5000 1811 5054 Θεὸν

1984 4994 2096 5051 Nos
2123 5001 2303 5049 autem
2331 5005 2542 5058 omnes,
2572 4989 2663 5060 qui
2683 4988 2964 5044 catholica:
2990 4984 3242 5042 Ecclesiae
3281 5000 3491 5051 sumus,

1920 5083 2016 5139 Dei
2042 5082 2272 5138 Verbum
2299 5081 2637 5137 incarnatum
2681 5086 2741 5135 et
2791 5077 3066 5134 hominem
3094 5075 3294 5134 factum
3328 5094 3493 5135 unam

227 5087 376 5159 λόγον
396 5089 735 5162 σαρκωθίντα,
759 5091 839 5144 καί
874 5091 1323 5165 ὶνανθρωπήσαντα
1342 5133 1357 5155 ,
1386 5092 1474 5149 ἕνα
1499 5113 1555 5147 τε
1585 5088 1704 5148 ὅντα
1726 5098 1819 5151 fit

1920 5187 1988 5228 ex
2007 5180 2206 5228 saneue
2234 5170 2511 5226 Trinitatis
2554 5167 2802 5239 personis
2841 5182 2962 5224 esse
2988 5164 3328 5231 confitentes,
3374 5181 3495 5221 cor-

229 5177 383 5250 ἆγίας
414 5177 631 5255 τριάδος
660 5180 1037 5253 ὁμολογοῦντες,
1066 5184 1225 5238 αὐτοῦ
1253 5185 1338 5240 καί
1361 5184 1419 5239 τὸ
1444 5195 1618 5255 σσμα,
1647 5185 1734 5237 καί
1759 5183 1818 5239 τό

229 5268 361 5338 αἷμα
385 5267 644 5340 δεχόμεθα
688 5272 759 5327 είς
794 5268 970 5342 ἄφεσιν
1011 5271 1290 5347 ἁμαρτιῶν,
1318 5278 1402 5329 καί
1426 5277 1497 5335 εἰς
1523 5278 1653 5338 ζωήν
1693 5274 1821 5329 αίὼ-

227 5380 351 5422 νιον,
391 5361 558 5420 καθώς
585 5363 672 5415 καί
714 5362 865 5421 αὐτὸς
893 5361 918 5416 ὁ
945 5363 1119 5439 κύριος
1145 5362 1279 5435 λέγει
1305 5377 1319 5390 ·
1353 5380 1374 5415 ε
1401 5361 1461 5416 ⁸0
1488 5366 1694 5437 τρώγων
1721 5381 1819 5419 μου

225 5456 319 5509 τήν
344 5452 535 5521 σάρκα,
563 5455 646 5506 καί
669 5454 828 5508 πίνων
869 5474 968 5524 μου
1002 5455 1060 5509 τὸ
1102 5450 1253 5525 αἷμα,
1281 5451 1313 5510 ἴ
1313 5475 1405 5525 χει
1428 5458 1557 5520 ζωὴν
1595 5454 1815 5520 αἰώνιον,

227 5542 368 5611 κάγώ
395 5542 667 5601 ἀναστήσω
693 5544 844 5597 αὐτόν
868 5543 919 5597 ἓν
945 5552 1007 5616 τῇ
1037 5544 1241 5617 ἐσχάτῃ
1266 5544 1434 5619 ἡμέρᾳ
1456 5560 1471 5573 '
1498 5545 1529 5602 ἠ
1553 5544 1652 5621 γὰρ
1680 5544 1809 5621 σάρξ

223 5651 326 5700 μου
354 5631 551 5693 ἀληθῶς
586 5633 702 5688 ἔστι
728 5634 946 5707 βρῶσις,
971 5638 1057 5689 καὶ
1092 5635 1148 5688 τὸ
1171 5631 1296 5707 αἷμά
1317 5655 1418 5704 μου
1455 5635 1648 5694 ἀληθῶς
1692 5635 1810 5690 ἐστι

226 5720 406 5782 πόσις.
454 5730 511 5778 Ὃ
537 5724 743 5801 τρώγων
782 5743 888 5793 μου
934 5729 1024 5783 τήν
1055 5722 1257 5799 σάρκα,
1302 5727 1385 5780 καί
1419 5723 1576 5779 πίνων
1605 5743 1703 5794 μου
1749 5723 1810 5779 τὸ

229 5806 379 5883 οἶμαι,
409 5813 460 5866 ἔν
484 5814 600 5885 ἐμοὶ
626 5814 784 5882 μένει,
807 5815 945 5883 κάγώ
969 5814 1018 5867 ἐν
1049 5814 1204 5885 αὐτῷ.
1236 5815 1399 5875 καθώς
1424 5813 1716 5869 ἀπέστειλέν
1742 5832 1808 5883 με

1918 5279 2020 5334 pus
2047 5262 2164 5332 ejus
2186 5271 2244 5318 et
2266 5261 2578 5332 sanguinem
2611 5259 2875 5317 sumimus
2901 5260 2957 5314 in
2977 5258 3348 5313 remissionem
3368 5271 3493 5326 pec-

1918 5362 2185 5419 catorum,
2226 5362 2282 5409 et
2309 5353 2363 5408 in
2389 5354 2556 5408 vitam
2582 5360 2876 5408 antis-nam:
2918 5338 3369 5419 quemadmodum
3396 5347 3492 5401 do—

1918 5445 2031 5502 cuit
2055 5458 2156 5499 nos
2183 5443 2298 5513 ipse
2325 5441 2585 5497 Dominus
2621 5440 2845 5495 dicens:
2889 5436 2991 5503 Qui
3020 5435 3299 5491 manducet
3324 5451 3491 5490 meant

1919 5551 2129 5590 carnem
2155 5544 2207 5589 et
2232 5532 2359 5588 bibit
2386 5548 2557 5586 meum
2582 5530 2889 5603 sanguinem
2905 5568 2924 5597 ,
2969 5527 3123 5583 liabet
3161 5527 3492 5599 vitam_wter—

1914 5641 2060 5691 nam,
2104 5632 2157 5679 et
2190 5641 2286 5696 ego
2315 5620 2628 5678 resuscitabo
2655 5636 2773 5676 sunt
2797 5620 2855 5675 in
2886 5618 3166 5675 novissimo
3207 5617 3332 5671 die:
3366 5631 3491 5672 caro

1914 5719 2051 5773 enim
2077 5733 2193 5771 mea
2232 5731 2347 5771 me
2372 5722 2450 5770 est
2490 5712 2657 5780 cibus,
2683 5720 2735 5767 et
2759 5711 2973 5783 sanguis
3011 5724 3154 5777 meus
3196 5717 3275 5763 est
3299 5716 3448 5779 potus
3467 5722 3489 5762 :

1914 5810 2004 5881 qui
2027 5808 2308 5865 manducet
2326 5822 2494 5865 meum
2513 5820 2723 5861 carnem
2749 5810 2800 5856 et
2823 5800 2949 5856 bibit
2975 5814 3145 5857 meum
3185 5796 3488 5868 sanguinea:

306 5907 323 5925 ⁶
358 5901 526 5981 Forte
550 5902 837 5975 legendum
864 5919 880 5956 :
909 5902 967 5958 Ὀ
995 5906 1139 5977 πρὸ..
1171 5940 1241 5959 η.
1264 5906 1505 5976 ἐσχάτων
1527 5905 1695 5970 πάλιν,
1720 5906 1787 5967 ὥς
1810 5924 1955 5958 τινων
1978 5900 2315 5959 διδασκόντων
2338 5905 2489 5955 τοῦτο
2515 5899 2597 5952 γαί
2613 5892 2876 5969 λεγόντων
2901 5886 3160 5953 Mm
3189 5888 3343 5948 Εατο
