3952 6428
468 452 573 508 287

1835 450 2128 509 νιοιιιιτε
2166 452 2360 510 PAPA.

3608 458 3731 515 ’288

465 569 494 626 ὃ
518 575 614 635 ζῶν
637 550 828 643 πατὴρ,
851 569 988 645 χοῖγώ
1009 571 1078 632 ζῶ
1106 564 1191 624 διὰ
1219 564 1301 624 τόν
1327 569 1543 646 πατέρα,
1570 572 1658 623 καί
1698 568 1723 624 ὃ
1749 572 1958 644 τρώγων
1980 588 2044 639 με

2169 594 2202 631 ιι
2233 592 2314 630 me
2353 583 2550 637 manet,
2581 582 2627 627 el
2645 589 2736 643 ego
2767 574 2819 628 in
2843 589 2923 627 eo.
2948 571 3096 629 Sicut
3134 573 3275 627 misit
3309 589 3387 627 me
3418 575 3591 627 t't'vem
3618 571 3731 626 Pa-

466 660 689 719 κᾶκεῖνος
717 662 863 722 ζήσει
903 655 968 711 δι’
998 657 1102 728 ίμί.
1131 673 1151 708 ε
1196 661 1295 711 Καί
1335 664 1501 713 ταῦτα
1530 660 1619 729 μὲν
1660 658 1793 713 οῦτω
1833 660 1916 711 καί
1957 678 2047 712 πι-

466 749 723 815 στεύομεν,
748 748 837 800 καί
861 745 1218 819 ἑμολογοῦμεν.

536 926 701 981 Πόσου
729 924 783 980 δὲ
813 922 1035 996 ψεύδους
1061 925 1200 979 ίστίν
1229 925 1428 977 κάκεῖνο
1454 925 1653 996 μεστόν,
1676 920 1801 994 ὅπερ
1823 930 1886 993 τῇ
1925 943 2043 990 μνη·

468 1018 763 1090 μονευθείσῃ
793 1017 970 1071 ἀσεϐεῖ
997 1016 1236 1089 ἐπιστολῇ
1265 1015 1566 1090 περιέχεται
1592 1017 1710 1088 περί
1734 1021 1833 1067 τῶν
1854 1011 2050 1067 δώδεκα

466 1109 740 1179 κεφαλαίων
768 1114 858 1161 τοῦ
900 1109 948 1162 ἔν
977 1107 1137 1180 ἁγίοις
1166 1106 1439 1180 Κυρίλλου;
1481 1110 1786 1177 Συκοφαντεῖ
1816 1105 1913 1178 γὰρ
1952 1103 2048 1156 αύ-

468 1199 571 1264 τὸν,
612 1202 679 1259 ὡς
707 1200 825 1269 μίαν
857 1200 1001 1270 φύσιν
1038 1207 1128 1257 τῆς
1154 1198 1399 1255 Θεότητος
1437 1198 1520 1249 καί
1544 1202 1635 1254 τῆς
1662 1194 2050 1267 ἀνθρωπότητος

469 1296 563 1343 τοῦ
605 1296 826 1363 Χριστοῦ
867 1288 914 1340 ἐν
940 1288 1138 1346 τούτοις
1178 1288 1409 1358 λέγοντα,
1448 1288 1534 1339 καί
1576 1283 1662 1341 διὰ
1689 1290 1841 1339 τοῦτο
1879 1285 2051 1345 πάσης

470 1382 707 1442 ἆσεϐεάς
745 1381 1108 1454 πεπληρῶσθαι
1142 1381 1208 1434 τὰ
1252 1381 1381 1433 αὐτὰ
1424 1378 1668 1450 κεφάλαια
1709 1376 1861 1449 λέγει.
1885 1373 2051 1451 Ὀπερ

468 1470 496 1525 ὃ
522 1472 762 1545 ὑμέτερος
782 1468 1086 1530 διδάσκαλος
1112 1470 1409 1541 πανούργως
1432 1468 1737 1542 ἑρμηνεῦσαι
1772 1467 1925 1537 λέγων
1954 1462 2047 1537 [Ρ.

470 1561 782 1631 ἑρμηνεύσας
829 1556 1011 1631 Mysi].
1050 1565 1119 1623 μή
1165 1557 1249 1614 διὰ
1292 1560 1357 1613 τὰ
1396 1556 1589 1613 δώδεκα
1640 1557 1883 1628 κεφάλαια
1911 1557 1957 1609 ἓν
1989 1563 2053 1629 τῇ

471 1649 714 1723 ἐπιστολῇ
754 1650 983 1720 εἰρῆσθαι
1003 1646 1082 1703 ὄτι
1108 1654 1275 1703 ταῦτα
1301 1649 1469 1707 πάσης
1497 1647 1737 1707 ἀσεϐείας
1754 1646 2055 1722 πεπλήρων-

472 1765 579 1808 ται,
620 1742 723 1797 ἀλλ’
750 1738 829 1797 ὅτι
853 1739 1047 1814 ετρηται
1071 1741 1191 1811 μίαν
1228 1735 1353 1794 εἶναι
1392 1739 1541 1815 φύσιν
1575 1738 1812 1799 θεότητος
1847 1741 1933 1793 καί
1974 1740 2055 1793 ἀν-

473 1834 818 1911 θρωπότητος.
836 1829 999 1909 ὀπερ
1027 1832 1274 1911 προςανές
1300 1829 1487 1902 ψεῦδός
1513 1833 1675 1886 ἔστιν.

2150 676 2247 732 ter,
2280 677 2327 722 et
2358 683 2450 737 ego
2482 666 2591 719 viro
2620 674 2837 737 propter
2874 664 3110 730 Patrem,
3136 674 3185 718 et
3218 665 3309 733 qni
3331 665 3616 717 mamlncut
3646 679 3739 717 me

2146 767 2194 811 et
2230 757 2339 825 ipse
2369 757 2500 810 vivet
2530 767 2747 827 propter
2779 773 2859 809 me
2894 754 3078 826 (Joan.
3137 770 3214 819 γι,
3280 754 3493 825 57-58).
3549 758 3739 824 Atque

2153 845 2270 901 hazc
2326 846 2548 916 quidem
2574 848 2849 920 credimus
2876 854 2930 900 et
2955 846 3303 900 conﬁtemur.

2217 930 2414 995 Quanti
2463 943 2677 999 quoque
2723 926 2989 981 mendacii
3036 926 3251 995 plenum
3301 932 3385 980 est
3414 923 3465 979 id
3496 923 3640 995 quod
3674 924 3729 979 in

2148 1030 2442 1075 memorata
2472 1020 2632 1089 impia
2662 1016 2888 1088 epistola
2937 1014 3006 1072 de
3026 1016 3310 1071 duodecim
3340 1016 3511 1071 sancti
3542 1015 3731 1087 Cyrilli

2148 1112 2410 1181 capitibus
2439 1112 2745 1166 continetur
2770 1109 2784 1162 !
2817 1108 3185 1164 Calumniatur
3208 1123 3440 1175 namque
3467 1105 3731 1178 Cyrillum

2150 1202 2342 1271 ipsum,
2374 1200 2517 1269 quod
2556 1215 2717 1254 unam
2746 1198 3039 1254 divinitatis
3062 1197 3522 1266 humanitatisque
3565 1205 3735 1252 natu-

2149 1305 2266 1345 ram
2295 1290 2349 1344 in
2375 1288 2611 1357 Christo,
2638 1289 2692 1343 in
2722 1287 2955 1358 praelatis
2996 1287 3261 1356 capitibus
3290 1286 3589 1351 admiserit,
3642 1286 3733 1340 in-

2149 1380 2325 1450 deque
2366 1388 2575 1434 scatere
2623 1393 2685 1431 ea
2715 1378 2891 1447 capita
2932 1375 3208 1432 concludit
3234 1376 3378 1431 omni
3427 1376 3736 1444 iniquitate,

2151 1470 2295 1540 quod
2325 1469 2499 1539 ipsum
2529 1467 2720 1523 callide
2749 1468 2815 1521 ab
2845 1475 3177 1537 praeceptore
3211 1474 3391 1519 vestro
3417 1465 3732 1534 expositum

2152 1571 2253 1627 est,
2303 1561 2532 1625 dicente,
2579 1575 2690 1614 non
2736 1566 2795 1614 ut
2840 1558 2941 1628 ipsi
2986 1557 3179 1627 injuria
3230 1557 3379 1612 ﬂeret
3427 1573 3492 1612 ea
3535 1568 3737 1613 vocata

2152 1653 2315 1709 fuisse
2345 1651 2607 1707 universae
2655 1650 2948 1721 impietatis
2989 1650 3185 1720 plena,
3236 1649 3330 1703 sed
3360 1649 3615 1718 quoniam
3660 1648 3736 1705 ibi

2151 1746 2365 1801 unicam
2392 1758 2512 1799 esse
2540 1742 2766 1798 docetur
2791 1740 3085 1796 divinitatis
3127 1740 3586 1809 humanitatisque
3630 1756 3735 1795 na-

2154 1842 2349 1889 turam.
2387 1832 2445 1887 Id
2472 1840 2652 1887 autem
2679 1830 2922 1902 putidum
2950 1837 3034 1886 est
3054 1838 3350 1899 patensque
3366 1830 3735 1886 mendacium.

544 1921 604 1978 Ὀ
648 1924 745 1995 γὰρ
775 1923 822 1975 ἐν
850 1923 1011 1995 ἁγίοις
1051 1922 1283 1996 ιίύριλλος
1309 1919 1424 1976 οὔτε
1466 1922 1515 1974 ίν
1556 1927 1668 1981 τοῖς
1703 1916 1866 1981 ἄλλοις
1897 1919 2049 1973 αὖτοῦ

2165 1922 2351 1977 Nullibi
2385 1921 2529 1976 enim
2572 1920 2977 1977 demonstratur
3025 1915 3305 1990 Cyrillum,
3347 1935 3522 1988 neque
3560 1919 3613 1973 in
3669 1934 3738 1979 ea

474 2014 888 2088 συγγράμμασιν,
923 2008 1040 2066 οὔτε
1075 2011 1123 2064 ἐν
1165 2019 1227 2083 τῇ
1267 2011 1527 2084 ἐπιστολῇ,
1641 2030 1738 2065 τινι
1766 2012 1832 2064 τὰ
1861 2005 2058 2063 δώδεκα

476 2103 718 2174 κεφάλαια
745 2102 1099 2166 ὑποτέτακται,
1129 2100 1234 2155 ἀλλ’
1277 2099 1393 2155 οὐδὲ
1434 2103 1482 2155 ἐν
1526 2102 1705 2162 αὐτοῖς
1754 2107 1862 2161 τοῖς
1910 2120 2060 2171 κεφα-

476 2193 633 2256 λαίοις
661 2198 782 2267 μίαν
808 2195 956 2265 φύσιν
986 2193 1218 2253 θεότητος
1263 2196 1347 2247 καί
1387 2193 1771 2268 ἁνθρωπότητος
1808 2189 2059 2247 δείκνυται

477 2289 719 2359 ε’ρηκώς,
764 2280 888 2340 ἀλλᾶ
921 2287 1038 2358 μίαν
1065 2284 1350 2341 ὑπόστασιν
1376 2285 1486 2343 ἤτοι
1511 2281 1790 2358 πρόσωπον
1821 2291 1913 2345 τῆς
1952 2281 2058 2337 θεό·

476 2396 629 2436 τητος
665 2376 749 2430 καί
787 2382 876 2435 τῆς
906 2371 1290 2448 ἆνθρωπὸτητος
1330 2379 1419 2428 τοῦ
1462 2379 1685 2449 Χριστοῦ
1723 2367 1850 2427 εἶναι
1879 2368 2058 2425 διδάσ-

478 2486 575 2520 κει.
599 2463 761 2539 Ὀπερ
798 2466 883 2518 καί
905 2461 936 2518 ἦ
963 2462 1084 2535 ἁγία
1108 2468 1199 2518 τοῦ
1229 2469 1356 2518 Θεοῦ
1400 2463 1638 2519 ἐκκλησία
1679 2463 1936 2537 κηρύττει,
1977 2461 2061 2513 καί

479 2553 669 2613 πάντες
697 2554 744 2606 οί
778 2553 999 2625 πατέρες
1031 2549 1292 2617 ἐδίδαξαν,
1323 2551 1765 2621 ἀναθεματίζοντες
1800 2550 1919 2609 τούς
1944 2552 2063 2619 μίαν

482 2644 633 2714 φύσιν
660 2648 750 2700 τῆς
777 2639 1008 2699 θεότητος
1037 2641 1122 2692 καί
1159 2647 1251 2698 τῆς
1290 2638 1679 2715 δινθρωπότητος
1720 2645 1810 2695 τοῦ
1842 2645 2061 2712 Χριστοῦ

479 2730 733 2803 λέγοντας.
760 2726 907 2783 ’Δλλο
949 2730 1049 2808 γάρ
1090 2730 1201 2783 ἐστι
1238 2730 1407 2802 φύσις,
1453 2732 1539 2783 καί
1578 2726 1695 2784 ἄλλο
1747 2729 2059 2797 ύπνίστασις,

482 2821 596 2880 ἤτοι
622 2821 920 2893 πρόσωπον.
952 2822 1040 2873 Καί
1079 2820 1110 2877 ἦ
1145 2821 1238 2891 μέν
1268 2820 1421 2891 φύσις
1448 2819 1507 2875 τό
1547 2825 1716 2880 κοινῶς
1745 2822 1825 2873 καί
1856 2826 2065 2891 γενικῶς

485 2915 615 2969 κατά
659 2914 862 2968 πάντων
914 2913 1202 2986 προσώπων
1248 2913 1684 2986 κατηγορούμενον
1730 2913 1983 2981 σημαίνει,
2032 2913 2064 2971 ἦ

484 3004 773 3064 ὑπόστασις
800 3000 854 3057 δέ
904 3000 1013 3059 ἦτοι
1054 3001 1323 3075 πρόσωπον
1351 3002 1411 3057 τό
1445 3000 1600 3057 ἰδικόν
1634 3000 1878 3057 δείκνυσι·
1906 3002 2066 3076 πρόσ-

486 3113 623 3148 ωπον
669 3094 769 3168 γὰρ
814 3091 862 3144 ἐν
896 3086 1026 3161 ἄλλῳ
1053 3091 1310 3165 προσώπῳ
1349 3085 1443 3143 οὒκ
1469 3090 1841 3165 ἐπιθεωρείται.
1867 3084 1985 3144 Ὀτι
2010 3088 2066 3144 δὲ

486 3185 519 3242 ἠ
545 3184 756 3255 μυσαρά
785 3180 1026 3239 ἐπιστολή
1067 3182 1186 3253 περί
1217 3187 1318 3235 τῶν
1355 3178 1550 3234 δώδεκα
1588 3180 1861 3252 κεφαλαίων
1894 3184 1988 3236 τοῦ
2017 3180 2066 3233 ίν

2155 2011 2384 2082 epistola
2412 2025 2531 2080 quae
2557 2008 2838 2065 duodecim
2865 2007 3099 2077 capitula
3126 2008 3521 2076 complectitur,
3556 2023 3736 2077 neque

2155 2100 2209 2156 in
2238 2114 2425 2155 eorum
2454 2098 2688 2168 capitum
2728 2097 2930 2166 aliquo,
2982 2111 3160 2166 neque
3188 2096 3242 2150 in
3271 2098 3481 2151 ueteris
3508 2098 3738 2166 quibus-

2156 2191 2289 2246 libet
2331 2188 2484 2244 libris
2525 2188 2638 2245 suis
2684 2188 2898 2244 unicam
2944 2187 3236 2244 divinitatis
3280 2188 3743 2257 humanitatisque

2155 2290 2400 2337 naturam
2429 2281 2646 2347 dixisse,
2676 2294 2799 2334 cum
2828 2287 3017 2334 contra
3046 2280 3245 2335 diserte
3273 2279 3485 2345 doceat,
3516 2280 3742 2336 unicam

2159 2372 2361 2428 essein
2388 2371 2603 2427 Christo
2658 2370 2952 2425 divinitatis
2998 2369 3449 2440 humanitatisque
3477 2371 3743 2443 hyposta-

2157 2463 2260 2517 sim
2290 2463 2404 2517 sive
2432 2475 2736 2531 personam,
2783 2459 2929 2528 quod
2970 2470 3157 2517 sancta
3186 2460 3280 2515 Dei
3318 2461 3603 2531 proﬁtetur
3631 2460 3742 2518 Ec-

2160 2552 2344 2618 clesia,
2391 2551 2734 2620 universique
2780 2549 2967 2606 Patres
3008 2560 3269 2623 perpetuo
3317 2551 3571 2620 docuere,
3614 2569 3745 2609 ana-

2161 2646 2342 2701 thema
2390 2644 2444 2699 in
2474 2658 2569 2699 eos
2622 2643 2864 2698 dicentes
2908 2642 3001 2712 qui
3035 2644 3245 2698 unicam
3295 2643 3595 2700 divinitatis
3639 2645 3747 2700 hu-

2161 2737 2539 2805 manitatisque
2603 2741 2848 2788 naturam
2914 2748 3035 2789 esse
3089 2733 3145 2788 in
3199 2733 3415 2791 Christo
3454 2734 3743 2803 dicerent;

2164 2824 2309 2880 aliud
2372 2823 2569 2894 quippe
2624 2829 2814 2876 natura
2871 2830 2987 2892 est,
3061 2823 3205 2879 aliud
3262 2824 3568 2897 hypostasis
3621 2826 3748 2881 sive

2166 2928 2423 2985 persona.
2466 2910 2666 2965 Natura
2692 2910 2946 2967 videlicet
2973 2913 3331 2968 communiter
3380 2923 3543 2983 atque
3570 2927 3749 2982 gene-

2164 3004 2277 3060 rice
2303 3003 2374 3058 de
2413 3001 2601 3073 quavis
2626 3016 2856 3072 persona
2885 3002 3229 3072 pnedicatur,
3277 3018 3508 3074 persona
3536 3012 3749 3070 autem,

2169 3094 2286 3150 sive
2310 3093 2620 3165 hypostasis
2644 3093 2898 3162 exprimit
2930 3094 3317 3164 proprietatem
3341 3112 3357 3162 ;
3389 3097 3751 3165 quamobrem

2168 3200 2275 3241 una
2318 3199 2552 3255 persona
2599 3183 2820 3239 minime
2870 3186 2923 3238 in
2969 3184 3138 3240 altera
3167 3184 3557 3241 consideratur.
3590 3184 3751 3252 Quo-

485 3270 647 3342 ἁγίοις
691 3269 926 3345 ιυρίλλου
962 3269 1114 3341 λέγει,
1143 3271 1212 3330 ὡς
1239 3268 1414 3328 πάσης
1436 3267 1677 3329 ἀσεϐείας
1717 3270 2062 3341 πεπλήρωται,

2170 3276 2312 3330 niam
2337 3282 2515 3329 autem
2538 3272 2590 3328 in
2616 3273 2856 3343 improba
2880 3288 2942 3329 ea
2958 3274 3180 3345 epistola
3194 3275 3259 3331 de
3273 3275 3553 3353 duodecim
3569 3276 3753 3335 sancti

485 3358 680 3424 ἔξεστιν
703 3360 820 3431 ύμῖν
848 3357 905 3413 ἔκ
933 3366 1032 3414 τῶν
1048 3359 1217 3430 ἑφεξῆς
1243 3366 1336 3418 τῆς
1364 3359 1522 3416 eum";
1547 3358 1772 3417 ἀσεϐοῦς
1796 3358 2065 3417 ίπιστολῆς

2167 3364 2351 3436 Cyrilli
2372 3364 2635 3435 capitibus
2669 3363 2884 3431 dicitur,
2923 3364 3038 3434 ipsa
3068 3380 3187 3421 esse
3215 3365 3512 3436 iniquitatis
3555 3366 3754 3437 plena,

486 3457 641 3506 τοῦτο
668 3451 860 3524 εύρεῖν,
894 3450 942 3502 ἄν
984 3447 1058 3509 οἷς
1081 3456 1304 3524 φανερῶς
1344 3445 1479 3504 εἶπεν
1504 3452 1571 3505 τὰ
1607 3452 1738 3505 αὐτὰ
1764 3448 1955 3506 δώδεκα
1981 3470 2068 3504 κε-

489 3543 675 3614 φάλαια
700 3542 899 3595 ἐναντία
919 3535 1045 3593 εἶναι
1065 3546 1129 3616 τῇ
1156 3541 1277 3615 ὀρθῇ
1296 3542 1490 3595 πίστει.
1511 3538 1715 3599 Ἐπειδὴ
1743 3540 1797 3597 δὶ
1824 3542 2071 3614 μέμφεται

490 3634 521 3690 ἦ
549 3634 675 3689 αύτῆ
712 3631 904 3690 ἀσεϐής
945 3630 1183 3688 ἐπιστολή
1223 3631 1255 3688 ἦ
1292 3631 1528 3701 λεγομένη
1547 3628 1663 3686 Ἰϐα
1688 3632 1777 3686 τὸν
1822 3630 1873 3685 ἕν
1909 3630 2071 3704 ἁγίοις

490 3720 744 3798 ιιύριλλον,
777 3723 846 3781 ὥς
873 3727 1043 3792 φωνῶν
1087 3718 1326 3794 διαφορὰν
1354 3722 1750 3795 ἀπαρνούμενον,
1797 3723 2070 3793 γινώσκετε

497 3812 579 3869 ὅτι
620 3813 704 3865 καί
741 3812 791 3865 ἓν
829 3813 996 3880 τούτῳ
1022 3813 1109 3863 καί
1134 3809 1161 3864 ὃ
1187 3810 1393 3886 γράψας
1431 3815 1523 3871 τήν
1567 3812 1731 3870 ἀσεϐῆ
1783 3812 2068 3878 ἕπιστολήν,

493 3903 581 3961 καί
618 3900 644 3956 ό
681 3901 921 3978 ύμὲτερος
946 3898 1249 3960 διδάσκαλος
1287 3899 1553 3972 ψεύδεται.
1577 3900 1651 3955 Ἐν
1678 3906 1808 3957 πᾶσι
1832 3902 1930 3976 γὰρ
1967 3909 2071 3962 τοῖς

492 3992 639 4056 ίδίοις
663 3994 826 4067 λόγοις
852 3993 879 4048 ὁ
901 3994 953 4047 ἕν
981 3992 1141 4065 ἁγίοις
1171 3993 1426 4071 ιύριλλος,
1468 3996 1590 4068 περί
1615 3999 1707 4049 τοῦ
1735 3996 1909 4064 κυρίου
1935 3996 2073 4065 ἡμῶν

487 4082 654 4146 Ἰησοῦ
675 4092 899 4161 Χριστοῦ
926 4084 1198 4150 διδάσκων,
1227 4091 1394 4157 φωνῶν
1420 4086 1554 4157 λέγει
1576 4084 1837 4158 διαφορὰν,
1866 4090 1953 4140 καί
1977 4087 2072 4146 τὰς

491 4179 582 4243 μίν
622 4178 823 4243 ὑψηλὰς
862 4176 994 4236 κατᾶ
1036 4179 1128 4234 τήν
1161 4176 1375 4232 θεότητα
1418 4176 1610 4241 αὐτοῦ,
1635 4177 1730 4236 τὰς
1753 4174 1807 4231 δὲ
1831 4178 2071 4235 ταπεινὰς

490 4270 618 4324 κατὰ
654 4273 742 4327 τήν
781 4267 1140 4340 ἆνθρωπότητα
1179 4267 1360 4327 αὑτοῦ,
1399 4266 1577 4326 πάσας
1604 4264 1658 4320 δὲ
1687 4264 1825 4337 ὅμως
1860 4266 1909 4329 ἐξ
1937 4266 2069 4329 ἰνὸς,

434 4422 437 4425 Δ
490 4359 579 4411 καί
612 4359 729 4430 περί
761 4355 891 4419 ἑνὸς,
922 4356 1007 4408 καί
1034 4358 1127 4408 τοῦ
1170 4354 1324 4407 αὑτοῦ
1353 4360 1480 4407 Θεοῦ
1506 4353 1651 4426 λόγου
1679 4355 2070 4430 σεσαρκωμίνου

494 4448 747 4524 εἰρῆσθαυ
793 4447 1097 4522 ἀπαγορεύει
1147 4441 1200 4499 δὲ
1244 4443 1272 4498 ό
1316 4446 1465 4505 αύτός
1507 4447 1557 4500 ἓν
1603 4446 1766 4520 ἁγίοις
1802 4447 2071 4522 Κύριλλος,

494 4534 630 4609 ἄλλῳ
680 4540 764 4592 καί
819 4534 949 4605 ἄλλῳ
994 4538 1252 4609 προσώπῳ
1303 4533 1620 4606 διανέμεσθαι
1665 4538 1878 4597 ταύτας.
1930 4533 2073 4593 ’Δλλᾶ

2168 3458 2223 3514 id
2262 3470 2422 3527 quam
2467 3453 2658 3509 falsum
2706 3454 2778 3510 sit
2803 3470 2872 3511 ex
2901 3453 3015 3525 ipsa
3039 3455 3279 3527 epistola:
3322 3457 3465 3513 serie
3490 3450 3755 3528 pervesti-

2168 3561 2296 3616 gare
2322 3546 2504 3602 licebit
2532 3546 2729 3616 illaque
2759 3547 3092 3616 perquirere,
3140 3548 3195 3602 in
3237 3548 3431 3617 quibus
3455 3549 3755 3605 duodecim

2168 3652 2233 3694 ea
2262 3637 2438 3707 capita
2465 3635 2697 3691 aﬂirmat
2720 3651 2843 3692 cum
2872 3644 3020 3691 recta
3050 3636 3154 3693 ﬁde
3177 3651 3436 3708 pugnare.
3480 3638 3620 3695 Cum
3645 3657 3754 3697 au-

2172 3732 2280 3780 tem
2304 3726 2467 3795 impia
2494 3740 2558 3780 ea
2585 3724 2811 3794 epistola
2837 3739 2956 3794 qum
2980 3724 3083 3780 lbae
3107 3724 3324 3796 dicitur,
3353 3729 3533 3798 negati
3561 3732 3757 3801 appel-

2172 3812 2432 3869 lationum
2461 3812 2783 3868 discriminis
2802 3822 3043 3868 sanctum
3064 3812 3322 3886 Cyrillum
3342 3826 3581 3887 accuset,
3604 3821 3757 3875 scia-

2173 3905 2263 3973 tis,
2308 3904 2451 3960 circa
2500 3904 2606 3960 hoc
2650 3904 2828 3975 ipsum
2872 3918 3088 3972 quoque
3133 3919 3243 3959 non
3288 3902 3455 3961 modo
3500 3908 3759 3977 epistolae

2172 3994 2312 4050 illius
2338 3995 2676 4063 scriptorem,
2703 4009 2889 4049 verum
2918 3995 3228 4064 magistrum
3258 4010 3476 4066 quoque
3502 4006 3756 4056 vestrum

2170 4098 2292 4139 esse
2342 4085 2648 4138 mentitum.
2698 4082 2987 4140 Enimvero
3031 4100 3353 4157 quocunque
3395 4088 3451 4143 in
3493 4103 3759 4147 sermone

2169 4187 2269 4229 suo
2296 4179 2512 4228 sanctus
2534 4172 2764 4244 Cyrillus
2791 4173 2860 4229 de
2884 4172 3013 4229 Jesu
3054 4172 3270 4232 Christo
3298 4176 3528 4233 Domino
3558 4188 3754 4236 nostro

2169 4276 2476 4317 sermonem
2498 4261 2749 4327 instituit,
2781 4263 3198 4333 appellationum
3217 4267 3334 4321 sive
3353 4267 3755 4325 denominatio-

2170 4366 2297 4406 num
2322 4352 2608 4407 discrimen
2632 4354 2736 4409 hoc
2762 4354 2943 4422 docet,
2966 4363 3022 4410 et
3040 4356 3295 4412 sublimes
3315 4357 3534 4426 quidem
3561 4359 3761 4415 dicen-r

2170 4442 2226 4499 di
2260 4443 2499 4499 rationes
2528 4444 2628 4514 ipsi
2664 4445 2961 4501 secundum
2988 4445 3342 4514 divinitatem,
3388 4447 3622 4505 humiles
3662 4465 3755 4505 au.

2172 4541 2281 4588 tem
2332 4540 2389 4588 et
2415 4531 2678 4589 demissas
2705 4535 2995 4591 secundum
3023 4536 3413 4592 humanitatem
3438 4540 3753 4605 convenire,

492 4627 838 4699 ἀναμφιϐόλως
858 4628 1004 4697 ὑμεῖς
1027 4623 1118 4681 δύο
1146 4629 1445 4701 προσώποις
1466 4625 1714 4697 διανέμειν
1736 4627 1956 4687 θίλοντες
1978 4629 2065 4687 τὰς

2175 4637 2361 4679 omnes
2388 4630 2568 4679 tamen
2617 4639 2685 4679 ex
2716 4640 2823 4679 uno
2852 4634 3014 4695 atque
3053 4626 3122 4681 de
3152 4643 3260 4682 uno
3310 4627 3590 4685 incarnato
3639 4631 3756 4688 Deo

492 4716 692 4790 φωνὰς,
725 4713 809 4771 διὰ
844 4724 997 4771 τοῦτο
1037 4716 1203 4789 λέγετε
1241 4717 1326 4772 τὸν
1365 4718 1416 4770 ίν
1453 4715 1616 4788 ἁγίοις
1647 4715 1877 4794 ιύριλλον
1904 4723 2065 4789 φωνῶν

2177 4711 2362 4767 Verbo
2390 4713 2688 4782 pradieari.
2726 4713 2890 4770 Vetat
2909 4724 3089 4769 autem
3116 4715 3347 4796 Cyrinus
3373 4733 3444 4773 ne
3487 4718 3755 4788 ejusmodi

493 4805 732 4882 διαφορὰν
778 4806 1191 4881 ἀπαρνήσασθαι.
1229 4802 1435 4864 Ἐπειδὴ
1477 4803 1534 4860 δὲ
1586 4804 1884 4879 βουλόμενος
1937 4804 2076 4874 ύμᾶς

494 4900 762 4958 ἀπατῆσαι
806 4900 892 4952 καί
920 4899 968 4950 ἐν
994 4900 1159 4969 τούτῳ
1190 4897 1218 4952 ό
1262 4896 1563 4960 διδάσκαλος
1593 4898 1737 4969 ύμῶν
1773 4891 1943 4962 εἶπεν,
1987 4902 2078 4958 τόν

488 4990 646 5048 αὐτὴν
680 4988 840 5046 ἀσεϐῆ
888 4988 1146 5047 ἐπιστολὴν
1180 4992 1272 5047 τήν
1304 4988 1575 5061 λεγομένην
1611 4987 1730 5044 ’Ῑϐα
1753 4998 1847 5049 τῆς
1880 4989 2077 5045 ’Δπολι-

488 5080 665 5156 ναρίου
687 5078 924 5139 ἀσεϐείας
942 5078 1298 5154 καταγράφειν,
1320 5081 1404 5133 καί
1417 5076 1500 5134 διὰ
1518 5086 1670 5136 τοῦτο
1692 5079 1895 5153 ὀφείλειν
1914 5081 2072 5139 αύτην

492 5168 748 5242 ὁρθόδοξον
770 5172 1080 5241 νομίζεσθαι’
1117 5169 1299 5225 εἰδέναι
1320 5171 1458 5242 ὑμᾶς
1482 5176 1592 5248 χρὴ
1624 5169 1703 5227 ὅτι
1728 5175 1814 5228 καί
1835 5173 1884 5227 ἄν
1903 5174 2071 5245 τούτῳ

491 5260 764 5332 ἐψεύσατοο
788 5259 903 5316 οὔτε
923 5263 1024 5336 γὰρ
1043 5264 1170 5317 κατὰ
1194 5262 1560 5336 Ἀπολιναρίου,
1580 5261 1812 5338 καθάπερ
1841 5264 2073 5337 ἀνωτέρω

489 5354 784 5425 εἰρήκαμεν,
814 5353 1118 5423 γίγραπται·
1145 5349 1286 5421 ὅμως
1307 5349 1360 5406 δὲ
1386 5354 1431 5406 εί
1448 5356 1531 5405 καὶ
1552 5352 1661 5407 καθ’
1686 5355 1823 5422 ὑμᾶς
1841 5360 1989 5408 τοῦτο
2014 5351 2075 5415 ὗν

487 5441 687 5506 ἆληθῦς,
710 5442 770 5494 ού
791 5440 873 5497 διὰ
892 5446 1047 5498 τοῦτο
1065 5443 1393 5518 ἠλευθεροῦτο
1413 5450 1506 5502 τῆς
1524 5445 1866 5517 κατακρίσεως
1888 5446 1918 5503 ἡ
1941 5446 2075 5503 αὕτη

488 5533 752 5591 ίπιστολή.
792 5527 889 5587 κᾶν
923 5529 1021 5606 γὰρ
1042 5531 1111 5587 εἴ
1127 5553 1206 5593 τις
1248 5534 1497 5608 αἱρετικὸς
1524 5528 1656 5590 κατᾶ
1695 5537 1977 5613 αἶρετικοῦ,
2017 5532 2077 5588 ού

480 5618 577 5674 διὰ
594 5626 747 5675 τοῦτο
769 5622 921 5680 αὐτὸς
934 5620 1194 5695 ὀρθόδοξος
1214 5620 1483 5678 δείκνυται.
1506 5626 1594 5679 καί
1612 5622 1815 5699 "Aptior
1828 5626 1927 5700 γὰρ
1947 5627 2079 5682 κατᾶ

491 5708 755 5763 Σαϐελλίου
783 5706 955 5774 εἶπεν,
986 5714 1073 5766 καί
1094 5710 1438 5787 ’Δπολινάριος
1460 5713 1592 5769 κατᾶ
1616 5715 1805 5791 ’Δρείου
1822 5758 1836 5781 ,
1873 5718 1961 5769 καί
1986 5719 2078 5770 Εὐ·

490 5799 667 5864 τυχῆς
711 5794 845 5853 κατᾶ
888 5803 1186 5875 Νεστορίου.
1229 5803 1319 5854 Καί
1354 5797 1448 5856 κᾶν
1488 5805 1556 5858 τὰ
1594 5802 1823 5870 μάλιστα
1855 5803 2078 5882 διαφόρῳ

495 5882 657 5952 πλάνῃ
679 5885 865 5947 πάντες
898 5886 1045 5945 οὗτοι
1078 5892 1408 5962 κατείχοντο,
1453 5888 1591 5963 ὅμως
1631 5892 1795 5954 οὐδείς
1824 5896 1989 5951 αὐτῶν
2024 5896 2078 5950 ix

2174 4802 2641 4864 deuominationes
2668 4804 2758 4859 alii
2808 4813 2866 4861 et
2894 4806 2983 4860 alii
3012 4821 3259 4876 persona:
3281 4808 3490 4865 divisim
3520 4813 3758 4868 tribuan-

2175 4900 2286 4950 tur.
2328 4893 2433 4949 Vos
2460 4901 2643 4949 autem
2672 4895 2860 4965 procul
2887 4896 3053 4952 dubio
3080 4896 3283 4968 duplici
3313 4898 3600 4970 seiunctim
3630 4917 3759 4973 per-

2178 5017 2327 5057 sonte
2388 5001 2652 5071 ejusmodi
2709 5003 3098 5074 appellationes
3167 5008 3407 5065 tribuere
3465 5009 3713 5069 volentes
3735 5053 3753 5079 ,

2176 5093 2435 5166 Cyrillum
2481 5095 2605 5151 ideo
2652 5097 3070 5167 appellationum
3116 5098 3425 5157 discrimina
3469 5103 3759 5160 sustulisse

2173 5184 2595 5240 calumniamini.
2636 5185 2770 5241 Cum
2818 5189 2963 5242 enim
3003 5190 3147 5245 circa
3185 5191 3290 5247 hoc
3317 5205 3535 5261 quoque
3569 5208 3671 5249 vos
3699 5194 3757 5249 in

2175 5286 2411 5329 errorem
2433 5274 2684 5331 inducere
2707 5277 2805 5332 sibi
2830 5279 3196 5349 proposuisset
3223 5281 3277 5336 in
3298 5282 3477 5337 animo
3497 5285 3760 5353 magister

2176 5369 2376 5429 vester,
2425 5364 2608 5433 itaque
2656 5376 2992 5424 commentus
3016 5376 3159 5425 esset
3187 5384 3306 5426 eam
3335 5385 3455 5440 quae
3482 5371 3587 5426 Iba:
3616 5373 3760 5429 dici-

2181 5459 2272 5507 tur
2297 5451 2583 5522 epistolam
2604 5452 2863 5510 adversus
2892 5455 3205 5525 Apollinarii
3233 5459 3564 5530 impietatem
3594 5459 3762 5519 fuisse

2179 5544 2569 5615 perscriptam,
2620 5546 2952 5616 proindeque
3017 5549 3274 5619 expedire
3326 5558 3388 5605 ut
3444 5551 3756 5609 orthodoxa

2175 5629 2531 5700 judicaretur,
2563 5632 3000 5711 anhnadvertatis
3042 5645 3279 5706 Oportet,
3311 5652 3378 5694 eo
3401 5653 3623 5709 quoque
3648 5640 3756 5696 loci

2180 5725 2462 5775 mentitum
2490 5721 2693 5791 pariter
2720 5736 2840 5777 esse
2866 5740 2881 5774 :
2921 5736 3026 5779 non
3057 5727 3221 5791 enim,
3252 5735 3313 5781 ut
3340 5729 3588 5798 superius
3616 5729 3759 5785 indi-

2173 5809 2438 5875 cavimus,
2455 5809 2709 5865 adversus
2723 5811 3104 5882 Apollinarium
3123 5816 3324 5886 scripta
3346 5820 3448 5871 est.
3461 5816 3753 5882 Caeterum,

2178 5898 2414 5960 etiamsi.
2443 5905 2501 5954 ut
2529 5899 2685 5957 vobis
2711 5901 2910 5973 placet,
2938 5904 2990 5960 id
3013 5906 3185 5976 ipsum
3208 5922 3307 5979 pro
3332 5922 3463 5965 vero
3488 5908 3750 5966 conceda-
