3952 6386
1857 263 2151 323 νιοιωυε
2189 266 2389 324 PAPA.

3653 275 3767 332 292

481 391 655 448 Deum
697 399 939 447 nostrum
987 386 1169 444 Jesum
1206 383 1505 449 Christum,
1555 378 1850 436 secundum
1895 378 2233 435 divinitatem
2276 381 2423 437 Patri
2475 384 2988 443 consubstantialem
3030 403 3152 445 csse
3174 430 3190 457 ,
3243 389 3398 447 nobis
3443 396 3634 449 autem
3675 407 3767 450 se.

474 479 712 537 eundum
770 476 1157 533 humanitatem
1207 487 1330 528 esse
1384 468 1897 527 consubstantialem
1957 469 2279 526 docuerunt.

548 574 695 629 Πάλιν
723 571 777 626 δέ
805 572 855 624 έν
882 577 955 639 τῷ
980 566 1317 642 προλεχθέντι
1339 566 1474 639 λόγῳ
1504 564 1530 618 ὸ
1557 562 1821 623 δυσσεξής
1859 559 2062 617 Θεόδω-

2240 563 2444 622 Rursus
2484 576 2664 622 autem
2715 568 2911 639 impius
2942 569 3266 628 Theodorus
3301 573 3357 628 in
3388 577 3617 645 praefato
3645 592 3766 634 ser-

475 682 565 736 ρος
591 662 898 732 βλασφημῶν
920 661 1004 714 καί
1029 663 1193 713 ταῦτα
1212 657 1366 729 λέγει’
1403 673 1422 706 ε
1444 654 1567 710 Ἀλλ’
1582 656 1687 725 οὐχ
1709 656 1741 713 ἠ
1770 654 1880 707 θεία
1907 655 2060 726 φύσις

476 751 531 806 in
556 753 806 826 παρθένου
846 751 1164 822 γεγέννηται’
1210 748 1504 820 γεγέννηται
1531 743 1586 800 δέ
1615 745 1670 799 ix
1695 752 1788 805 τῆς
1812 744 2061 819 παρθένου

474 841 502 897 6
529 843 583 897 έει
607 851 700 902 τῆς
728 842 909 903 ούσίας
931 848 1023 902 τῆς
1046 840 1301 913 παρθένου
1329 837 1545 896 συστάς*
1576 836 1677 906 οὐχ
1711 834 1736 889 6
1764 836 1890 895 Θεὸς
1916 831 2064 906 λόγος

472 933 531 986 ix
553 940 646 991 τῆς
669 933 863 1006 Μαρίας
889 930 1179 1002 γεγέννηται
1197 945 1211 959 ·
1239 928 1525 1000 γεγέννηται
1552 924 1608 981 δέ
1638 926 1692 978 έκ
1732 928 1928 1002 Μαρίας
1955 923 1983 978 ὸ
2012 925 2065 978 ix

475 1024 773 1099 σπέρματος
804 1019 983 1077 Δαϐίδ.
1020 1021 1141 1091 οὐχ
1170 1024 1196 1072 ὁ
1219 1020 1342 1077 Θεὸς
1368 1017 1516 1087 λόγος
1543 1018 1596 1070 έκ
1619 1017 1859 1088 γυναικὸς
1888 1016 2060 1086 γεγένο

474 1130 641 1173 νηται·
671 1115 960 1186 γεγέννηται
986 1110 1042 1167 δέ
1082 1114 1137 1167 ix
1164 1111 1393 1183 γυναικὸς
1424 1109 1535 1184 ὸτῇ
1579 1115 1670 1166 τοῦ
1715 1109 1863 1181 ἀγίου
1906 1106 2065 1163 πνεύ-

475 1226 638 1275 ματος
685 1203 894 1276 δυνάμει
939 1203 1270 1265 διαπλασθείς
1313 1202 1364 1256 έν
1412 1202 1578 1276 αὐτῇ·
1625 1202 1718 1254 ούιι
1763 1200 1817 1253 ἐκ
1862 1204 2065 1275 μήτρας

474 1298 706 1352 τέτεειται
732 1296 759 1353 6
786 1296 1062 1366 ὸμοούσιος
1086 1304 1162 1369 τῷ
1184 1298 1367 1370 πατρί,
1395 1295 1607 1371 ἀμήτωρ
1625 1297 1729 1368 γάρ
1763 1288 1916 1353 οὗτος
1934 1294 2068 1349 κατὰ

474 1392 563 1446 τήν
603 1394 700 1443 τοῦ
746 1388 994 1463 μακαρίου
1038 1387 1237 1443 Παύλου
1281 1390 1461 1461 φωνήν,
1493 1383 1619 1440 ἀλλά
1667 1383 1695 1439 ὸ
1736 1384 1788 1438 έν
1829 1384 2068 1458 ὑστέροις

475 1486 671 1555 καιροῖς
706 1479 755 1533 έν
791 1486 854 1554 τῇ
883 1481 1098 1553 μητρῷα
1133 1481 1413 1552 γαστρίτῇ
1440 1482 1534 1532 τοῦ
1580 1473 1730 1544 ἁγίου
1777 1475 2069 1547 πνεύματος

474 1564 685 1641 δυνάμει
711 1567 1058 1633 διαπλασθείς,
1082 1568 1172 1625 ἅτε
1201 1571 1289 1624 καί
1316 1566 1534 1642 ἀπάτωρ
1576 1565 1659 1622 διά
1681 1572 1833 1620 τοῦτο
1860 1565 2068 1638 λιγὸμι-

474 1682 580 1723 νος.
602 1682 623 1715 ε
649 1667 742 1718 καί
765 1670 934 1720 ταῦτα
1079 1662 1107 1719 ὸ
1132 1663 1324 1725 ἀσεϐὴς
1341 1661 1600 1737 Θεόδωρος
1616 1661 2071 1740 παραλογιζόμενος

476 1761 566 1816 τὴν
592 1760 721 1833 περὶ
739 1759 923 1813 τούτου
952 1756 1284 1813 διδασκαλίαν
1309 1765 1401 1815 τοῦ
1431 1758 1715 1814 ἀποστόλου
1761 1757 1991 1830 λέγοντος
2018 1759 2069 1811 έν

476 1855 540 1922 τῇ
581 1852 716 1924 πρὸς
757 1848 1025 1925 Ἐϐραίους
1070 1851 1312 1926 ἐπιστολῇ
1349 1852 1471 1927 περὶ
1514 1854 1607 1904 τοῦ
1647 1851 1827 1925 κυρίου
1869 1848 2068 1908 οὕτως’

2164 669 2326 711 mone
2368 657 2482 713 btec
2512 674 2728 728 quoque
2755 660 3096 732 blasphemat
3119 678 3137 719 :
3157 683 3175 716 ι
3206 664 3323 719 Νοιι
3352 675 3537 723 autem
3569 668 3764 725 divina

2164 755 2355 803 natura
2385 764 2453 804 ex
2482 750 2699 820 Virgine
2728 763 2853 808 nata
2881 763 2985 821 est,
3015 755 3110 810 sed
3132 764 3289 811 natus
3317 766 3488 814 estex
3509 759 3761 828 Virgine,

2163 841 2254 908 qui
2277 855 2343 895 ex
2364 842 2659 897 substantia
2686 844 3151 912 Virginis'constat
3175 863 3189 899 :
3215 861 3321 901 non
3350 847 3492 903 Deus
3512 847 3760 904 Verbum

2165 945 2230 984 ex
2263 931 2426 985 Maria
2455 942 2610 987 natus
2637 945 2756 997 est;
2790 945 2949 990 natus
2992 944 3075 991 est
3115 946 3294 992 autem
3335 954 3403 993 ex
3444 938 3615 994 Maria
3663 941 3762 1010 qui

2165 1036 2233 1075 ex
2260 1023 2466 1078 semine
2508 1032 2593 1078 est
2619 1024 2804 1080 David.
2839 1025 2955 1080 Non
2985 1026 3128 1082 Deus
3160 1028 3394 1083 Verbum
3426 1044 3494 1084 ex
3525 1031 3763 1087 muliere

2168 1122 2324 1169 natus
2352 1123 2456 1179 est,
2506 1114 2602 1170 sed
2632 1126 2788 1173 natus
2816 1126 2900 1171 est
2945 1132 3014 1172 ex
3043 1118 3288 1185 muliere,
3336 1119 3429 1191 qui
3457 1135 3527 1175 ex
3552 1121 3762 1176 virtute

2167 1204 2398 1275 Spiritus
2425 1208 2595 1262 sancti
2624 1208 2921 1278 plasmatus
2950 1219 3034 1265 est
3081 1211 3133 1265 in
3162 1226 3225 1266 ea
3252 1229 3265 1265 :
3313 1227 3422 1267 non
3476 1227 3546 1268 ex
3576 1224 3761 1269 matre

2166 1307 2325 1352 natus
2351 1309 2434 1353 est
2457 1299 2931 1355 consubstantialis
2945 1300 3112 1365 Patri,
3144 1302 3262 1357 sine
3283 1311 3457 1360 matre
3476 1306 3626 1360 enim
3651 1315 3760 1371 est,

2166 1390 2462 1446 secundum
2490 1392 2636 1447 beati
2665 1389 2818 1447 Pauli
2845 1407 3062 1457 vocem,
3104 1393 3200 1448 sed
3227 1395 3320 1464 qui
3346 1395 3402 1450 in
3430 1397 3762 1466 posteriori—

2166 1480 2267 1535 bus
2320 1481 2651 1553 temporibus
2695 1482 2750 1536 in
2801 1489 3048 1539 materno
3092 1493 3283 1540 ventre
3318 1486 3491 1541 sancti
3520 1484 3765 1557 Spiritus

2167 1570 2369 1626 virtute
2396 1572 2694 1641 plasmatus
2722 1580 2824 1638 est,
2854 1572 2971 1629 sine
3005 1572 3163 1629 Patre
3193 1584 3481 1646 propterea
3502 1576 3702 1633 dictus.
3736 1596 3758 1630 ε

2169 1661 2296 1718 Haec
2324 1663 2517 1733 impius
2541 1663 2862 1719 Theodorus
2906 1673 3223 1735 pervertens
3263 1667 3568 1723 doctrinam
3609 1670 3766 1740 Apo-

2169 1757 2294 1811 stoli
2323 1757 2377 1811 in
2407 1755 2649 1827 Epistola
2684 1756 2752 1811 ad
2790 1756 3046 1813 Hebr-mos
3073 1757 3142 1813 de
3171 1756 3390 1815 Christo
3412 1758 3645 1816 Domino
3675 1761 3765 1817 di-

2171 1848 2344 1903 centis
2370 1865 2383 1901 :
2418 1846 2598 1903 Primo
2624 1849 2831 1919 quidem
2850 1849 3220 1919 interpretatus
3247 1861 3325 1904 est
3354 1848 3471 1905 Rea:
3489 1852 3763 1923 justitic;

484 1955 505 1990 ε
553 1922 756 2014 Upim-or
946 1922 1340 2015 έρμηνευόμενος
1401 1922 1646 2011 βασιλεὺς
1696 1922 2021 2000 δικαιοσύνης
2045 1981 2061 2004 ,

2172 1937 2355 1992 deinde
2397 1954 2529 1992 rero-
2562 1939 2719 1992 etiam
2764 1955 2859 1993 rex
2900 1937 3102 2005 Salem,
3150 1941 3289 2012 quod
3333 1953 3411 1997 est
3453 1922 3569 1998 Rex
3588 1946 3766 2016 pacis,

477 2025 656 2085 ἔπειτα
682 2028 737 2084 δέ
765 2033 849 2084 καί
876 2030 1117 2100 βασιλεὺς
1141 2031 1306 2101 Σαλήμ
1325 2070 1341 2093 ,
1366 2028 1396 2085 ὅ
1422 2031 1535 2086 έστι
1574 2029 1817 2101 βασιλεύς
1847 2032 2061 2099 εἰρήνης,

476 2122 711 2199 ἀπάτωρ,
751 2127 985 2201 ἀμήτωρ,
1017 2126 1421 2196 ἀγενεαλόγητος,
1451 2136 1579 2198 μήτε
1618 2127 1795 2199 ἀρχὴν
1837 2126 2061 2198 ἡμερῶν,

476 2216 602 2279 μήτε
623 2216 756 2275 ζωῆς
775 2214 916 2274 τέλος
936 2212 1102 2285 ἔχων.
1124 2230 1142 2265 ε
1165 2221 1269 2269 Τοῦ
1286 2218 1387 2289 γάρ
1405 2214 1698 2270 ἀποστόλου
1719 2215 1838 2289 περί
1857 2214 1961 2274 ένὸς
1981 2216 2066 2269 καί

476 2309 567 2358 τοῦ
588 2304 1006 2365 αὖτοῦεῖπόντος.
1033 2304 1318 2381 ἀπάτωρ,
1349 2308 1632 2380 ἀμήτωρ,
1662 2305 2067 2379 ἀγενεαλόγη-

475 2412 599 2457 τος.
619 2398 774 2468 μήτε
796 2396 1004 2473 ἀρχὴν
1027 2399 1291 2473 ἡμερῶν,
1316 2402 1469 2467 μήτε
1498 2401 1656 2461 ζωῆς
1674 2397 1850 2457 τέλος
1872 2395 1949 2467 ἶχ
1964 2418 2060 2460 ων,

476 2483 502 2539 ὸ
545 2484 802 2548 δυσσεϐὴς
839 2488 1099 2567 Θεόδωρος
1129 2487 1274 2543 ἄλλον
1309 2489 1442 2560 λέγει
1482 2490 1754 2563 ἀπάτορα,
1793 2492 1881 2544 καί
1921 2487 2066 2544 ἄλλον

476 2577 733 2653 ἅμύτορου
783 2578 907 2634 ἀλλά
949 2579 1255 2653 διελέγξομεν
1300 2585 1391 2639 τήν
1435 2587 1536 2635 τῶν
1579 2580 1714 2636 οὕτω
1756 2583 2067 2657 φρονούντων

477 2667 730 2729 ἀσέϐειαν,
762 2672 846 2723 καί
885 2670 942 2723 in
977 2679 1071 2731 τῆς
1115 2677 1216 2724 τῶν
1260 2669 1416 2741 ἀγίων
1446 2671 1683 2746 πατέρων
1712 2668 2063 2732 διδασκαλίας.

479 2760 626 2833 Λέγει
649 2762 751 2835 γάρ
780 2759 806 2816 ὸ
834 2762 886 2815 έν
924 2761 1086 2834 ἁγίοις
1123 2761 1396 2835 Γρηγὸριος
1427 2761 1454 2819 ὸ
1483 2765 1763 2827 Ναζιανζοῦ
1789 2763 2069 2822 έπίσκοπος

480 2847 531 2903 έν
554 2857 627 2917 τῷ
646 2854 766 2924 περί
784 2858 884 2907 τῶν
904 2855 1169 2923 θεοφάνίων
1188 2853 1315 2922 λόγῳ
1338 2851 1517 2912 οὕτως’
1546 2868 1565 2902 ε
1591 2855 1678 2911 Τίς
1711 2853 1769 2907 ού
1792 2860 2076 2925 προσκυνεῖ

479 2939 567 2994 τὸν
606 2942 887 3016 ἀπαρχῆςς
915 2947 995 3003 τίς
1022 2946 1080 2997 ού
1108 2942 1307 3008 δοξάζει
1350 2945 1439 2999 τὸν
1482 2943 1806 3004 τελευταῖονξ
1836 2945 1985 3000 πάλιν
2009 2946 2068 3001 τὸ

480 3030 663 3092 σκότος
698 3031 887 3100 λύεται,
917 3035 1068 3089 πάλιν
1091 3036 1150 3090 τὸ
1187 3042 1291 3107 φῶς
1316 3036 1609 3106 ύφίσταται,
1638 3036 1790 3091 πάλιν
1815 3034 2072 3109 Αἴγυπτος

480 3121 651 3194 σκότῳ
689 3124 969 3189 κολάζεται,
1015 3125 1163 3181 πάλιν
1207 3126 1410 3201 Ἰσραήλ
1449 3126 1620 3197 στύλῳ
1665 3128 1952 3199 φωτίζεται.
2007 3138 2063 3183 Ὁ

480 3210 601 3276 λαὸς
625 3214 651 3270 6
676 3218 951 3288 καθήμενος
978 3218 1029 3272 έν
1055 3218 1228 3275 σκότει
1253 3226 1345 3278 τῆς
1370 3219 1596 3291 ἀγνοίας,
1625 3217 1774 3274 ἰδέτω
1812 3225 1914 3291 φῶς
1940 3219 2070 3293 μέγα

2166 2029 2278 2083 εἰπε
2302 2037 2468 2099 patre,
2498 2030 2612 2083 sine
2638 2040 2823 2095 matre,
2856 2029 2970 2085 sine
2998 2032 3323 2103 genealogia,
3354 2049 3518 2105 neque
3546 2034 3767 2091 initium

2166 2118 2367 2173 dierum
2407 2119 2622 2185 habens,
2670 2137 2832 2192 neque
2868 2121 3069 2175 vivendi
3114 2122 3272 2192 ﬁnem
3313 2121 3504 2197 (Hebr.
3536 2140 3645 2192 vn,
3675 2123 3764 2197 3).

2165 2208 2301 2265 Cum
2340 2212 2487 2266 enim
2518 2210 2809 2282 Apostolus
2851 2211 2921 2269 de
2966 2228 3076 2269 uno
3105 2212 3409 2285 eodemque
3435 2214 3601 2283 dicat,
3646 2218 3769 2272 sine

2164 2311 2331 2371 patre,
2367 2302 2482 2355 sine
2505 2311 2693 2371 matre,
2718 2303 2830 2357 sine
2859 2303 3180 2375 genealogia,
3213 2321 3375 2375 neque
3401 2306 3611 2362 initium
3642 2308 3769 2364 die-

2165 2408 2283 2447 rum
2304 2391 2526 2456 habent,
2565 2408 2728 2464 neque
2749 2395 2949 2449 vivendi
2972 2396 3168 2466 ﬁnem;
3197 2397 3393 2467 impius
3422 2397 3537 2468 ipse
3574 2397 3767 2455 Theo-

2166 2483 2331 2540 dorus
2374 2484 2603 2540 alterum
2646 2486 2764 2541 sine
2806 2492 2962 2557 patre
3000 2487 3069 2543 ab
3097 2487 3270 2543 altero
3297 2489 3415 2545 sine
3443 2498 3618 2546 matre
3646 2490 3769 2546 dis-

2167 2574 2360 2631 cernit.
2427 2573 2695 2631 Cmterum
2751 2590 2820 2633 ex
2889 2587 3202 2634 sanctorum
3256 2594 3475 2650 quoque
3528 2580 3762 2638 Patrum

2167 2664 2415 2722 doctrina
2465 2665 2736 2735 ejusmodi
2780 2666 3161 2739 desipientium
3219 2672 3472 2742 impietas
3519 2672 3762 2730 demon-

2169 2762 2394 2810 stratur.
2425 2753 2658 2812 Sanctus
2685 2758 2830 2813 enim
2859 2758 3154 2829 Gregorius
3189 2762 3443 2818 Nazianzi
3472 2764 3772 2836 episcopus

2171 2846 2223 2901 in
2250 2860 2317 2901 eo
2344 2860 2597 2902 sermone
2623 2848 2715 2917 qui
2762 2846 2828 2903 de
2856 2850 3060 2905 sanctis
3104 2849 3494 2922 Theophaniis,
3544 2854 3666 2911 sive
3698 2855 3773 2912 de

2169 2935 2368 2993 Christi
2388 2936 2679 2993 Nativitate
2702 2938 3032 3010 inscribitur,
3059 2941 3173 2997 haec
3198 2941 3395 2998 habet:
3431 2963 3449 2996 ι
3468 2944 3602 3011 Quis
3617 2960 3775 3011 eum,

2170 3028 2265 3099 qui
2311 3043 2343 3083 a
2372 3029 2637 3101 principio
2674 3039 2776 3096 est,
2829 3047 2938 3086 non
2985 3033 3226 3089 adoret?
3253 3035 3376 3103 quis
3408 3036 3776 3094 novissimum

2171 3134 2280 3175 non
2309 3118 2493 3175 laudet
2527 3135 2593 3176 ac
2621 3121 2904 3177 celebret?
2938 3122 3231 3180 Solvuntur
3273 3125 3469 3182 iterum
3501 3128 3773 3195 tenebrae,

2171 3228 2387 3269 rursum
2428 3221 2646 3269 creatur
2686 3214 2811 3283 lux;
2842 3214 3036 3271 iterum
3064 3217 3303 3273 tenebris
3330 3225 3564 3274 vexatur
3592 3216 3776 3293 Egy-

479 3314 575 3368 τῆς
586 3285 927 3381 ἐπιγνώσεως.
943 3313 1020 3366 Τά
1034 3312 1245 3385 ἀρχαῖα
1265 3285 1508 3381 παρῆλθε,
1526 3317 1608 3367 καί
1627 3312 1796 3384 γέγονε
1813 3285 1879 3367 τὰ
1900 3285 2069 3368 πάντα

2176 3311 2319 3374 ptus,
2351 3318 2536 3359 rursus
2562 3302 2728 3359 lsrael
2760 3319 2858 3375 per
2899 3306 3209 3362 columnam
3249 3308 3609 3366 illuminatur.

480 3401 645 3464 καινά,
675 3403 734 3457 τὸ
762 3404 979 3477 γράμμα
1002 3405 1295 3478 ὑποχωρεῖ.
1326 3405 1384 3459 τὸ
1414 3412 1615 3477 πνεῦμα
1638 3408 2067 3483 παρρησιάζεται·

481 3501 537 3549 ai
564 3497 711 3550 σκιαί
734 3497 1181 3572 παρατρέχουσιν,
1204 3497 1235 3554 ἦ
1260 3497 1464 3556 ἀλήθεα
1492 3498 1871 3572 ἐπεισέρχεται·
1896 3496 1922 3553 6
1947 3500 2075 3554 Μελ-

485 3581 700 3653 χισεδέκ
723 3585 1018 3654 συνάγεται·
1046 3583 1073 3639 6
1100 3586 1331 3662 ἀμήτωρ,
1366 3586 1578 3662 ἀπάτωρ
1618 3588 1827 3656 γίνεται,
1859 3587 2073 3664 ἀμήτωρ

484 3678 544 3731 τὸ
570 3676 832 3749 πρότερον.
854 3676 1073 3754 ἀπάτωρ
1101 3677 1159 3733 τὸ
1188 3675 1441 3753 δεύτερον.
1487 3678 1648 3748 Νόμοι
1675 3676 1878 3751 φύσεως
1913 3700 2075 3735 κατα-

483 3763 713 3829 λύονται,
742 3766 1061 3840 πληρωθῆναι
1100 3764 1182 3821 δεῖ
1224 3767 1306 3820 τὸν
1356 3763 1458 3821 ἅνω
1505 3766 1715 3834 κόσμον·
1744 3768 1961 3841 Χριστὸς
1989 3787 2041 3823 κε
2060 3796 2075 3809 ο

484 3853 620 3911 λεύει
646 3860 716 3925 μή
740 3858 1112 3928 ἀντετείνωμεν.
1153 3873 1171 3907 ε
1206 3857 1332 3931 Πρὸς
1369 3854 1568 3919 τούτοις
1587 3854 1643 3911 δέ
1671 3858 1755 3912 καί
1779 3856 1805 3913 6
1833 3859 1884 3912 έν
1912 3857 2077 3929 ἀγίοις

484 3946 698 4023 Πρόκλος
725 3946 751 4002 6
781 3948 1056 4009 ἐπίσκοπος
1117 3947 1694 4007 κωνσταντινουπόλεως
1747 3946 1796 4001 έν
1833 3955 1907 4018 τῷ
1944 3948 2076 4021 λόγῳ

483 4046 558 4113 τῷ
580 4041 652 4101 είς
677 4044 769 4099 τήν
789 4041 1031 4096 Stat-620v
1055 4039 1188 4095 οὕτω
1210 4040 1361 4111 λέγει·
1393 4056 1413 4090 ε
1437 4038 1496 4093 '0
1526 4037 1593 4094 ὢν
1618 4041 1750 4095 κατὰ
1776 4043 1925 4112 φύσιν
1943 4043 2079 4096 άπα-

484 4132 593 4195 θής,
621 4132 790 4203 γέγονε
816 4130 880 4187 δι’
901 4128 1061 4186 οἶκτον
1083 4132 1399 4191 πολυπαθής’
1432 4132 1524 4185 ούκ
1553 4132 1608 4184 έκ
1628 4140 1885 4206 προκοπῆς
1905 4135 2075 4204 γέγονε

484 4220 628 4287 Θεὸς,
663 4220 689 4275 6
716 4222 958 4291 Χριστὸς,
988 4226 1057 4289 μή
1083 4223 1299 4291 γένοιτο,
1327 4221 1453 4275 ἀλλά
1482 4217 1548 4275 δι’
1564 4216 1727 4276 οἶκτον
1752 4222 1950 4295 γέγονεν
1976 4221 2077 4277 ἆν-

483 4308 735 4386 θρωποςὸ
764 4311 919 4374 Θεὸς,
960 4308 999 4382 ᾧ
1043 4315 1374 4379 πιστεύομεν
1415 4312 1501 4365 οὐκ
1549 4308 1810 4387 ἄνθρωπον
1853 4315 2082 4369 ἀποθεω-

483 4404 631 4458 θέντα
654 4405 992 4479 κηρύττομεν.
1021 4404 1149 4458 ἀλλά
1185 4405 1308 4458 Θεὸν
1345 4406 1668 4479 σαριωθέντα
1716 4404 2074 4478 ὁμολογοῦμεν.

483 4498 585 4553 τήν
630 4495 817 4550 οἰκείαν
855 4492 1034 4552 δούλην
1078 4494 1403 4570 ἐπεγράψατο
1456 4497 1651 4571 μητέρα
1697 4495 1724 4552 6
1770 4497 2077 4553 κατόύιτίαν

2175 3398 2334 3469 pulus
2374 3397 2468 3467 qui
2521 3398 2575 3453 in
2617 3399 2857 3455 tenebris
2898 3400 3081 3464 sedet,
3133 3415 3383 3471 magnam
3434 3405 3779 3474 cognitionis

2176 3485 2352 3541 lucem
2384 3486 2651 3557 inspiciat,
2681 3496 2867 3543 vetera
2894 3490 3293 3560 prmterierunt,
3324 3506 3455 3549 ecce
3479 3493 3626 3550 facta
3643 3506 3778 3555 sunt

2179 3580 2358 3633 omnia
2390 3592 2529 3634 nova
2555 3595 2569 3633 :
2624 3578 2803 3635 littera
2844 3580 3006 3647 cedit,
3037 3582 3261 3651 spiritus
3285 3593 3530 3655 superat,
3563 3587 3779 3645 umbra:

2175 3677 2527 3741 praetereunt,
2556 3673 2758 3728 veritas
2779 3672 3103 3743 ingreditur;
3137 3673 3535 3732 Melchisedech
3557 3680 3779 3751 colligi-

2177 3767 2294 3814 tur:
2314 3760 2407 3829 qui
2434 3760 2553 3818 sine
2578 3770 2755 3817 matre
2781 3773 2919 3826 erat,
2950 3764 3068 3819 sine
3096 3772 3251 3835 patre
3273 3765 3349 3830 lit,
3375 3768 3527 3837 prius
3548 3771 3779 3838 quidem

2179 3848 2297 3905 sine
2328 3859 2520 3916 matre,
2550 3860 2675 3923 post
2698 3861 2878 3907 autem
2901 3854 3020 3910 sine
3043 3864 3215 3924 patre.
3258 3855 3475 3913 Natura:
3495 3860 3649 3929 leges
3676 3864 3781 3921 οι)⁴

2180 3951 2499 4011 vertuntur,
2559 3960 2872 4015 supremum
2933 3948 3189 4003 mundum
3239 3950 3451 4021 impleri
3505 3967 3779 4024 oportet;

2178 4033 2424 4093 Christus
2441 4034 2597 4106 jubet
2625 4051 2693 4092 ne
2720 4038 3065 4093 obsistatnus.
3092 4059 3111 4091 ε
3140 4040 3342 4096 Horum
3387 4042 3584 4099 similia
3609 4046 3780 4104 habet

2177 4126 2233 4183 S.
2256 4126 2477 4184 Proclus
2489 4128 3116 4200 Constantinopolitanus
3128 4135 3415 4206 episcopus
3437 4138 3489 4192 in
3514 4154 3780 4199 sermone

2178 4218 2423 4275 suodeS.
2439 4218 2684 4289 Deipara.
2707 4240 2725 4273 ε
2746 4220 3073 4291 Quinatura,
3090 4224 3280 4295 inquit,
3299 4226 3650 4297 impaseibilis
3665 4246 3773 4295 est.

2183 4310 2365 4367 factus
2384 4320 2470 4365 est
2496 4325 2593 4380 per
2611 4311 2952 4369 calamitates
2976 4311 3169 4386 [Cum
3192 4332 3288 4387 per
3307 4319 3777 4400 misericordiam]

2184 4403 2373 4459 multis
2419 4399 2702 4469 subjectus
2752 4405 3102 4473 passionibus
3146 4422 3159 4459 :
3199 4424 3306 4463 non
3351 4426 3417 4466 ex
3473 4399 3775 4485 progressu

2186 4494 2368 4550 factus
2397 4499 2484 4548 est
2513 4490 2657 4549 Deus
2685 4493 2962 4561 Christus,
2994 4497 3165 4553 absit!
3191 4499 3286 4555 sed
3327 4517 3423 4571 per
3454 4505 3778 4561 misericor-

484 4588 701 4656 ἀμήτωρ
720 4626 734 4648 ,
765 4588 852 4641 καί
880 4586 992 4642 κατ’
1003 4590 1280 4659 οἰκονομίαν
1319 4590 1555 4664 ἀπάτωρ’
1587 4592 1698 4645 έπεί
1725 4599 1836 4651 πῶς
1864 4590 1890 4645 6
1919 4592 2069 4653 αὐτὸς

2182 4582 2328 4640 diam
2356 4584 2499 4641 Deus
2526 4583 2703 4641 factus
2727 4593 2812 4641 est
2833 4585 3019 4652 homo,
3053 4586 3106 4642 in
3135 4601 3297 4657 quem
3322 4588 3636 4658 credimus;
3661 4609 3776 4649 non

484 4681 613 4735 κατὰ
640 4679 830 4733 Παῦλον
872 4680 1085 4755 ἀμήτωρ
1126 4683 1210 4735 καί
1237 4659 1574 4755 ἀπέετυρςίιίί
1600 4682 1744 4754 ψιλὸς
1785 4680 2069 4751 ἅνθρωπος,

2179 4676 2449 4733 hominem
2472 4676 2785 4733 Deiﬁcatum
2807 4679 3180 4748 praedicamus,
3199 4680 3298 4735 sed
3326 4680 3493 4737 Deum
3515 4680 3778 4739 incarna-

484 4772 573 4825 σύκ
603 4773 837 4846 ἀμήτωρ,
862 4768 982 4842 ἔχει
1017 4774 1115 4847 γὰρ
1154 4775 1373 4847 μητέρα·
1419 4779 1508 4826 νῦν
1533 4771 1588 4828 δέ
1616 4772 1642 4828 6
1674 4774 1824 4832 οώτὸς
1859 4774 2072 4846 ἀμήτωρ

483 4863 554 4922 ὥς
590 4862 842 4924 πλάστης,
879 4863 1090 4937 ἀπάτωρ
1134 4865 1205 4924 ὡς
1238 4864 1465 4935 πλάσμα.
1497 4881 1517 4915 ε
1551 4866 1639 4918 Καί
1663 4863 1689 4918 6
1717 4865 1768 4918 έν
1813 4863 1979 4935 ἀγίοες
2018 4863 2073 4917 δέ

483 4952 812 5024 Δῦγουστῖνος
834 4950 881 5003 έν
902 4959 974 5020 τῷ
996 4955 1115 5024 περὶ
1138 4961 1231 5013 τῆς
1260 4953 1503 5013 ἐκθέσεως
1529 4959 1621 5009 τοῦ
1650 4954 1834 5026 συμϐὅ
1850 4975 1910 5008 ου
1940 4955 2070 5025 λόγῳ

482 5044 651 5104 οὕτως
674 5044 825 5117 λέγει’
858 5060 879 5095 ε
906 5045 1210 5118 Πιστεύομεν
1239 5048 1312 5105 είς
1336 5047 1423 5100 τὸν
1448 5047 1560 5101 υίὸν
1588 5048 1743 5101 αὐτοῦ
1770 5045 1965 5105 Ἰησοῦν
1984 5047 2072 5101 τὸν

479 5135 697 5209 Χριστὸν
722 5135 1013 5206 γεννηθέντα
1035 5137 1089 5189 ἐκ
1114 5136 1409 5205 πνεύματος
1449 5136 1619 5210 ἀγίου,
1649 5139 1737 5192 καί
1761 5146 1852 5197 τῆς
1877 5139 2068 5209 παρθέ-

477 5245 560 5279 νου
606 5229 825 5303 καρίας.
876 5231 1018 5280 Aturi
1061 5228 1253 5284 ταύτην
1293 5232 1384 5284 τήν
1417 5227 1665 5298 γέννησιν,
1691 5223 1731 5279 ὦ
1757 5224 1963 5291 ἄπιστε,
1991 5227 2075 5281 έκ-

484 5318 756 5381 πὶήττειςς
786 5324 856 5389 μή
879 5321 1094 5374 πίστευε
1135 5321 1180 5373 εί
1203 5318 1356 5388 μόνον
1392 5314 1653 5395 ἄνθρωπος
1675 5316 1734 5377 ἦν
1752 5317 1780 5374 6
1808 5319 2071 5392 γεννηθείςο

478 5414 525 5465 εί
544 5408 600 5465 δέ
620 5412 744 5472 Θεὸς
765 5407 1025 5486 ἅνθρωπος
1046 5409 1124 5475 ἦν,
1141 5412 1254 5475 tia;
1275 5410 1369 5483 [Γ.
1394 5413 1442 5476 ἐξ
1464 5407 1547 5481 ἧς]
1564 5413 1802 5472 ἠθέλησεν
1820 5412 2071 5484 έγεννήθην

477 5502 654 5564 έπεεδή
672 5507 742 5566 ὡς
762 5504 996 5564 ἠθέλησεν
1020 5505 1269 5577 έγεννήθη’
1289 5507 1452 5560 έκεῖνο
1471 5506 1732 5578 θαύμασον
1758 5504 1961 5569 μᾶλλον,
1987 5502 2072 5558 ὅτι

480 5594 670 5669 ὸλόγος
690 5595 866 5652 ἴλαϐεν
887 5597 1084 5667 σάρκα,
1108 5598 1191 5649 καί
1219 5598 1304 5650 οὐκ
1330 5597 1525 5671 έτράπη
1551 5598 1625 5657 είς
1652 5597 1841 5671 σάρκ’
1874 5593 1954 5651 ὅτι
1979 5596 2072 5665 μί·-

478 5704 575 5739 var:
619 5688 739 5746 Θεὸς
781 5686 981 5757 γέγονεν
1019 5682 1311 5761 ἄνθρωπος·
1342 5687 1472 5746 πλήν
1511 5689 1565 5742 τί
1588 5687 1880 5755 Ὀαυμάζεις
1915 5685 1999 5741 ὅτι
2037 5687 2070 5744 ri

485 5780 790 5844 γεννήσασα,
814 5778 900 5832 τὸν
943 5776 1067 5832 ἴδιον
1112 5778 1367 5848 έγὲννησεν
1411 5779 1640 5845 κτίστην,
1672 5775 1754 5834 ὅτι
1778 5778 1846 5847 ,τὸ
1874 5781 2073 5847 ποίημα

2177 4774 2290 4820 tum
2317 4766 2639 4822 conﬁtemur
2665 4784 2680 4820 :
2711 4767 2960 4822 ancillam
2980 4783 3132 4824 suam
3161 4770 3262 4825 sibi
3285 4779 3512 4827 matrem
3537 4772 3767 4845 delegit,

2175 4856 2269 4924 qui
2296 4864 2486 4910 natura
2514 4856 2631 4911 sine
2656 4864 2830 4911 matre
2857 4865 2968 4922 est,
3007 4866 3064 4912 et
3089 4857 3494 4929 dispensatione
3522 4861 3643 4917 sine
3670 4880 3774 4934 pa-

2177 4957 2281 5002 tre.
2318 4947 2603 5013 Quomodo
2651 4947 2798 5003 enim
2854 4948 3002 5018 ipse,
3040 4948 3195 5020 juxta
3245 4949 3399 5007 Pauli
3440 4957 3772 5012 sententiam

2175 5039 2294 5095 sine
2338 5048 2494 5110 patre
2533 5048 2590 5095 et
2632 5040 2751 5095 sine
2776 5050 2949 5098 matre
2978 5045 3105 5098 est?
3151 5042 3209 5099 Si
3236 5058 3407 5115 purus
3436 5046 3626 5115 homo,
3664 5066 3775 5106 tum

2174 5130 2293 5187 sine
2320 5138 2530 5197 matre;
2580 5140 2807 5187 matrem
2836 5132 2980 5187 enim
3010 5132 3175 5190 habet
3199 5151 3213 5188 :
3263 5134 3349 5190 sin
3378 5141 3560 5193 autem
3593 5140 3775 5195 nudus

2175 5222 2335 5288 Deus,
2365 5237 2473 5278 non
2500 5222 2617 5278 sine
2644 5231 2819 5293 patre,
2852 5223 3066 5279 Patrem
3094 5225 3292 5297 quippe
3320 5227 3522 5283 habet:
3552 5239 3643 5285 est
3672 5231 3776 5286 ita-

2173 5328 2282 5384 que
2325 5312 2470 5369 idem
2518 5313 2634 5385 ipse
2681 5315 2869 5370 matris
2914 5330 3131 5385 expers.
3157 5325 3216 5372 ut
3261 5327 3522 5386 creator;
3573 5337 3775 5381 carens

2174 5416 2357 5464 autem
2385 5416 2562 5477 patre,
2591 5417 2653 5461 ut
2681 5418 2950 5463 creatura.
2984 5427 3001 5460 ε
3057 5409 3292 5464 Sanctus
3320 5412 3485 5465 etiam
3514 5411 3775 5481 Augusti-

2175 5514 2278 5554 nus
2306 5499 2359 5552 in
2384 5512 2639 5554 sermone
2665 5498 2733 5553 de
2761 5499 3102 5568 expositione
3132 5498 3375 5571 Symboli
3415 5501 3537 5558 haec
3568 5502 3769 5560 habet:

2182 5608 2200 5641 ι
2226 5587 2508 5644 Credimus
2534 5589 2589 5643 in
2617 5587 2810 5642 Filium
2854 5588 2975 5656 ejus
3017 5588 3201 5645 Jesuut
3248 5592 3527 5649 Christum
3583 5606 3770 5651 natmn

2176 5681 2247 5736 de
2259 5679 2459 5751 Spiritu
2488 5687 2697 5745 sancto,
2723 5688 2858 5735 etex
2884 5679 3050 5735 Maria
3070 5681 3309 5751 Virgine.
3348 5682 3482 5753 Cur,
3514 5687 3768 5752 inﬁdelis,

2181 5784 2319 5829 tunc
2367 5770 2703 5827 nativitatem
2748 5771 3081 5841 perturbas?
3126 5773 3204 5830 Ne
3251 5775 3441 5832 credas
3471 5779 3556 5834 vel
3586 5783 3766 5835 solum
