3952 6372
186 244 298 305 193
1408 251 1776 312 ευδτιΝιΑΝι

1881 256 1954 313 ιι).
2002 256 2351 317 EPISTULA.
3375 262 3487 325 ἴθι

187 364 276 420 τὸν
298 367 518 427 ποιητήν
541 364 841 441 ivlum”;
886 367 1049 430 οὕτως
1088 368 1344 430 ἠϐουλήθη
1380 369 1410 425 6
1441 370 1661 442 ὕψιστος
1683 392 1776 443 γεν

1902 372 2176 430 hominem
2202 390 2324 432 esse
2349 374 2444 446 qui
2473 382 2630 431 natus
2657 382 2763 443 est,
2792 376 2879 433 vel
2906 378 2953 435 si
2979 377 3122 436 Deus
3146 380 3311 439 homo
3337 391 3486 448 erat.

186 461 391 517 νηθῆναε
412 458 683 522 ταπεινὸς,
708 459 794 515 ἵνα
817 459 867 514 έν
888 460 1017 520 αὐτῆ
1044 468 1109 534 τῇ
1145 464 1447 518 ταπεινώσει
1474 461 1776 528 ἐπιδείξηται

1892 462 2153 536 deinceps
2182 467 2330 522 nasci
2360 466 2592 523 voluisse
2633 485 2648 521 :
2700 482 2827 523 nam
2869 469 3325 538 quemadmodqu
3367 471 3485 538 ipse

185 555 279 610 τήν
302 549 688 623 μεγαλειότητα.
704 568 723 603 ε

1890 557 2081 622 voluit,
2112 558 2193 614 sic
2220 568 2380 614 natus
2407 568 2509 614 est.
2541 558 2675 615 Illud
2704 559 2882 631 potius
2915 562 3135 627 mirare,
3163 563 3311 635 quod
3338 561 3480 621 Vor-

1889 649 2018 704 bum
2046 664 2176 704 caro
2205 649 2403 704 factum
2431 657 2532 714 est,
2563 658 2618 706 et
2656 664 2765 706 non
2791 659 2876 706 est
2915 667 3238 709 conversum
3268 655 3323 709 in
3351 670 3479 711 car-

187 747 336 800 nem,
365 730 622 804 quodque
666 748 893 788 manens
938 733 1084 789 Deus
1107 774 1124 799 ,
1175 733 1348 791 lactus
1384 744 1468 794 est
1516 738 1700 793 homo.
1749 737 1858 794 Sed
1896 740 2024 809 quid
2052 743 2267 806 mirare,
2299 757 2420 797 eam
2449 757 2570 811 qua:
2598 744 2787 810 genuit
2811 746 3086 815 proprium
3114 746 3366 813 genuisse
3392 748 3478 801 ta-

182 831 433 889 ctorem,
478 830 894 891 creaturamque
930 837 1088 877 suum
1132 834 1438 880 creatorem
1476 826 1814 895 protulisse?
1869 826 1963 884 Sic
2001 829 2174 885 voluit
2203 832 2508 887 Altissimus
2536 832 2753 887 humilis
2777 833 2965 897 nasci,
3012 842 3071 889 ut
3096 850 3246 891 suam
3274 835 3330 891 in
3358 837 3476 909 ipsa

184 913 493 970 humilitate
517 912 974 983 magniﬁcentiam
1000 915 1334 972 ostenderet.
1365 935 1386 970 ε

257 1010 348 1062 καὶ
375 1015 546 1064 ταῦτα
568 1009 665 1078 μέν
699 1008 748 1063 oi.
790 1008 928 1082 ἅγιοι
956 1012 1201 1085 πατέρες.
1227 1010 1344 1070 ὀτι
1367 1012 1422 1069 δέ
1450 1017 1537 1069 καὶ
1567 1017 1621 1071 αἱ
1646 1018 1783 1074 θεῖαι

184 1103 399 1172 γραφαὶ,
440 1096 523 1160 α’ς
564 1100 901 1160 ἠκολούθησαν
929 1102 980 1159 oi
1028 1102 1164 1175 ἅγιοι
1206 1106 1455 1180 πατέρες,
1503 1108 1657 1163 αὐτὸν
1693 1111 1782 1165 τόν

184 1193 310 1246 Θεὸν
350 1191 496 1263 λόγον
521 1193 843 1268 σαρωθῆναι
883 1195 968 1247 καὶ
998 1196 1244 1266 τεχθῆναι
1273 1198 1329 1251 ia
1352 1207 1446 1259 τῆς
1473 1197 1624 1271 άγίας
1646 1221 1782 1275 παρ-

184 1284 326 1337 θένου
354 1286 576 1356 Μαρίας,
598 1284 688 1339 καὶ
709 1283 1084 1359 ένανθρωπῆσαι
1109 1283 1417 1342 διδάσκουσι
1440 1286 1586 1347 δῆλον
1613 1290 1786 1366 ὑπάρ-

184 1394 296 1445 χει.
328 1374 478 1446 Λέγει
515 1377 618 1451 γὰρ
656 1380 857 1451 πρῶτον
893 1373 921 1429 6
960 1380 1225 1449 προφήτης
1263 1378 1497 1445 Ἡσαΐας,
1540 1397 1559 1431 ε
1585 1378 1709 1436 Ἰδοὺ
1750 1382 1783 1440 ἡ

184 1466 437 1541 παρθένος
467 1468 519 1520 έν
546 1468 741 1540 γαστρὶ
764 1466 866 1531 ἕξει
891 1467 973 1521 καὶ
999 1468 1196 1531 τέξεται
1222 1468 1351 1534 υέόν,
1388 1472 1474 1525 καὶ
1505 1470 1781 1527 καλέσουσι

183 1555 243 1611 τὸ
285 1550 448 1625 ὄνομα
486 1557 645 1612 αὐτοῦ
677 1553 1012 1625 Ἐμμανουήῇ
1040 1573 1064 1608 ν
1098 1553 1127 1612 6
1147 1559 1259 1614 έστι
1297 1560 1781 1634 μεθερμηνευόμενον

183 1645 318 1719 μεθ’
345 1650 513 1717 ἡμῶν
540 1646 567 1702 6
603 1650 787 1709 Θεὸς.
836 1644 957 1705 Εἶτα
975 1649 1279 1707 καίΔαϐὶδό
1299 1656 1562 1728 προφήτης
1580 1655 1712 1726 λέγει
1731 1657 1782 1710 έν

1959 1020 2030 1076 Et
2069 1022 2184 1078 hmo
2208 1022 2430 1092 quidem
2460 1038 2491 1077 a
2528 1023 2628 1079 SS.
2661 1024 2913 1083 Patribus
2957 1027 3317 1097 disputantur.
3364 1026 3475 1082 Sed

1888 1110 2029 1168 haud
2060 1114 2397 1183 perspicuum
2420 1124 2502 1171 est
2515 1115 2692 1170 minus
2719 1116 2928 1172 divinas
2948 1115 3198 1182 Litteras,
3225 1133 3362 1188 quas
3387 1133 3477 1174 se-

1887 1205 2000 1259 cuti
2029 1213 2157 1259 sunt
2174 1205 2344 1261 sancti
2376 1205 2631 1262 Ecclesia:
2661 1206 2851 1264 Patres
2882 1208 3110 1279 idipsum
3139 1209 3359 1278 docere,
3390 1211 3475 1265 ni-

1888 1297 2080 1352 mirum
2110 1297 2279 1353 Deum
2321 1300 2553 1355 Verbum
2583 1302 2940 1371 incarnatum,
2971 1311 3028 1358 et
3049 1318 3115 1359 ex
3142 1311 3332 1359 sancta
3360 1301 3482 1358 bla-

1887 1384 1968 1440 ria
2018 1384 2237 1455 Virgine
2289 1397 2495 1454 natum,
2552 1399 2608 1445 et
2654 1391 2930 1447 hominem
2978 1394 3176 1449 factum
3222 1409 3364 1450 esse.
3394 1395 3475 1450 Ac

1886 1476 2060 1547 primo
2090 1476 2255 1532 Isaias
2279 1480 2540 1550 propheta
2565 1498 2579 1535 :
2611 1481 2767 1548 Ecce,
2795 1482 2987 1554 inquit,
3019 1484 3177 1556 Virgo
3196 1487 3471 1557 concipiet,

1885 1574 1936 1621 et
1959 1568 2127 1637 pariet
2154 1569 2344 1638 ﬁlium,
2392 1579 2441 1625 et
2482 1573 2745 1628 vocabitur
2773 1591 2961 1629 nomen
2999 1578 3110 1648 ejus
3140 1576 3469 1644 Emmanuel,

1886 1657 2033 1728 quod
2080 1666 2166 1715 est
2212 1660 2655 1730 interpretatum,
2709 1664 2997 1719 Nobiscum
3046 1667 3206 1721 Deus.
3266 1667 3474 1724 Rursus

182 1746 260 1806 τῷ
285 1739 549 1812 έκατοστῷ
570 1741 703 1814 iure,»
720 1741 928 1813 deiﬁ'
956 1759 976 1792 ι
996 1739 1307 1801 ’Δπέστεελεν
1325 1746 1412 1802 τὸν
1436 1746 1582 1821 λὸτον
1599 1751 1776 1817 αὖτοῧς

1888 1747 2056 1803 David
2081 1750 2345 1821 propheta
2375 1751 2585 1823 psalmo
2611 1753 2914 1808 centesimo
2953 1763 3111 1809 sexto
3143 1755 3291 1809 canit
3315 1774 3328 1809 :
3362 1755 3464 1809 li-

183 1832 269 1884 ιαέ
300 1831 485 1888 ἰάσατο
504 1831 714 1897 αὐτοὺς,
747 1834 830 1886 καὶ
872 1833 1129 1909 έρρύσατο
1160 1836 1350 1898 αὐτοὺς
1376 1838 1431 1892 in
1457 1846 1559 1894 τῶν
1577 1838 1780 1911 διαφεοο

184 1927 288 1993 ρῶν
313 1921 497 1975 αὐτῶν.
520 1937 540 1973 ε
568 1918 714 1977 Ἀλλά
754 1923 840 1977 καὶ
863 1920 890 1977 6
920 1921 1063 1995 ἅγιος
1108 1924 1390 1987 ἀπόστολος
1417 1928 1614 1989 Παῦλος
1643 1931 1781 1987 οὕτω

183 2008 338 2084 λέγει·
366 2031 386 2061 ε
413 2007 535 2066 ὐτε
560 2009 610 2068 δ.
635 2009 745 2072 ἦλθε
767 2014 825 2068 τό
843 2012 1096 2088 πλήρωμα
1130 2023 1232 2071 τῶν
1257 2027 1462 2095 καιρῶν,
1493 2021 1783 2085 ἐξαπέστει-

186 2100 269 2156 λεν
294 2100 321 2156 ό
346 2101 472 2162 Θεὸς
496 2104 582 2159 τόν
599 2104 710 2159 υἱόν
733 2106 895 2160 αὐτοῦ
918 2106 1182 2178 γενόμενον
1206 2109 1262 2162 έει
1288 2112 1548 2181 γυναικός,
1576 2113 1782 2183 γενόμε-

185 2215 266 2254 νον
293 2196 400 2251 ῦπὸ
426 2195 596 2267 νόμον,
616 2198 701 2252 ἶνα
745 2200 869 2260 τοὺς
914 2199 1017 2254 ὐπὸ
1061 2200 1214 2271 νόμον
1254 2202 1559 2278 ἐξαγοράσῃ,
1581 2207 1664 2260 ἶνα
1688 2212 1782 2265 τήν

184 2286 440 2341 υἱοθεσίαν
468 2286 820 2355 ἀπολάϐωμεν.
853 2305 873 2340 ε
903 2291 1108 2346 Τούτων
1133 2294 1301 2347 τοίνυν
1337 2294 1502 2356 οὕτως
1527 2297 1777 2368 ὶχόντων,

185 2383 265 2443 τίς
287 2380 426 2435 οὕτω
453 2381 705 2450 μαίνεται,
729 2382 801 2444 ὥς
829 2402 885 2438 τε
923 2384 1177 2453 τολμῆσαι
1199 2387 1375 2451 εἰπεῖν,
1406 2387 1488 2445 ὅτι
1515 2387 1781 2466 ἅνθρωπος

186 2466 242 2531 ἦν
290 2472 341 2525 ἔν
385 2478 500 2532 τοῖς
544 2473 808 2544 οὐρανοῖς,
838 2474 1072 2537 κάκεῖνος
1112 2476 1378 2536 ἀπεστάλη
1419 2478 1504 2534 ἵνα
1572 2479 1782 2554 γένηται

184 2561 239 2616 ia
262 2564 525 2635 γυναικὸς.
551 2565 638 2619 καὶ
672 2563 777 2619 ὑπὸ
808 2563 981 2636 νόμονζ
1010 2566 1073 2619 Οἱ
1108 2562 1364 2641 ἅνθρωποι
1403 2569 1504 2645 γάρ
1547 2570 1653 2641 πρὸ
1689 2579 1781 2631 τῆς

181 2657 276 2707 τοῦ
303 2652 459 2723 λόγου
482 2655 796 2728 σαρκῶσεως
822 2654 925 2710 ύπὸ
954 2654 1103 2725 νόμον
1128 2653 1282 2715 ἦσαν·
1312 2656 1578 2719 ἀλλάὐτός
1608 2659 1634 2714 6
1655 2664 1781 2725 Θε’“ς

180 2742 327 2815 λόγος
354 2744 384 2801 6
422 2751 696 2817 μονογενής
720 2747 828 2808 υἱός
869 2755 959 2802 τοῦ
1003 2754 1153 2813 Θεοῦ,
1184 2748 1212 2804 6
1242 2755 1312 2821 μή
1351 2748 1419 2806 ὧν
1459 2751 1563 2808 ῦπὸ
1605 2755 1777 2822 νόμον,

180 2838 414 2895 ἀλλάῦτ’
428 2861 453 2901 ς
468 2837 698 2899 δεδωκὼς
717 2840 803 2894 τὸν
819 2836 988 2912 νόμον,
1007 2844 1266 2902 ἀπεστάλη
1287 2846 1434 2921 παρά
1452 2851 1547 2902 τοῦ
1561 2850 1778 2922 πατρὸς,

180 2931 264 2984 καὶ
292 2930 347 2983 ἐκ
370 2930 606 3001 γυναικὸς
640 2929 906 3002 γενόμενος
943 2932 1143 3003 γέγονεν
1188 2933 1290 2988 ὑπὸ
1319 2934 1491 3002 νόμον,
1519 2936 1604 2991 ἶνα
1645 2940 1782 3005 ἡμᾶς

180 3023 302 3082 τοὺς
347 3021 450 3076 ὐπὸ
496 3021 644 3093 νόμον
691 3022 1009 3097 έξαγοράσῃ,
1035 3026 1123 3079 καὶ
1153 3028 1243 3084 τήν
1284 3026 1536 3082 υζοθεσίαν
1578 3030 1778 3085 ἀπολά-

181 3114 373 3186 ευμεν.

250 3208 314 3261 Εἰ
336 3208 525 3270 τοίνυν,
563 3207 633 3267 ὥς
662 3204 687 3261 6
713 3207 915 3280 γράψας
939 3213 1030 3270 τήν
1070 3209 1232 3270 ἀσεϐῆ
1262 3211 1444 3271 iusim
1486 3211 1777 3278 έπιστολὴν,

177 3300 266 3353 και
293 3295 321 3353 6
349 3298 602 3373 αἱρετικὸς
629 3296 917 3375 Θεόδωρος,
951 3301 1232 3370 μαίνονται,
1262 3301 1355 3355 οὐκ
1379 3297 1441 3361 ἦν
1465 3302 1659 3366 ἀληθῶς
1696 3306 1781 3359 καὶ

178 3392 367 3467 κυρίως
408 3390 521 3451 υἱὸς
566 3397 660 3446 τοῦ
706 3397 834 3446 Θεοῦ
862 3391 888 3445 6
918 3393 1121 3462 τεχθεὶς
1149 3394 1205 3447 ix
1229 3396 1487 3466 γυναικὸς,
1517 3401 1628 3459 πῶς
1653 3394 1780 3457 ἡδύ-

178 3502 300 3537 νατο
313 3484 430 3553 ἡμῖν
444 3482 700 3542 υἱοθεσίας
718 3480 1078 3558 δωρήσασθαις
1101 3486 1230 3557 Πρὸς
1253 3487 1458 3547 τούτοις
1478 3488 1781 3561 περιέχεται

178 3573 232 3628 έν
494 3573 677 3629 ἀσεϐεῖ
691 3573 954 3646 ἐπιστολῇ,
976 3571 1056 3629 ὅτι
1078 3576 1161 3639 τό,
1189 3574 1567 3637 ἠλάττωσας
1593 3579 1779 3633 αὐτὸν

177 3663 402 3735 βραχύ
431 3685 494 3718 τι
521 3664 672 3738 παρ’
701 3664 1045 3738 ἀγγέλους,
1073 3666 1160 3719 οῦκ
1187 3663 1663 3745 ἴστεδυνατὸνπερὶ
1688 3677 1780 3731 τῆς

182 3752 416 3815 θεότητος
461 3759 555 3808 τοῦ
596 3760 893 3825 μονογενοῦς
936 3755 1169 3828 ῥηθῆναι·
1201 3752 1328 3835 ὅπερ
1371 3758 1456 3813 καὶ
1498 3757 1665 3831 ὑμεῖς,
1710 3761 1779 3819 ὡς

178 3843 343 3917 ὀρθῶς
375 3841 519 3917 ῥηθέν
542 3843 896 3919 προτεθείκατε
920 3844 1148 3916 λέγοντες
1164 3884 1182 3910 ,
1211 3842 1295 3901 ὅτε
1320 3849 1440 3921 περὶ
1466 3854 1558 3904 τοῦ
1585 3848 1781 3924 M95.-

176 3953 301 3994 που,
332 3934 419 3987 καὶ
456 3933 580 4003 οὐχὶ
622 3936 743 4008 περὶ
787 3940 880 3989 τοῦ
930 3941 1059 3991 Θεοῦ
1108 3935 1258 4009 λόγου
1296 3943 1388 3993 τοῦ
1437 3939 1779 4014 σαρκωθένττς

174 4032 334 4081 τοῦτο
356 4023 570 4080 δύναται
594 4025 849 4098 λέγεσθαι.
869 4023 988 4084 Ὀτι
1010 4025 1064 4082 δέ
1095 4031 1179 4085 καὶ
1206 4030 1400 4090 ταύτην
1426 4038 1517 4089 τήν
1539 4032 1778 4088 ἀσέϐειαν

174 4115 320 4191 παρὰ
348 4113 612 4191 Θεοδώρου
642 4122 732 4172 τοῦ
762 4117 1013 4187 αἱρετικοῦ
1039 4116 1305 4191 διδαχθεὶς
1338 4121 1366 4176 o'
1393 4124 1483 4182 τήν
1509 4122 1780 4184 έπιστολγᾷν

173 4206 384 4282 γράψας
406 4207 473 4261 τά
495 4213 713 4264 τοιαῦτα
742 4208 1149 4281 ἐϐλασφήμησεν,
1173 4213 1384 4286 φανερὸν
1411 4218 1704 4288 ποιήσωμεν
1723 4216 1778 4271 in

173 4306 274 4353 τῶν
303 4306 379 4370 τῷ
409 4300 551 4372 αὐτῷ
601 4297 849 4371 Θεοδώρῳ
891 4303 1161 4378 εἰρημένων
1188 4304 1239 4358 έν
1267 4314 1341 4379 τῷ
1376 4308 1608 4381 τετάρτῳ
1646 4308 1779 4381 λόγῳ

173 4399 247 4465 τῷ
264 4391 403 4446 κατά
420 4389 791 4469 ’Δπολεναρὶου.
812 4388 967 4465 Ἐχει
982 4392 1035 4450 δέ
1057 4394 1243 4459 οὕτως’
1270 4414 1290 4448 ε
1311 4399 1404 4452 Τὸν
1422 4396 1477 4454 δέ
1499 4396 1777 4474 ἄνθρωπον,

1883 1838 1952 1892 sit
1990 1836 2213 1893 Verbum
2233 1856 2403 1906 suum,
2433 1850 2484 1895 et
2510 1842 2715 1896 sanavit
2743 1858 2850 1908 eos,
2883 1850 2933 1897 el
2952 1844 3143 1911 eripuit
3170 1860 3262 1898 eos
3296 1844 3360 1898 de
3383 1846 3473 1899 in-

1880 1928 2205 1985 teritionibus
2232 1946 2429 1986 eorum.
2461 1930 2754 2001 Apostolus
2778 1932 2983 2002 pariter
2996 1932 3226 1989 Paulus:
3250 1934 3476 1998 Quando

1881 2029 2072 2083 autem,
2130 2020 2328 2089 inquit,
2373 2023 2512 2075 venit
2558 2022 2827 2092 plenitudo
2866 2030 3129 2094 temporis,
3161 2025 3474 2081 miraberis

1881 2106 2081 2163 Filium
2108 2126 2282 2177 mum,
2314 2112 2510 2182 factum
2531 2128 2598 2165 ex
2625 2112 2861 2173 muliere,
2902 2115 3100 2184 factum
3128 2113 3222 2169 sub
3260 2114 3388 2188 lege,
3413 2125 3473 2170 ut

1878 2216 1965 2255 eos
1988 2201 2075 2271 qui
2100 2201 2193 2255 sub
2218 2201 2328 2273 lege
2347 2210 2499 2257 erant
2529 2204 2823 2270 redimeret,
2854 2213 2911 2258 ut
2950 2206 3284 2277 adoptionem
3323 2209 3470 2278 ﬁlio-

1878 2307 1997 2345 runt
2023 2291 2388 2362 reciperentus.
2421 2290 2551 2358 Qua:
2569 2307 2695 2349 cum
2722 2294 2798 2348 ita
2822 2307 2883 2349 se
2911 2294 3167 2360 habeant,
3184 2297 3307 2365 quis
3329 2297 3472 2352 adeo

1879 2378 2133 2450 desipiet,
2183 2389 2242 2435 ut
2287 2380 2467 2438 dicere
2512 2383 2710 2438 audeat
2756 2384 3033 2440 hominem
3073 2388 3381 2457 quempiam
3412 2388 3469 2445 in

1881 2472 2031 2529 omlis
2057 2471 2241 2539 fuisse,
2289 2474 2572 2543 ipsumque
2597 2475 2820 2532 missum
2863 2490 3005 2542 esse,
3058 2485 3118 2531 ut
3144 2492 3210 2532 es
3241 2479 3470 2536 muliere

1879 2572 2043 2633 atque
2068 2564 2168 2620 sub
2199 2564 2317 2632 lege
2342 2567 2700 2621 nasceretur?
2728 2565 2943 2622 Etenim
2971 2568 3224 2623 homines
3247 2572 3468 2639 quidem

1880 2662 2009 2708 ante
2054 2652 2489 2709 lncarnationem
2537 2656 2639 2711 sub
2668 2656 2788 2725 lege
2832 2665 3027 2724 erant;
3069 2667 3128 2713 at
3172 2660 3290 2730 ipse
3329 2661 3469 2718 Deus

1885 2743 2115 2801 Verbum
2147 2745 2455 2815 unigenitus
2480 2746 2578 2803 Dei
2607 2746 2792 2815 Filius,
2824 2748 2920 2818 qui
2949 2764 3057 2805 non
3078 2751 3471 2821 subjiciebatur

1879 2834 2004 2904 legi,
2035 2835 2132 2891 sed
2160 2845 2277 2891 erat
2299 2836 2416 2907 ipse
2443 2836 2739 2907 legislator,
2791 2838 2984 2895 missus
3011 2849 3096 2896 est
3123 2857 3153 2895 a
3176 2840 3356 2909 Patre,
3413 2852 3470 2900 et

1884 2926 2062 2984 factus
2089 2944 2159 2983 es
2186 2929 2434 2997 muliere,
2484 2929 2661 2986 factus
2701 2940 2788 2987 est
2813 2933 2918 2988 sub
2944 2932 3082 3002 lege,
3132 2942 3193 2989 ut
3223 2950 3343 3000 nos,
3375 2937 3471 3005 qui

1879 3019 1982 3074 sub
2007 3019 2124 3089 lege
2153 3033 2389 3087 eramus,
2420 3021 2732 3087 redimeret,
2766 3030 2824 3077 ut
2851 3021 3199 3094 adoptionem
3239 3026 3470 3083 ﬁliorum

1799 3106 1845 3167 C
1877 3108 2262 3179 reciperemus.

1951 3198 2009 3255 Si
2039 3201 2223 3270 itaque
2250 3200 2296 3255 is
2322 3199 2416 3270 qui
2443 3214 2513 3256 ex
2540 3200 2771 3257 muliere
2796 3208 2959 3257 natus
2985 3210 3101 3267 est,
3131 3217 3264 3259 vero
3289 3202 3478 3260 excel-

1880 3291 2164 3363 lenterque
2188 3307 2299 3349 non
2331 3291 2474 3349 foret
2500 3292 2597 3348 Dei
2629 3293 2819 3360 Filius,
2865 3294 3320 3364 quemadmodum
3367 3296 3465 3352 im-

1883 3382 1985 3454 piat
2012 3382 2157 3440 illius
2193 3383 2438 3454 epistola:
2463 3383 2698 3456 scriptor
2726 3386 3122 3457 haereticusque
3149 3385 3470 3444 Theodorus

1881 3475 2065 3547 inepte
2091 3477 2446 3543 contendunt,
2475 3478 2749 3548 quomodo
2777 3480 3041 3549 potuisset
3062 3480 3218 3537 nobis
3238 3481 3471 3538 liliorum

1880 3572 2230 3645 adoptionem
2258 3574 2509 3645 elargiri?
2539 3573 2812 3631 Praeterea
2839 3580 2897 3631 in
2919 3578 3245 3633 exsecrabili
3271 3594 3334 3635 ea
3364 3581 3482 3650 epi-

1879 3667 2022 3723 stola
2051 3667 2361 3723 continetur
2387 3667 2518 3723 illud
2542 3668 2755 3739 psalmi,
2785 3670 3022 3724 retinuisti
3049 3685 3168 3725 eum
3188 3672 3347 3741 paulo
3373 3672 3477 3751 ini-

1880 3774 1980 3812 nus
2005 3757 2071 3812 ab
2099 3760 2328 3831 angelis,
2366 3759 2588 3814 minime
2616 3758 2876 3815 aﬂirmari
2913 3775 3076 3831 posse
3099 3760 3172 3817 de
3199 3759 3469 3831 Unigeniti

1879 3847 2161 3904 divinitate
2180 3848 2383 3904 dictum
2412 3863 2553 3914 esse,
2582 3850 2730 3919 quod
2753 3864 2876 3918 vos,
2901 3866 3003 3906 ceu
3037 3851 3310 3908 catholico
3335 3868 3467 3923 pro-

1880 3940 2188 3995 nuntiatum
2216 3938 2420 4009 pariter
2448 3939 2826 4009 proposuistis,
2852 3940 3065 3996 aientes
3090 3941 3293 3996 homini
3310 3982 3326 4009 ,
3356 3957 3467 3999 non

1879 4036 2064 4084 autem
2085 4027 2265 4083 Verbo
2293 4027 2573 4084 incarnato
2604 4027 2658 4083 id
2688 4028 2850 4084 tribui
2877 4044 3062 4100 posse.
3107 4028 3262 4088 Hane
3285 4041 3468 4089 autem

1880 4119 2128 4177 similiter
2157 4119 2492 4190 impietatem
2520 4119 2590 4174 ab
2620 4118 2877 4175 haeretica
2906 4119 3195 4177 Theodoro
3214 4120 3468 4179 edoctum

1878 4211 2123 4282 epistola:
2139 4210 2458 4282 scriptorem
2472 4208 2735 4278 ejusmodi
2757 4209 3043 4280 protulisse
3056 4210 3465 4281 blasphemiam.

1878 4300 2222 4376 perspicuum
2251 4315 2283 4356 a
2310 4301 2470 4357 nobis
2498 4299 2592 4356 (iet
2616 4316 2685 4357 es
2713 4301 2780 4358 iis
2805 4316 2929 4372 qua:
2954 4302 3188 4373 ipsemet
3218 4302 3466 4361 Theodo-

1879 4408 1973 4450 rus
2001 4393 2220 4449 disserit
2265 4392 2322 4448 in
2348 4400 2546 4462 quarto
2574 4392 2833 4449 adversus
2869 4393 3261 4464 Apollinarium
3305 4395 3465 4453 libro.

170 4484 295 4558 περὶ
335 4478 399 4536 οὗ
437 4483 608 4538 ταῦτά
653 4504 801 4557 φησιν
846 4483 875 4541 6
917 4490 1201 4560 προφήτης,
1230 4495 1406 4561 σαφῶς
1453 4487 1481 4545 6
1522 4491 1770 4565 μακάριος

1881 4504 1899 4538 ε
1929 4482 2237 4549 Hominem,
2264 4483 2459 4553 inquit,
2486 4483 2555 4539 de
2579 4498 2690 4553 quo
2714 4482 2981 4554 propheta
3011 4483 3267 4554 loquitur,
3294 4486 3468 4542 mani-

170 4572 321 4633 δηλοῖ
342 4574 561 4640 Παῦλος,
582 4574 667 4631 τὸν
687 4575 790 4630 ὑπὸ
816 4583 908 4631 τοῦ
936 4584 1236 4651 μονογενοῦς
1259 4579 1549 4652 εἰλημμένω
1575 4577 1771 4659 ἄνθρω-

169 4687 269 4721 πον
296 4661 449 4721 εἶναι’
481 4668 695 4741 εἰρηκὼς
720 4669 840 4746 γάρ,
862 4665 941 4723 ὅτι
966 4666 1347 4748 διεμαρτύρατο
1373 4669 1427 4727 δέ
1453 4674 1557 4728 πού
1581 4694 1659 4736 τις
1688 4674 1770 4730 λέ-

169 4778 303 4831 γων,
325 4785 399 4797 -
421 4759 485 4812 Τί
508 4760 650 4815 ἐστιν
688 4756 965 4838 ἅνθρωπος,
995 4759 1078 4818 ὅτι
1103 4768 1360 4840 μιμνήσκῃ
1387 4766 1575 4832 αὐτοῦ,
1602 4765 1633 4827 ἦ
1661 4767 1771 4828 υἱὸς

168 4849 463 4926 ἀνθρώπου,
498 4846 576 4904 ὅτι
618 4853 895 4926 δπισκέπτῃ
922 4849 1105 4915 αῦτόνς
1133 4853 1439 4918 ἠλάττωσας
1464 4857 1616 4913 αὐτὸν
1638 4858 1771 4935 βρα-

169 4940 246 5010 χύ
269 4961 323 4995 τι
353 4940 486 5016 παρ’
502 4939 777 5013 ἀγγέλους,
809 4940 925 5016 δόξῃ
952 4946 1035 5000 καὶ
1058 4953 1182 5018 τιμῇ
1210 4947 1561 5020 ἐστεφάνωσας
1589 4951 1761 5017 αὐτὸν,

167 5030 253 5087 irai
282 5033 607 5094 κατέστησας
651 5035 803 5090 αὑτὸν
844 5036 931 5091 έπὶ
975 5036 1041 5092 τά
1084 5036 1217 5111 ἔργα
1261 5047 1361 5095 τῶν
1409 5050 1602 5119 χειρῶν
1643 5064 1761 5109 σου.

168 5128 339 5183 πάντα
359 5128 619 5193 ὑπέταξας
643 5127 885 5186 ὑποκάτω
912 5137 1013 5186 τῶν
1039 5128 1209 5187 ποδῶν
1236 5134 1395 5189 αὐτοῦ
1411 5174 1427 5201 ,
1456 5163 1524 5176 -
1551 5137 1758 5211 έπάγει³

168 5219 344 5272 -Τὸν
363 5216 418 5272 δέ
441 5218 626 5295 βραχύ
656 5241 707 5275 τι
725 5219 851 5291 παρ’
871 5221 1116 5293 ἀγγέλους
1136 5221 1476 5296 ἠλαττωμένον
1514 5224 1764 5301 βλέπομεν

166 5305 388 5374 Ἰησοῦν,
419 5306 507 5364 διά
530 5311 590 5365 τὸ
612 5311 824 5385 πάθημα
845 5318 937 5367 τοῦ
964 5312 1179 5367 θανάτου
1212 5311 1328 5388 δόξῃ
1367 5318 1449 5371 καὶ
1472 5325 1591 5391 τιμῇ
1612 5318 1764 5374 έστε-

164 5402 740 5475 φανωμένον-σαφῶς
760 5399 952 5463 δεικνὺς
972 5399 1051 5457 ὅτι
1068 5410 1259 5463 Ἰησοῦς
1286 5398 1548 5481 ἄνθρωπος
1568 5411 1685 5483 περὶ
1707 5404 1765 5463 οὗ

163 5491 190 5547 6
210 5492 468 5573 μακάριός
490 5514 615 5565 φησι
643 5492 799 5549 Aeneid
826 5493 1218 5565 έκπληττόμενος
1243 5491 1322 5551 ὅτι
1342 5498 1374 5555 ἡ
1396 5497 1505 5551 θεία
1529 5498 1679 5566 φύσις
1708 5499 1767 5559 ἦν

161 5581 291 5658 ἴσχε
318 5588 442 5642 τότε
463 5588 621 5642 αὐτοῦ
646 5587 956 5644 ποιήσασθαι
974 5591 1172 5660 μνήμην
1195 5586 1341 5659 (sic)'
1364 5591 1448 5643 καὶ
1473 5587 1536 5649 δή
1550 5592 1634 5645 καὶ
1656 5592 1768 5646 im-

158 5677 388 5748 σκέψεως
407 5679 682 5744 ἀξιώσασα
702 5680 906 5739 οἶκείαςο
931 5679 1116 5752 βραχύ
1247 5702 1299 5736 τι
1323 5681 1462 5757 παρά
1481 5683 1600 5742 τοῦς
1621 5683 1766 5756 ἀγγέ-

153 5761 269 5830 λους
283 5772 441 5828 αἰτόν
459 5770 759 5831 ἠλάττωσαι
776 5767 897 5835 (sic)
914 5774 973 5828 τὸ
988 5773 1275 5834 σείσασθαι
1296 5781 1510 5833 ποιῆσαι
1526 5776 1764 5840 θανάτου,

1876 4574 2012 4631 teste
2026 4574 2219 4630 beatus
2239 4573 2441 4629 indicat
2460 4572 2681 4641 Paulus,
2700 4588 2824 4628 eum
2841 4587 2962 4630 esse
2980 4574 3074 4642 qui
3090 4575 3163 4630 ab
3177 4572 3467 4645 Unigenito

1875 4675 2184 4739 assumptus
2210 4675 2333 4732 est;
2363 4665 2612 4735 inquiens
2640 4664 2993 4740 [δησάμενοι
3031 4667 3175 4722 enim
3217 4667 3464 4743 dixisset)

1875 4759 2240 4816 testimonium
2266 4758 2334 4815 de
2363 4758 2480 4829 ipso
2516 4772 2641 4814 esse
2670 4759 2940 4829 prolatum
2980 4759 3051 4815 ab
3081 4774 3149 4815 eo
3191 4761 3286 4838 qui
3329 4761 3464 4817 dixit

1875 4850 2049 4924 (Psal.
2076 4866 2192 4917 vm,
2212 4847 2567 4921 6seq.):Quid
2592 4856 2669 4904 est
2691 4849 2844 4905 homo
2864 4849 3001 4923 quod
3036 4866 3233 4906 memor
3250 4867 3306 4906 es
3325 4852 3461 4922 ejus,

1872 4952 1963 4997 aut
1983 4943 2124 5014 ﬁlius
2152 4942 2396 5007 hominis,
2418 4941 2542 5013 quia
2569 4941 2868 4997 consideras
2891 4958 3009 4996 eum
3026 4941 3051 4995 1’
3071 4939 3311 4996 Minuisti
3344 4959 3462 4998 eum

1868 5033 2026 5103 paulo
2046 5034 2217 5087 minus
2230 5030 2295 5084 ab
2315 5031 2542 5104 angelis;
2564 5032 2733 5103 gloria
2752 5041 2802 5086 et
2823 5032 3018 5087 honore
3037 5032 3301 5087 coronasti
3320 5048 3460 5101 eum,

1868 5140 1920 5186 et
1938 5129 2249 5186 constituisti
2265 5144 2382 5184 eum
2398 5145 2554 5198 super
2572 5146 2731 5201 opera
2750 5146 2999 5185 manuum
3019 5139 3226 5184 tuarum
3237 5147 3255 5193 ;
3280 5131 3459 5185 omnia

1870 5223 2132 5295 subjecisti
2182 5222 2275 5276 sub
2302 5220 2521 5293 pedibus
2571 5221 2704 5293 ejus,
2735 5223 2816 5278 sic
2848 5223 3022 5293 pergit
3046 5220 3236 5293 (Hebr.
3266 5236 3324 5286 ιι.
3357 5220 3455 5294 9):

1873 5313 2194 5370 Ninoratum
2215 5330 2332 5369 vero
2351 5313 2509 5385 paulo
2527 5314 2700 5369 minus
2716 5312 2784 5368 ab
2802 5312 3005 5384 angelis
3025 5311 3254 5367 videmus
3273 5310 3457 5369 lerunt

1865 5416 2079 5481 propter
2103 5392 2399 5478 passionem
2412 5406 2619 5472 mortis,
2631 5405 2803 5478 gloria
2820 5416 2870 5461 et
2891 5405 3086 5461 honore
3104 5414 3409 5463 coronatum
3434 5421 3455 5462 :

1866 5499 2148 5555 evidenter
2174 5498 2454 5555 declarans
2471 5497 2655 5555 desum
2674 5513 2801 5555 eum
2821 5496 3097 5554 hominem
3117 5511 3240 5553 esse
3258 5496 3327 5552 do
3343 5511 3459 5566 quo

1864 5600 2084 5648 sanctus
2114 5591 2347 5662 loquitur
2371 5589 2538 5647 David
2565 5598 2788 5663 stupore
2813 5589 3057 5657 allectus,
3086 5588 3235 5660 quod
3260 5587 3456 5645 divina

1865 5697 2028 5752 quam
2069 5683 2301 5739 habebat
2347 5689 2553 5738 natura:
2599 5681 2674 5738 ibi
2718 5682 2924 5740 mentio
2970 5681 3113 5738 facta
3158 5687 3345 5748 esset;
3393 5686 3455 5738 et

1870 5775 2014 5847 quod
2041 5778 2255 5843 propria
2306 5778 2479 5843 ipsum
2517 5774 2770 5846 dignatus
2797 5784 2942 5836 esset
2968 5770 3318 5833 visitatione:
3356 5771 3464 5830 nti-
