3952 6392
439 280 550 342 επ
1623 271 1628 276 ’
1821 268 2073 326 ηυιιιυ

2176 269 2352 324 um.
2445 239 2449 244 “
3382 317 3392 326 ,
3609 257 3722 316 ssc

439 404 566 472 δόξῃ
587 397 644 456 δέ
667 397 825 454 αὐτόν
868 399 952 453 καὶ
995 393 1117 470 τιμῇ
1143 395 1288 467 «sic?!
1317 391 1628 468 περιϐοίλιεΐιν⁹
1657 391 1793 446 ὥστε
1821 392 1911 444 καὶ
1935 389 2028 442 κὺ-
2061 403 2073 450 Α

2176 396 2374 443 oratum
2407 402 2533 440 uero
2560 383 2716 454 paulo
2745 383 2937 438 mittar
2945 377 3010 435 ab
3059 378 3282 452 angelis,
3330 376 3460 472 quis

445 461 561 569 pte;
582 493 832 562 ἀποφῆναι
853 495 956 543 τῶν
989 461 1228 541 ἁπάντων
1255 461 1340 540 όεὰ
1365 461 1458 544 τῆς
1496 483 1622 560 πρὸς
1667 481 1846 536 ἔαυτόν
1875 501 2036 536 συναι-

2176 486 2256 532 rat
2281 484 2616 546 gustaturus,
2649 473 2818 545 gloria
2856 485 3021 542 porro
3051 479 3106 524 et
3133 470 3344 524 honore
3367 461 3728 530 circumdari,

445 557 606 658 .96”-
632 597 656 634 ³
681 557 772 635 ἰαί
789 579 934 634 πάλιν
954 579 1005 632 ἓν
1111 575 1350 654 ἔρμηνείᾳ
1371 582 1464 630 τοῦ
1485 557 1663 648 ὀγδόου
1687 573 1894 645 ψαλμοῦ
1916 575 2036 646 περέ

2176 585 2211 624 ιο
2241 578 2302 624 ut
2336 567 2596 623 Dominus
2639 567 2807 621 etiam
2852 561 3278 619 constitueretur
3321 557 3728 620 universorum,

447 679 540 729 τοῦ
576 672 730 726 αὐτοῦ
773 669 930 742 ῥητοῦ
955 667 982 722 6
1008 669 1166 727 αὐτὸς
1209 667 1400 726 ἀσεϐὴς
1435 663 1696 739 Θεόδωρος
1725 663 1857 718 οὕτω
1881 663 2034 734 λέγει’

455 783 473 814 ε
496 764 589 818 Διά
601 767 754 816 τοῦτο
773 763 940 815 τοίνυν
959 765 1050 818 τὴν
1070 761 1158 829 μέν
1175 755 1412 832 διαφορὰν
1426 763 1516 812 τοῦ
1541 776 1595 810 τε
1617 761 1747 810 Θεοῦ
1759 753 1928 824 λόγου,
1951 755 2039 808 καὶ

449 861 536 909 τοῦ
566 851 928 924 ἀναληφθέντος
963 851 1250 922 ἀνθρώπω,
1281 849 1537 904 τοσαύτην
1579 847 1704 916 ἡμῖν
1740 844 1987 901 δείκνυσιν
2012 843 2039 898 6

451 943 668 1014 ψαλμός⁸
712 940 989 1015 διῃρημένα
1026 939 1081 995 δέ
1127 947 1295 995 ταῦτα
1337 941 1384 993 έν
1535 947 1676 1012 καινῇ
1718 937 1926 1012 διαθήκῃ
1963 937 2042 990 εύ-

455 1042 700 1110 ρίσκεται,
723 1041 813 1090 τοῦ
843 1038 931 1106 μὲν
959 1038 1138 1110 κυρίου
1169 1033 1439 1099 ἐφ’έαυτὸν
1464 1031 1810 1101 λαμϐάνοντος
1835 1029 1898 1084 τὰ
1916 1027 2044 1106 πρό-

455 1147 580 1200 τερα
620 1133 708 1180 τοῦ
738 1126 964 1197 ψαλμοῦ,
1014 1126 1065 1178 έν
1117 1121 1190 1184 οἷς
1219 1126 1432 1182 ποιητήν
1466 1142 1522 1177 τε
1563 1123 1714 1176 αὐτόν
1755 1115 1881 1174 εἶναι
1919 1139 2046 1191 φησι

457 1224 548 1278 τῆς
571 1217 686 1270 κτέσ
711 1236 802 1278 ως,
829 1218 912 1269 ναὶ
941 1215 1220 1286 ἐπηρμένην
1248 1211 1280 1266 ἒ
1283 1233 1398 1282 χειν
1427 1212 1663 1286 ὑπεράνω
1690 1217 1791 1266 τῶν
1827 1213 2048 1286 οὕρανῶν

458 1311 548 1365 τήν
592 1307 1054 1380 μεγαλοπρέπειαν,
1081 1307 1162 1360 καὶ
1205 1305 1665 1373 τεθαυμασῖῶσθαι
1707 1302 1758 1356 έν
1800 1303 1946 1371 πάσῃ
1982 1307 2048 1374 τῇ

459 1407 545 1473 γῇ⁸
576 1406 668 1456 τοῦ
696 1397 750 1454 δέ
778 1398 1066 1453 ἀποστόλου
1090 1395 1158 1454 τεὶ
1185 1395 1402 1472 δεύτερα
1431 1397 1496 1452 τὰ
1513 1397 1642 1471 ’περὶ
1665 1400 1757 1449 τοῦ
1783 1395 2048 1473 ἀνθρώπου

461 1499 552 1550 τῆς
591 1489 850 1550 τοσαύτης
895 1490 1192 1564 εὐεργεσίας
1231 1488 1622 1551 καταξιωθέντος
1652 1486 1737 1539 έπι
1763 1489 1857 1540 τοῦ
1882 1485 2049 1542 Ἰησοῦ

2135 661 2208 717 ob
2252 675 2407 716 suam
2452 674 2578 715 cum
2627 658 2746 729 ipso
2792 653 3258 724 coniunctionem.
3304 649 3374 704 Et
3419 650 3622 706 iterum
3672 645 3732 702 in

2136 749 2477 821 expositione
2501 747 2680 804 octavi
2709 747 2900 818 psalmi
2951 744 3021 801 de
3059 743 3253 800 eodem
3284 741 3483 814 prolati
3529 739 3736 812 impius

2139 841 2281 897 idem
2308 839 2627 894 Theodorus
2651 837 2768 892 inme
2794 836 2991 890 habet:
3023 853 3041 886 ε
3065 833 3194 889 ideo
3215 845 3348 901 ergo
3370 831 3737 888 diiierentiam

2140 931 2360 1002 quidem
2390 930 2487 986 Dei
2515 928 2698 992 Verbi,
2746 934 2802 982 et
2842 927 2911 982 ab
2958 926 3076 996 ipso
3115 925 3321 995 recepti
3349 923 3586 980 hominis
3615 930 3744 977 tan-

2142 1032 2254 1078 tam
2281 1022 2440 1078 nobis
2463 1020 2700 1076 ostendit
2729 1020 2818 1074 hic
2855 1018 3116 1088 psalmus.
3170 1017 3348 1071 Divisa
3375 1030 3508 1072 vero
3533 1015 3653 1070 hzec
3681 1014 3738 1070 in

2143 1111 2298 1168 Novo
2343 1110 2693 1167 Testamento
2735 1108 3100 1178 reperiuntur,
3151 1106 3385 1162 Domine
3429 1104 3655 1176 quidem
3685 1105 3746 1160 in

2145 1219 2208 1260 se
2245 1203 2549 1272 accipiente
2573 1199 2870 1272 primordia
2895 1199 3109 1270 psalmi,
3161 1198 3214 1253 in
3252 1197 3445 1268 quibus
3472 1195 3745 1252 factorem

2147 1311 2272 1352 eum
2299 1293 2433 1350 dicit
2459 1307 2583 1348 esse
2609 1299 2895 1355 creatum,
2937 1297 2996 1346 et
3035 1290 3306 1346 elevatam
3337 1288 3540 1343 habere
3577 1302 3749 1358 super

2148 1385 2314 1441 emlos
2343 1382 2814 1452 magnificentiam,
2869 1391 2928 1436 et
2973 1379 3250 1437 ruiriilcari
3296 1379 3351 1434 in
3393 1379 3541 1436 omni
3574 1385 3746 1435 terra.

2153 1474 2418 1546 Apostolo
2439 1483 2619 1529 autem
2644 1473 2872 1542 reliqua,
2913 1485 3034 1544 quae
3075 1470 3145 1527 de
3191 1469 3415 1526 homine
3459 1478 3609 1536 sunt,
3649 1467 3749 1538 qui

463 1580 830 1652 λαμϐάνοντος,
874 1559 990 1639 πῶς
1025 1580 1083 1634 ού
1125 1577 1374 1653 πρόδηλον
1423 1575 1501 1634 ὅτι
1525 1578 1694 1650 ἕτερον
1732 1579 1824 1648 μέν
1859 1578 1997 1649 ἡμᾶς
2019 1577 2054 1635 ἦ

2176 1567 2474 1623 beneﬁcium
2501 1565 2726 1620 meritus
2753 1571 2858 1630 est,
2875 1561 2944 1618 de
2965 1560 3094 1618 Jesu
3117 1560 3435 1631 accipiente,
3469 1559 3751 1630 quomodo

465 1650 573 1726 θεέα
597 1677 760 1749 γραφή
799 1667 1024 1725 διδάσκει
1061 1650 1233 1742 σαφοῦς
1263 1665 1389 1723 εἶναι
1422 1671 1510 1723 τόν
1535 1670 1662 1723 Θεὸν
1696 1669 1862 1742 λόγον,
1882 1668 2055 1743 ἕτερον

2176 1673 2266 1712 ton
2295 1655 2658 1720 manifestum,
2689 1653 2836 1724 quod
2866 1653 3094 1709 alterum
3124 1652 3340 1724 quidem
3381 1651 3566 1707 divina
3593 1650 3753 1708 Scri-

467 1758 521 1814 δέ
545 1763 630 1815 τὸν
655 1758 940 1837 ἄνθρωπονς
975 1761 1160 1820 πολλήν
1196 1781 1252 1816 τε
1283 1762 1447 1816 αὐτῶν
1474 1755 1629 1816 οὖσαν
1658 1757 1912 1816 δεέκνυσυ
1937 1762 2056 1831 ἧμῖν

2176 1757 2317 1818 ρειιτο
2343 1746 2502 1802 docet
2529 1745 2808 1801 evidenter
2845 1759 2968 1800 esse
3009 1744 3178 1799 Deum
3207 1742 3470 1811 Verbum,
3517 1742 3754 1800 alterum

469 1859 558 1911 τήν
584 1851 705 1922 διαφ
733 1854 846 1927 ραν.
883 1863 938 1906 '0
971 1855 1062 1922 μέν
1094 1854 1196 1926 γὰρ
1226 1854 1543 1923 μνημονεύει,
1581 1851 1610 1907 6
1639 1850 1694 1907 δέ
1729 1860 1824 1914 τῆς
1859 1855 2058 1924 μνήμης

469 1943 816 2005 καταξιοῦται·
859 1945 946 1995 καὶ
986 1941 1012 1996 6
1045 1944 1134 2012 μέν
1179 1943 1576 2008 έπισκέπττται,
1606 1942 1634 1996 ό
1662 1940 1718 1997 δέ
1749 1945 1834 1997 καὶ
1864 1944 2060 2003 ταύτης

472 2033 855 2102 medicum»;
883 2035 1242 2105 μακαρέζεταε·
1272 2035 1360 2086 και
1387 2032 1414 2088 ό
1443 2034 1534 2104 μέν
1567 2034 1839 2108 εὐεργετῶν
1861 2034 2062 2090 έλαττοῖ

473 2123 653 2196 βραχύ
689 2143 743 2176 τε
786 2123 910 2198 παρ’
930 2124 1178 2194 ἀγγέλους
1197 2163 1211 2184 ,
1243 2121 1270 2178 6
1300 2120 1358 2177 δέ
1385 2124 1718 2198 εὐεργετεῖταε
1743 2125 1828 2177 καὶ
1878 2124 1963 2179 ἐπὶ
1997 2129 2062 2198 τῇ

473 2215 684 2284 τοιαύτῃ
709 2213 999 2268 έλαττὼσει⁶
1031 2215 1117 2267 καὶ
1143 2211 1170 2268 6
1199 2215 1292 2284 μέν
1327 2212 1446 2288 δόξῃ
1469 2217 1554 2268 καὶ
1579 2223 1702 2288 τιμῇ
1745 2223 2003 2289 στεφανοῖ,
2035 2214 2062 2272 6

474 2301 528 2360 δέ
556 2311 908 2376 στεφανοῦται,
950 2307 1036 2359 καὶ
1067 2305 1156 2359 iul
1184 2307 1386 2366 τούτοις
1426 2309 1786 2381 μακαρίζεται’
1811 2309 1898 2362 καὶ
1923 2305 1951 2362 6
1973 2309 2066 2381 μέν

475 2397 786 2455 κατέστησεν
815 2397 970 2450 αὑτὸν
991 2397 1080 2452 έπέ
1097 2397 1268 2452 πάντα
1287 2397 1356 2453 τὰ
1383 2394 1511 2472 ἔργα
1533 2406 1637 2452 τῶν
1665 2404 1857 2474 χειρῶν
1883 2399 2063 2466 αὑτοῦ,

477 2489 562 2540 καὶ
603 2489 776 2542 πάντα
817 2487 1066 2552 ὑπέταξεν
1107 2487 1350 2543 ὑποκάτω
1387 2496 1490 2544 τῶν
1529 2486 1701 2544 ποδῶν
1727 2491 1890 2545 αὑτοῦ
1910 2530 1923 2551 ,
1953 2489 1980 2544 6
2012 2487 2067 2545 δέ

477 2577 758 2640 κατηξιώθη
781 2581 871 2631 τοῦ
901 2573 1172 2641 δεσπόζειν
1192 2578 1412 2644 τούτων,
1438 2572 1506 2633 ὧν
1525 2577 1778 2654 πρότερον
1805 2581 1898 2635 ούκ
1927 2575 2071 2652 εἶχεν

480 2670 573 2725 τήν
601 2667 850 2729 ἐξουσίαν.
886 2681 906 2716 ε

553 2759 648 2812 Καὶ
691 2762 860 2812 ταῦτα
907 2759 1002 2828 μέν
1039 2756 1070 2813 ὃ
1105 2759 1302 2820 ἀσεϐής
1345 2757 1638 2834 Θεόδωρος,
1675 2765 1758 2817 καὶ
1793 2763 1824 2822 :6
1862 2767 2074 2839 μυσαρὰ

481 2849 640 2904 deuiam
695 2847 930 2906 έπιοτολή
971 2847 1336 2921 βλασφημοῦσι
1383 2859 1608 2926 φανερῶς
1650 2851 1882 2926 λέγοντες
1929 2851 2073 2909 ἄλλον

483 2933 612 2994 εἶναι
647 2939 734 2994 τόν
773 2939 898 2994 Θεὸν
939 2937 1110 3012 λόγον,
1136 2943 1224 2996 καὶ
1269 2937 1414 2996 ἄλλον
1459 2944 1548 2998 τὶν
1595 2944 1845 3019 Χριστὸν,
1872 2942 1948 3006 οἷς
1990 2949 2075 3002 καὶ

484 3027 635 3096 ὑμεῖς
659 3028 1043 3092 ἀκολουθοῦντες
1083 3035 1460 3107 γεγραφήκατε,
1498 3032 1578 3091 ὅτε
1603 3037 1662 3092 τὸ
1679 3078 1694 3102 ,
1728 3053 1749 3088 ε
1768 3039 2076 3102 ἠλάττωσας

2157 1853 2290 1895 vero
2316 1837 2623 1892 hominem?
2661 1843 2719 1891 et
2741 1835 2966 1890 multam
2997 1847 3187 1890 eorum
3215 1832 3373 1888 nobis
3401 1846 3525 1890 esse
3561 1839 3754 1889 osten-

2156 1929 2238 1986 dit
2261 1926 2642 1984 diﬂ'erentiam.
2672 1923 2807 1980 Nam
2837 1925 2941 1980 iste
2965 1923 3184 1994 quidem
3202 1929 3492 1989 memorat,
3521 1919 3616 1978 ille
3644 1936 3753 1977 au-

2157 2036 2270 2084 tem
2310 2025 2630 2082 memoriam
2677 2031 3082 2090 eommeretur;
3130 2022 3236 2079 iste
3280 2022 3501 2094 quidem
3541 2021 3754 2090 visitant,

2160 2117 2299 2173 alter
2323 2123 2506 2172 autem
2544 2113 2910 2170 visitationem
2939 2127 3064 2168 eam
3093 2119 3480 2178 commeretur,
3528 2112 3758 2169 beatus—

2161 2221 2270 2278 que
2293 2205 2534 2272 dicitur;
2579 2213 2639 2260 et
2684 2205 2787 2260 iste
2813 2202 3034 2275 quidem
3060 2202 3382 2260 beneﬁcium
3417 2202 3600 2260 dando
3650 2203 3758 2258 mi-

2163 2296 2282 2352 nuit
2307 2295 2472 2366 paulo
2497 2294 2678 2350 minus
2699 2293 2770 2350 ab
2795 2293 3025 2364 angelis.
3056 2293 3148 2349 ille
3173 2301 3355 2349 autem
3381 2300 3439 2350 et
3457 2307 3557 2364 per
3585 2293 3757 2350 talem

2164 2386 2522 2444 minutionem
2547 2384 2869 2442 beneﬁcium
2911 2385 3148 2456 accipit;
3177 2394 3236 2442 et
3261 2386 3364 2442 iste
3385 2385 3608 2457 quidem
3635 2385 3760 2457 glo-

2165 2479 2246 2536 ria
2295 2487 2354 2534 et
2390 2479 2604 2535 honore
2649 2485 2902 2548 comunt,
2946 2477 3088 2534 alter
3123 2486 3304 2534 autem
3347 2486 3666 2547 coronatur,
3703 2486 3762 2535 et

2166 2578 2461 2642 propterea
2487 2569 2684 2626 beatus
2709 2569 2946 2636 dicitur;
2993 2576 3051 2625 et
3076 2569 3182 2626 iste
3213 2569 3432 2640 quidem
3476 2571 3763 2626 constituit

2170 2661 2344 2732 ipsum
2370 2674 2538 2732 super
2564 2659 2748 2717 omnia
2791 2674 2960 2731 opera
2986 2673 3241 2715 unaunam
3285 2659 3424 2728 ejus,
3471 2660 3766 2729 omniaque

2171 2745 2406 2824 subjecit
2442 2752 2544 2808 sub
2583 2752 2812 2824 pedibus
2855 2751 2996 2822 eius,
3036 2751 3178 2808 alter
3205 2761 3386 2807 autem
3421 2751 3648 2806 meritus
3675 2760 3764 2806 est

2173 2845 2440 2904 dominari
2459 2843 2539 2902 eis
2561 2859 2792 2915 quorum
2812 2852 2972 2900 antea
2997 2859 3106 2900 non
3127 2844 3360 2901 habebat
3381 2851 3766 2916 potestatem:

2175 2936 2447 2993 Hactenus
2493 2935 2692 3006 impius
2717 2933 3058 3003 Theodorus,
3103 2935 3356 2992 similiter
3400 2943 3565 3006 atque
3609 2951 3771 2992 esse-

2177 3027 2395 3086 crabilis
2421 3025 2655 3098 epistola
2677 3025 3059 3098 blasphemant
3089 3035 3279 3098 aperte
3303 3027 3467 3083 alium
3499 3027 3598 3083 Dei
3629 3027 3770 3084 V'er-

485 3119 642 3174 ειύτξν
665 3119 848 3194 βραχύ
877 3141 929 3176 τι
961 3120 1090 3195 παρ’
1115 3123 1376 3196 ἀγγέλους,
1411 3142 1431 3177 ε
1457 3128 1578 3202 περὶ
1598 3128 1882 3205 ἀνθρώπου,
1912 3131 1998 3185 καὶ
2022 3132 2073 3186 ού

2177 3119 2306 3174 hum
2333 3133 2484 3190 esse,
2526 3119 2690 3174 alium
2720 3133 2851 3176 vero
2891 3118 3200 3186 Christum;
3242 3135 3382 3190 quos
3425 3135 3524 3175 vos
3567 3121 3766 3188 secuti,

484 3215 606 3286 περὶ
631 3217 724 3268 τοῦ
751 3214 1097 3290 σαρκωθέντος
1122 3223 1252 3272 Θεοῦ
1275 3217 1424 3289 λόγου
1461 3216 1679 3298 εἴρηταιο
1707 3224 1788 3276 καί
1810 3243 1891 3278 τοι
1915 3225 1936 3278 έ
1942 3232 2079 3298 χρῆν

485 3303 624 3377 ὑμᾶς
651 3313 810 3370 νοεῖν,
841 3303 920 3362 ὅτι
940 3312 1048 3370 πᾶς
1073 3305 1337 3386 ἅνθρωπος
1380 3311 1600 3367 έλάττων
1623 3313 1763 3370 ἐστὶν
1792 3323 1893 3370 τῶν
1919 3319 2078 3389 ἀγγέ-

486 3394 604 3464 λων,
636 3397 762 3454 ἀλλὰ
785 3404 942 3454 τοῦτο
969 3396 1168 3474 εἴρηται
1193 3398 1279 3456 διὰ
1303 3401 1390 3456 τόν
1415 3411 1654 3474 μονογενῆ
1679 3404 1786 3459 υιόν
1810 3412 1903 3462 τοῦ
1924 3414 2076 3462 Θεοῦ.

487 3489 615 3548 Θεός
665 3488 765 3562 γὰρ
807 3485 874 3542 ὧν
921 3489 1130 3551 ἠξίωσεν
1179 3486 1444 3565 ἄνθρωπος
1468 3494 1703 3565 γενέσθαι
1744 3503 1808 3567 τῇ
1857 3497 2082 3574 ἡμετέρᾳ

487 3578 906 3650 συγκαταϐαίνων
953 3579 1218 3654 ἁσθενείαο
1257 3577 1387 3654 ὅπερ
1442 3585 1530 3636 καὶ
1560 3582 1588 3638 6
1619 3585 1905 3647 ἀπόστολος
1944 3589 2082 3660 ἡμᾶς

489 3665 719 3724 διδάσκει
737 3666 916 3738 λέγων,
942 3683 964 3718 ε
991 3667 1079 3723 τόν
1099 3665 1154 3723 δέ
1171 3667 1357 3740 βραχύ
1381 3691 1434 3725 τι
1448 3668 1572 3747 παρ’
1590 3673 1835 3745 ἀγγέλους
1855 3675 2084 3734 uim-rm-

492 3760 639 3827 μένον
657 3758 908 3829 βλέπομεν
949 3754 1166 3824 Ἰησοῦν,
1193 3757 1278 3816 διὰ
1303 3762 1362 3816 τὸ
1390 3763 1596 3833 πάθημα
1615 3770 1704 3819 τοῦ
1727 3765 1944 3822 θανάτου
1965 3766 2082 3840 δόξῃ

493 3852 572 3905 καὶ
609 3857 732 3925 τιμῇ
778 3851 1194 3922 ἐστεφανωμένον.
1219 3870 1238 3903 ι
1257 3843 1328 3907 Ἐἰ
1362 3857 1550 3922 τοίνυν,
1587 3857 1658 3918 ὥς
1705 3857 1854 3930 ὑμεῖς
1891 3860 2082 3934 λέγετε,

493 3935 636 4000 ἄλλος
673 3940 812 3995 ἐστὶν
857 3945 1052 4001 Ἰησοῦς
1095 3939 1122 3995 ὃ
1161 3941 1348 4016 βραχῦ
1369 3965 1423 4000 τι
1447 3945 1822 4025 παρ’ἆγγέλους
1847 3951 2086 4010 ἠλαττω-

493 4033 672 4102 μένος,
695 4035 785 4087 καὶ
827 4029 976 4094 ἄλλος
1017 4033 1048 4088 6
1085 4039 1180 4090 τοῦ
1227 4041 1354 4090 Θεοῦ
1387 4037 1539 4110 λόγος
1581 4037 1607 4093 6
1653 4044 1724 4112 μή
1764 4041 2080 4110 έλαττωθείς,

492 4124 842 4197 ἀναμφιϐόλως
867 4123 894 4180 ό
915 4127 1132 4203 Χριστός
1158 4124 1307 4196 ψιλός
1337 4129 1476 4183 ἐστιν
1504 4126 1768 4206 ἅνθρωπος
1796 4132 1822 4188 6
1847 4136 1904 4189 τὸ
1927 4136 2085 4197 πάθος

495 4213 798 4284 ὑπομείνας,
829 4216 970 4270 ὥστε
995 4215 1101 4270 καθ’
1119 4216 1260 4286 ὑμᾶς
1283 4219 1370 4271 καὶ
1391 4219 1481 4274 τόν
1504 4219 1784 4276 ἀπόστολον
1805 4223 2088 4293 ψεύδεσθαι

494 4302 724 4376 λέγοντα,
753 4321 772 4355 ε
800 4307 858 4358 El
878 4307 984 4379 γάρ
1009 4302 1274 4376 ἔγνωσαν,
1299 4309 1388 4362 οὐκ
1421 4303 1482 4363 ἂν
1507 4309 1594 4365 τόν
1621 4313 1792 4388 κύριον
1824 4322 1918 4377 τῆς
1942 4313 2090 4380 δόξης

499 4395 862 4472 έσταύρωσαν.
883 4414 903 4449 ε
931 4401 1022 4458 τίς
1061 4399 1160 4476 γάρ
1187 4399 1326 4456 ἐστιν
1361 4400 1390 4455 ὃ
1417 4399 1592 4474 κύριος
1620 4412 1713 4467 τῆς
1749 4403 1914 4472 δόξης,
1947 4409 1992 4462 εἰ
2015 4411 2087 4480 μή

2180 3223 2386 3292 pariter
2411 3221 2702 3292 scripsistis
2746 3219 2926 3276 locum
2955 3220 3106 3276 illum
3133 3261 3151 3290 ,
3189 3219 3430 3276 Miuuisti
3457 3237 3573 3276 eum
3610 3223 3772 3293 paulo

2178 3315 2352 3370 minus
2377 3313 2442 3370 ab
2469 3315 2693 3386 angelis,
2716 3313 2786 3370 de
2809 3312 3066 3379 homine,
3097 3313 3320 3370 minime
3347 3322 3530 3370 autem
3559 3315 3630 3370 de
3659 3315 3773 3372 Deo

2185 3402 2362 3460 Verbo
2400 3404 2684 3459 incarnato
2725 3417 2848 3460 esse
2884 3402 3178 3476 prolatum.
3227 3401 3527 3475 Oportebat
3568 3415 3774 3473 autem,

2181 3503 2242 3550 ut
2267 3493 2641 3564 intelligeretis
2686 3507 2904 3549 omnem
2952 3493 3230 3550 hominem
3277 3494 3482 3564 angelis
3510 3509 3634 3550 esse
3670 3495 3775 3550 mi-

2183 3599 2392 3650 norem,
2422 3583 2520 3640 sed
2548 3583 2603 3639 id
2630 3584 2700 3640 de
2729 3583 3009 3656 unigenito
3035 3583 3148 3640 Deo
3183 3584 3366 3642 Verbo
3395 3584 3600 3642 dictum
3632 3601 3778 3660 esse,

2182 3675 2274 3745 qui
2299 3673 2441 3732 Deus
2459 3675 2697 3732 existens
2729 3675 2982 3743 dignatus
3026 3683 3110 3732 est
3147 3675 3315 3732 homo
3345 3676 3484 3746 ileri,
3531 3687 3776 3736 nostram

2183 3767 2286 3824 sibi
2312 3767 2647 3839 coniungens
2674 3767 3064 3835 inﬁmitatem,
3093 3769 3240 3840 quod
3277 3768 3438 3826 docet
3477 3769 3599 3842 ipse
3630 3771 3778 3842 Apo-

2183 3859 2355 3916 stolus
2382 3861 2604 3916 dicens:
2634 3859 2957 3916 Minor-ctum
2994 3861 3150 3932 paulo
3189 3863 3359 3917 minus
3382 3861 3446 3917 ab
3469 3865 3677 3936 angelis
3702 3866 3778 3920 oi-

2186 3949 2364 4006 demus
2385 3950 2564 4006 Jesum
2591 3968 2684 4021 per
2714 3953 3013 4022 passionem
3039 3955 3242 4021 mortis,
3288 3953 3460 4026 gloria
3496 3964 3550 4010 et
3585 3955 3782 4012 honore

2189 4052 2517 4102 coronatum.
2567 4043 2626 4101 Si
2653 4045 2860 4116 itaque,
2901 4055 2964 4102 ut
2988 4055 3168 4103 vestra
3197 4054 3283 4102 est
3309 4048 3600 4116 sententia,
3647 4050 3784 4104 alius

2189 4143 2277 4192 est
2302 4135 2462 4192 Jesus
2488 4135 2651 4201 paulo
2689 4136 2868 4192 minus
2912 4138 2981 4193 ab
3020 4135 3228 4207 angelis
3272 4137 3596 4203 minoratus,
3647 4141 3786 4196 alius

2189 4236 2373 4284 autem
2398 4229 2545 4284 Deus
2578 4227 2818 4284 Verbum
2847 4243 2958 4284 non
2984 4228 3343 4297 minoratum,
3386 4229 3579 4300 procul
3617 4229 3786 4285 dubio

2188 4333 2357 4390 purus
2393 4318 2561 4375 homo
2589 4328 2694 4386 est,
2737 4319 2830 4390 qui
2857 4319 3166 4391 passionem
3211 4319 3484 4388 sustinuit,
3515 4319 3786 4385 Christus,

2191 4409 2530 4480 mendasque
2573 4409 2714 4467 adeo
2747 4408 2806 4465 ﬁt
2854 4427 2887 4468 a
2914 4413 3071 4468 vobis
3095 4411 3390 4482 Apostolus
3435 4411 3623 4469 dicens
3661 4431 3677 4468 τ
3727 4414 3789 4468 Si
3813 4430 3829 4445 ο

499 4487 528 4544 6
549 4490 672 4551 Θεὸς
694 4489 841 4561 λόγος
871 4490 899 4545 ό
919 4493 1203 4566 σαρκωθεὶς
1217 4533 1232 4558 ,
1259 4490 1312 4548 ὃν
1333 4495 1379 4550 οἰ
1398 4493 1623 4552 Ἰουδαῖοι
1645 4500 1764 4555 Θεὸν
1787 4497 1910 4556 εἶναι
1937 4503 2073 4575 ἆγνο·

2187 4508 2560 4580 cognovissent,
2589 4524 2853 4580 nunquam
2881 4507 3164 4564 Dominum
3194 4509 3376 4581 gloria:
3395 4509 3790 4576 ancilia-issent

502 4587 676 4643 οῦντες
723 4578 917 4652 ἔλεγον,
943 4598 964 4633 ε
997 4586 1141 4638 Arari
1173 4586 1241 4640 σὺ
1269 4583 1534 4660 ἄνθρωπος
1561 4587 1630 4644 ὢν
1665 4599 1834 4653 ποιεῖς
1875 4595 2090 4650 σεαυτὸν

500 4671 651 4734 Θεόν;
672 4691 694 4723 ε
710 4668 874 4746 ὀπερ
897 4674 984 4726 καὶ
1003 4673 1034 4726 ὁ
1053 4673 1300 4750 ὑμέτερος
1320 4675 1618 4740 διδάσκαλος
1637 4679 1722 4738 διὰ
1741 4690 1833 4743 τῆς
1856 4690 2087 4759 πονηρᾶς

503 4767 695 4826 ταύτης
741 4764 1007 4840 έρμηνείας
1045 4774 1150 4828 τοῖς
1189 4766 1460 4831 Ἰουδαίοις
1497 4773 1684 4844 μᾶλλον
1718 4769 2085 4846 ἀκολουθήσας,

504 4858 765 4914 κατέναντι
788 4860 883 4913 τοῦ
911 4864 1037 4912 Θεοῦ
1059 4861 1202 4932 ἡμῶν
1221 4861 1482 4922 ἐλάλησεν.

573 5142 700 5216 Πρὸς
728 5140 782 5198 δέ
811 5143 1088 5216 βεϐαίωσιν
1115 5151 1217 5200 τῶν
1249 5145 1511 5222 ὑμετέρων
1545 5145 1703 5216 λόγων
1745 5150 2092 5224 προσεθήκατε

505 5241 614 5294 τοῖς
641 5234 925 5306 κεφαλαίοις
957 5235 1118 5306 ,ὑμῶν
1157 5235 1383 5304 λέγοντες
1425 5239 1482 5289 τό
1523 5239 1778 5310 εἰρημένον
1824 5231 1970 5316 παρὰ
2005 5247 2098 5294 τοῦ

505 5322 794 5380 ἀποστόλου
827 5344 846 5376 ε
877 5323 930 5384 6;
959 5327 1010 5380 έν
1033 5333 1201 5400 μορφῇ
1223 5332 1351 5380 Θεοῦ
1375 5328 1634 5403 ὑπάρχων
1661 5330 1898 5384 ἐκένωσεν
1925 5329 2098 5386 ἑαυτὸν

508 5421 700 5490 μομφήν
738 5415 918 5473 δούλου
953 5417 1122 5472 λαϐὼν
1150 5435 1170 5468 ε
1196 5414 1436 5492 συνᾴδειν
1565 5419 1790 5494 ὑμετέρᾳ
1832 5420 2100 5494 ἑρμηνείᾳ,

509 5512 596 5563 καὶ
621 5514 690 5578 μή
711 5511 832 5579 περὶ
856 5515 946 5562 τοῦ
971 5516 1102 5564 Θεοῦ
1124 5511 1278 5582 λόγου
1307 5513 1671 5588 σαρκωθέντος,
1701 5513 1828 5568 ἀλλὰ
1855 5517 1976 5586 περὶ
2009 5515 2103 5569 ἀνι

508 5602 713 5668 ὗρόιπου
741 5601 885 5672 μόνον
912 5604 1156 5675 ε’ρῆσθειι.
1185 5601 1326 5658 Ἀλλὰ
1349 5607 1395 5658 sl
1421 5606 1504 5660 καὶ
1541 5605 1692 5676 ὑμεῖς
1727 5613 1790 5680 τῇ
1827 5612 1927 5661 τῶν
1951 5605 2098 5681 αἶρε·

515 5699 664 5746 σηκῶν
696 5694 779 5744 καὶ
799 5692 849 5742 έν
868 5693 1034 5760 τούτῳ
1057 5693 1448 5754 ἀκολουθοῐντες
1479 5695 1656 5768 πλάνῃ,
1689 5699 1809 5768 περὶ
1830 5697 2097 5766 ἀνθρώπου

508 5785 596 5836 αόν
641 5781 916 5837 ἀπόστολον
961 5783 1208 5858 εἴρηκέναι
1253 5782 1696 5853 διαϐεϐαιοῦσθαι,
1737 5783 1814 5840 ὅτι
1857 5785 2098 5840 ἐκένωσεν

2199 4597 2256 4669 (Ι
2275 4599 2398 4654 Cor.
2431 4616 2487 4663 ιι,
2526 4599 2605 4672 8).
2645 4597 2778 4667 Quis
2822 4601 2968 4656 enim
3017 4600 3279 4656 Dominus
3325 4608 3412 4656 est
3452 4599 3644 4668 gloria:
3690 4601 3793 4658 nisi

2195 4689 2338 4746 Deus
2361 4689 2596 4746 Verbum
2643 4692 2999 4754 incarnatum,
3051 4705 3212 4761 quem
3240 4690 3411 4746 Judzei
3452 4691 3628 4747 Deutn
3673 4708 3794 4749 esse

2195 4788 2456 4850 negantes
2485 4781 2840 4852 increpabant
2866 4781 3011 4839 :Cur
3035 4789 3090 4836 tu
3117 4781 3269 4837 homo
3299 4798 3416 4836 cum
3451 4783 3546 4846 sis,
3579 4785 3720 4856 facis
3747 4793 3795 4839 te

2193 4879 2363 4950 ipsum
2389 4877 2556 4933 Deum
2589 4877 2772 4947 (Joan.
2803 4895 2858 4941 ι,
2886 4877 3024 4948 33)?
3053 4878 3206 4946 Quod
3237 4879 3413 4950 ipsum
3449 4880 3617 4936 etiam
3649 4898 3795 4952 pne-

2197 4979 2390 5040 ceptor
2417 4979 2597 5026 vester
2623 4968 2835 5026 Iudaeos
2862 4971 3024 5041 impia
3053 4986 3118 5028 ea
3151 4971 3604 5044 interpretatione
3641 4990 3800 5031 secu-

2197 5071 2303 5122 tus,
2335 5061 2538 5130 pariter
2565 5069 2907 5117 commentus
2935 5070 3038 5117 est.

2271 5151 2344 5208 Ut
2369 5169 2500 5208 vero
2555 5155 2852 5210 sententias
2903 5155 3185 5225 prtcdictas
3239 5157 3572 5226 argumentis
3600 5157 3803 5214 conﬁr-

2201 5244 2443 5304 maretis,
2475 5243 2677 5300 dictum
2711 5244 2838 5300 illud
2875 5245 3118 5316 Apostnli
3148 5247 3412 5318 capitibus
3441 5250 3640 5304 vestris
3669 5265 3801 5320 pro-

2203 5335 2488 5406 posuistis:
2517 5333 2618 5400 Qui
2645 5355 2758 5392 eum
2787 5341 2841 5393 in
2873 5341 3044 5410 [arma
3074 5339 3174 5394 Dei
3213 5351 3364 5406 esset,
3396 5341 3692 5398 exinauivit
3719 5361 3802 5398 se-

2201 5428 2475 5497 metipsum
2500 5429 2722 5499 formam
2750 5429 2886 5484 servi
2906 5432 3166 5502 accipiens
3195 5431 3416 5504 (Philip.
3443 5449 3498 5494 tt.
3529 5433 3613 5504 7),
3649 5451 3805 5506 egre-

2205 5518 2290 5584 gic
2323 5534 2442 5572 cum
2487 5521 2826 5590 expositione
2870 5531 3046 5576 vestra
3097 5524 3408 5588 convenire,
3462 5541 3528 5580 ac
3570 5543 3682 5582 non
3738 5527 3804 5582 de

2208 5605 2386 5662 Verbo
2416 5608 2526 5663 Deo
2555 5610 2856 5670 incarnato.
2883 5609 2979 5664 sed
3019 5610 3086 5666 de
3114 5628 3250 5683 puro
3279 5613 3499 5669 homine
3525 5614 3708 5671 solum
3736 5615 3804 5670 ibi

2207 5709 2328 5752 esse
2355 5713 2680 5754 sermonem.
2715 5699 2792 5755 Ac
2820 5715 3125 5770 quanquam
3156 5718 3254 5757 vos
3275 5702 3420 5758 circa
3448 5701 3504 5758 id
3534 5704 3702 5759 etiam
3723 5720 3806 5760 se-

2203 5789 2333 5843 ctati
2363 5788 2736 5846 haereticorum
2767 5806 3026 5860 errorem,
3059 5793 3127 5850 de
3182 5793 3399 5852 homine
3453 5801 3805 5857 contendatis
