3952 6386
213 425 312 481 9.97

1423 418 1792 477 JUSTINIANI
1830 417 1970 481 IMP.
2012 417 2366 481 EPISTULA.

3397 448 3504 503 298

208 531 408 608 ἔαυτόν,
439 529 579 604 ὅμως
627 538 758 590 πᾶσι
783 541 886 595 τοῖς
917 533 1200 607 ὸρθοδόξοις
1231 532 1376 595 δῆλόν
1411 537 1582 603 ἔστιν,
1616 537 1643 590 ὁ
1670 537 1804 592 ἁπό-

1939 544 2154 592 ocutum
2184 551 2304 591 esse
2324 535 2642 606 Apostolum
2665 537 2954 610 dicentem,
2985 545 3130 616 quod
3156 556 3508 620 semetrpsum

207 622 386 682 στολος
446 622 604 678 αὐτὸν
657 624 744 678 τὸν
792 625 916 678 Θεὸν
963 623 1108 697 λόγον
1160 624 1344 681 ἔαυτόν
1391 628 1606 682 κενῶσαί
1647 649 1816 699 φησιν,

207 713 380 775 ἐπειδή
431 717 483 770 έν
529 723 697 791 μορφῇ
741 722 870 770 Θεοῦ
899 717 1186 794 ὑπάρχων,
1227 718 1496 774 τουτέστιν
1535 719 1584 773 ἐν
1620 728 1683 794 τῇ
1712 721 1820 796 θείᾳ

206 808 385 880 ούσει,
417 809 637 872 ἠξίωσεν
675 812 871 883 μορφήν
899 805 1083 863 δούλου
1127 807 1317 864 λαϐεῖν·
1363 810 1394 868 ἦ
1439 807 1495 864 δέ
1535 815 1699 884 μορφή
1723 817 1815 866 τοῦ

207 897 392 954 δούλου
420 905 514 960 τήν
541 902 858 975 ἀνθρωπίνην
880 901 1028 973 φύσιν
1059 902 1294 972 σημαίνει
1313 941 1328 963 ,
1358 902 1415 961 ἣν
1451 902 1501 955 έν
1529 909 1594 978 τῇ
1627 905 1818 978 γαστρί

207 998 296 1051 τῆς
323 992 616 1066 παρθένου,
663 995 752 1046 καί
777 992 828 1056 ίξ
865 994 1021 1051 air/ir
1049 999 1112 1066 τῇ
1149 990 1254 1067 ἰδίᾳ
1291 991 1581 1048 ὑποστάσει
1622 991 1648 1048 ὁ
1691 995 1816 1056 Θεὸς

208 1083 356 1155 λόγος
381 1085 599 1142 ἥνωσεν.
641 1087 745 1139 Καί
783 1085 839 1138 οὖ
871 1082 1341 1161 προδιαπλασθέντι
1369 1086 1610 1162 ἀνθρώπῳ
1631 1087 1813 1154 ἦνώεη,

210 1176 434 1251 καθάπερ
462 1177 495 1234 ἡ
513 1179 794 1249 Νεστορίου
825 1179 912 1230 καί
940 1175 1202 1254 Θεοδώρου
1229 1176 1581 1252 παραδέδωκεν
1607 1179 1816 1235 ἀσέϐεια

211 1276 312 1327 τοῖς
359 1267 723 1324 ἀκολουθοῦσιν
751 1270 944 1329 αὐτοῖς.
973 1268 1246 1344 Νεστόριος
1279 1270 1368 1341 μέν
1395 1272 1498 1346 γὰρ
1533 1269 1667 1339 λέγει
1685 1313 1700 1334 ,
1735 1267 1818 1326 ὅτι

213 1363 239 1416 ὁ
265 1364 392 1423 Θεὸς
415 1365 563 1437 λόγος
593 1373 748 1423 συνῆν
777 1373 848 1439 τῷ
875 1365 1124 1440 ἀνθρώπῳ
1152 1371 1227 1438 τῷ
1255 1364 1308 1419 ίκ
1336 1369 1535 1440 Μαρίας
1553 1365 1815 1436 τεχθέντι.

211 1455 475 1532 Θεόδωρος
506 1455 561 1512 δέ
586 1457 720 1530 λέγει
749 1453 873 1528 [ὅτι]
898 1457 1008 1516 ένῆν
1033 1457 1102 1516 ὡς
1130 1457 1259 1518 εἰκός
1282 1463 1356 1527 τῷ
1375 1457 1632 1528 τεχθέντι.

1923 627 2240 692 cxinanivit,
2300 627 2468 683 nihilo
2499 637 2677 685 tamen
2723 633 2902 690 secius
2947 637 3292 708 exploratum
3321 642 3515 695 catho-

1924 717 2042 773 licis
2062 719 2314 774 omnibus
2341 727 2443 786 est,
2477 719 2793 792 Apostolum
2823 724 2891 780 de
2918 725 3035 796 ipso
3077 726 3192 784 Deo
3214 727 3396 786 Verbo
3426 732 3512 787 sui

1924 809 2095 882 ipsius
2119 811 2540 868 exinanitionem
2567 812 2787 882 docere,
2821 817 3074 886 quoniam
3104 835 3229 875 cum
3259 821 3312 876 in
3340 820 3514 879 forma

1922 901 2020 960 Dei
2043 911 2207 969 esset,
2235 901 2288 958 in
2317 903 2497 959 divina
2539 905 2748 961 scilicet
2775 919 2991 976 natura,
3013 909 3262 978 dignatus
3292 921 3378 968 est
3400 911 3514 968 for-

1923 1011 2067 1050 mam
2089 995 2231 1051 servi
2255 994 2529 1066 accipere:
2554 993 2726 1051 forma
2754 1011 2918 1066 porro
2939 1000 3082 1056 servi
3106 1001 3396 1057 humanam
3423 1017 3517 1058 na-

1920 1095 2096 1143 turam
2125 1086 2414 1156 signiﬁcat,
2459 1103 2620 1157 quam
2657 1103 2726 1144 ex
2753 1087 3010 1160 Virginea
3065 1100 3222 1150 utero
3250 1103 3412 1165 atque
3441 1111 3511 1150 ex

1917 1181 2137 1251 propria
2182 1179 2524 1236 subsistentia
2555 1179 2698 1235 Deus
2745 1180 2982 1237 Verbum
3021 1183 3124 1239 sibi
3154 1183 3383 1255 perfecit
3410 1202 3425 1239 :
3456 1193 3516 1241 et

1925 1287 2032 1327 non
2055 1271 2202 1342 prius
2221 1271 2488 1342 plasmato
2509 1271 2716 1327 homini
2738 1273 3075 1331 extrinsecus
3095 1275 3314 1347 adjecit,
3329 1292 3517 1348 quem-
3548 1291 3554 1346 ί

1924 1361 2212 1415 admodum
2243 1361 2404 1430 impia
2433 1360 2667 1418 Nestorii
2694 1359 3074 1435 Theodorique
3101 1367 3380 1438 disciplina
3411 1379 3516 1424 trav

1921 1438 2096 1498 ditum
2121 1450 2228 1519 est.
2251 1441 2435 1515 inquit
2457 1443 2604 1498 enim
2623 1442 2913 1502 NestOrius
2937 1443 3104 1500 Deum
3129 1440 3364 1502 Verbum
3383 1463 3509 1510 esse

1921 1534 2086 1589 simul
2112 1549 2236 1589 cum
2265 1551 2330 1591 eo
2357 1535 2579 1592 homine
2598 1537 2690 1607 qui
2709 1552 2772 1592 ex
2802 1536 2972 1592 Maria
2993 1539 3174 1596 editus
3197 1548 3308 1596 est:
3327 1539 3510 1596 Theo-

214 1639 378 1696 dorus
397 1648 600 1706 autem,
616 1650 762 1709 quoa
782 1638 832 1694 ei
855 1653 922 1694 ex
952 1637 1119 1694 Maria
1146 1638 1292 1695 edito
1315 1637 1512 1706 inerat,
1528 1645 1586 1693 ut
1607 1636 1799 1702 simile,
1840 1629 2230 1706 prenuntiavit.

227 1797 238 1808 ο
284 1731 402 1790 Ὀτι
441 1731 498 1789 δέ
527 1737 762 1810 περὶτοῦ
801 1739 931 1788 Θεοῦ
959 1733 1104 1806 λόγου
1135 1741 1224 1789 τοῦ
1254 1734 1600 1809 σαρκωθέντος
1621 1730 1818 1807 ετρηται

1993 1725 2150 1793 Quod
2193 1734 2375 1782 autem
2421 1726 2492 1782 de
2518 1725 2631 1784 Deo
2658 1727 2839 1786 Verbo
2897 1729 3179 1786 incarnato
3206 1729 3412 1786 dictum
3447 1731 3518 1784 sit

216 1825 306 1886 τὸ,
343 1841 362 1874 t
391 1822 700 1884 ἠλάττωσας
731 1821 886 1880 αῦτὸν
914 1823 1099 1901 βραχύ
1147 1847 1198 1880 τι
1225 1824 1352 1900 παρ’
1378 1824 1652 1897 ἀγγῐλους,
1685 1839 1703 1872 ι
1736 1825 1822 1876 καί

220 1935 239 1968 ε
259 1919 500 1973 ἐκένωσεν
515 1918 697 1974 ἐαυτὶν
712 1925 905 1992 μορφήν
927 1916 1104 1972 δούλου
1119 1919 1310 1982 λαϐὼν,
1333 1935 1352 1969 ι
1379 1920 1464 1972 καί
1483 1919 1534 1980 ἐξ
1555 1913 1714 1972 ἄλλων
1730 1917 1817 1993 μή-

218 2009 392 2079 μὰτων
421 2015 515 2063 τοῦ
554 2009 845 2066 ἀποστόλου
882 2007 1221 2078 διδασκόμεθα
1257 2009 1391 2064 οὕτω
1408 2009 1654 2078 λέγοντος⁶
1691 2023 1708 2056 ι
1731 2017 1818 2064 Γι-

220 2102 435 2154 νώσκετε
459 2101 559 2174 γὰρ
587 2105 680 2158 τήν
709 2101 864 2178 χάριν
885 2105 978 2155 τοῦ
998 2101 1177 2175 κυρίου
1203 2101 1344 2172 ἡμῶν
1368 2096 1537 2158 Ἰησοῦ
1564 2104 1814 2174 Χριστοῦ,

219 2190 296 2246 ὅτι
323 2189 389 2246 δι’
409 2194 547 2264 ἡμᾶς
568 2191 904 2262 έπτώχευσεν
934 2191 1181 2252 πλούσιος
1209 2189 1295 2252 ὢν,
1325 2191 1412 2246 ἵνα
1436 2192 1578 2262 ἡμεῖς
1606 2197 1668 2261 τῇ
1699 2190 1822 2244 ἐκεί·-

222 2303 306 2336 seu
333 2283 579 2358 πτωχείᾳ
607 2281 991 2353 πλςυτὰσωμεν.
1024 2299 1045 2334 ι
1079 2285 1164 2342 τίς
1188 2283 1354 2336 τοίνυν
1374 2281 1614 2352 τολμήσει
1642 2281 1820 2354 λέγειν.

222 2371 298 2428 ὅτι
326 2371 594 2448 ἅνθρωπος
635 2369 884 2434 πλούσιος
925 2370 984 2432 ἧν
1003 2415 1018 2436 ,
1049 2377 1136 2428 καί
1164 2375 1503 2445 ἐπτώχευσεν
1521 2415 1535 2438 ,
1563 2374 1647 2428 ’ἱνα
1687 2375 1824 2444 ἡμᾶς

221 2465 518 2538 «laertia-9;
547 2462 750 2523 Ἐπειδή
789 2461 842 2519 δέ
883 2463 1052 2536 λέγετε
1071 2507 1086 2532 ,
1127 2461 1206 2519 ὅτι
1249 2463 1300 2518 εἴ
1330 2485 1408 2524 τις
1437 2461 1553 2536 εἴπῃ
1581 2466 1701 2544 περί
1733 2470 1821 2520 τοῦ

223 2557 569 2632 σαρκωθέντος
599 2563 728 2611 Θεοῦ
763 2555 918 2628 λόγου
943 2562 1034 2612 τοῦ
1074 2561 1375 2628 μονογενοῦς
1401 2555 1514 2609 υἱοῦ
1549 2562 1640 2610 τοῦ
1669 2561 1821 2620 Θεοῦ,

223 2643 305 2698 ότι
331 2645 487 2705 αὐτὸς
512 2644 796 2711 ἠλαττώθη,
819 2643 849 2704 ἦ
873 2645 1105 2710 ἐκενώθη,
1129 2650 1324 2720 τροπήν
1352 2653 1444 2706 τῆς
1465 2645 1599 2706 θείας
1626 2645 1826 2716 φύσεως

227 2743 358 2788 ποιεί
405 2736 536 2789 κατὰ
565 2740 656 2795 τὴν
681 2733 1026 2813 ’Λπολιναρίου
1053 2738 1314 2804 ἀσέϐειαν,
1343 2735 1373 2796 ἧ
1396 2739 1617 2798 παθητὴν
1639 2739 1831 2812 εἰσάγει

226 2833 315 2886 τήν
335 2829 552 2884 θεός-ητα
576 2832 708 2885 κατά
736 2835 827 2889 τὴν
845 2827 1035 2908 ’Δρείου
1063 2833 1273 2902 μανίαν,
1303 2829 1512 2904 ἁρμόζει
1542 2832 1671 2908 πρὸς
1694 2833 1832 2902 ὑμᾶς

227 2920 309 2976 τόν
327 2921 650 2994 εῦαγγελικόν
669 2923 850 2976 ἐκεῖνον
863 2923 1006 2997 λόγον
1025 2925 1208 2978 εἰπεῖν·
1239 2942 1257 2974 ε
1277 2924 1527 2980 Πλανᾶσθε
1549 2929 1619 2996 μή
1640 2923 1829 2988 εἰδότες

229 3011 319 3072 τὰς
349 3013 582 3091 γραφὰς,
626 3011 754 3084 μηδέ
781 3019 871 3074 τήν
907 3012 1118 3088 δύναμιν
1155 3021 1247 3070 τοῦ
1277 3021 1406 3070 Θεοῦ
1427 3017 1774 3088 ἐπιστάμενοι.
1804 3033 1824 3068 ε

1926 1817 2056 1874 illud
2090 1837 2110 1871 ε
2131 1817 2370 1874 Minuisti
2399 1835 2522 1876 eum
2547 1821 2708 1892 paulo
2735 1822 2917 1878 minus
2935 1823 3003 1880 ab
3025 1821 3252 1892 angelis,
3274 1841 3292 1873 ι
3325 1831 3514 1892 atque.

1931 1931 1950 1964 :
1968 1909 2638 1983 E-xinanivitscmetipsum
2659 1913 2888 1970 formam
2901 1915 3041 1972 servi
3054 1916 3349 1986 accipiens,
3370 1936 3388 1967 ι
3409 1915 3516 1970 alio

1924 2003 2170 2073 Apostoli
2223 2005 2346 2061 loco
2385 2005 2644 2062 docemur
2688 2008 2758 2063 de
2785 2008 2904 2079 ipso
2931 2008 3204 2065 dicentis:
3241 2027 3261 2062 ε
3295 2009 3517 2078 ϐοειιοο

1929 2095 2070 2150 scite
2113 2095 2342 2163 gratiam
2388 2095 2600 2152 Domini
2631 2098 2802 2153 nostri
2837 2096 2966 2154 Iesu
3012 2097 3230 2165 Christi,
3261 2101 3520 2169 quoniam

1926 2201 2050 2242 cum
2075 2185 2227 2242 dives
2275 2195 2440 2243 esset.
2480 2196 2704 2260 propter
2747 2203 2848 2246 nos
2891 2203 3096 2259 egenus
3121 2189 3298 2246 factus
3324 2197 3429 2258 est,
3461 2197 3519 2248 ut

1931 2291 2030 2331 nos
2077 2275 2195 2346 ejus
2238 2276 2420 2347 inopia
2460 2277 2654 2332 divites
2681 2293 2924 2335 essemus
2951 2277 3043 2351 (ΙΙ
3070 2279 3189 2334 Cor.
3237 2295 3344 2344 vm,
3375 2279 3452 2351 9).
3493 2299 3513 2332 ι

1930 2367 2062 2436 Quis
2083 2378 2266 2424 autem
2287 2367 2470 2425 dicere
2489 2368 2687 2424 audeat
2713 2369 2986 2426 hominem
3009 2369 3230 2426 divitem
3261 2370 3444 2440 fuisse,
3465 2381 3522 2434 ct

1930 2476 2160 2532 egenum
2209 2459 2407 2516 factum
2460 2473 2600 2528 esse,
2653 2469 2714 2516 ut
2739 2477 2841 2517 nos
2867 2461 3254 2533 locupletaret?
3276 2460 3524 2534 Cumque

1930 2569 2118 2608 rursus
2141 2551 2334 2608 dicatis
2361 2567 2485 2607 eum
2529 2552 2620 2622 qui
2643 2551 2712 2608 de
2740 2552 3020 2608 incarnato
3039 2551 3152 2608 Deo
3180 2551 3380 2620 Verbo,
3402 2555 3523 2609 uni-

1930 2646 2221 2717 genimque
2267 2643 2362 2700 Dei
2403 2643 2539 2700 Filio
2579 2642 2812 2700 afﬁrmet
2836 2643 3164 2698 minoratum
3191 2657 3313 2700 esse
3343 2643 3520 2714 ipsum

1933 2745 2098 2806 atque
2140 2735 2495 2800 exinanitum,
2527 2735 2938 2790 conversionem
2969 2732 3163 2789 divina:
3195 2742 3404 2790 natura:
3441 2736 3522 2790 in.

1933 2828 2132 2885 ducere
2154 2827 2313 2898 juxta
2341 2826 2662 2898 Apollinarii
2710 2827 3064 2901 impietatem,
3101 2826 3188 2882 vel
3227 2829 3523 2888 secundum

1935 2921 2048 2976 Arii
2077 2936 2318 2976 errorem
2347 2919 2684 2977 divinitatem
2733 2921 3040 2992 passibilem
3069 2922 3271 2994 facere,
3309 2926 3526 2994 egregio

1938 3012 2198 3066 adversus
2223 3025 2319 3066 vos
2365 3011 2599 3080 quadrat
2644 3010 2953 3081 evangelica
2995 3013 3265 3070 sententia
3291 3013 3523 3074 dicens:

229 3107 289 3159 Τί
315 3105 415 3179 γὰρ
451 3106 610 3160 εἰπεῖν
651 3102 804 3176 ἔχετε
837 3107 958 3181 περί
984 3112 1078 3160 τοῦ
1122 3106 1357 3184 ῥηθέντος
1385 3102 1490 3162 ὐπό
1529 3111 1620 3162 τοῦ
1651 3109 1832 3183 κυρίου

1939 3103 2144 3159 Erratis
2170 3142 2188 3170 ,
2238 3104 2522 3158 nescientes
2574 3101 2880 3175 Scriptura
2933 3120 3096 3176 neque
3145 3105 3384 3162 rirtutens
3427 3105 3535 3166 Dei

235 3213 256 3246 ε
289 3194 562 3272 ὃτι-οὐδείς
591 3197 904 3256 ἀναϐέϐηκεν
932 3199 1005 3258 εἰς
1032 3196 1118 3252 τόν
1149 3200 1392 3272 οὐρανίν,
1425 3198 1472 3252 εί
1500 3201 1570 3268 μὴ
1600 3196 1627 3252 ὁ
1662 3199 1716 3252 ἐκ
1743 3204 1832 3253 τοῦ

233 3269 453 3361 οὐραῖοῦ
477 3288 726 3350 καταϐὰς.
755 3287 780 3342 ό
809 3289 920 3350 υίὸς
949 3294 1042 3344 τοῦ
1070 3289 1343 3364 ἀνθρώπου
1365 3287 1392 3343 ὁ
1415 3285 1482 3342 ών
1505 3289 1557 3342 ἓν
1575 3296 1648 3357 τῷ
1675 3289 1834 3363 οὖρα-

235 3386 326 3450 νῷ;
346 3398 366 3431 ι
391 3381 471 3438 Μή
494 3375 760 3454 ἄνθρωπον
777 3378 949 3452 λέγετε
992 3379 1394 3437 καταϐεϐηκέναι
1413 3379 1468 3434 ίκ
1485 3383 1578 3433 τοῦ
1597 3379 1844 3456 οὖρανοῦ;

235 3469 362 3524 ἆὶλά
391 3468 640 3543 πρόδηλον
682 3467 765 3526 ὅτι
808 3472 963 3530 αὐτὸς
1003 3468 1030 3524 ὃ
1063 3470 1186 3530 Θεὸς
1211 3469 1355 3542 λόγος
1387 3471 1622 3526 ἐκένωσεν
1658 3468 1838 3528 ίαυτόν

236 3565 294 3617 εκ
327 3567 426 3616 τῶν
455 3563 680 3637 οὐρανῶν
712 3562 988 3624 κατελθών,
1017 3563 1103 3615 καί
1132 3561 1410 3637 σαρκωθείς
1438 3562 1540 3616 ἀπὸ
1567 3567 1660 3624 τῆς
1691 3559 1840 3635 ἁγίας

239 3655 481 3710 Θεοτόκου
535 3657 624 3709 καί
657 3655 985 3730 ἀειπαρθίνου
1021 3657 1249 3730 Μαρίας.
1305 3657 1386 3708 καί
1426 3656 1840 3732 ένανθρωπήσας,

240 3747 326 3800 καί
353 3746 560 3815 τεχθεὶς
593 3747 645 3810 ἕξ
671 3749 862 3809 αὐτῆς,
907 3748 990 3800 καί
1017 3745 1044 3801 ό
1079 3746 1307 3807 καταϐὰς
1333 3749 1485 3808 αὐτός
1525 3749 1667 3806 ἔστιν
1704 3753 1790 3805 καί
1815 3749 1843 3806 ὅ

240 3839 460 3902 ἀναϐὰς,
488 3841 574 3894 καί
615 3841 771 3894 αὑτοῦ
805 3838 1005 3913 λέγεται
1045 3841 1076 3898 ἡ
1105 3839 1414 3907 έλᾶττωσις,
1441 3843 1530 3895 καί
1563 3843 1595 3900 ἡ
1629 3843 1840 3904 κένωσις

243 3926 330 3986 διὰ
354 3935 445 3990 τήν
464 3931 770 3988 κατάϐασιν.

1938 3193 2015 3266 (31
2024 3194 2155 3248 atth.
2175 3209 2310 3262 xxn,
2331 3192 2366 3246 2
2386 3193 2443 3265 ι).
2475 3191 2614 3260 Quid
2633 3193 2776 3250 enim
2805 3193 2962 3250 vobis
2983 3197 3270 3266 supererit,
3294 3205 3357 3253 ut
3380 3198 3529 3255 dica-

1940 3290 2030 3355 tis,
2059 3287 2129 3345 de
2149 3303 2217 3346 eo
2243 3287 2388 3358 quod
2419 3286 2624 3344 dictum
2652 3295 2738 3343 est
2764 3303 2795 3343 a
2817 3288 3070 3356 Domino,
3102 3285 3274 3346 Nemo
3295 3293 3534 3348 ascendit

1940 3383 1997 3438 in
2018 3381 2220 3448 mlum,
2239 3381 2342 3436 nisi
2361 3381 2449 3454 qui
2464 3379 2724 3440 descendit
2746 3381 2810 3438 de
2829 3381 2974 3449 calo,
2991 3380 3164 3440 Filius
3184 3383 3536 3458 Ιιοίηίκίεμιεεὲ

1945 3475 2102 3530 estin
2129 3473 2256 3530 casto
2312 3472 2490 3548 (Joan.
2542 3489 2622 3538 ιιι,
2670 3471 2798 3539 ιδῃ
2835 3473 2953 3530 Non
3006 3473 3279 3531 hominem
3298 3469 3439 3532 dicit
3463 3477 3531 3534 de

1947 3569 2088 3626 calo
2135 3567 2506 3636 descendisse,
2560 3567 2657 3623 sed
2704 3567 3108 3626 evidentissime
3135 3569 3328 3626 astruit
3365 3569 3533 3625 Deum

1947 3662 2186 3720 Verbum
2209 3677 2332 3718 eum
2361 3677 2483 3718 esse
2501 3662 2595 3732 qui
2617 3663 2968 3733 selnetipsum
2993 3662 3306 3728 exinanivit,
3337 3663 3430 3733 qui
3451 3663 3546 3719 de.

1948 3753 2160 3811 scendit
2186 3753 2255 3810 de
2281 3753 2443 3822 caelo,
2473 3761 2528 3808 et
2553 3753 2862 3810 incarnatus
2887 3761 2972 3811 est
2995 3769 3063 3810 ex
3092 3763 3280 3812 sancta
3309 3754 3534 3827 Deipars

1947 3861 2270 3918 semperque
2315 3845 2523 3914 virgine
2567 3843 2758 3911 Maria,
2786 3854 2844 3902 et
2885 3847 3050 3904 homo
3078 3846 3248 3905 factus
3267 3857 3369 3913 est,
3392 3857 3449 3904 et
3472 3865 3534 3905 es

1949 3939 2063 4009 ipsa
2089 3945 2265 4002 natus,
2281 3943 2336 3991 et
2355 3937 2402 3992 is
2427 3936 2516 4006 qui
2543 3936 2824 3994 descendit
2850 3936 2941 3992 ille
2955 3936 3102 3993 idem
3123 3948 3204 3994 est
3233 3940 3324 4008 qui
3353 3955 3532 3996 ascen-

1949 4029 2047 4094 dit,
2096 4029 2183 4084 cui
2231 4028 2302 4085 ob
2330 4027 2740 4084 descensionem
2793 4027 3090 4085 exinanitio
3143 4029 3540 4099 minoratioque

1953 4119 2281 4175 tribuuntur.

319 4209 518 4271 Ἐπειδὴ
547 4209 601 4266 δέ
644 4213 730 4264 καί
771 4210 824 4265 έν
862 4205 996 4282 ἄλλῳ
1032 4207 1172 4279 τόπῳ
1211 4203 1349 4262 εἶπεν
1381 4206 1406 4262 ὁ
1447 4209 1621 4282 κύριος
1659 4208 1708 4261 ἐν
1733 4217 1832 4270 τοῖς

2017 4217 2241 4272 Dicente
2269 4215 2433 4272 etiam
2461 4215 2586 4271 alibi
2609 4231 2824 4287 quoque
2851 4215 3082 4272 Domino
3111 4215 3167 4272 iu
3195 4215 3534 4286 Evangelins:

246 4305 580 4378 εὐαγγελίοις,
611 4321 630 4354 ε
659 4300 737 4358 ὅτι
758 4307 783 4356 ὁ
803 4308 976 4379 πατήρ
997 4323 1097 4373 μου
1119 4303 1302 4372 μείζων
1323 4322 1419 4373 μου
1442 4301 1573 4367 ἐστί,
1600 4319 1619 4351 ι
1647 4306 1716 4371 μή
1741 4295 1844 4376 ἆρα
1871 4335 1877 4352 .

246 4394 513 4471 ἄνθρωπόν
537 4416 646 4450 τινα
674 4396 788 4463 περί
817 4395 976 4450 αὑτοῦ
1007 4397 1176 4448 ταῦτα
1209 4394 1454 4466 εἰρηκέναι
1481 4394 1704 4460 νομίζετε
1721 4435 1735 4459 ,
1761 4397 1846 4448 καί

245 4491 378 4558 οὐχί
407 4489 492 4543 τὸν
525 4490 650 4544 Θεὸν
675 4487 822 4561 λόγον
849 4487 934 4542 τόν
960 4489 1448 4564 ένανθρωπήσαντας
1481 4487 1606 4542 ἀλλά
1635 4489 1846 4562 φανερόν

248 4583 412 4644 ἔστιν,
433 4579 554 4636 ὅτιὸ
575 4583 748 4646 εἰπών,
775 4599 791 4630 ι
813 4580 1018 4659 ὁπατήρ
1039 4603 1138 4652 μου
1160 4581 1342 4652 μείζων
1357 4599 1453 4651 μου
1472 4579 1627 4645 έστίν,
1651 4599 1670 4632 ι
1692 4583 1846 4642 αῦτὲς

249 4669 412 4736 εἶπεν,
436 4687 458 4723 ε
478 4671 576 4744 έγώ
593 4673 678 4727 καί
697 4670 723 4726 ό
743 4676 914 4748 πατὴρ
933 4671 984 4726 έν
1005 4673 1180 4742 ίσμεν.
1209 4689 1227 4722 ι
1256 4669 1378 4723 Ἀλλ’
1393 4671 1442 4726 έν
1458 4676 1548 4744 μέν
1569 4679 1640 4746 τῷ
1659 4673 1840 4741 εἰπεῖν,

181 4769 212 4837 ξ.
253 4787 273 4820 ε
294 4771 398 4839 ἐγώ
427 4770 515 4822 καί
543 4767 569 4822 ό
591 4771 759 4840 πατὴρ
780 4766 830 4820 ἕν
849 4767 1024 4837 ἐσμεν,
1047 4783 1066 4816 ι
1089 4770 1179 4825 τὴν
1203 4766 1435 4832 ἰσότητα,
1459 4767 1517 4828 ἦν
1545 4766 1698 4826 αὐτὸς
1719 4763 1751 4821 ἒ
1752 4785 1843 4837 χει

191 4869 226 4917 ’Ξ
247 4862 384 4934 πρὸς
421 4861 510 4914 τόν
538 4859 739 4932 πατέρα
767 4859 895 4912 κατὰ
921 4861 1012 4916 τήν
1039 4857 1176 4912 θείαν
1213 4858 1365 4930 φύσιν
1406 4857 1564 4918 δηλοῖ.
1587 4864 1666 4910 Ἐν
1695 4855 1746 4910 δέ
1770 4862 1844 4929 τῷ

247 4953 411 5026 λέγειν
422 4953 508 5007 τόν
525 4951 700 5012 αὐτόν.
725 4967 742 4998 ι
764 4949 979 5023 ὁπατήρ
996 4970 1095 5020 μου
1120 4953 1304 5022 μείζων
1323 4972 1423 5023 μου
1449 4952 1610 5009 ἐστίν.
1631 4967 1649 4996 ι
1671 4953 1761 5006 τήν
1781 4945 1846 5002 δι’

249 5048 385 5116 ἡμᾶς
427 5045 754 5114 οἰκονομικῶς
785 5044 1048 5115 γενομένην
1085 5043 1363 5098 έλάττωσιν
1389 5041 1545 5102 δηλοῖ.
1579 5043 1842 5117 Ἑκάτερον

249 5138 328 5197 δέ.
357 5141 441 5192 καί
466 5139 496 5195 ή
521 5135 695 5196 ἰσότης
733 5137 815 5190 καί
849 5137 878 5194 ἡ
913 5135 1209 5202 ἐλάττωσις,
1239 5139 1358 5210 περί
1380 5137 1486 5196 ἐνὸς
1513 5139 1597 5190 καί
1623 5141 1712 5191 τοῦ
1745 5135 1841 5189 αὖ·

249 5235 342 5284 τοῦ
369 5231 548 5302 κυρίου
569 5230 652 5281 καί
679 5233 806 5282 Θεοῦ
833 5227 970 5300 ἡμῶν
994 5223 1157 5286 Ἰησοῦ
1182 5234 1437 5304 Χριστοῦ,
1468 5230 1730 5284 τουτέστιν
1754 5231 1845 5282 τοῦ

249 5327 379 5376 Θεοῦ
399 5319 551 5391 λόγου
579 5324 670 5374 τοῦ
705 5319 1073 5392 σαρκωθέντος,
1099 5319 1317 5390 λέγεται.

321 5508 416 5560 Καί
459 5505 700 5580 ’Δρειανοί
748 5502 840 5572 μέν
881 5507 1074 5578 πονηρᾷ
1120 5499 1319 5576 διανοίᾳ
1365 5503 1419 5556 έκ
1463 5509 1561 5556 τῶν
1596 5509 1844 5556 ταπεινῶν

245 5599 494 5672 ῥημάτων
527 5595 799 5666 ὁμοούσιον
828 5589 950 5650 εἶναι
988 5602 1061 5664 τῷ
1099 5595 1262 5668 πατρί
1290 5593 1372 5647 τόν
1411 5593 1516 5646 υἱόν
1544 5594 1808 5666 ἀρνοῦνται
1828 5632 1841 5653 ,

241 5692 337 5742 καί
364 5687 447 5742 διὰ
469 5693 624 5740 τοῦτο
647 5685 886 5738 ἐλάττονα
908 5685 1062 5738 αὐτόν
1087 5678 1214 5738 εἶναι
1242 5681 1675 5738 διαϐεϐαιοῦνται·
1701 5685 1847 5752 (ipsi;

237 5780 301 5836 δέ
327 5787 398 5847 μὴ
430 5779 658 5838 θέλοντες
682 5779 802 5851 περὶ
835 5781 926 5830 τοῦ
951 5777 1296 5852 σαρκωθέντος
1333 5782 1463 5859 Θεοῦ
1482 5775 1634 5848 λόγου
1661 5773 1726 5829 τὰ
1755 5795 1844 5827 τα-

235 5875 396 5931 ισεινά
421 5873 683 5938 δέξασθαι,
710 5868 828 5926 ἄλλο
851 5873 1127 5950 πρόσωπον
1151 5882 1214 5948 τῇ
1237 5872 1404 5948 τριάδι
1440 5875 1670 5944 είσάγετε
1713 5878 1846 5930 κατά

239 5972 340 6026 τήν
367 5963 636 6039 Θεοδώρου
663 5965 752 6018 καί
779 5966 1054 6038 Νεστορίου
1091 5963 1416 6020 δυσσέϐειαν.
1439 5961 1560 6018 Ἀλλ’
1586 5965 1730 6038 ἡμεῖς
1759 5963 1848 6021 καί

501 6075 779 6140 Panos.
809 6070 1021 6138 LXIX

1953 4305 2116 4362 Pater
2151 4305 2322 4378 major
2369 4321 2449 4362 me
2477 4314 2554 4362 est
2579 4305 2760 4380 (Joan.
2793 4323 2904 4370 xlv,
2935 4305 3050 4378 28),
3079 4322 3150 4363 ne
3189 4307 3436 4377 cogitetis
3463 4309 3537 4364 ibi

1951 4397 2226 4454 hominem
2269 4399 2612 4469 quempiam,
2661 4414 2791 4467 non,
2817 4407 2998 4454 autem
3049 4398 3216 4455 Deum
3263 4398 3537 4456 hominem

1952 4485 2154 4544 factum
2199 4504 2266 4545 eo
2295 4489 2457 4545 modo
2501 4489 2570 4544 de
2599 4504 2659 4544 se
2703 4489 2867 4545 fuisse
2892 4489 3152 4547 locutum.
3183 4485 3537 4546 Evidentissi-

1953 4596 2101 4637 mum
2122 4581 2322 4652 quippe
2347 4588 2430 4638 est
2454 4579 2700 4636 eumdem
2731 4580 2905 4652 ipsum
2927 4581 3018 4650 qui
3045 4580 3205 4651 dixit,
3235 4579 3400 4637 Pater
3425 4565 3577 4639 παι-ἶ

1941 4673 2035 4747 jar
2059 4691 2140 4730 me
2167 4683 2264 4740 est,
2295 4673 2498 4729 dixisse
2525 4673 2747 4743 pariter,
2768 4671 2884 4747 Ego
2911 4682 2962 4729 et
2983 4673 3148 4730 Pater
3171 4689 3333 4729 unum
3358 4689 3536 4730 sumus
3560 4663 3574 4752 ,’

1953 4766 2202 4840 (Ibidem,
2231 4784 2285 4834 ι,
2317 4766 2428 4838 50).
2476 4765 2595 4834 Quo
2635 4767 2780 4822 enim
2833 4767 2957 4824 loco
3005 4769 3101 4837 ait,
3148 4766 3264 4841 Ego
3291 4777 3342 4824 et
3374 4767 3538 4824 Pater

1953 4875 2114 4916 unum
2137 4876 2332 4926 sumus,
2357 4859 2718 4931 aequalitatem
2745 4859 2940 4917 divina:
2970 4869 3201 4930 naturae,
3229 4875 3391 4932 quam
3412 4877 3538 4919 cum

1953 4951 2115 5008 Patre
2139 4951 2322 5015 habet,
2345 4950 2624 5020 designat:
2651 4966 2762 5022 quo
2783 4959 2963 5007 autem
2985 4952 3116 5008 illud
3131 4991 3147 5018 ,
3177 4951 3342 5009 Pater
3369 4955 3540 5026 major

1951 5061 2034 5098 me
2053 5052 2148 5109 est,
2179 5043 2402 5114 profert,
2433 5042 2848 5101 minorationem
2875 5059 3027 5101 suam
3051 5053 3274 5116 propter
3296 5061 3418 5112 nos,
3439 5061 3538 5102 sua
3613 5077 3623 5092 ι

1945 5136 2342 5207 dispensatione
2363 5175 2380 5202 ,
2418 5135 2614 5192 factam
2663 5137 2914 5193 ostendit.
2959 5137 3254 5212 Utrumque
3303 5141 3532 5204 scilicet.

1946 5226 2226 5298 aequalitas
2265 5234 2427 5295 atque
2454 5227 2764 5295 minoratio,
2787 5227 2856 5282 de
2883 5243 2993 5283 uno
3021 5239 3183 5298 atque
3210 5227 3404 5284 eodem
3427 5229 3536 5285 Do-

1945 5317 2093 5372 mino
2118 5325 2304 5372 nostro
2324 5313 2453 5371 Jesu
2505 5315 2744 5386 Christo,
2771 5317 2878 5372 hoc
2903 5325 2990 5373 est
3015 5317 3086 5374 de
3125 5319 3408 5377 incarnato
3437 5323 3532 5379 Dei

1958 5407 2150 5470 Verbo,
2177 5407 2380 5462 dictum
2404 5414 2506 5462 est.

2026 5498 2200 5567 Atque
2220 5496 2406 5552 Ariani
2451 5497 2668 5567 quidem
2697 5513 2923 5555 erronea
2945 5501 3260 5571 opinatione
3295 5519 3362 5560 ex
3390 5505 3540 5576 ejus-

1956 5589 2102 5644 modi
2131 5588 2383 5656 loquendi
2430 5588 2679 5644 demissis
2704 5589 2880 5646 modis
2905 5589 3100 5649 Filium
3126 5591 3272 5649 Patri
3302 5597 3541 5652 consub-

1955 5680 2264 5736 stantialem
2290 5694 2412 5736 esse
2456 5677 2788 5750 inﬁciantur,
2821 5683 3077 5754 aiuntque
3103 5695 3390 5758 propterea
3417 5704 3541 5746 esse

1954 5773 2126 5844 ipsum
2171 5772 2334 5829 Patre
2361 5773 2654 5829 minorem:
2683 5790 2782 5831 vos
2809 5787 2990 5833 autem
3024 5776 3183 5834 fateri
3227 5792 3542 5854 renuentes,

1953 5867 2172 5922 humilia
2201 5866 2317 5922 hmc
2343 5866 2484 5922 dicta
2509 5865 2575 5922 de
2601 5867 2881 5925 incarnato
2909 5869 3005 5926 Dei
3032 5869 3214 5930 Verbo
3237 5889 3356 5932 esse
3381 5876 3534 5934 intetv

1951 5957 2184 6034 ligeuda,
2231 5976 2428 6017 novam
2479 5959 2736 6016 invehitis
2789 5960 2845 6016 in
2901 5959 3167 6021 Trinitate
3221 5981 3534 6041 personam,

3029 6075 3106 6140 10
