3952 6386
209 453 299 508 ’.501
1344 446 1712 500 JL'STINIAM
1757 445 1891 500 IMP.
1935 445 2282 500 EPISTOLA.
3371 444 3474 507 301

197 571 427 626 οὲέληται
471 568 596 640 παρ’
648 568 814 619 αὐτῶν
868 567 897 623 ἡ
956 567 1014 618 ἀν
1042 564 1199 632 ’λητλίιις
1259 564 1324 620 ὡς
1387 564 1778 632 κατακομίσαντα

1892 561 2080 613 tatibus
2101 577 2262 630 super
2285 568 2529 612 naturam
2561 557 2852 626 eiiulgens?
2875 571 2992 609 nam
3019 554 3346 624 glm-iiicatus
3367 567 3469 629 est;

193 665 308 739 πρὸς
337 663 397 716 τὸ
429 669 586 732 μεῖον,
621 664 702 714 καί
731 660 854 733 πρὸς
881 680 937 730 γε
966 659 1019 712 τὸ
1055 656 1443 729 δυσκλεέστερον
1476 661 1531 708 τὸ
1567 665 1655 712 τῆς
1687 657 1774 708 ἀν-

191 754 506 829 θρωπότητος
543 755 751 826 μέτρον.
783 749 905 803 Ἀλλ’
936 748 1030 804 ᾆδε
1082 755 1281 823 φρονεῖν
1327 747 1552 818 ἀπηχὲς.
1585 748 1777 798 Olus-Du

189 851 267 903 οὐκ
292 850 628 917 ἐπτώχευσεν
653 845 678 900 ὁ
701 844 1014 918 ἀναληφθεὶς·
1040 845 1267 898 λείπεται
1286 845 1451 896 τοίνυν
1479 843 1665 902 εἰπεῖν.
1696 840 1774 896 ὅτι

190 945 375 1016 θέγονιν
405 943 454 995 ἔν
481 941 728 1014 πτωχείᾳ
753 945 816 1014 τῇ
844 939 953 992 καθ’
982 939 1116 1009 ἡμᾶς
1148 935 1172 990 ὁ
1201 936 1442 995 πλούσιος
1472 938 1539 994 ὡς
1570 935 1710 996 Θεός.
1749 953 1768 986 ι

254 1313 475 1383 Ὁμοίως
504 1307 662 1366 δὲκαὶ
691 1310 716 1366 ὀ
741 1311 788 1364 ἓν
809 1309 972 1381 ἁγίοις
1002 1311 1282 1384 Γρηγόριος
1311 1309 1593 1383 ὁθεολὸγος
1625 1311 1674 1363 ἓν
1705 1317 1778 1382 τῷ

187 1403 308 1474 λόγῳ
356 1411 429 1474 τῷ
459 1405 581 1478 περί
607 1410 708 1456 τῶν
743 1403 1011 1473 θεοφανίων
1039 1400 1174 1456 οὕτω
1212 1401 1366 1473 λέγει’
1392 1418 1410 1451 ι
1439 1399 1688 1474 Προελθὼν
1721 1397 1777 1452 δὲ

187 1495 305 1554 Θεὸς
344 1493 476 1563 μετά
509 1501 603 1553 τῆς
637 1491 1008 1569 προσλήψεως,
1059 1487 1111 1544 ἓν
1157 1491 1212 1544 ἑκ
1255 1488 1346 1545 δύο
1397 1497 1496 1546 τῶν
1541 1491 1774 1544 ἐναντίων

187 1585 376 1658 σαρκὸς
409 1587 493 1638 καί
521 1586 832 1653 πνεύματος,
873 1579 939 1636 ὦν
975 1581 1034 1636 τὸ
1063 1583 1153 1652 μέν
1178 1583 1378 1644 ἒΘέωσε,
1411 1581 1467 1635 τὸ
1494 1579 1546 1636 δέ
1580 1581 1776 1638 ἐθεώθη.

190 1673 257 1730 Ὠ
276 1687 368 1739 τῆς
397 1685 572 1736 καινῆς
599 1678 804 1748 μίξεως,
833 1671 871 1726 ὦ
896 1681 988 1734 τῆς
1016 1673 1301 1751 παραδόξου
1344 1675 1592 1749 κράσεως.
1625 1683 1680 1726 '0
1712 1671 1778 1728 ὧν

183 1768 392 1838 γίνεται,
412 1768 500 1820 καί
529 1765 554 1819 ὁ
585 1761 817 1824 ἅκτιστος
850 1765 1089 1828 κτίζεται,
1119 1765 1202 1816 καί
1231 1761 1256 1816 ὁ
1281 1764 1557 1836 ἀχὼρητος
1583 1770 1780 1836 χωρεῖ-

1883 651 1967 705 vel
2018 652 2059 704 si
2089 652 2189 704 huc
2220 666 2553 718 nequaquam
2585 664 2768 702 verum
2795 657 2899 716 est,
2926 648 2992 701 ali
3021 650 3098 702 eis
3120 651 3474 718 assumptioui

1880 742 2022 811 quod
2055 741 2164 813 [Ρ.
2215 743 2338 811 1.29.,
2369 741 2726 794 obtrectatum
2775 749 2858 794 est
2889 741 2956 795 ab
3002 741 3081 795 eis
3110 741 3469 808 assumptioni

1879 833 2054 906 quasi]
2081 848 2203 888 eum
2227 832 2293 886 ad
2325 831 2694 902 ignobiliorem
2718 840 2880 900 atque
2901 829 3162 884 minorem
3186 829 3475 884 deduxerit

1879 929 2228 984 humanitatis
2254 940 2559 981 mensuram
2587 924 2666 979 :id
2693 937 2858 994 porro
2887 923 3176 977 absurdum
3205 934 3288 976 est
3315 921 3470 988 cogi-

1883 1028 2019 1073 tare.
2069 1019 2186 1073 Non
2219 1021 2378 1088 igitur
2405 1032 2606 1086 egenus
2634 1018 2806 1070 factus
2833 1024 2918 1071 est
2957 1023 3300 1088 assumptus:
3343 1013 3472 1068 reli-

1881 1125 2045 1178 quum
2067 1120 2147 1165 est
2163 1125 2290 1178 ergo
2317 1119 2372 1163 ut
2387 1110 2628 1163 dicamus
2649 1108 2703 1162 in
2725 1114 3041 1178 paupertate
3067 1114 3255 1160 nostra
3269 1105 3469 1170 factum

1884 1227 2001 1267 esse
2030 1228 2150 1267 eum
2177 1213 2290 1282 qui,
2315 1220 2568 1279 tanquam
2594 1207 2753 1270 Deus.
2784 1208 2933 1264 dives
2953 1217 3090 1264 erat.
3122 1227 3141 1261 ι

1955 1305 2210 1359 Similiter
2253 1303 2309 1358 S.
2349 1302 2642 1372 Gregorius
2677 1299 2982 1371 Theologus
3023 1302 3074 1356 in
3113 1317 3364 1357 sermone
3403 1301 3474 1357 de

1885 1401 2084 1456 Christi
2115 1397 2288 1452 Natali
2326 1397 2441 1452 haec
2478 1397 2640 1452 habet
2672 1415 2685 1451 :
2725 1419 2742 1450 ι
2771 1396 3094 1466 Progressus
3120 1405 3299 1450 autem
3331 1395 3471 1460 Deus

1880 1505 2001 1546 cum
2021 1489 2377 1552 humanitate,
2401 1502 2565 1544 unum
2595 1503 2660 1542 ex
2682 1487 2890 1542 duobus
2916 1487 3056 1542 inter
3077 1502 3133 1542 se
3161 1487 3466 1554 contrariis,

1882 1596 2045 1636 carne
2070 1579 2322 1635 nimirum
2351 1588 2404 1633 et
2433 1577 2644 1649 spiritu,
2666 1593 2894 1649 quorum
2925 1579 3151 1634 alterum
3180 1579 3466 1656 dedicavit,

1881 1673 2112 1728 alterum
2141 1671 2447 1726 deiﬁcatum
2475 1680 2576 1725 est.
2609 1669 2653 1724 0
2681 1686 2877 1726 novam
2908 1671 3255 1727 mixtionem!
3304 1687 3338 1727 ο
3367 1672 3463 1727 ad-

1881 1765 2182 1821 mirandam
2216 1763 2692 1834 temperationem!
2740 1763 2842 1830 Qui
2867 1769 2972 1833 est,
3004 1761 3092 1830 ﬁt;
3140 1764 3232 1836 qui
3257 1772 3471 1826 creatus

181 1881 269 1914 ται
296 1857 378 1914 διὰ
419 1859 583 1932 μέσης
611 1857 800 1929 ψυχῆς
841 1861 1021 1928 νοερᾶς
1059 1857 1428 1925 μεσιτευοῦσης
1457 1856 1656 1915 Θεὸτητι
1692 1857 1776 1911 καί

1892 1873 1992 1912 non
2017 1864 2119 1920 est,
2145 1864 2393 1920 creatur;
2422 1855 2513 1924 qui
2543 1855 2690 1910 nullo
2711 1855 2834 1911 loco
2863 1855 3127 1911 contineri
3152 1865 3348 1926 potest,
3371 1872 3472 1928 per

186 1951 380 2024 σαρκὶς
400 1951 694 2020 παχύτητι,
727 1950 810 2002 καί
837 1949 862 2000 ὁ
889 1949 1170 2010 πλουτίζων
1197 1947 1486 2016 πτωχεύω
1511 1949 1777 2017 πτωχεύει

191 2043 283 2116 ιὰρ
324 2047 416 2100 τήν
459 2041 584 2112 ίμήν
624 2041 901 2115 κάθαρσιν,
941 2034 1003 2090 ἵν’
1026 2039 1121 2108 ἐγὼ
1169 2037 1442 2096 πλουτήσω
1484 2043 1573 2096 τήν
1621 2039 1775 2094 αὐτοῦ

179 2133 407 2189 θεότητα.
437 2134 519 2184 καί
549 2128 574 2184 ὅ
599 2130 790 2206 πλήρης
817 2133 1067 2182 κενοῦται·
1091 2133 1322 2182 κενοῦται
1341 2129 1442 2201 γὰρ
1467 2135 1559 2191 τῆς
1587 2128 1774 2183 ἑαυτοῦ

187 2221 330 2288 δόξης
375 2225 460 2279 ἐήί
489 2224 690 2299 μικρὸν,
713 2221 778 2275 ἶν’
809 2219 906 2294 ἑγώ
937 2228 1026 2284 τῆς
1057 2220 1241 2275 ἐκείνου
1277 2221 1549 2291 μεταλάϐω
1578 2223 1778 2302 πληρώ-

187 2336 337 2378 σεως.
366 2334 386 2368 ι

259 2588 399 2647 Ἀλλά
443 2589 582 2645 καίὸ
628 2590 676 2643 ἐν
721 2587 882 2662 ἁγίοις
926 2585 1223 2649 Ἀθανάσιος
1269 2587 1558 2660 ἑρμηνεύων
1589 2591 1654 2644 τά
1688 2596 1776 2644 τοῦ

186 2683 471 2739 ἀποστόλου
512 2681 644 2758 ῥητὰ
670 2679 926 2752 λέγοντος,
961 2697 980 2730 ε
1016 2675 1069 2739 ὃς
1091 2679 1138 2732 ἐν
1165 2687 1330 2754 μορφῇ
1361 2685 1486 2732 Θεοῦ
1517 2676 1780 2754 ὑπτίρχων

181 2774 422 2828 ἐνένωσιν
468 2771 668 2835 ἑαυτὸν,
699 2776 891 2844 μορφὴν
923 2769 1104 2824 δούλου
1131 2771 1329 2834 )αϐὠν,
1363 2787 1381 2820 1
1419 2769 1583 2830 οὕτως
1607 2770 1739 2841 λέγει
1762 2786 1776 2800 ⁸

187 2889 204 2922 ε
229 2871 290 2924 Τί
317 2870 505 2924 τούτου
530 2865 822 2940 λευκότερον
850 2868 937 2919 καί
965 2862 1436 2941 ἀποδεικτικώτερον
1466 2863 1658 2936 γένοιτο
1687 2861 1777 2928 ἆνς

187 2964 236 3016 ν)
261 2963 364 3036 γάρ
399 2957 452 3023 ἓξ
483 2956 760 3012 ἐλαττόνων
799 2957 1006 3026 βελτίων
1041 2957 1259 3028 γέγονεν,
1289 2955 1412 3008 ἀλλὰ
1441 2955 1627 3026 μᾶλλον
1655 2956 1780 3016 Θεὸς

179 3055 460 3127 ὑπάρχων,
495 3055 587 3106 τοῦ
631 3047 810 3104 δούλου
861 3052 1054 3124 μορφὴν
1091 3046 1292 3110 ἐλαϐεν,
1319 3050 1404 3101 καί
1431 3049 1480 3101 ἐν
1509 3054 1580 3118 τῷ
1609 3048 1780 3102 λαϐεῖν

182 3148 272 3200 οὐκ
299 3143 570 3200 ἐξελτιὼθη
611 3140 716 3194 ἀλλ’
732 3142 1068 3194 ἐταπείνωσεν
1091 3139 1286 3195 ἑαυτὸν.
1303 3157 1319 3189 ι
1348 3142 1438 3192 Καί
1455 3137 1568 3209 μετ’
1591 3139 1776 3212 ὀλίγον’

187 3251 209 3288 ε
235 3233 372 3289 Τίδὲ
405 3233 556 3288 τοῦτὸ
594 3233 761 3294 ἔστιν,
791 3231 819 3289 ἦ
850 3230 934 3284 τιίν
962 3232 1010 3283 ἐν
1037 3237 1200 3305 μορφῇ
1237 3236 1364 3284 Θεοῦ
1399 3226 1538 3294 ὅντα,
1566 3233 1651 3284 καί
1697 3231 1778 3284 εὖ·

189 3335 356 3400 ιενοῦς
385 3329 585 3402 πατρὶς
615 3326 721 3377 υἷὸν
763 3328 1077 3377 ταπεινῶσαι
1109 3321 1306 3382 ἑαυτὸν,
1340 3323 1424 3373 καί
1450 3319 1626 3374 δοῦλον
1669 3321 1774 3374 ἀνθ’

188 3425 324 3492 ἐμῶν
344 3423 429 3473 καί
458 3419 591 3490 ὑπὲρ
618 3418 758 3486 ἡμῶν
783 3415 1080 3484 γενῖσθαις»
1108 3416 1209 3466 Καί
1235 3412 1344 3482 μετ’
1364 3413 1574 3484 ὀλίγον’(
1597 3421 1653 3465 '0
1673 3415 1774 3487 ’γὰρ

177 3514 329 3584 λόῃς
358 3511 488 3583 σὰρξ
517 3510 731 3579 ἐγένετο,
757 3508 840 3560 καί
891 3507 1093 3575 λέγεται
1117 3503 1196 3558 ὄτι
1221 3509 1244 3557 ὂ
1265 3511 1492 3564 τοιοῦτος
1517 3501 1774 3582 ἄνθρωπος

189 3605 236 3668 ἐξ
265 3605 508 3678 οὐρανοῦ,
540 3602 626 3653 καί
657 3599 969 3678 ἐπουράνιος,
999 3595 1084 3652 διά
1120 3597 1177 3651 τὸ
1215 3597 1264 3660 ἐξ
1310 3599 1528 3670 οὐρανοῦ
1558 3595 1778 3652 καταϐεο

189 3694 394 3754 ϐηκὲναι
422 3691 511 3746 τὸν
539 3689 707 3759 λόγον.
727 3705 746 3735 ι

254 3783 404 3838 mm
429 3785 517 3837 καί
548 3780 574 3834 ὁ
600 3782 651 3834 ἐν
676 3779 837 3851 ἁγίοις
871 3778 1147 3852 Γρηγὸριος
1191 3775 1218 3831 ὁ
1256 3777 1533 3836 ἐπίσκοπος
1575 3776 1786 3836 Νύσσης

188 3867 320 3920 κατὰ
357 3865 600 3931 Εὐνομίω
630 3864 683 3915 ἑν
714 3869 785 3931 τῷ
809 3867 966 3938 τρίτῳ
1007 3863 1135 3934 λόγῳ
1167 3861 1330 3920 οὕτως
1361 3863 1523 3932 λέγει·
1558 3880 1577 3914 ε
1609 3868 1786 3917 Ταῦτα

188 3958 311 4029 περὶ
347 3956 436 4010 τὸν
481 3954 866 4028 ἐσταυρωμένον
913 3956 1060 4021 ἡμεῖς
1103 3957 1547 4025 πεπιστεύκαμεν·
1583 3959 1666 4009 καί
1703 3954 1788 4010 διὰ

189 4052 346 4100 τοῦτο
395 4041 784 4119 ὑπερυψοῦντες
827 4045 956 4097 κατὰ
999 4044 1058 4098 -πό
1103 4044 1345 4117 ἡμέτερον
1395 4051 1486 4102 τῆς
1530 4042 1792 4115 δυνάμεως

191 4138 379 4210 μέτρον
413 4137 506 4189 οῦκ
549 4135 897 4206 ἀπολήγομεν.
929 4133 1008 4189 ὅτι
1045 4134 1070 4190 ὁ
1105 4133 1279 4204 μηδενὶ
1314 4137 1556 4209 χωρητὸς
1595 4134 1678 4190 διὰ
1701 4142 1791 4196 τὴν

193 4229 464 4303 ἄφραστον
484 4229 642 4282 αὐτοῦ
662 4231 750 4281 καί
767 4227 1044 4302 ἀπρόσιτον
1063 4227 1452 4298 μεγαλειότητα,
1474 4229 1600 4287 πλὴν
1622 4229 1793 4302 ἐαυτῷ

193 4327 278 4376 καὶ
306 4319 382 4393 τῷ
409 4324 592 4396 Πατρί,
617 4324 793 4390 καὶτῷ
818 4322 1072 4390 ῐινεύματι
1094 4328 1168 4391 τῷ
1193 4321 1341 4392 ἁγίῳ,
1375 4317 1525 4381 οὗτος
1554 4324 1638 4376 καί
1663 4324 1794 4396 πρὸς

194 4415 454 4467 κοινωνίαν
483 4419 575 4470 τῆς
611 4412 876 4470 ἀσθενείας
917 4412 1058 4468 ἡμῶν
1088 4410 1345 4464 κατελθεῖν
1379 4408 1624 4468 ἠδυνήθη·
1663 4411 1708 4464 oi
1737 4409 1790 4464 δὲ

1881 1950 2245 2004 interventum
2287 1947 2478 2000 anima:
2517 1946 2808 2017 spiritualis
2847 1945 2986 2002 inter
3035 1945 3368 2002 divinitatem
3415 1961 3471 2011 et

1882 2043 2063 2101 carnis
2092 2040 2392 2097 crassitiem
2421 2040 2631 2095 medius
2674 2039 2999 2096 continetur.
3041 2039 3143 2107 Qui
3217 2040 3469 2112 glocuples

1882 2132 2018 2206 alios
2053 2133 2226 2200 ditat,
2271 2139 2592 2204 paupertate
2639 2129 2905 2186 afﬁcitur:
2946 2131 3122 2188 carnis
3151 2131 3292 2186 enim
3337 2146 3470 2186 meae

1880 2234 2252 2300 paupertatem
2297 2223 2458 2280 sumlt
2483 2265 2496 2287 ,
2531 2231 2590 2276 ut
2619 2237 2718 2291 ego
2759 2222 3052 2277 divinitatis
3090 2223 3230 2278 illius
3259 2222 3471 2284 divitias

1878 2333 2197 2390 consequar:
2230 2314 2298 2369 Et
2326 2315 2416 2385 qui
2447 2314 2636 2384 plenus
2662 2321 2746 2368 est
2767 2355 2782 2380 ,
2813 2313 3120 2368 exinanitur
3155 2331 3170 2368 :
3200 2324 3294 2368 sua
3324 2313 3468 2375 enim

1883 2409 2054 2479 gloria
2074 2407 2140 2462 ad
2162 2409 2326 2463 breve
2349 2415 2558 2476 tempus
2578 2405 2903 2472 exinanitur,
2925 2412 2988 2459 ut
3007 2419 3108 2475 ego
3126 2403 3473 2476 plenitudinis

1886 2500 2054 2570 ipsius
2079 2497 2352 2568 particeps
2379 2495 2601 2552 eliiciar.
2640 2513 2661 2547 ι
2935 2503 2944 2519 ⁸

1954 2590 2061 2646 Sed
2089 2597 2311 2646 sanctus
2347 2589 2511 2644 etiam
2558 2587 2885 2644 Athanasius
2925 2599 3202 2660 exponens
3229 2601 3292 2642 ea
3324 2587 3470 2657 Αροτ

1883 2683 2007 2738 stoli
2038 2681 2203 2736 verba
2233 2698 2246 2734 :
2280 2677 2382 2746 Qui
2409 2696 2524 2734 cum
2558 2680 2614 2733 in
2646 2680 2814 2752 {arma
2861 2677 2959 2733 Dei
2999 2687 3158 2744 esset,
3190 2679 3473 2744 exinanirit

1883 2777 2210 2844 semetipsum
2237 2815 2252 2842 ,
2300 2776 2525 2845 formam
2565 2773 2694 2826 servi
2738 2771 2999 2842 accipiens
3037 2785 3056 2825 :
3093 2771 3210 2826 ικαξο
3243 2769 3426 2824 scribit
3457 2789 3472 2824 :

1890 2887 1908 2919 ε
1939 2867 2074 2933 Quid
2114 2867 2218 2921 hoc
2246 2862 2444 2919 clarius
2471 2871 2566 2918 aut
2608 2861 2887 2933 prohatius
2925 2875 3043 2916 esse
3075 2860 3320 2931 poterit?
3357 2857 3472 2916 Non

1884 2945 2027 3012 enim
2052 2972 2118 3011 ex
2141 2955 2414 3011 deteriore
2439 2953 2634 3008 melior
2680 2951 2850 3008 factus
2879 2959 2983 3018 est,
3008 2951 3101 3007 sed
3128 2952 3327 3022 potius,
3353 2967 3474 3012 cum

1881 3047 2024 3104 Deus
2051 3053 2218 3114 esset,
2249 3045 2391 3100 servi
2419 3044 2654 3114 speciem
2689 3042 3010 3112 assumpsit;
3041 3053 3217 3112 neque
3241 3041 3294 3096 in
3323 3057 3474 3097 assu-

1882 3137 2079 3195 mendo
2109 3138 2426 3192 melioratus
2454 3143 2568 3203 est,
2599 3133 2696 3188 sed
2725 3131 3022 3188 humiliavit
3047 3133 3412 3203 semetipsum.
3453 3151 3472 3185 ι

1883 3232 1952 3287 Ει
1996 3239 2120 3302 post
2168 3243 2340 3299 pauca
2374 3245 2388 3282 :
2429 3247 2448 3280 ι
2484 3226 2625 3294 Quid
2654 3227 2761 3282 hoc
2789 3234 2873 3280 est
2909 3234 3110 3292 autem,
3141 3241 3302 3297 quam
3332 3241 3476 3294 eum,

1883 3323 1974 3395 qui
2029 3325 2084 3379 in
2149 3322 2321 3378 forma
2376 3321 2470 3376 Dei
2527 3328 2670 3376 esset
2723 3320 3023 3390 nobilisque
3066 3317 3241 3374 Patris
3291 3319 3476 3392 Filius,
3556 3371 3566 3380 ,

1882 3419 2192 3475 humiliasse
2221 3417 2588 3487 semetipsum,
2618 3425 2673 3472 et
2699 3431 2912 3471 servum
2959 3432 3059 3487 pro
3096 3415 3252 3472 nobis
3278 3415 3477 3478 factum

1885 3508 2031 3565 esse?
2065 3529 2084 3562 ι
2121 3509 2433 3579 Rursusque
2460 3517 2583 3578 post
2616 3523 2786 3582 pauca
2821 3525 2834 3559 :
2874 3525 2892 3559 ι
2919 3502 3154 3562 Verbum
3185 3507 3326 3563 enim
3353 3523 3478 3564 caro

1886 3600 2091 3658 factum
2121 3608 2235 3668 est,
2267 3600 2574 3670 diciturque
2620 3609 2906 3670 propterea
2938 3599 3026 3654 hic
3057 3600 3218 3656 homo
3245 3599 3313 3656 de
3341 3600 3478 3656 curio

1900 3690 2360 3760 eteoelestis,quia
2375 3689 2800 3762 Verbumipsum
2838 3689 2907 3746 de
2949 3691 3088 3747 coelo
3121 3691 3419 3748 descendit.
3456 3709 3476 3744 ι

1962 3781 2192 3836 Sanetus
2230 3779 2437 3850 pariter
2472 3779 2763 3848 Gregorius
2805 3779 3079 3853 Nyssenus
3117 3783 3168 3836 in
3201 3784 3358 3839 tertio
3389 3784 3478 3840 ad-

1888 3883 2078 3929 versus
2122 3871 2444 3926 Eunomium
2495 3871 2632 3924 libro
2677 3871 2894 3926 disserit
2939 3878 2992 3926 in
3026 3874 3169 3929 lmnc
3216 3875 3480 3930 I'nodum:

1895 3983 1917 4016 ε
1953 3961 2079 4017 Hmc
2128 3961 2228 4032 ipsi
2273 3961 2340 4016 de
2385 3959 2653 4016 Crucilixo
2694 3961 3016 4015 credidimus
3052 3981 3063 4014 :
3101 3962 3283 4033 itaque
3323 3963 3476 4035 juxta

1889 4054 2122 4126 prepriae
2150 4051 2365 4106 virtutis
2389 4066 2698 4104 mensuram
2731 4050 2904 4120 ipsum
2934 4051 3196 4108 extollere
3224 4069 3332 4108 non
3361 4068 3477 4110 ces-

1889 4163 2071 4204 samus
2098 4166 2110 4200 :
2142 4145 2285 4217 quod
2323 4145 2526 4200 scilicet
2553 4145 2624 4200 ob
2653 4145 2994 4210 iuell‘abilem,
3027 4147 3477 4206 inaccessibilem-

1890 4252 1994 4309 que
2023 4221 2480 4307 magniﬁcentiam
2501 4251 2651 4290 suam
2683 4235 2938 4290 iudivisus
2965 4252 2994 4291 a
3025 4235 3182 4292 Patre
3211 4240 3478 4306 etiamfet

1885 4344 1916 4384 a
1947 4328 2150 4399 Spiritu
2197 4335 2387 4383 sancto
2434 4327 2502 4382 ad
2545 4335 2744 4382 nostra}
2791 4326 3116 4386 inﬁrmitatis
3145 4333 3478 4388 communio-

1886 4436 2009 4476 nem
2040 4420 2297 4475 advenire
2342 4420 2579 4489 potuerit
2611 4437 2624 4472 :
2657 4419 2731 4473 illi
2758 4429 2936 4475 autem
2964 4461 2980 4486 ,
3012 4421 3066 4476 id
3106 4436 3478 4492 argumentum
3546 4471 3562 4485 ,

190 4508 392 4564 ταύτην
419 4503 676 4568 ἀπόδειξιν
700 4511 792 4563 τῆς
822 4506 952 4558 κατά
984 4507 1074 4561 τήν
1104 4503 1256 4573 φύσιν
1284 4503 1673 4575 ἀλλοτριότητος
1702 4509 1785 4558 τοῦ

1892 4531 2007 4572 esse
2031 4525 2222 4571 natura
2263 4517 2635 4572 extraneitalis
2687 4517 2807 4572 Filii
2835 4533 2866 4572 a
2897 4517 3056 4575 Patre
3103 4521 3434 4578 constituunt
3465 4541 3475 4575 :

192 4599 314 4656 Ῑίοῦ
361 4599 498 4672 πρὸς
543 4597 631 4651 τὸν
662 4598 864 4672 Πατέρα
915 4601 1200 4659 ποιοῦνται,
1238 4596 1297 4650 τὸ
1352 4594 1436 4650 διὰ
1485 4598 1676 4669 σαρκὸς
1715 4599 1795 4650 καί

191 4695 433 4764 σταυροῦ
460 4689 800 4763 φανερωθῆναι
828 4689 911 4744 τὸν
936 4689 1138 4763 Κύριον·
1171 4690 1239 4746 ὡς
1256 4695 1346 4748 τῆς
1372 4691 1462 4758 μὲν
1483 4694 1573 4743 τοῦ
1604 4690 1796 4765 Πατρὸς

191 4781 408 4850 φύσεως
449 4783 679 4852 καθαρῶς
727 4783 778 4834 ἐν
813 4780 1034 4852 ἀπαθείᾳ
1075 4777 1443 4849 διαμενούσης,
1495 4781 1579 4833 καί
1622 4778 1798 4850 μηδενί

192 4874 378 4948 τρόπῳ
419 4877 510 4929 τήν
539 4873 672 4946 πρὸς
701 4873 760 4926 τὸ
793 4869 956 4930 πάθος
986 4874 1238 4927 κοινωνίαν
1275 4869 1610 4937 ἀναδέξασθαι
1646 4870 1798 4926 δυνά-

194 4973 374 5034 μξνης,
407 4972 498 5020 τοῦ
527 4965 580 5021 δέ
607 4967 732 5020 Υίοῦ
765 4963 847 5020 διὰ
876 4967 935 5020 τὸ
969 4965 1097 5040 πρὸς
1126 4965 1184 5020 τὸ
1209 4969 1578 5040 ταπεινὼτερον
1599 4965 1801 5040 παρηλ-

192 5061 396 5132 λάχθαι
437 5065 528 5118 τὴν
570 5062 744 5132 φύσιν,
789 5062 916 5133 πρὸς
944 5061 1135 5132 σαρκὸς
1160 5081 1214 5114 τε
1247 5063 1331 5114 καί
1371 5062 1585 5115 θανάτον
1610 5069 1795 5134 πεῖραν

193 5157 289 5207 οῦκ
311 5153 686 5214 ἀδυνατοῦντος
708 5155 881 5208 ἐλθεῖν.
906 5173 922 5204 ι
941 5156 1034 5208 Καί
1055 5153 1158 5224 μεθ’
1178 5155 1352 5224 ἕτερα·
1374 5171 1392 5204 ε
1416 5157 1504 5208 Διά
1525 5161 1678 5210 τοῦτο
1700 5157 1800 5226 ’γὰρ

195 5252 285 5302 καὶ
313 5243 409 5302 τοῦ
433 5249 624 5320 Κυρίου
652 5254 743 5306 τῆς
774 5245 921 5310 δόξης
956 5245 982 5301 ὁ
1025 5247 1248 5320 σταυρὸς
1283 5247 1508 5318 λέγεται.
1542 5251 1624 5301 καί
1657 5253 1802 5301 πᾶσα

194 5341 418 5412 γλῶσσα
452 5339 854 5411 ἐξομολογεῖται,
897 5336 975 5393 ὅτι
1003 5340 1187 5414 Κύριος
1220 5338 1421 5398 Ἰησοῦς
1462 5341 1682 5411 Χριστὸς
1727 5343 1799 5400 εἰς

196 5433 352 5500 ὂὸξκν
397 5441 523 5489 Θεοῦ
564 5433 784 5508 Πατρός.
815 5436 871 5488 Ei
901 5432 955 5488 δέ
988 5439 1098 5508 χρὴ
1134 5436 1222 5487 καί
1259 5435 1326 5488 τὰ
1369 5434 1522 5488 λοιπά
1556 5436 1688 5489 κατά
1718 5436 1802 5488 τίν

191 5529 349 5583 αὐτὸν
377 5527 558 5582 διελεῖν
585 5529 798 5600 τρόπον,
827 5526 1124 5598 σκεψόμεθα
1151 5527 1202 5580 τί
1227 5526 1284 5580 τὸ
1305 5527 1634 5589 ἀποθνῆσκον,
1656 5529 1804 5580 καίτί

193 5615 258 5668 τὸ
285 5610 540 5666 καταλύω
569 5611 657 5662 τὸν
685 5608 914 5670 θάνατον,
942 5611 1027 5662 καὶ
1064 5612 1116 5663 τί
1149 5611 1208 5664 τὸ
1238 5613 1678 5683 ἀνακαινούμενον,
1705 5619 1792 5668 καί

195 5703 252 5757 τί
277 5701 342 5758 τὸ
369 5701 688 5769 κενούμενον·
712 5702 938 5752 κενοῦται
961 5698 1050 5767 μέν
1074 5699 1171 5774 γὰρ
1199 5702 1230 5758 ἡ
1256 5701 1450 5769 θεότης,
1468 5704 1551 5756 ἶνα
1577 5709 1792 5780 χωρητή

199 5803 265 5869 τῇ
289 5795 578 5870 ἀνθρωπίνῃ
603 5791 811 5863 ’γίνηται
835 5791 1002 5861 φύσει·
1034 5792 1386 5850 ἀνακαινοῦται
1428 5794 1482 5849 δὲ
1509 5797 1568 5850 τὸ
1608 5799 1795 5870 ἀνθρώ-

206 5905 345 5950 animi
373 5883 453 5942 δά
484 5893 579 5944 τῆς
608 5881 734 5957 πρὸς
759 5881 818 5936 τὸ
833 5881 962 5935 θεῖον
991 5883 1320 5958 ἀνακράσεως
1335 5889 1460 5940 θεῖον
1482 5889 1788 5960 γινόμενον.»

277 5981 366 6039 καὶ
391 5985 558 6042 ταῦτα
589 5975 681 6042 μὲν
701 5973 755 6027 ἐκ
777 5980 868 6052 τῆς
893 5972 1223 6038 διδασκαλίας
1253 5984 1350 6032 τῶν
1381 5978 1533 6044 ἁγίων
1559 5982 1790 6052 πατέρων

1891 4609 2208 4679 apparuisse
2236 4610 2487 4664 nimirum
2517 4611 2724 4665 aientes
2753 4610 3038 4666 Dominum
3064 4627 3164 4683 per
3186 4629 3403 4668 carnem
3428 4625 3480 4671 et
3529 4599 3538 4604 ’

1892 4713 2128 4765 crucem,
2159 4699 2232 4752 ita
2263 4707 2322 4752 ut
2343 4708 2569 4768 paterna
2601 4709 2791 4755 natura
2823 4700 2876 4756 in
2898 4701 3326 4772 impassibililate
3353 4721 3478 4773 per-
3524 4701 3534 4738 ί

1891 4800 2162 4854 manente,
2197 4789 2463 4859 'uullaque
2511 4791 2721 4847 ratione
2749 4793 3016 4863 passionis
3044 4797 3478 4853 communionem
3517 4779 3530 4851 ξ

1891 4882 2165 4952 suscipere
2196 4883 2404 4951 potenti
2427 4925 2440 4949 ,
2473 4881 2668 4948 Filius,
2703 4885 3116 4943 transformatus
3148 4890 3202 4944 in
3229 4888 3482 4945 humilio-

1890 4986 2005 5026 rem
2035 4979 2300 5037 naturam,
2320 4987 2417 5040 per
2441 4988 2656 5028 carnem
2681 4983 2738 5029 et
2757 4985 2989 5032 mortem
3008 4978 3232 5035 minime
3253 4980 3478 5069 incapax

1891 5065 2159 5133 passionis
2188 5065 2485 5119 advenerit.
2516 5085 2534 5116 ι
2565 5064 2634 5120 Et
2660 5075 2782 5137 post
2812 5069 2935 5138 alia,
2963 5071 3142 5128 subdit
3173 5091 3187 5127 :
3223 5091 3243 5126 ‹
3276 5064 3479 5129 Idcirco

1893 5154 2055 5218 enim,
2082 5161 2137 5208 et
2166 5154 2374 5208 Domini
2401 5155 2585 5222 gloria:
2614 5172 2746 5213 crux
2773 5158 2987 5226 dicitur,
3018 5171 3073 5216 et
3101 5163 3276 5218 omnis
3301 5163 3479 5232 lingua

1895 5239 2177 5296 Dominum
2222 5240 2404 5296 Jesum
2441 5242 2710 5300 Christum
2737 5247 2790 5300 in
2837 5249 3005 5316 gloria
3036 5249 3129 5306 Dei
3161 5249 3334 5310 Patris
3363 5269 3482 5310 esse

1895 5330 2202 5386 conﬁtetur.
2234 5330 2473 5400 Namque
2503 5333 2548 5386 si
2577 5344 2771 5389 etetera
2801 5338 2963 5390 etiam
2990 5338 3180 5394 eodem
3211 5343 3372 5398 modo
3402 5343 3482 5397 di-

1897 5423 2082 5478 videre
2108 5431 2376 5492 oporteat,
2407 5425 2527 5493 quis
2553 5427 2624 5480 sit
2651 5427 2739 5482 ille
2765 5429 2856 5496 qui
2885 5437 3130 5488 mortuus
3159 5442 3246 5488 est
3273 5441 3482 5504 prospi-

1897 5515 2129 5583 eiemns,
2159 5517 2277 5584 quis
2303 5515 2394 5584 qui
2430 5525 2657 5572 mortem
2699 5517 3004 5576 dissolverit
3033 5539 3046 5576 :
3075 5531 3132 5578 et
3159 5525 3284 5594 quid
3315 5542 3478 5580 rem.

1898 5615 2078 5661 vatum
2103 5649 2117 5674 ,
2145 5609 2272 5678 quid
2303 5616 2482 5664 autem
2529 5607 2894 5667 exinanitum?
2933 5612 3248 5671 Exinanitur
3283 5621 3484 5690 quippe

1899 5700 2168 5766 divinitas,
2201 5711 2259 5756 ut
2285 5703 2633 5759 immanitatis
2657 5705 3006 5775 suscipienda:
3027 5722 3199 5778 capax
3229 5708 3354 5778 liat;
3385 5713 3486 5766 lius

1902 5791 2132 5846 manitas
2167 5802 2357 5848 .autem
2408 5804 2633 5866 propter
2693 5797 3126 5854 commixtionem
3193 5799 3486 5869 divinitatis

1902 5883 2082 5938 divina
2113 5883 2304 5939 elieeta
2333 5895 2638 5940 renovatur.
2677 5907 2696 5940 ›

1973 5979 2147 6058 Atque
2175 5978 2288 6036 inec
2318 5994 2416 6037 nos
2452 5979 2665 6061 quidem
2705 5995 2773 6036 ex
2799 5991 3109 6047 sanctorum
3136 5982 3354 6054 Patrum
3387 5991 3482 6058 de.
3515 5995 3524 6004 '
