3952 6382
507 411 633 466 ὗΟόα

1876 406 2166 462 VlGlLlL'S
2215 408 2414 464 PAPA.

3678 409 3788 464 5οἷ

505 527 810 595 τεθείκαμεν,
833 526 916 580 ἵνα
961 532 1127 580 ταῦτα
1163 531 1523 585 κατανοοῦντες
1551 526 1743 596 γνοίητε
1774 527 1838 586 ὡς
1870 526 1935 580 τά
1967 545 2076 598 παρ

2198 525 2368 579 ctrina
2409 525 2816 594 proposuimus,
2856 533 2914 578 ut
2951 541 3014 581 ea
3057 527 3418 597 percipientes
3454 526 3786 595 intelligatis,

505 619 648 684 ὑμῶν
671 618 1057 690 προτεθειμνα,
1082 620 1168 672 καί
1196 616 1458 692 Ἀρειανοί,
1499 620 1582 671 καί
1611 629 1777 692 Nicro.
1802 618 1930 672 ιανοί
1958 619 2089 670 κατά

505 714 594 762 τοῦ
618 711 793 778 κυρίου
818 710 902 760 καί
929 713 1058 763 Θεοῦ
1085 709 1225 778 ἡμῶν
1252 706 1421 766 Ἰησοῦ
1451 715 1672 783 Χριστοῦ
1700 708 1934 780 λέγουσιν
1959 709 2086 763 ἀσε-

506 797 626 858 ϐῶς.
648 799 707 851 ΟΞ
733 799 825 867 μὲν
845 799 943 872 γάρ
965 795 1209 876 ’Δρεπανοί
1232 794 1609 861 σπουδάζοντες
1633 797 1719 852 τὸν
1739 799 1845 852 υἱόν
1872 801 2087 868 κτίσμα.

503 887 588 943 καί
627 886 889 962 ἀλλότριον
929 897 1021 949 τῆς
1060 897 1309 966 πατρικῆς
1357 889 1533 948 οὐσίας
1575 886 1869 952 ἀποδεῖξαι,
1904 891 1992 942 καί
2031 888 2089 942 τό

502 974 858 1046 πάθοέ,καίτά
880 978 1003 1036 ἀᾶλα
1019 986 1086 1037 τά
1110 982 1322 1036 ταπεινά
1342 990 1402 1057 τῇ
1424 983 1622 1041 θεότητι
1645 984 1796 1037 αὐτοῦ
1826 982 1953 1053 μόνῃ
1969 983 2090 1038 έπάη

501 1095 693 1147 γουσιν,
736 1074 783 1130 οἱ
811 1072 866 1130 δέ
891 1077 1212 1151 Νεστοριανοὶ
1239 1073 1330 1130 δύο
1365 1075 1506 1135 υἱούς
1533 1076 1748 1144 ε’σάγειν
1775 1073 2085 1146 βουλόμενοι,

503 1169 892 1242 κεχωρισμένως
916 1169 1122 1239 λέγουσι
1151 1168 1236 1222 τίν
1263 1167 1382 1222 Θεὸν
1406 1165 1568 1238 λόγον,
1589 1170 1672 1221 καί
1692 1167 2087 1240 κεχωρισμένως

502 1260 588 1314 τὸν
615 1261 832 1333 Χριστόν
869 1258 1010 1331 ψιλὸν
1049 1257 1328 1334 ἄνθρωπον,
1359 1261 1445 1313 καί
1471 1259 1604 1328 μόνῳ
1649 1266 1722 1330 τῷ
1753 1259 1997 1334 ἀνθρώπῳ
2024 1259 2089 1314 τὰ

501 1352 711 1406 ταπεινά
739 1353 1104 1424 ἀπονέμουσιν.
1145 1350 1268 1407 Ἀλλ’
1290 1352 1390 1421 οὐχ
1431 1350 1593 1410 οὕτως
1621 1349 1667 1404 οί
1695 1348 1828 1422 ἅγιοι
1866 1351 2089 1424 πατέρες

503 1440 846 1498 διδάσκουσιν·
879 1442 995 1498 οὐδέ
1038 1445 1140 1518 γὰρ
1171 1442 1254 1498 διά
1285 1445 1346 1498 τά
1389 1444 1608 1498 ταπεινά
1635 1448 1838 1518 τροπὴν
1855 1443 2086 1516 λέγουσιν

501 1545 592 1596 τῆς
612 1543 709 1592 τοῦ
736 1537 852 1590 υίοῦ
883 1537 1136 1602 θεότητος,
1170 1533 1283 1592 οὐδὲ
1306 1533 1392 1591 διὰ
1422 1536 1486 1591 τά
1521 1535 1690 1606 ὑψηλά
1717 1534 1973 1612 διαιροῦσι
1997 1541 2085 1594 τήν

501 1625 866 1704 ἀνθρωπότητα
891 1637 982 1688 τῆς
1008 1629 1264 1696 θεότητος,
1296 1628 1419 1682 ἀλλά
1446 1633 1536 1684 τοῦ
1568 1628 1675 1688 ἑνός
1702 1632 1786 1684 καί
1810 1634 1900 1683 τοῦ
1929 1630 2084 1684 αὐτοῦ

501 1727 794 1794 μονογενοῦς
833 1726 962 1776 Θεοῦ
1000 1721 1152 1791 λόγου
1205 1721 1596 1792 σεσαρκωμένου
1642 1723 1724 1776 καί
1769 1721 2086 1792 ένανορωπή-

501 1831 708 1876 σιντος,
735 1814 820 1866 καί
869 1813 938 1867 τὰ
987 1809 1180 1882 ὑψηλά,
1213 1812 1294 1864 καί
1337 1813 1402 1865 τά
1451 1810 1662 1865 ταπεινά
1703 1805 1827 1866 εἶναι
1865 1809 2082 1888 παραδι-

501 1901 694 1958 δὲ-ασιν.

565 2081 764 2144 Ἐπειδὴ
793 2083 845 2140 δέ
873 2089 956 2140 καί
992 2091 1141 2142 τοῦτο
1165 2093 1275 2145 τοῖς
1303 2087 1568 2163 ὑμετέροις
1597 2088 1893 2144 έντεθιίκατε
1932 2107 2082 2161 κεφα-

499 2174 655 2238 λαίοις
683 2176 737 2230 έκ
767 2184 858 2237 τῆς
885 2179 1044 2238 αὐτῆς
1075 2177 1366 2242 ἐπιστολῆς.
1397 2176 1474 2234 ὅτι
1501 2179 1662 2240 καλῶς
1693 2174 1830 2233 εἶπεν
1863 2177 1954 2234 δύο
1991 2181 2084 2250 φύ-

499 2287 642 2334 σεις,
684 2271 802 2338 μίαν
853 2269 1120 2332 ἐξουσίαν,
1152 2267 1203 2322 έν
1243 2269 1548 2345 πρόσωπον,
1579 2271 1664 2323 καί
1699 2271 1747 2323 ἐν
1787 2271 1955 2341 τούτῳ
1992 2274 2084 2328 τόν

497 2363 734 2433 πονηρίαν
773 2369 867 2418 τοῦ
895 2363 1186 2439 γράψαντος
1211 2367 1304 2422 τήν
1341 2363 1612 2423 ἐπιστολήν
1653 2362 1997 2436 διελέγξωμεν.
2025 2362 2083 2419 Ὀ

495 2454 593 2528 γάρ
619 2457 688 2524 μὴ
715 2452 1001 2528 ὁμολογῶν,
1029 2453 1108 2510 ὅτι
1133 2455 1285 2514 αὐτὸς
1311 2449 1338 2510 ὃ
1365 2455 1488 2514 Θεὸς
1530 2454 1676 2525 λόγος
1720 2455 1998 2528 σαρκωθιίς
2027 2455 2084 2508 έκ

496 2554 586 2605 τῆς
608 2547 860 2620 παρ’ἷένου
887 2549 1288 2624 ένηνθρώπησεν,
1313 2549 1449 2607 τίνος
1478 2550 1572 2608 τάς
1598 2545 1689 2602 δύο
1717 2550 1896 2620 φύσεις
1921 2550 2082 2622 λέγεις

499 2634 639 2693 Ἀλλά
662 2637 934 2715 πρόδηλον,
961 2637 1043 2697 ὅτι
1069 2641 1183 2696 ἀντί
1205 2641 1495 2716 προσώπων
1520 2641 1614 2700 τὰς
1645 2637 1736 2695 δύο
1765 2643 1939 2714 φύσεις
1965 2643 2085 2713 ἰαμ-

499 2727 657 2794 εάνει,
681 2731 814 2784 κατά
839 2729 1107 2808 Νεστόριον
1146 2733 1233 2784 καί
1257 2729 1530 2808 Θεόδωρον,
1557 2730 1648 2791 οῦς
1674 2732 1875 2786 ἐπαινεῖ
1901 2734 1932 2792 ἦ
1959 2733 2084 2788 ἀσε-

498 2825 593 2887 ϐής
635 2826 764 2886 αὐτή
801 2827 1064 2886 ἔπιστολὰ.
1114 2830 1172 2882 Εἰ
1209 2829 1306 2903 γάρ
1342 2831 1423 2883 καί
1461 2825 1512 2882 εν
1549 2828 1844 2903 πρόσωπον,
1878 2832 1962 2883 καί
1995 2829 2083 2884 ἕνα

497 2915 602 2970 υἱόν
639 2913 780 2972 δοκεῖ
815 2917 972 2989 λέγειν
1019 2919 1051 2976 ἦ
1093 2917 1361 2978 ἐπιστολὴ.
1395 2924 1544 2973 τοῦτο
1577 2921 1660 2972 καί
1697 2916 1956 2995 Θεόδωρος
1997 2921 2082 2974 καί

495 3007 768 3081 ικέστόριος
814 3011 902 3062 καὶ
946 3009 1204 3080 λέγουσιν,
1231 3009 1316 3064 τόν
1357 3011 1571 3086 Χριστόν
1619 3005 1881 3084 ἄνθρωπον
1925 3007 2080 3080 μόνον

495 3097 720 3168 λέγοντες
764 3099 976 3171 ἐπέχειν,
1013 3100 1072 3154 τό
1115 3099 1386 3174 πρόσωπον
1425 3105 1514 3155 τοῦ
1555 3106 1686 3156 Θεοῦ
1731 3100 1903 3174 λόγου,
1933 3099 2077 3172 ἔχειν

494 3193 582 3247 τὴν
610 3189 752 3252 ἀξίαν
793 3192 873 3243 καί
899 3194 988 3248 τήν
1011 3194 1158 3261 τιμὴν
1183 3196 1269 3244 τοῦ
1301 3197 1428 3246 Θεοῦ
1465 3189 1642 3264 λόγου,
1676 3194 1758 3246 καί
1790 3197 1880 3249 τήν
1917 3192 2076 3266 χάριν

493 3287 584 3339 τῆς
627 3279 907 3344 υἱοθεσίας,
941 3283 1028 3336 καί
1063 3283 1132 3344 εἰς
1172 3281 1324 3336 τόπον
1351 3283 1506 3336 αὐτοῦ
1535 3285 1960 3355 προσκυνεῖσθαι,
1994 3287 2077 3338 καὶ

494 3371 580 3430 διὰ
600 3379 752 3429 τοῦτο
778 3379 1135 3449 ὑποκρίνονται
1172 3377 1330 3448 λέγειν
1353 3377 1442 3431 ἕνα
1477 3377 1585 3432 υἱὸν
1607 3380 1688 3432 καί
1721 3375 1772 3432 ἓν
1800 3379 2076 3453 πρόσωπον

497 3473 588 3522 τοῦ
617 3461 770 3538 λόγου
810 3468 896 3521 καί
923 3471 1010 3520 τοῦ
1042 3472 1290 3538 Χριστοῦ,
1314 3473 1665 3527 κοινωνοῦντος
1693 3467 1830 3538 μόνῳ
1865 3476 1938 3538 τῷ
1966 3469 2075 3522 ὀνό-

493 3576 618 3628 ματι
651 3563 745 3616 τῆς
787 3556 1051 3617 υίότητος·
1082 3563 1233 3612 τοῦτο
1261 3555 1316 3612 δέ
1354 3555 1604 3613 δείκνυται
1647 3568 1872 3632 φανερῶς
1898 3562 1950 3612 ἔκ
1985 3567 2075 3616 τοῦ

493 3645 648 3718 λέγειν
675 3652 764 3706 τήν
809 3647 1078 3706 ἐπιστολήν
1105 3655 1206 3703 τῶν
1246 3647 1336 3703 δύο
1365 3651 1563 3720 φύσεων
1589 3652 1710 3720 μίαν
1737 3651 1982 3714 ἐξουσίαν.
2009 3654 2078 3711 ὡς

493 3742 578 3794 καὶ
599 3740 749 3809 ύμιῑς
775 3737 1055 3812 ἐγράψατε.
1100 3742 1200 3795 Μία
1224 3743 1323 3814 γάρ
1353 3740 1552 3804 ἐξουσία
1592 3743 1682 3795 οὐκ
1709 3743 1794 3796 ἐπί
1829 3741 2078 3816 διαφόρων

495 3830 714 3904 φύσεων.
736 3830 838 3883 ἀλλ’
883 3830 966 3886 ἐπί
989 3828 1234 3904 διαφόρων
1260 3831 1460 3905 λέγεται
1485 3835 1797 3908 προσώπων,
1831 3831 1960 3910 ὅπερ
1991 3836 2078 3888 ἐπὶ

493 3931 586 3982 τῆς
613 3920 758 3993 ἁγίας
787 3920 990 3996 τριάδος
1019 3921 1372 3995 ὁμολογοῦμεν.
1401 3921 1548 3978 Ὀοεν
1574 3927 1659 3978 καί
1687 3925 1731 3978 οί
1758 3924 1893 3998 ἅγιοι
1920 3927 2076 3979 πατέ-

493 4030 580 4087 ρες
609 4005 976 4084 ἀνεθεμάτισαν
1002 4015 1122 4074 τούς
1149 4013 1386 4086 λέγοντας
1413 4016 1544 4070 κατά
1573 4012 1820 4084 δύναμιν,
1850 4013 1879 4074 ἦ
1907 4017 2071 4081 ἀξίαν,

489 4102 520 4161 ἦ
549 4103 882 4166 αύθεντίαν,ἣ
925 4107 1140 4176 σχέσιν,
1172 4105 1202 4164 ἢ
1231 4111 1382 4178 τιμήν
1433 4107 1659 4165 ἡνῶσθαι
1697 4115 1770 4179 τῷ
1817 4107 1945 4180 λόγῳ
1989 4109 2072 4164 τὸν

488 4189 772 4270 ἄνθρωπον,
802 4196 888 4248 καί
916 4199 986 4266 μή
1014 4193 1377 4268 ὁμολογοῦντας
1413 4195 1516 4249 καθ’
1535 4196 1826 4253 ὑπόστασιν
1853 4207 1952 4253 τῶν
1983 4197 2074 4254 δύο

489 4283 686 4356 φύσεων
709 4287 800 4342 τὴν
823 4283 998 4338 ἕνωσιν
1029 4281 1037 4288 ’
1063 4285 1371 4354 γεγενῆσθαι.
1397 4281 1572 4346 Ὀπως
1610 4283 1664 4340 δέ
1692 4289 1774 4340 καί
1798 4292 1950 4343 τοῦτο
1978 4289 2070 4364 ὁρ-

487 4376 588 4436 θῶς
630 4377 888 4450 εἰρημένον
929 4382 1040 4436 τοῖς
1081 4375 1243 4448 ἁγίοις
1287 4377 1520 4446 πατράσι
1553 4379 1673 4448 περὶ
1703 4375 1941 4454 διαφορᾶς
1971 4389 2071 4435 τῶν

487 4465 578 4522 δύο
598 4468 814 4539 φύσεων,
839 4465 886 4520 οί
905 4467 971 4520 τά
993 4472 1268 4540 Νεστορίου
1290 4465 1598 4534 δοξάζοντες,
1623 4467 1689 4522 οἶν
1713 4479 1804 4530 τῆς
1826 4473 2072 4532 ἀπιστίας

485 4558 725 4631 ἀρχηγός
759 4558 872 4611 ἔστι
911 4554 1188 4630 Θεόδωρος,
1213 4557 1411 4618 ἀσεϐῶς
1441 4559 1832 4630 ἐκλαμϐάνουσι,
1860 4563 1952 4624 τάς
1980 4565 2072 4636 φύ-

485 4669 593 4709 σεις
622 4650 736 4703 ἀντί
761 4651 1055 4725 προσώπων
1084 4649 1324 4724 ).ἐγ;ντες,
1349 4652 1432 4704 καὶ
1457 4653 1745 4727 προσώπων
1774 4655 1902 4708 κατὰ
1937 4655 2071 4725 σχέ⁹

483 4760 566 4794 σιν
616 4739 797 4794 ἕνωσιν
851 4740 1250 4816 πρεσϐεύοντες,
1299 4739 1350 4794 ἓν
1393 4742 1668 4818 πρόσωπον
1722 4745 2071 4820 ὑποκρίνονται

486 4829 660 4904 λέγειν.
683 4832 838 4894 αὐτὸς
861 4832 885 4887 ό
909 4833 1102 4894 ἀσεϐής
1125 4832 1385 4910 Θεόδωρος
1406 4833 1650 4890 δείκνυσιν
1675 4837 1725 4891 έν
1745 4845 1817 4907 τῷ
1838 4838 2071 4914 τετάρτῳ

481 4921 609 4996 λόγῳ
634 4931 734 4978 τῶν
763 4925 894 4980 κατά
909 4922 1248 5001 ’Δπολιναρίου
1273 4933 1365 4982 τοῦ
1385 4927 1634 5002 αἱρετικοῦ
1655 4931 1856 5004 γράφων
1883 4929 2069 4991 οὕτως’

486 5034 506 5069 ε
526 5018 800 5089 Δύτάρκως
831 5016 892 5078 δὴ
919 5022 977 5075 τὸ
1003 5017 1235 5094 διάφορον
1261 5027 1360 5076 τῶν
1384 5024 1582 5094 φύσεων
1603 5023 1720 5093 ἡμῖν
1743 5021 2071 5080 ὑποδείκνυσι

481 5108 566 5168 ὂιά
587 5113 804 5169 τούτων·
835 5111 886 5168 εἴ
904 5134 961 5184 γε
989 5115 1047 5170 τό
1089 5116 1180 5184 μέν
1213 5114 1565 5180 ἐκπλήττεται,
1590 5117 1659 5176 ὡς
1697 5113 1764 5172 δι’
1787 5117 2068 5195 ὑπερϐολήν

481 5203 850 5277 φιλανθρωπίας
889 5206 1142 5277 ἑλόμενον,
1170 5211 1368 5280 μνήμην
1407 5227 1461 5263 τε
1505 5210 1592 5264 καί
1623 5210 1894 5281 έπίσκεψιν
1919 5217 2069 5272 ποιή-

481 5295 674 5350 σασθαι
700 5303 792 5350 τοῦ
835 5296 998 5358 οὕτως
1023 5297 1277 5360 εὐτελοῦς·
1309 5299 1398 5354 τὸν
1439 5297 1493 5354 δέ
1523 5303 1836 5376 μακαριστόν
1873 5305 2067 5377 ἡγεῖται

481 5387 548 5448 ὡς
571 5389 808 5480 τοιούτων
830 5391 1114 5462 ἠξιωμένων
1143 5389 1298 5460 (Sic).
1327 5390 1468 5447 ’Λλλά
1495 5393 1594 5470 γὰρ
1620 5392 1757 5449 οὕτω
1785 5398 1876 5464 μὲν
1899 5400 1988 5456 τήν
2010 5418 2064 5452 τε

478 5477 726 5555 διαίρεσιν
749 5488 850 5536 τῶν
871 5483 1068 5556 φύσεων
1089 5491 1310 5542 ποιεῖται
1325 5527 1338 5550 ,
1363 5487 1447 5539 καί
1468 5489 1566 5554 μὴν
1588 5488 1675 5540 καί
1700 5491 1790 5545 τόν
1819 5485 2064 5560 διαφορὰν

481 5579 570 5631 τῆς
597 5592 652 5626 τε
679 5579 771 5628 τοῦ
807 5570 1050 5634 λαϐόντος
1095 5577 1294 5647 φύσεως
1314 5579 1397 5631 καί
1423 5584 1516 5636 τῆς
1542 5583 1635 5632 τοῦ
1658 5577 1920 5650 ληφθέντος
1949 5581 2064 5649 ἡμῖν

477 5659 830 5722 ὑποδείκνυσιν
859 5667 889 5724 ἡ
923 5667 1031 5720 θεία
1061 5671 1241 5742 γραφή⁶
1282 5672 1620 5742 φροντίζουσα
1659 5667 1713 5724 δέ
1753 5676 1846 5724 τοῦ
1873 5673 1954 5725 καί
1975 5677 2064 5729 τήν

477 5757 656 5807 ἕνωσιν
700 5756 818 5823 ἡμῖν
861 5755 1248 5824 ὑποδεικνύναι,
1288 5761 1406 5829 ἣτῷ
1435 5759 1660 5830 ληφθέντι
1698 5763 2056 5834 προσγέγονεν,

474 5843 610 5911 λέγει
641 5844 875 5906 πολλάκις
903 5848 1004 5901 καθ’
1028 5847 1206 5904 ἕνωσιν
1232 5850 1297 5906 τά
1321 5849 1540 5924 ἑκάτερα
1576 5858 1675 5904 τῶν
1702 5853 1897 5922 φύσεων
1925 5850 2060 5908 ἐδια-

477 5933 668 5998 ζὸντως
709 5936 838 6008 πρὸς
881 5934 1023 6000 εντα.
1052 5943 1119 6001 ὠς
1145 5936 1204 5994 ἀν
1234 5947 1320 6002 τήν
1345 5940 1475 6010 πρὸς
1513 5938 1596 5992 τὸν
1625 5937 1842 5996 λαϐόντα
1881 5941 2060 5996 ἕνωσιν

2192 631 2254 670 ea
2283 631 2402 686 qua:
2451 617 2738 671 constituta
2769 632 2798 670 a
2829 618 2978 670 vobis
3019 627 3178 682 sunt,
3219 634 3284 673 ea
3313 619 3426 690 ipsa
3457 619 3526 674 ab
3571 618 3787 675 Arianis

2191 715 2356 776 atque
2376 707 2709 764 Nestorianis
2736 705 2994 763 adversus
3016 709 3300 764 Dominum
3330 717 3576 764 nostrum
3595 707 3784 764 Jesum

2189 799 2461 856 Christum
2511 801 2674 871 impie
2739 801 3012 856 sustineri.
3080 800 3264 856 Ariani
3317 800 3523 858 scilicet
3588 799 3788 856 Filium

2191 900 2497 946 creaturam
2527 906 2648 946 CSSO
2674 902 2835 962 atque
2865 901 3182 946 extraneum
3211 907 3242 946 21
3272 900 3497 962 paterna
3525 891 3786 948 substan-

2191 983 2263 1038 tia
2293 983 2664 1039 demonstrare
2713 983 2934 1050 conati,
2981 983 3289 1053 passionem
3328 983 3448 1052 ejus
3479 969 3788 1053 caeteraque

2191 1075 2410 1129 humilia
2459 1075 2562 1129 soli
2593 1075 2832 1129 tribuunt
2877 1073 3175 1138 divinitati;
3227 1073 3533 1128 Nestoriani
3570 1081 3782 1140 contra,

2189 1167 2278 1234 qui
2308 1165 2444 1222 duos
2493 1167 2744 1222 invehere
2791 1165 2930 1220 ﬁlios
2975 1166 3236 1232 nituntur,
3285 1166 3574 1236 separatim
3613 1166 3786 1220 Deum

2193 1255 2454 1326 Verbum,
2481 1256 2878 1327 separatimque
2915 1272 3108 1327 purum
3139 1257 3412 1312 hominem
3435 1255 3784 1328 'prolitentur,

2188 1360 2416 1416 quaeque
2463 1347 2530 1401 ad
2583 1347 2942 1402 humilitatem
2987 1347 3261 1418 pertinent
3330 1347 3600 1416 passionis
3665 1347 3787 1402 solo

2188 1436 2393 1492 homini
2421 1435 2774 1505 adjudieanda
2803 1451 2922 1492 esse
2951 1435 3267 1492 decernunt.
3295 1437 3497 1492 Verum
3529 1453 3637 1514 non
3667 1437 3788 1493 lucc

2189 1543 2219 1581 a
2246 1527 2447 1583 sanctis
2475 1527 2724 1584 Patribus
2747 1527 3010 1583 docemur
3039 1545 3052 1582 :
3083 1543 3261 1599 neque
3290 1517 3438 1583 enim'
3459 1544 3524 1583 ex
3552 1529 3636 1584 his
3663 1543 3788 1599 qum

2187 1617 2419 1674 demisse
2447 1619 2589 1674 dicta
2615 1628 2741 1675 sunt
2767 1620 3063 1676 divinitatis
3092 1621 3211 1676 Filii
3245 1622 3658 1678 conversionem
3689 1621 3788 1677 ad—

2187 1710 2426 1774 mittunt,
2456 1711 2911 1780 quemadmodum
2945 1727 3117 1782 neque
3144 1728 3210 1768 ex
3239 1713 3559 1772 sublimibus
3583 1713 3785 1770 divini-

2189 1807 2354 1855 tatem
2383 1801 2630 1858 dividunt
2653 1803 2720 1858 ab
2749 1802 3104 1868 humanitate,
3130 1804 3221 1858 sed
3246 1804 3313 1862 de
3338 1820 3445 1860 uno
3475 1805 3782 1876 eodemque

2118 1897 2161 1959 Β
2188 1890 2300 1946 Deo
2331 1891 2510 1948 Verbo
2538 1893 2816 1948 incarnato
2868 1895 3192 1966 homineque
3223 1895 3363 1952 facto
3394 1903 3502 1952 tam
3529 1897 3786 1954 sublimia

2185 1996 2346 2052 quam
2376 1982 2594 2038 humilia
2625 1983 2768 2040 dicta
2799 2001 2919 2041 esse
2950 1986 3300 2044 tradiderunt.

2257 2070 2392 2126 Cum
2422 2079 2601 2127 autem
2653 2072 2706 2128 in
2735 2074 2928 2130 vestris
2970 2075 3158 2130 iisdem
3204 2077 3470 2148 capitibus
3497 2077 3604 2134 hoc
3631 2075 3786 2148 adje-

2187 2163 2366 2218 ceritis
2391 2164 2553 2218 etiam
2580 2205 2597 2232 ,
2627 2179 2694 2219 ex
2733 2165 2918 2220 eadem
2949 2165 3201 2222 haustum
3231 2169 3454 2238 epistola
3480 2208 3495 2234 ,
3526 2175 3678 2225 recte
3706 2168 3785 2227 ibi

2185 2253 2318 2308 duas
2346 2262 2597 2320 naturas,
2630 2256 2843 2310 unicam
2876 2263 3057 2311 autem
3089 2273 3402 2327 personam,
3434 2259 3646 2316 unicam
3675 2275 3784 2332 po-

2186 2350 2436 2399 testatcm
2466 2343 2599 2411 dici,
2627 2345 2767 2400 circa
2815 2345 3046 2416 idipsum
3079 2363 3297 2418 quoque
3327 2348 3466 2404 illius
3493 2349 3784 2421 scriptoris

2185 2441 2523 2512 impietatem
2561 2458 2742 2514 opera:
2785 2445 3016 2514 pretium
3046 2446 3150 2500 erit
3178 2446 3451 2518 detegere.
3500 2447 3603 2516 Qui
3631 2451 3783 2506 enim

2183 2556 2292 2595 non
2321 2538 2611 2596 conﬁtetur
2653 2540 2819 2596 Deum
2850 2541 3083 2598 Verbum
3122 2543 3458 2600 incarnatum
3493 2561 3566 2602 ex
3605 2546 3781 2605 Maria

2183 2629 2442 2700 Virgine,
2487 2639 2542 2686 et
2571 2631 2841 2686 hominem
2884 2629 3081 2708 factum
3121 2649 3276 2703 esse,
3321 2634 3604 2706 cujusnam
3645 2638 3784 2696 dicit

2181 2721 2315 2778 duas
2359 2738 2479 2780 esse
2522 2725 2782 2780 naturas?
2832 2723 2939 2782 Sed
2984 2735 3142 2798 patet
3183 2727 3358 2798 ipsum
3394 2729 3530 2786 duas
3555 2740 3783 2789 naturas

2185 2807 2308 2864 loco
2338 2825 2694 2881 personarqu
2739 2815 3048 2884 admittere,
3089 2817 3329 2874 Nestorii
3380 2817 3779 2892 Theodorique

2189 2915 2380 2970 sensu,
2401 2917 2539 2972 quos
2560 2905 2791 2959 summis
2815 2908 3069 2964 laudibus
3091 2909 3448 2966 exsecrabilis
3468 2925 3532 2967 ea
3555 2915 3782 2970 extollit

2179 2995 2426 3066 epistola.
2465 2994 2521 3051 Si
2557 2995 2700 3051 enim
2749 2995 2962 3051 unicam
2993 3012 3278 3066 personam
3319 2999 3646 3070 unicmnque
3674 2999 3774 3056 Fi-

2179 3085 2310 3141 lium
2337 3085 2574 3142 indicare
2599 3087 2809 3142 videtur
2847 3087 3094 3158 epistola,
3130 3087 3232 3144 hac
3275 3087 3530 3158 loquendi
3559 3089 3779 3146 ratione

2177 3176 2262 3233 usi
2289 3185 2414 3232 sunt
2442 3175 2722 3233 Nestorins
2748 3178 2909 3233 etiam
2938 3188 2993 3233 et
3021 3177 3354 3245 Theodorus,
3385 3179 3593 3238 aientes
3617 3178 3779 3238 Chri-

2102 3261 2147 3323 C
2179 3275 2323 3322 stum
2351 3282 2544 3337 purum
2574 3268 2846 3324 hominem
2876 3269 3238 3338 superhaberc
3267 3269 3364 3324 Dei
3397 3270 3556 3327 Verbi
3583 3286 3779 3342 perso-

2181 3373 2325 3426 nam,
2350 3359 2654 3430 habereque
2675 3360 2770 3415 Dei
2787 3360 2946 3416 Verbi
2969 3361 3230 3417 honorem
3251 3370 3414 3432 atque
3433 3363 3776 3434 dignitatem,

2180 3457 2514 3527 gratiamque
2559 3457 2864 3529 adoptionis
2911 3469 3174 3530 prmterea
3203 3503 3221 3528 ,
3269 3468 3435 3532 atque
3486 3463 3604 3530 ejus
3649 3461 3779 3521 loco

2181 3547 2429 3614 adorari;
2463 3550 2813 3618 quamobrem
2839 3564 2898 3604 se
2930 3551 3143 3606 unicmn
3196 3551 3387 3607 Filium
3446 3554 3780 3626 unicamque

2180 3638 2378 3695 Christi
2411 3655 2699 3710 personam
2730 3641 2908 3696 dicere
2935 3642 3208 3710 simulant,
3239 3644 3358 3698 solo
3387 3645 3780 3704 convenientes

2180 3733 2460 3788 liliationis
2503 3733 2722 3789 nomine
2746 3775 2762 3802 ,
2800 3735 2946 3804 quod
2981 3735 3262 3791 manifeste
3288 3751 3356 3791 ex
3383 3739 3779 3795 sententiarum

2178 3825 2340 3879 modo
2363 3865 2378 3892 ,
2410 3823 2504 3896 qni
2583 3825 2637 3880 in
2669 3825 2896 3895 epistola
2939 3825 3226 3880 adhibetur
3247 3867 3265 3893 ,
3306 3826 3614 3897 colligitur,
3661 3844 3778 3898 quo

2177 3912 2372 3969 dicitur
2422 3913 2652 3984 duplicis
2712 3924 2918 3970 naturae
2972 3915 3186 3971 unicam
3238 3931 3360 3974 esse
3407 3926 3775 3990 potestatem,

2175 4003 2624 4074 quemadmodum
2671 4006 2872 4076 pariter
2913 4021 3011 4062 vos
3059 4007 3162 4076 ipsi
3216 4008 3530 4078 scripsistis.
3598 4008 3778 4068 Unica

2176 4111 2371 4167 nempe
2432 4105 2671 4166 potestas
2731 4113 2838 4152 non
2899 4098 2968 4154 de
3032 4099 3258 4155 diversis
3345 4102 3589 4168 naturis,
3671 4103 3776 4160 sed

2173 4186 2240 4243 de
2321 4186 2545 4240 diversis
2636 4187 2878 4257 personis
2953 4187 3176 4259 dicitur,
3239 4191 3385 4261 quod
3471 4191 3637 4248 etiam
3714 4193 3777 4250 in

2172 4285 2358 4332 sancta
2430 4276 2692 4334 Trinitate
2768 4279 3107 4348 agnoscimus
3190 4291 3354 4351 atque
3421 4281 3774 4342 conﬁtemur.

2173 4369 2535 4436 Quamobrem
2615 4370 2714 4426 SS.
2774 4369 2961 4430 Patres
3033 4374 3344 4435 anathema,
3389 4373 3644 4430 dixerunt
3706 4377 3776 4434 iis

2171 4459 2263 4528 qui
2311 4458 2640 4516 afﬁrmarent
2691 4463 2960 4518 hominem
3008 4463 3120 4518 Deo
3173 4463 3350 4520 Verbo
3399 4465 3608 4521 unitum
3648 4483 3775 4525 esse

2173 4551 2468 4608 secundum
2505 4555 2835 4624 potentiam,
2873 4555 2959 4609 vel
2992 4565 3344 4626 potestatem,
3376 4557 3462 4613 vel
3489 4557 3766 4626 habitum,

2103 4629 2147 4682 θ
2174 4644 2260 4698 vel
2286 4644 2632 4714 dignitatem;
2665 4662 2843 4718 neque
2875 4648 3131 4703 unionem
3157 4648 3350 4704 factam
3371 4664 3490 4706 esse
3511 4649 3564 4703 in
3588 4629 3774 4720 dupli-

2174 4739 2251 4794 cis
2278 4749 2483 4796 natura:
2515 4742 2668 4796 unica
2691 4741 3032 4797 subsistentia
3052 4741 3367 4798 faterentur.
3398 4741 3774 4810 Quemadmo-

2174 4837 2300 4892 dum
2327 4835 2471 4906 quod
2501 4836 2704 4905 pariter
2730 4842 2879 4890 recte
2900 4835 3100 4889 dictum
3130 4851 3160 4890 a
3189 4837 3390 4892 sanctis
3411 4835 3660 4892 Patribus
3683 4847 3772 4892 est

2171 4926 2240 4982 de
2265 4927 2490 4996 duplicis
2517 4933 2721 4980 natura:
2748 4924 3078 4994 discrimine,
3100 4926 3151 4982 id
3181 4927 3412 4984 Nestorii
3433 4937 3768 4996 sectatores,

2175 5017 2462 5073 Theodoro
2492 5015 2825 5072 inﬁdelitatis
2847 5013 3006 5080 duce,
3028 5014 3192 5087 impie
3211 5027 3512 5084 assumunt,
3543 5028 3772 5075 naturas

2173 5109 2295 5166 loco
2314 5123 2665 5180 personarum
2685 5108 3046 5178 nominantes,
3068 5117 3122 5165 et
3144 5125 3492 5180 personarum
3516 5109 3765 5166 habitun-

2171 5201 2276 5256 lem
2301 5201 2552 5256 unionem
2573 5209 2915 5266 venerantes,
2937 5210 2996 5256 ut
3016 5216 3176 5256 unam
3197 5201 3454 5256 simulent
3473 5217 3766 5282 personam

2169 5309 2232 5351 se
2274 5294 2475 5350 dicere.
2518 5295 2718 5365 impius
2763 5295 2876 5364 ipse
2924 5295 2977 5349 id
3027 5294 3266 5349 ostendit
3311 5293 3668 5364 Theodorus,
3711 5300 3763 5350 in

2168 5403 2363 5466 quarto
2409 5395 2668 5452 adversus
2705 5394 3093 5466 Apollinarium
3145 5393 3460 5451 haereticnm
3506 5409 3765 5451 sermone

2166 5487 2283 5543 haec
2309 5487 2551 5544 scribens
2583 5505 2596 5541 :
2637 5507 2654 5540 ι
2683 5487 2827 5542 Satis
2865 5485 3111 5556 profecto
3150 5486 3307 5543 nobis
3331 5493 3654 5542 naturarum
3682 5487 3764 5542 di-

2165 5580 2398 5634 scrimen
2425 5579 2747 5644 ostenditur,
2777 5593 2875 5648 per
2901 5577 3016 5632 haec
3055 5591 3173 5646 qua:
3202 5577 3481 5647 preposita
3507 5586 3652 5642 sunt,
3686 5579 3760 5632 si-

2165 5669 2380 5738 quidem
2429 5670 2533 5724 hoc
2580 5668 2938 5733 concluditur,
2969 5676 3223 5737 tanquam
3271 5683 3368 5738 per
3409 5668 3762 5738 benignitatis

2161 5762 2710 5831 superabundantiam
2737 5761 3041 5815 institutum
3077 5775 3197 5816 esse
3225 5768 3283 5815 nt
3309 5762 3391 5818 sic
3417 5762 3624 5832 sumpti
3661 5762 3760 5817 ho-

2161 5850 2322 5904 minis
2348 5849 2607 5904 memoria
2637 5857 2693 5905 et
2723 5849 2960 5904 visitatio
2983 5848 3162 5915 ﬁeret,
3193 5851 3564 5906 beatissimum
3591 5866 3759 5922 porro

2161 5944 2522 6007 existimatur,
2545 5941 2710 5996 veluti
2736 5941 2921 5998 talium
2939 5957 3101 5999 causa
3128 5942 3500 6012 dignationum
3521 5941 3685 6017 (Sic).
3704 5941 3756 5998 ld
