3952 6366
213 297 322 356 505

1392 310 1763 367 JUSTINIANI
1802 311 1938 367 ιλιι).
1983 310 2336 369 EPISTULA.

3397 323 3503 382 506

214 423 306 472 τοῦ
328 417 597 490 ληφθέντος
625 421 741 494 ὑμῖν
766 419 1198 498 παραδηλὼσειεν,
1233 421 1337 480 ὅσα
1361 446 1414 481 τε
1446 429 1614 499 τούτῳ
1643 428 1696 481 ἐκ
1719 434 1794 487 ni;

1916 427 2090 496 ipsum
2112 435 2292 484 autem
2321 435 2633 485 naturarum
2661 430 3056 490 distinctionem
3087 440 3342 510 ostendit,
3371 447 3518 514 quod

210 510 344 587 πρὸς
365 514 558 567 ἕλε’νον
581 514 780 586 γέγονεν
799 517 1089 588 συναφείας.
1107 513 1510 584 ι’Λποδείξαντες
1535 521 1698 576 τοίνυν
1721 522 1809 578 τὸν

209 599 446 663 δυσσεϐῆ
476 603 736 677 Θεόδωρον
764 607 858 667 τὰς
885 609 1063 680 φύσεις
1107 609 1217 663 ἀντὶ
1253 613 1550 686 προσώπων
1575 611 1808 685 λέγοντα,

211 691 295 751 ἔτι
321 699 532 766 μείζονα
569 700 944 773 προαγάγωμεν
977 701 1130 755 αὑτοῦ
1165 701 1487 774 βλασφημίαν
1513 701 1811 776 διελέγχου·

211 806 314 840 σαν
339 788 520 853 αὐτὸν,
549 789 694 843 ποίαν
729 787 859 862 λέγει
893 797 984 850 τήν
1011 792 1190 848 ἕνωσιν
1227 794 1357 871 πρὸς
1385 796 1682 868 κατάκρισιν
1710 803 1809 852 τῶν

208 877 538 936 ἀδικούντων
579 881 754 936 αὑτὸν.
787 882 864 936 Ἐν
887 883 985 957 γὰρ
1015 890 1088 954 τῷ
1114 887 1235 957 περὶ
1273 887 1694 960 ἔνανθρωπήσεως
1725 890 1808 960 ὀγ-

207 971 307 1044 δόῳ
343 973 477 1045 λόγῳ
507 973 640 1030 οὕτω
669 974 821 1046 λέγει*
856 993 875 1026 ε
911 974 1155 1045 Πρόδηλον
1184 975 1239 1032 δὲ
1264 980 1331 1037 ὡς·
1363 980 1436 1032 τὸ.
1457 987 1549 1040 τῆς
1583 979 1810 1041 ἓνὼσεως

207 1065 513 1137 ἐφαρμόζει⁶
547 1062 633 1120 διὰ
677 1066 775 1141 γὰρ
819 1070 1014 1128 ταύτης
1054 1069 1394 1138 συναχθεῖσαι
1443 1071 1497 1124 αἱ
1533 1073 1730 1142 φύσεις,
1757 1071 1808 1126 ἓν

207 1155 483 1230 προσωπον
532 1155 666 1212 κατά
703 1160 796 1215 τήν
832 1157 1016 1213 ἕνωσιν
1055 1159 1394 1215 ἀπετέλεσαν·
1431 1162 1499 1222 ὥς
1526 1182 1580 1216 τε
1623 1159 1807 1238 ὅπερὸ

206 1245 380 1316 κύριος
411 1246 496 1300 ἐπί
538 1265 592 1300 τε
633 1253 722 1302 τοῦ
751 1245 932 1323 ἀνδρὸς
961 1252 1046 1304 καί
1072 1258 1165 1310 τῆς
1191 1252 1426 1322 γυναικός
1453 1274 1624 1324 φησιν.
1655 1256 1721 1314 ὥς
1751 1275 1805 1311 τε

210 1335 384 1389 οὐκέτι
415 1336 544 1390 είσίν
568 1331 840 1403 δὺοξάλλά
870 1340 1000 1410 σὰρξ
1024 1341 1137 1412 μία,
1171 1338 1397 1413 εἴποιμεν
1441 1337 1500 1397 ἂν
1546 1348 1628 1398 καῖ
1664 1347 1807 1414 ἡμεῖς

205 1425 414 1486 εἰκότως
453 1429 584 1485 κατά
607 1429 691 1484 τὸν
720 1437 812 1490 τῆς
853 1431 1083 1497 ἐνὼσεως
1111 1431 1280 1506 λόγον,
1309 1436 1376 1494 ὥς
1407 1456 1460 1490 τε
1489 1438 1654 1493 οὐκέτι
1683 1442 1806 1493 εἰσὶν

205 1512 298 1569 δύο
339 1516 622 1590 πρόσωπα,
647 1518 753 1573 ἀλλ’
783 1517 858 1583 ἓν,
898 1519 1120 1580 δηλονότι
1175 1530 1274 1578 τῶν
1303 1526 1502 1598 φύσεων
1551 1525 1806 1603 διακεκρι-

205 1608 390 1678 μένων.
419 1605 622 1684 Ὠσπερ
675 1613 776 1687 γὰρ
815 1613 921 1668 ἐκεῖ
961 1615 1020 1668 οὑ
1057 1615 1351 1686 λυμαίνεται
1385 1626 1458 1691 τῷ
1489 1620 1686 1694 ἀριθμῷ
1714 1629 1806 1682 τῆς

204 1693 399 1759 δυάδος
429 1701 490 1755 τὸ
525 1703 644 1773 μίαν
678 1702 910 1774 λέγεσθαι
953 1711 1045 1765 τήν
1073 1709 1240 1782 σάρκα
1272 1693 1539 1786 (πρόδηλον
1563 1693 1804 1788 γὰρκαθό

1911 515 2129 584 quidem
2153 517 2414 574 sumentis
2442 522 2750 593 sumptique
2779 533 2984 581 natura:
3012 527 3300 586 discrimen
3326 534 3506 590 divina

1913 607 2028 676 ipsa
2057 609 2214 664 nobis
2259 610 2494 666 ostendit
2537 611 2840 684 Scriptura.
2889 616 3132 675 indicare
3159 624 3358 692 quipye
3391 641 3512 684 eam

1911 699 2172 754 unitatem
2201 701 2387 756 volens
2413 717 2532 771 qua:
2572 704 2640 759 ad
2681 705 2732 759 id
2760 709 2906 776 quod
2932 722 3202 781 sumptum
3231 723 3314 768 est
3339 717 3507 786 perti-

1912 799 2026 857 net,
2058 791 2190 848 dicit
2211 809 2308 864 per
2329 797 2587 852 unitatem
2610 797 2724 854 sive
2745 801 2995 857 unionem
3013 811 3268 875 utrasque
3285 815 3508 866 naturas

1910 882 2011 937 sibi
2039 881 2229 940 fecisse
2257 887 2539 956 proprias;
2562 888 2638 943 ita
2659 898 2738 958 ut,
2761 905 2914 960 aeque
2941 894 3058 960 ejus
3085 895 3175 964 qui
3207 908 3506 970 eratatque

1908 975 2136 1044 sumpsit
2155 990 2219 1033 ac
2239 977 2355 1046 ejus
2373 979 2463 1048 qui
2479 988 2723 1051 sumptus
2745 992 2829 1036 est
2847 984 3002 1042 nobis
3023 989 3314 1044 ostenderit
3330 992 3503 1047 unita-

1911 1084 2039 1144 tem,
2065 1091 2186 1146 qua:
2207 1093 2273 1134 ex
2297 1077 2435 1134 facta
2466 1094 2587 1135 cum
2612 1081 2728 1152 ipso
2749 1083 3133 1154 conjunctione
3159 1091 3444 1158 processit.
3477 1111 3496 1146 ε

1979 1170 2115 1226 Cum
2159 1171 2341 1241 itaque
2377 1172 2806 1230 demonstratum
2855 1176 3160 1236 luculenter
3181 1182 3250 1236 sit
3282 1183 3499 1254 impium

1903 1259 2253 1315 .Tbcodorum
2292 1271 2498 1318 natura:
2537 1279 2734 1320 nomen
2772 1281 2872 1336 pro
2913 1284 3145 1340 persona
3189 1289 3500 1347 usurpasse,

1907 1351 2232 1406 deteriorem
2261 1352 2435 1408 adhuc
2462 1353 2579 1423 ejus
2623 1355 3016 1428 blasphemiam
3057 1363 3398 1432 proferemus
3443 1355 3517 1424 in,

1907 1441 2162 1508 medium,
2191 1459 2299 1512 qua
2327 1443 2514 1512 docet;
2537 1447 2666 1516 quid
2695 1449 2810 1518 ipse
2838 1451 3059 1507 unitatis
3089 1455 3306 1511 nomine
3335 1457 3495 1514 intel-

1908 1531 2074 1600 ligat,
2107 1542 2167 1588 ut
2192 1534 2403 1603 plenius
2426 1535 2856 1594 condemnentur
2889 1542 3030 1610 ejus-
3044 1547 3494 1612 patrocinatorcs.

1905 1623 1963 1678 in
1993 1633 2187 1680 octavo
2227 1626 2388 1697 igitur
2421 1642 2673 1685 sermone
2721 1631 2789 1686 de
2815 1631 3192 1693 lncarnatione
3219 1639 3334 1695 haec
3359 1643 3496 1698 scri-

1905 1715 1984 1770 bit
2014 1734 2026 1770 :
2065 1735 2084 1768 ι
2115 1715 2343 1774 Constat
2388 1727 2572 1776 autem
2615 1723 2744 1792 quid
2775 1725 2978 1782 unitate
3007 1727 3325 1799 importetur
3355 1751 3368 1787 :
3401 1749 3497 1805 per

204 1789 301 1860 μία
341 1789 591 1863 λέγεται),
615 1791 779 1854 οὕτως
823 1795 1081 1850 κάνταῦθα
1126 1799 1184 1850 οὑ
1227 1797 1524 1868 λυμαίνεται
1569 1805 1658 1860 τήν
1702 1808 1794 1856 τῶν

210 1901 216 1902 ,
253 1880 265 1898 ν
290 1901 295 1902 ,
321 1900 333 1902 _
459 1880 486 1902 θ
653 1885 664 1902 Ι
803 1891 828 1902 ο
1023 1890 1033 1902 ε
1209 1891 1222 1902 ι
1277 1887 1300 1902 Ω
1527 1886 1579 1902 I,
1759 1893 1772 1902 .

1906 1815 2046 1871 hanc
2095 1818 2238 1872 enim
2283 1818 2652 1878 coalescentes
2697 1833 2905 1880 natura:
2955 1829 3168 1886 unicam
3208 1845 3495 1902 personam

203 1880 410 1954 γὺσεων
454 1880 700 1957 διαφοράν
739 1891 831 1940 τοῦ
870 1890 1150 1964 προσώπου
1194 1891 1225 1947 ἡ
1272 1887 1471 1950 ἕνωσις.
1527 1886 1680 1946 Ὀταν
1709 1893 1798 1964 μὶν

201 1973 307 2046 γὰρ
336 1973 430 2034 τὰς
456 1974 636 2047 φύσεις
655 1973 1011 2053 διακρίνωμεν,
1041 1979 1236 2036 τελείαν
1259 1985 1350 2040 τήν
1374 1982 1528 2055 φύσιν
1552 1990 1644 2040 τοῦ
1669 1991 1800 2040 Θεοῦ

204 2061 358 2136 λόγου
386 2066 571 2138 φαμὲν,
603 2068 688 2122 καί
715 2068 902 2123 τέλειον
925 2071 983 2125 τὸ
1009 2071 1306 2144 πρόσωπον
1331 2072 1445 2128 οὑδὲ
1474 2078 1573 2148 γὰρ
1599 2077 1799 2152 διπρόσ-

205 2154 345 2209 ενπὸν
378 2155 520 2212 ἐστιν
553 2153 846 2215 ὑπόστασιν
884 2161 1071 2216 εἰπεῖν’
1123 2162 1314 2218 τελείαν
1351 2161 1406 2219 δέ
1447 2169 1532 2220 καί
1564 2171 1656 2226 τήν
1703 2175 1796 2223 τοῦ

199 2247 472 2324 ἀνθρώπου
493 2251 664 2322 φύσιν,
697 2254 780 2305 καί
809 2254 865 2308 τὸ
889 2254 1167 2329 πρόσωπον
1193 2255 1397 2328 ὁμοίως.
1421 2254 1580 2314 Ὀταν
1606 2261 1696 2331 μέν
1717 2281 1798 2316 τοι

198 2334 288 2392 ἰπὶ
335 2341 428 2396 τήν
474 2340 744 2414 συνάφειαν
773 2340 1002 2413 εἴδωμεν,
1027 2344 1080 2399 ἓν
1109 2346 1390 2422 πρόσωπον
1414 2347 1528 2405 τότε
1561 2351 1736 2421 φαμέν.
1768 2369 1788 2404 ε

196 2431 378 2484 Ταῦτα
417 2429 594 2499 ἡμεῖς,
623 2432 666 2484 εἰ
711 2435 799 2486 καί
838 2434 1041 2510 φρικτόν
1086 2437 1202 2492 ἐστι
1247 2437 1406 2512 λέγειν
1443 2449 1792 2517 χριστιανοῖς,

200 2513 346 2588 ὅμως
371 2516 459 2574 δόι
489 2525 583 2580 τήν
607 2525 792 2590 μανίαν
817 2531 919 2580 τῶν
945 2525 1262 2583 ἔκδικούντοιν
1311 2527 1569 2604 Θεόδωρον
1597 2535 1676 2586 καί
1701 2537 1791 2592 τήν

195 2609 363 2672 ἀσεϐῆ
393 2602 580 2672 iusim
604 2615 893 2684 ἐπιστολήν,
916 2628 1229 2694 προαγαγεῖν
1252 2602 1650 2696 ἠναγκάσθημεν,
1672 2623 1789 2676 ἵλεω

193 2701 285 2758 τὸν
322 2703 446 2758 Θεὸν
485 2705 603 2777 ἡμῖν
643 2708 1056 2782 παρακαλοῦντες
1104 2711 1357 2782 γενέσθαι·
1391 2711 1456 2768 δι’
1479 2709 1546 2766 ὧν
1585 2713 1788 2767 πάντων

195 2789 574 2865 ἀποδέδεικται,
604 2793 684 2852 ὅτι
716 2801 890 2860 πάσης
918 2809 1010 2862 τῆς
1037 2800 1301 2878 Θεοδώρου
1341 2804 1582 2864 ἀσεϐείας
1622 2809 1785 2875 μεστή

196 2883 337 2942 ἐστιν
354 2886 388 2946 vi
418 2889 702 2965 κατάρατος
726 2888 886 2952 εκείνη
912 2893 1173 2954 ἕπιστολῆ.

1907 1907 2114 1964 unitate
2139 1907 2450 1980 perﬁciunt;
2481 1912 2554 1968 ita
2585 1925 2663 1980 ut,
2686 1918 3141 1985 quemadmodum
3166 1923 3234 1980 de
3256 1929 3496 1985 masculo

1907 2005 1962 2052 et
1981 1997 2177 2053 femina
2198 1999 2459 2058 Dominus
2479 2003 2650 2074 inquit
2669 2021 2767 2064 eos
2787 2023 2895 2065 non
2910 2009 3022 2080 jam
3042 2013 3195 2084 duos,
3218 2017 3312 2073 sed
3335 2036 3493 2076 unam

1913 2099 2131 2139 carnem
2149 2101 2290 2154 esse;
2311 2089 2566 2146 similiter
2581 2094 3000 2161 etiam,unitatis
3013 2101 3223 2156 ratione
3263 2104 3429 2172 nonja
3441 2121 3488 2157 m

1912 2175 2051 2244 duae,
2078 2179 2170 2233 sed
2191 2180 2351 2236 unica
2368 2181 2439 2238 sit
2462 2199 2719 2254 persona,
2744 2198 3029 2244 constante
3051 2207 3267 2264 semper
3292 2194 3491 2249 distitio

1911 2268 2090 2322 ctione
2128 2279 2468 2327 naturarum.
2492 2273 2957 2340 Quemadmodum
2988 2284 3132 2336 enim
3176 2283 3247 2337 ibi
3276 2288 3486 2340 numeri

1911 2375 2018 2415 non
2041 2361 2251 2416 tollitur
2274 2362 2586 2434 duplicitas,
2610 2369 2756 2437 quod
2782 2386 2889 2426 una
2911 2386 3041 2428 caro
3061 2374 3294 2441 dicatur,
3319 2377 3488 2448 liquet

1909 2458 2054 2510 enim
2075 2457 2532 2525 quemadmodum
2559 2477 2664 2516 una
2687 2465 2919 2532 dicatur,
2945 2469 3134 2524 eodem
3159 2472 3362 2538 pariter
3379 2487 3488 2528 meo

1911 2543 1980 2598 do
2009 2545 2231 2602 minime
2259 2555 2576 2604 naturarum
2608 2552 2856 2609 aufertur
2887 2554 3037 2628 [ιτα.
3063 2559 3262 2634 aufert]
3292 2562 3488 2616 discri-

1890 2646 2017 2687 men
2046 2633 2223 2689 unitas
2249 2635 2361 2704 ipsa
2389 2651 2654 2704 personas.
2683 2637 2816 2694 Cum
2847 2656 3010 2711 porro
3037 2633 3257 2700 naturas
3283 2645 3487 2704 discet-

1890 2723 2394 2795 nimns,perfectam
2416 2727 2510 2783 Dei
2543 2728 2702 2785 Verbi
2732 2739 2980 2787 naturam
3010 2733 3486 2807 profitemur,per-

1887 2813 2192 2882 lectamque
2215 2829 2502 2884 personam
2521 2817 2651 2890 (non
2665 2821 2808 2875 enim
2829 2821 3136 2894 hypostasis
3154 2824 3260 2881 dici
3283 2827 3485 2898 absque

1889 2918 2120 2973 persona
2136 2909 2364 2978 potest),
2378 2908 2674 2978 perfectam
2698 2914 2901 2982 pariter
2920 2915 3210 2972 humanam
3237 2926 3486 2975 naturam

1897 3007 2292 3066 personamque
2311 2998 2578 3054 similiter.
2602 2997 2737 3056 Cum
2761 3011 2941 3060 autem
2968 3005 3024 3060 in
3045 3007 3235 3064 harum
3267 3011 3486 3082 copula-

1897 3049 1913 3063 _
2611 3049 2737 3056 η-
2761 3049 2941 3060 πη...
3045 3049 3235 3064 ..........
3267 3049 3485 3082 ww...—

193 3071 401 3134 tlonem
430 3049 546 3134 sive
574 3077 1006 3148 conjunctionem
1034 3083 1272 3140 animum
1301 3085 1645 3153 intendimus,
1677 3086 1888 3142 unicam
1927 3094 2056 3146 tunc
2078 3101 2199 3146 esse
2227 3105 2513 3161 personam
2543 3095 2914 3163 praedicamus.
2937 3117 2956 3152 ι
2989 3098 3115 3156 ιιωο
3152 3117 3284 3170 nos,
3315 3120 3487 3174 quan—

193 3184 356 3242 quam
383 3171 533 3230 dictu
577 3171 902 3238 Christianis,
930 3175 1207 3232 horribilia
1231 3218 1247 3246 ,
1298 3177 1600 3248 producere
1634 3179 1690 3234 in
1740 3181 1976 3238 medium
2018 3183 2197 3239 coacti
2243 3199 2430 3241 sumus
2480 3201 2549 3242 ex
2596 3185 2866 3244 Theodori
2913 3190 3194 3264 impizeque
3246 3171 3486 3269 epistolae
3539 3266 3546 3273 τ

191 3267 550 3330 patronorum
593 3263 824 3329 insania,
875 3265 1168 3338 propitium
1215 3268 1372 3324 nobis
1419 3267 1589 3323 Deum
1639 3266 1757 3326 fieri
1804 3273 2181 3342 postulantes:
2227 3276 2423 3346 quibus
2465 3287 2642 3336 tamen
2671 3263 3210 3344 demonstratunrest
3236 3263 3484 3349 universa

193 3347 571 3408 Theodoriana
603 3354 880 3425 impietate
906 3350 1294 3414 exsecrabilem
1333 3373 1455 3414 eam
1500 3358 1786 3430 epistolam
1823 3377 1944 3420 esse
1970 3361 2244 3421 refertam.
3033 3387 3042 3400 '

264 3447 360 3500 Καί
373 3453 540 3502 ταῦτα
557 3449 649 3520 μὲν
662 3447 864 3504 ἅπαντα
875 3450 1246 3526 ἀπεκρινάμεθα
1260 3451 1385 3526 πρὸς
1401 3453 1466 3508 τὰ
1477 3460 1548 3526 τῷ
1559 3453 1788 3528 ὑμετέρῳ

1962 3453 2034 3510 Et
2058 3455 2177 3512 hac
2205 3457 2424 3528 quidem
2467 3461 2651 3518 omnia
2691 3465 3065 3535 respondimus
3092 3468 3162 3524 ad
3189 3485 3254 3526 ea
3283 3486 3402 3542 qua:
3428 3472 3484 3529 in

193 3537 624 3612 ιεφαλαιογροιφίῳ
653 3537 788 3612 (SiC)
816 3543 1160 3618 περιεχόμενα
1179 3583 1194 3607 ,
1225 3541 1288 3598 δι’
1319 3540 1384 3597 ὧν
1423 3543 1787 3601 ἐσπουδάσατε

189 3635 284 3690 τήν
309 3632 472 3692 ἀσεϐῆ
499 3633 684 3692 ἐκείνην
720 3635 984 3694 ἐπιστολὴν
1021 3633 1318 3700 ἱκδικῆσαι,
1350 3638 1436 3690 καὶ
1473 3634 1557 3691 διὰ
1597 3639 1788 3696 ταύτην

190 3727 282 3781 τήν
311 3721 579 3800 Θεοδώρου
619 3728 705 3780 καί
733 3728 1003 3798 Νεστορίου
1022 3723 1340 3792 ’κακοδοξίαν
1388 3728 1786 3792 ἀνανεώσασθαι.

190 3812 258 3869 ὧν
279 3821 370 3875 τὴν
419 3817 662 3872 ἀσέϐειαν
713 3819 746 3876 ἦ
791 3816 916 3877 αὑτῆ
967 3818 1204 3877 ἐπιστολή
1245 3820 1465 3875 ἐπαινεῖ.
1505 3819 1705 3878 Ἐπειδὴ
1735 3818 1789 3876 δὲ

191 3908 356 3962 πολλὰ
381 3917 475 3970 τῆς
497 3911 922 3983 μνημονευθείσης
945 3911 1217 3971 ἐπιστολῆς
1243 3917 1335 3972 τῆς
1372 3911 1502 3988 πρὸς
1521 3914 1681 3985 Μάριν
1702 3913 1788 3967 τὸν

189 3999 443 4074 ειίρετικόν
475 4004 827 4076 γεγραμμένης
859 4000 1287 4076 παραλελοίπατε,
1332 4007 1414 4060 καί
1441 4004 1526 4058 οὑκ
1573 4003 1786 4075 ἐτολμή-

189 4113 314 4148 σατε
344 4099 515 4149 ταῦτα
551 4101 664 4155 τοῖς
700 4095 964 4173 ὑμετέροις
1013 4095 1298 4167 κεφαλαίοις
1338 4097 1558 4158 ἐνθεῖναι,
1604 4097 1689 4151 ἵνα
1718 4102 1788 4168 μή

190 4193 278 4246 καί
301 4193 360 4246 ἐκ
386 4193 580 4248 τούτων
599 4196 690 4252 τήν
719 4193 768 4257 ἐξ
796 4193 936 4264 ὑμῶν
961 4189 1308 4264 ἔκδικουμὲνην
1343 4194 1581 4249 ἀσέϐειαν
1609 4192 1635 4249 ὁ
1662 4193 1788 4269 παρ’

189 4283 317 4354 ὑμῖν
339 4290 442 4338 τῶν
467 4291 778 4358 Χριστιανῶν
805 4276 948 4358 ’μάθῃ
983 4283 1122 4354 λαός,
1175 4287 1449 4356 ἀναγκαῖον
1487 4287 1788 4357 ίνομίσαμεν

189 4367 315 4428 εἶναι
339 4374 426 4427 καί
447 4379 616 4430 ταῦτα
644 4369 728 4430 διὰ
756 4375 1006 4450 βραχίων
1029 4383 1336 4451 φανερῶσαι.
1367 4377 1667 4454 Περιέχεται
1687 4373 1787 4451 γάρ

190 4471 299 4526 τοῖς
320 4464 447 4542 παρ’
474 4467 619 4536 ὑμῶν
657 4467 1137 4544 παραλελειμμένας
1183 4469 1379 4544 ῥήμασι
1427 4478 1516 4530 τῆς
1567 4471 1790 4532 ἀσεϐοῦς

189 4557 488 4619 ἐπιστολῆς.
509 4575 527 4609 ε
556 4555 636 4615 ὅτι
665 4560 910 4634 Κὺριλλος
931 4562 1024 4624 τὰς
1047 4563 1201 4624 ἆκοὰς
1223 4560 1427 4616 πάντων
1453 4569 1553 4617 τῶν
1579 4561 1786 4618 ἐπισκό-

187 4669 300 4702 πων
334 4655 437 4704 τῶν
477 4650 527 4703 ἐν
556 4658 618 4726 τῇ
661 4647 996 4721 κατ”Εᾳεσον
1045 4650 1244 4722 συνόδῳ
1295 4651 1657 4715 συνελθόντων,
1715 4659 1788 4724 τῷ

188 4740 444 4811 ςαρμὰκῳ
484 4747 560 4814 τῷ
591 4746 838 4816 πηροῦντι
881 4744 1002 4802 τοὺς
1030 4743 1313 4815 ὀφθαλμοὺς
1341 4748 1442 4797 τῶν
1474 4747 1641 4812 σοφῶν
1665 4763 1789 4796 κατ-

1889 3555 2074 3603 vestro
2099 3549 2462 3620 capitulorum
2501 3553 2639 3610 libro
2676 3556 3126 3627 continebantur,
3155 3561 3350 3631 quibus
3382 3563 3485 3619 im-

1889 3638 2036 3709 piam
2063 3639 2342 3710 pnefatam
2371 3643 2652 3713 epistolam
2682 3645 2958 3706 vindicare
2985 3650 3301 3708 nitebamini
3319 3694 3334 3721 ,
3362 3669 3486 3724 pra-

1889 3745 2094 3800 vasque
2139 3741 2432 3804 propterea
2481 3733 2754 3792 Theodori
2797 3737 3138 3810 Nestoriique
3185 3743 3486 3800 instaurare

1891 3821 2210 3888 sententias,
2240 3837 2470 3892 quorum
2499 3825 2716 3894 przefata
2754 3827 2983 3896 epistola
3011 3832 3355 3888 commendat
3383 3833 3486 3888 im-

1891 3911 2166 3980 pietatem.
2211 3911 2477 3978 Quoniam
2508 3931 2640 3972 vero
2673 3919 2943 3987 permulta
2970 3917 3025 3974 in
3054 3931 3355 3979 memorata
3381 3925 3484 3979 im-

1892 4001 1980 4072 pia
2001 4003 2228 4072 epistola
2251 4003 2320 4058 ad
2340 4003 2530 4060 Marim
2561 4007 2874 4064 baereticum
2900 4008 3103 4082 scripta
3130 4015 3482 4082 praeteriistis,

1891 4109 2066 4164 neque
2085 4097 2202 4150 ausi
2225 4097 2355 4151 estis
2375 4111 2437 4150 ea
2463 4098 2658 4154 vestris
2683 4098 2950 4170 capitibus
2968 4100 3228 4170 inserere,
3250 4119 3320 4160 ne
3346 4105 3486 4162 forte

1890 4200 1958 4241 ex
1983 4186 2051 4242 iis
2070 4187 2233 4242 etiam
2260 4185 2600 4246 Christianus
2617 4191 2866 4262 populus,
2891 4201 3094 4263 quanta
3121 4210 3154 4250 a
3181 4196 3334 4253 vobis
3358 4214 3485 4270 pro-

1891 4286 2224 4347 pugnaretur
2266 4279 2516 4352 impietas
2557 4280 2916 4352 intelligeret,
2956 4286 3319 4342 necessarium
3366 4303 3486 4344 esse

1885 4373 2246 4446 judicavimns
2268 4417 2284 4443 ,
2337 4379 2454 4435 hmo
2489 4393 2706 4450 quoque
2743 4381 2930 4452 paucis
2975 4383 3283 4441 ostendere.
3335 4385 3392 4441 ln
3420 4402 3484 4442 ea

1889 4470 2036 4525 enim
2063 4469 2309 4540 epistola:
2347 4479 2502 4542 parte
2524 4511 2540 4539 ,
2588 4488 2709 4544 quze
2757 4473 3116 4545 praetermissa
3141 4489 3176 4531 a
3206 4476 3355 4534 vobis
3378 4486 3486 4550 est,

1889 4559 2119 4615 habetur
2147 4570 2172 4598 ει
2205 4578 2218 4614 :
2253 4579 2273 4613 ε
2300 4559 2559 4633 Cyrillum
2584 4577 2744 4621 aures
2765 4561 3006 4621 omnium
3028 4566 3408 4639 episcoporum
3431 4571 3485 4626 in

1889 4648 2162 4720 Ephesum
2191 4653 2628 4709 convenientium
2662 4667 2874 4712 veneno
2909 4656 3207 4714 obetecanti
3243 4660 3484 4715 omnium

1891 4743 2080 4798 oculos
2109 4743 2406 4800 obtinuisse
2447 4745 2806 4816 sapientium;
2859 4747 3132 4806 invenisse
3157 4759 3339 4806 autem
3371 4768 3487 4806 mo-

187 4831 373 4902 εῖχεν,
404 4822 550 4906 εὗρεν
577 4827 631 4886 δέ
659 4833 884 4907 ἀφορμήν
909 4834 963 4886 ἐκ
992 4839 1084 4887 τοῦ
1117 4836 1252 4888 κατὰ
1277 4832 1550 4906 Νεστορίου
1579 4832 1784 4902 μίσους,

1900 4837 2020 4893 dum
2049 4854 2120 4894 ex
2139 4839 2264 4895 odio
2286 4839 2342 4894 in
2368 4838 2672 4895 Nestorium
2699 4851 3080 4914 prteconcepto
3107 4861 3122 4897 :
3153 4851 3318 4914 atque
3342 4845 3484 4900 nulla

191 4924 276 4976 καί
301 4918 384 4976 ὅτι
408 4919 598 4976 καθεῖλε
622 4931 714 4984 τῆς
743 4923 1022 4983 ἐπισκοπῆς
1046 4925 1311 4998 Νεστόριον
1332 4926 1363 4983 ἡ
1393 4925 1444 4979 ἐν
1457 4922 1646 4997 Ἐφέσῳ
1666 4925 1788 4978 σὺν·

188 5009 327 5076 οδος,
358 5014 577 5089 κρίσεως
597 5016 680 5068 καί
707 5017 970 5078 ζητήσεως
991 5019 1060 5084 μή
1091 5017 1408 5088 γενομένης.ε
1432 5018 1525 5071 mi
1551 5015 1710 5070 πάλιν
1739 5015 1788 5068 ἕν

187 5111 258 5182 τῇ
281 5105 412 5180 αὐτῇ
439 5105 682 5182 ἕπιστολῇ
709 5107 1018 5180 περιέχεται
1036 5121 1052 5136 ⁸
1085 5123 1104 5158 ε
1133 5104 1212 5162 ὅτι
1238 5109 1302 5161 τὰ
1335 5105 1532 5164 δώδεκα
1553 5107 1790 5180 κεφάλαια

189 5177 258 5254 τέ
283 5177 434 5276 παρὰ
461 5197 697 5274 ιυρίλλου
721 5202 1001 5276 γραιρίντα,
1031 5199 1229 5256 ἐναντία
1255 5197 1378 5256 ὄντα
1401 5208 1492 5263 τῆς
1521 5201 1670 5276 ὀρθῆς
1698 5203 1788 5256 πί-

191 5311 381 5356 στεως,
409 5293 698 5368 προέθηκαν
724 5293 770 5348 οἱ
810 5291 862 5348 ἔν
879 5295 1068 5366 Ἐφέσῳ
1097 5296 1445 5366 συναχθέντες
1480 5298 1748 5352 ἐπίσκοποι
1768 5334 1784 5362 ,

193 5387 275 5439 καί
301 5383 638 5455 ἐϐεϐαίωσαν,
691 5387 780 5442 καὶ
819 5388 1108 5459 συνῄνεσαν
1137 5388 1334 5454 αὐτοῖς,
1371 5389 1438 5447 ὡς
1463 5395 1526 5463 τῇ
1555 5387 1676 5463 ὀρθῇ
1698 5387 1786 5442 πί·

189 5496 303 5534 στει
322 5475 652 5552 συνᾴδουσιν⁸
701 5481 792 5534 καί
820 5478 900 5536 ὅτι
948 5480 1223 5558 Νεστόριος
1259 5479 1432 5541 ἐπειδή
1472 5483 1695 5553 ἆμισεῖτο
1733 5484 1784 5538 ἐν

189 5581 255 5647 τῇ
280 5571 388 5648 ἰδίᾳ
413 5571 578 5636 πόλει,
608 5577 696 5630 καί
721 5575 865 5653 παρὰ
889 5582 989 5630 τῶν
1009 5579 1228 5652 πρώτων
1251 5578 1426 5638 αὐτῆς.
1457 5576 1784 5650 ὑποστρέψαι

187 5667 296 5722 ἐκεῖ
315 5667 410 5722 οὑκ
429 5663 672 5727 ἠδυνήθη.
703 5686 724 5721 ε
757 5671 846 5722 καί
877 5664 962 5723 διὰ
984 5669 1189 5724 πάντων
1216 5667 1243 5722 ὃ
1271 5669 1473 5744 γράψας
1506 5673 1597 5728 τήν
1623 5670 1782 5730 αὐτὴν

187 5758 358 5818 ἀσεϐῆ
392 5758 692 5821 ἐπιστολήν,
733 5760 793 5813 οὑ
823 5755 970 5828 μόνον
1008 5759 1128 5817 τοὺς
1165 5758 1444 5832 αἷρετικοὺς
1489 5755 1676 5812 ἓκδικεῖ
1702 5760 1788 5813 καὶ

1891 4935 2138 4990 instituta
2164 4935 2535 5005 disquisitione
2558 4945 2615 4992 et
2637 4935 2840 5007 judicio
2861 4937 3168 4996 Nestorium
3198 4941 3268 4998 ab
3295 4941 3484 4998 eadem

1892 5023 2163 5095 Ephesina
2209 5025 2418 5098 synodo
2483 5025 2622 5084 sede
2689 5044 2787 5085 sua
2840 5028 3004 5087 fuisse
3053 5031 3418 5090 deturbatum.
3457 5051 3477 5084 ε

1893 5113 2103 5172 Pariter
2129 5117 2184 5172 in
2226 5117 2418 5173 eadem
2465 5116 2694 5190 epistola
2740 5119 3016 5178 habetur:
3053 5141 3073 5174 ε
3101 5121 3392 5178 Duodecim
3420 5138 3485 5179 ea

1893 5207 2129 5279 capitula
2164 5207 2234 5264 ab
2263 5207 2466 5280 Cyrillo
2493 5209 2816 5281 conscripta,
2850 5225 3160 5281 quanquam
3183 5227 3306 5266 cum
3336 5223 3482 5268 recta

1895 5300 1999 5356 lide
2026 5308 2346 5371 pugnarent,
2371 5301 2440 5355 ab
2467 5299 2751 5371 Ephesium
2777 5300 2966 5374 synodi
2994 5297 3260 5374 episcOpis
3281 5319 3484 5375 propo-

1892 5391 1995 5446 sita
2047 5388 2210 5446 fuisse
2256 5397 2420 5460 atque
2465 5388 2783 5446 conﬁrmata
2807 5431 2824 5457 ,
2855 5390 3069 5461 illisque
3095 5407 3194 5450 eos
3227 5401 3482 5464 tanquam

1890 5495 2038 5537 vera:
2076 5479 2199 5537 fidei
2228 5480 2653 5536 consonantibus
2689 5479 3062 5549 consensisse;
3101 5492 3264 5554 atque
3292 5483 3482 5540 Nesto«

1890 5573 2050 5641 rium,
2073 5580 2363 5644 propterea
2385 5569 2532 5642 quod
2557 5569 2684 5628 odio
2707 5570 3000 5630 haberetur
3025 5573 3095 5631 ab
3113 5575 3333 5631 civitate
3361 5591 3476 5643 sua,

1890 5663 2264 5736 primariisque
2293 5662 2502 5719 civibus
2529 5661 2648 5732 ejus
2671 5701 2687 5729 ,
2729 5661 2856 5720 illuc
2883 5663 3102 5720 minime
3133 5667 3368 5736 potuisse
3395 5683 3485 5722 rc-

1895 5757 2050 5811 verti.
2092 5773 2110 5806 »
2147 5757 2326 5824 Atque
2354 5754 2460 5811 hoc
2487 5753 2647 5810 modo
2673 5754 2878 5812 nefarie
2909 5755 3048 5812 illius
3076 5757 3318 5828 epistolae
3344 5761 3496 5815 scri-

261 5858 292 5886 ι
326 5847 524 5908 Exstat
555 5848 610 5906 in
647 5849 783 5906 actis
823 5859 982 5905 conc.
1023 5847 1432 5922 Constantium».
1472 5865 1530 5918 ιι,
1563 5847 1700 5906 Coll.
1729 5845 1785 5943 ξ,
1824 5849 1968 5924 apud
2018 5847 2184 5908 Labb.
