3952 6414
229 293 345 348 509

1415 283 1784 340 JUSTZNUNI
1826 283 1966 342 IMP.
2008 281 2357 338 ΕριδτοιΑ.

3423 281 3527 339 810

225 430 258 462 κ
285 409 316 457 ·ἓ
343 404 474 473 μετὰ
504 405 718 460 Θάνατον
757 405 1118 474 ἀνεθεματίσθη
1138 444 1151 466 ,
1187 397 1238 454 εν
1279 400 1441 455 ἀσεϐῆ
1472 398 1726 472 Θεόδωρον
1759 396 1836 451 δι-

1947 413 1974 450 a
2008 397 2108 468 piis
2137 395 2562 464 orthodoxisque
2591 395 2895 451 hominibus
2942 395 3104 452 fuisse
3149 397 3349 453 dictum
3395 413 3534 454 ana-

233 496 492 552 ὃασκοίλον
519 505 611 557 τῆς
639 496 930 559 ἕκκλησίας,
962 497 1043 548 καί
1071 494 1265 568 κήρυκα
1293 499 1382 550 τῆς
1418 491 1648 549 ἀληθείας
1689 490 1835 543 καλεῖ

241 592 265 645 ο
295 590 430 647 αὐτή
453 589 646 650 ἀσεϐὴς
670 588 928 647 ἐπιστολὴ,
957 587 1042 640 τὸν
1070 587 1201 661 ὑπὲρ
1247 585 1438 641 πάντας
1484 583 1603 641 τοὺς
1649 583 1838 656 ατρετι·

238 681 360 740 κοὺς
410 680 874 751 βλασφημήσαντα.
925 675 1132 736 Οὗτινος
1174 683 1274 730 τῶν
1321 675 1647 747 βλασφημιῶν
1687 675 1837 746 μέρος

237 772 524 842 ἐλάχιστον
553 769 615 827 δι’
645 771 822 846 ἑτέρας
851 772 967 839 ὑμῖν
993 770 1262 830 ἐπιστολῆς
1290 769 1370 822 ἐπ’
1401 769 1566 822 αὐτῶν
1599 771 1715 837 ὑμῖν
1742 775 1840 820 τῶν

240 864 490 932 ῥημάτων
510 862 606 922 ἤδη
630 864 1016 935 ὲφανερὼσαμεν
1041 858 1410 924 ἀποδείξαντες,
1442 862 1521 912 καί
1554 861 1602 913 τί
1631 859 1673 910 οἱ
1707 857 1839 928 ἅγιοι

241 956 490 1030 πατέρες,
527 954 778 1032 κύριλλος,
829 955 910 1006 καὶ
963 952 1196 1025 Πρόκλος,
1247 956 1331 1006 καί
1368 948 1680 1008 Ῥαεξονλᾶς
1711 954 1839 1003 κατά

242 1043 538 1122 Θεοδώρου,
573 1047 661 1098 καί
689 1051 787 1099 τῶν
813 1043 1011 1097 ἀσεϐῶν
1041 1045 1198 1097 αὐτοῦ
1225 1043 1382 1113 λόγων
1405 1041 1655 1118 ἔίνραηξααν,
1685 1062 1843 1094 κατα·

243 1141 502 1211 κρίναντες
521 1139 828 1208 αὑτὸνμετὰ
853 1146 942 1198 τῆς
959 1140 1119 1196 «ira;
1146 1137 1383 1195 ἀσεϐείας
1413 1137 1768 1209 Τοιαῦταιγὰρ
1790 1134 1840 1186 αί

244 1227 518 1304 Θεοδώρου
531 1229 846 1300 βλασφημίαι
870 1231 1014 1294 εἰσιν,
1033 1225 1112 1281 ὅτι
1128 1225 1218 1298 μί’.
1235 1223 1392 1295 ὥστε]
1411 1247 1433 1278 ο
1449 1225 1523 1279 ἓδέ
1550 1227 1694 1296 ὑμεῖς
1711 1225 1842 1278 ἐτολ-

244 1321 444 1385 μήσατε
468 1315 663 1377 ταύτας
685 1315 956 1380 ἐκδικῆσαι,
982 1321 1024 1370 εἰ
1044 1320 1124 1370 καί
1147 1316 1230 1370 τὸν
1260 1317 1507 1385 ἐκθέμενον
1537 1317 1692 1374 αὐτὰς
1715 1312 1842 1368 ἔκδι-

245 1417 400 1467 κῆτε·
433 1415 649 1482 φανεροῦ
689 1405 829 1468 ὄντος
861 1407 937 1464 ὅτι
966 1407 1124 1469 οὐδεὶς
1152 1409 1216 1460 τὰ
1247 1408 1372 1460 κακὰ
1413 1408 1732 1480 κατακρίνων,
1761 1407 1842 1457 τίν

245 1501 506 1569 ἔκϐἐμενον
528 1501 662 1554 αὐτὰ
687 1499 882 1559 ἔκδικεῖ,
900 1501 1024 1556 πλιζν
1046 1503 1086 1552 εἰ
1107 1508 1174 1570 μή
1197 1501 1378 1552 ἐκεῖνον
1398 1499 1478 1552 τὸν
1502 1501 1844 1567 gravari-ita-»-

245 1613 331 1652 τοι,
368 1594 451 1644 καί
478 1601 568 1650 τῆς
601 1591 731 1651 ἰδίας
760 1592 1060 1646 ἀποστάντα
1086 1593 1300 1654 πλάνης,
1329 1593 1412 1642 καί
1442 1597 1610 1644 ταῦτα
1639 1587 1844 1644 καταδι-

245 1681 503 1737 κάσαντα.
535 1690 660 1742 Ταῖς
684 1681 736 1736 δὲ
761 1679 933 1740 ἄλλαις
963 1681 1146 1758 ὕϐρεσι
1173 1689 1284 1740 ταῖς
1311 1682 1357 1732 ἐν
1387 1688 1446 1754 τῇ
1476 1681 1604 1749 αὖτῇ
1631 1681 1841 1732 ἐπιστο-

1943 489 2120 543 thema
2139 526 2155 552 ,
2187 495 2243 542 et
2271 487 2338 542 ab
2367 486 2606 541 Ecclesia
2632 486 2892 556 rejectum
2921 502 3070 554 esse,
3097 503 3255 560 quem
3282 487 3534 546 Theodo—

1942 593 2060 630 rum
2109 575 2348 630 omnium
2399 575 2490 644 qui
2540 576 2802 630 hactenus
2845 578 3106 632 exstitere
3153 576 3530 634 haereticorum

1942 668 2333 737 blasphemnm,
2369 667 2528 737 impia
2557 668 2646 722 illa
2677 668 2902 740 epistola
2934 668 3189 724 Ecclesia:
3219 671 3535 738 magistrum

1942 766 2100 812 vocat
2137 773 2551 828 ptmconemque
2587 759 2853 824 veritatis,
2889 759 3051 828 cujus.
3079 760 3535 830 blasphemiarum

1944 852 2188 918 exiguam
2220 861 2425 925 partem
2457 851 2622 904 altera
2649 849 2760 918 jam
2799 851 2952 904 vobis
2996 851 3224 919 epistola
3272 856 3531 920 exposui-

1943 960 2062 998 mus
2090 961 2103 996 :
2139 944 2315 1004 verbis
2359 957 2590 1011 namque
2611 941 2708 996 SS.
2738 941 2945 1013 Cyrilli,
2977 939 3156 996 Procli
3203 957 3268 996 ac
3304 943 3530 998 Itabulte

1943 1033 2072 1101 quid
2105 1033 2202 1101 ipsi
2226 1040 2414 1087 contra
2443 1031 2784 1085 Theodorum
2809 1031 3144 1098 scripserint,
3177 1030 3534 1098 ostendimus,

1945 1133 2105 1192 atque
2142 1121 2590 1191 quemadmodum
2620 1135 2764 1187 eum,
2809 1120 3135 1190 impiamque
3180 1119 3298 1189 ejus
3333 1120 3537 1176 doctri-

1945 1229 2086 1278 nani,
2130 1222 2292 1280 atque
2331 1212 2668 1280 iniquitatem
2705 1211 3202 1266 condemnaverint.
3261 1209 3536 1280 Ejusmodi

1945 1313 2123 1358 antem
2155 1312 2281 1356 sunt
2301 1303 2570 1356 Theodori
2601 1302 2962 1372 blasphemiae,
2990 1311 3047 1357 ut
3073 1318 3249 1372 neque
3288 1319 3385 1358 vos
3411 1304 3534 1372 ipsi,

1945 1397 2034 1466 qui
2062 1393 2404 1448 Theodorum
2431 1409 2524 1448 eas
2552 1403 2945 1464 proponentem
2976 1396 3224 1461 tuemini,
3253 1396 3373 1450 illas
3413 1412 3531 1466 pre-

1946 1501 2184 1556 pngnare
2211 1485 2326 1540 ausi
2369 1485 2530 1540 sitis:
2568 1501 2690 1540 cum
2730 1493 2912 1540 tamen
2960 1495 3173 1541 constet
3220 1503 3252 1540 a
3297 1489 3534 1550 neruine,

1945 1578 2035 1646 qui
2082 1577 2416 1646 impietatem
2467 1576 2670 1645 judicio
2710 1593 2808 1632 suo
2851 1579 3264 1648 proscripserit,
3319 1578 3532 1634 defendi

1945 1685 2106 1739 posse
2125 1669 2366 1738 ejusdem
2388 1669 2676 1740 impietatis
2698 1678 3002 1739 patronum,
3026 1671 3127 1725 nisi
3152 1673 3195 1726 is
3220 1671 3447 1727 fortasse
3467 1673 3534 1726 ab
3565 1697 3578 1708 ι

246 1775 304 1848 λῇ
361 1775 489 1829 κατὰ
532 1781 624 1828 τοῦ
669 1781 717 1829 ἓν
747 1773 908 1846 ἁγίοις
952 1774 1186 1848 Κυρίλλου
1239 1774 1496 1850 ῥηθείσαις
1542 1772 1839 1846 πρόσκειται

1947 1779 2130 1818 errore
2151 1763 2438 1818 recesserit
2466 1764 2720 1833 primum,
2745 1775 2906 1832 atque
2933 1764 3242 1833 resipuerit,
3263 1774 3426 1834 atque
3446 1766 3536 1820 illa

246 1868 467 1926 κάκεῖνο,
499 1863 580 1919 ὅτι
601 1866 1128 1934 ὼαισχὺντωςαύτός
1166 1866 1221 1919 ὲν
1253 1864 1418 1937 ἁγίοις
1443 1864 1674 1938 lii-p016;
1707 1867 1836 1928 ἐστι,

249 1961 330 2008 καί
357 1953 434 2009 ὄτι
459 1955 821 2025 μεταμεληθεὶς
851 1957 1050 2012 ἐναντία
1087 1963 1148 2026 τῇ
1189 1958 1369 2029 πρώτῃ
1397 1956 1554 2008 αὐτοῦ
1587 1952 1836 2009 διδασκα-

247 2046 331 2120 λία
354 2048 556 2110 ἐξέθετο
599 2047 650 2110 ἐξ
689 2042 754 2098 ὧν
803 2043 828 2100 ὃ
865 2052 954 2104 τήν
986 2045 1251 2104 ἐπιστολήν
1273 2047 1460 2103 ἑκε’νην
1489 2045 1695 2119 γράψας
1735 2042 1840 2099 δεί-

248 2159 426 2192 κνυται
457 2139 630 2198 πάσης
651 2139 822 2196 ἀνοίας
843 2139 1048 2206 μεστός.
1073 2144 1174 2190 Ποῦ
1203 2141 1302 2210 γὰρ
1335 2136 1359 2191 ὁ
1388 2140 1436 2190 ἐν
1467 2136 1627 2206 ἁγίοις
1657 2135 1840 2210 Κύριλ-

247 2229 330 2288 λος
358 2231 558 2284 ἐναντία
580 2238 642 2301 τῇ
671 2233 847 2302 πρώτῃ
879 2231 1034 2284 αὐτοῦ
1057 2228 1355 2303 διδασκαλία
1385 2231 1604 2296 ἐξέθετο,
1635 2227 1665 2287 ἧ
1689 2250 1838 2299 μετε-

247 2321 459 2382 vinces;
507 2318 538 2378 ἦ
583 2327 694 2378 πῶς
731 2321 762 2376 ἡ
809 2322 859 2372 ὲν
895 2318 1174 2376 Χαλκηδόνι
1209 2319 1329 2392 ἁγία
1376 2318 1591 2379 σύνοδος
1639 2322 1837 2396 πατέρα

247 2416 430 2464 τοῦτον
475 2413 808 2485 ἐπεγράφετο,
843 2411 886 2463 εἰ
932 2411 1268 2482 μετεμελήθη,
1319 2412 1440 2464 καθά
1483 2417 1546 2484 τῇ
1594 2412 1835 2484 ἐπιστολῇ

249 2504 585 2578 περιέχεται;
617 2511 670 2554 '0
694 2503 793 2577 γὰρ
825 2511 1082 2572 μετανοῶν
1113 2503 1168 2556 οὐ
1200 2510 1305 2564 τοῖς
1334 2500 1657 2562 διδασκάλοις
1689 2525 1842 2558 συνα-

246 2592 537 2661 ριθμεῖται,
589 2591 692 2646 ἀλλ’
737 2593 802 2650 ὡς
859 2593 957 2646 διπὸ
1005 2592 1193 2652 πλζνης
1237 2591 1574 2667 ὑποστρέψας
1629 2591 1838 2654 δεκτεός

246 2685 381 2736 ἐστὶ·
1260 2686 1265 2691 ’

1945 1855 2404 1922 condemnaverit,
2437 1871 2559 1926 quas
2589 1856 2718 1910 olim
2746 1856 2911 1926 impie
2940 1857 3231 1912 docuisset.
3267 1857 3347 1912 Ad
3385 1869 3538 1914 cane-

1943 1962 2034 2001 ras
2063 1956 2242 2001 autem
2269 1948 2624 2002 contumelias
2647 1949 2904 2002 adversus
2925 1957 3172 2004 sanetqu
3193 1949 3450 2020 Cyrillum
3473 1966 3536 2006 ea

1945 2036 1998 2090 in
2028 2037 2258 2106 epistola
2291 2037 2525 2105 jactatas
2563 2037 2816 2106 adjicitur
2861 2039 3043 2104 etiam,
3069 2041 3321 2110 -turpiter
3367 2042 3539 2109 egisse

1945 2128 2224 2200 Cyrillum,
2269 2129 2412 2184 adeo
2459 2135 2539 2198 ut,
2566 2145 2752 2186 eorum
2789 2131 3060 2200 pcenitens
3101 2147 3222 2201 qua:
3267 2124 3535 2190 docuisset

1946 2222 2460 2294 pridem,adversam
2489 2223 2592 2277 illis
2617 2223 2921 2278 doctrinam
2949 2227 3308 2296 proposuerit.
3333 2226 3538 2282 Exinde

1945 2331 2076 2372 vero
2109 2315 2352 2386 epistolae
2393 2316 2630 2386 scriptor
2678 2316 3053 2373 insanissimus
3105 2333 3225 2373 esse
3271 2318 3534 2389 proditur.

1947 2405 2066 2474 Quo
2102 2421 2336 2476 namque
2382 2406 2485 2460 loci
2529 2406 2831 2462 doctrinam
2871 2409 3100 2463 astruxit
3143 2409 3372 2480 Cyrillus
3413 2425 3536 2466 cum

1943 2513 2040 2554 sua
2071 2497 2252 2568 priore
2289 2499 2656 2566 pugnantem?
2691 2513 2799 2566 quo
2828 2499 3113 2568 paenituit?
3138 2500 3225 2555 vel
3265 2500 3537 2570 quomodo

1941 2587 2058 2644 ﬁeri
2086 2589 2261 2659 potuit
2287 2595 2398 2642 uta
2428 2596 2613 2643 sancta
2643 2588 3070 2645 Chalcedonensi
3099 2591 3307 2659 synodo
3333 2593 3538 2648 sanctis

1941 2677 2192 2734 Patribus
2232 2689 2700 2746 annumeraretnr,
2749 2681 2818 2748 si,
2853 2683 3309 2750 quemadmodum
3353 2694 3537 2740 narrat

1953 2771 2204 2842 epistola,
2233 2771 2427 2842 prioris
2446 2787 2567 2828 eum
2598 2787 2708 2828 suae
2739 2773 3000 2829 doctrinae
3037 2776 3413 2845 paenituisset?
3437 2776 3537 2846 Qui

247 2863 389 2924 enim
416 2864 484 2920 ab
513 2867 1010 2922 erroremevertitur
1037 2865 1102 2921 ad
1123 2867 1409 2923 sanitatem
1439 2882 1548 2922 non
1570 2867 1708 2922 inter
1736 2866 1990 2921 doctores
2020 2863 2330 2930 ascribitur,
2360 2864 2455 2920 sed
2481 2865 2645 2920 veluti
2667 2865 2734 2920 ab
2757 2879 2943 2920 errore
2970 2881 3284 2923 conversus.

318 2959 469 3020 τέλος
499 2958 551 3014 δὲ
574 2967 723 3014 τοῦτο
744 2963 899 3019 αὐτῆς
927 2958 952 3013 ὁ
995 2959 1201 3032 γράψας
1239 2964 1329 3019 τὴν
1366 2961 1630 3019 ἐπιστολήν
1670 2961 1838 3018 ἐποιή-

245 3073 376 3105 σατο
402 3053 582 3125 λέγων’
618 3070 637 3102 ι
669 3050 784 3107 Ὀτι
807 3050 885 3106 δεῖ
905 3051 1156 3122 ὁμολογεῖν
1187 3053 1259 3112 εἰς
1285 3054 1368 3106 τὸν
1394 3052 1530 3117 ναὸν,
1560 3055 1638 3106 καὶ
1664 3056 1736 3112 εἰς
1753 3055 1838 3106 τὸν

250 3145 532 3198 ἐνοικοῦντα
563 3145 608 3196 ἐν
636 3152 706 3214 τῷ
732 3152 855 3216 ναῷ.
902 3161 926 3198 ο
961 3154 1042 3198 Ἐκ
1069 3145 1262 3199 τούτων
1287 3143 1338 3200 δέ
1373 3143 1491 3198 ὅσον
1518 3143 1628 3206 ἧκεν
1654 3147 1724 3206 εἰς
1749 3152 1839 3204 τήν

249 3235 402 3288 aio-€55
427 3256 490 3288 αν
525 3242 616 3294 τῆς
665 3235 950 3300 ἐπιστολῆς,
1001 3239 1087 3291 καί
1131 3239 1252 3296 τοὺς
1293 3235 1618 3298 ἐκδικοῦντος
1658 3240 1834 3303 αὐτην,

250 3329 400 3377 πᾶσα
423 3325 454 3382 ἦ
481 3325 602 3398 ὀρθή
628 3327 801 3384 πίστις
823 3328 1176 3402 ἀνατρέπεται.
1211 3338 1262 3381 Ἦ
1287 3330 1389 3404 γὰρ
1417 3327 1645 3387 καθολική
1668 3329 1834 3386 ἐκκλη-

249 3417 338 3468 σία
359 3415 447 3469 ἕνα
488 3419 662 3490 κῖριον
701 3413 890 3474 Ἰησοῦν
927 3419 1141 3492 Χριστὸν
1183 3427 1415 3490 μονογενῆ
1459 3420 1565 3472 υίὸν
1591 3425 1680 3474 τοῦ
1710 3427 1838 3474 Θεοῦ
1868 3392 1914 3456 C

251 3503 502 3578 ὁμολογεῖ,
529 3510 616 3560 καί
641 3507 768 3578 οὐχὶ
795 3511 866 3568 εἰς
889 3509 974 3562 τὸν
1002 3511 1118 3564 ναὸν
1143 3514 1226 3564 καί
1253 3513 1322 3572 εἰς
1349 3511 1432 3565 τὸν
1470 3511 1752 3567 ἐνοικοῦντα
1794 3513 1840 3565 ἐν

251 3607 321 3670 τῷ
346 3609 451 3673 ναῷ
473 3604 731 3656 πιστεύειν
778 3601 807 3662 ἦ
839 3601 1092 3675 ὁμολογεῖν
1148 3602 1392 3659 διδάσκει.
1429 3602 1574 3659 Ὀοεν
1609 3609 1695 3660 καὶ
1734 3615 1841 3666 τοῖς

251 3699 340 3748 τοῦ
373 3693 521 3764 ἁγίου
553 3695 858 3767 ᾇξιουμένοις
899 3695 1264 3767 βαπτίσματος
1299 3695 1640 3770 παραδίδοται
1669 3695 1843 3769 ὁμολο-

249 3792 350 3856 γεῖν
377 3787 467 3839 καὶ
493 3788 751 3840 πιστείειν
778 3789 848 3846 είς
873 3786 959 3842 ἕνα
989 3787 1186 3860 πατέρα
1209 3790 1627 3865 παντοκράτορα,
1654 3793 1740 3842 καί
1769 3794 1842 3850 εἰς

249 3876 336 3932 ἕνα
361 3877 532 3951 κύριον
555 3883 748 3934 Ἰησοῦν
776 3879 988 3953 Χριστὸν
1009 3879 1094 3932 τὸν
1123 3878 1231 3932 υἱὸν
1260 3881 1412 3933 αὑτοῦ
1448 3880 1531 3934 τὸν
1575 3889 1834 3952 μονογενῆ,

250 3971 333 4022 καί
364 3972 437 4030 εἰς
485 3972 543 4024 τὸ
579 3969 720 4043 ἅγιον
759 3978 996 4043 πνεῦμα,
1033 3974 1089 4026 οὗ
1125 3979 1222 4043 μήν
1247 3976 1318 4033 εἰς
1347 3973 1437 4028 δύο
1479 3976 1650 4036 υἱοὺς.
1691 3975 1722 4034 ἢ
1749 3975 1840 4030 δύο

250 4062 531 4132 Χριστοῦς,
555 4059 679 4138 ὅπερ
709 4063 738 4120 ἡ
763 4065 890 4139 πρὸς
919 4065 1074 4138 Μὰριν
1089 4065 1175 4118 τὸν
1198 4065 1392 4140 Πέρσην
1414 4067 1654 4124 ἐπιστολὴ
1682 4065 1840 4131 δηλοῖ,

252 4151 472 4225 λέγουσα
494 4162 687 4229 χρῆναι
711 4154 962 4229 ὁμολογεῖν
990 4161 1062 4218 είς
1089 4159 1173 4212 τὸν
1224 4159 1340 4212 ναὸν
1386 4162 1464 4213 καί
1497 4161 1568 4220 εἰς
1594 4161 1678 4214 τὸν
1721 4162 1844 4214 ἐνοι-

252 4252 437 4302 κοῦντα
459 4247 506 4300 ἐν
528 4255 599 4316 τῷ
619 4255 743 4314 ναῷ,
769 4251 854 4302 καί
891 4250 946 4302 εκ
975 4249 1158 4304 τούτου
1194 4249 1436 4324 τέταρτον
1473 4250 1752 4325 πρόσωπον
1781 4259 1842 4326 τῇ

253 4337 374 4412 ἁγίᾳ
399 4337 576 4416 Τριάδι
605 4336 974 4412 ἐπεισάγουσα.

322 4519 401 4574 Ἐκ
432 4526 631 4578 τούτων
670 4524 836 4576 τοίνυν
873 4522 1110 4579 ἁπάντων
1147 4521 1425 4593 δέδεικται,
1469 4522 1548 4580 ὅτι
1587 4526 1842 4601 ἀλλότριος

251 4609 362 4665 ἐστὶ
392 4619 482 4670 τῆς
519 4609 780 4688 ὀρθοδὸξου
823 4614 1049 4672 πίστεως
1087 4613 1112 4668 ὀ
1148 4619 1239 4672 τήν
1277 4617 1638 4690 προειρημένην
1679 4618 1842 4676 ἀσεϐῆ

252 4700 522 4759 ἐπιστολήν
549 4703 782 4767 ἐπαινῶν,
813 4702 843 4762 ἦ
871 4702 1097 4758 ἐκδικῶν.
1123 4703 1320 4762 Ἐπειδή
1351 4703 1403 4760 δέ
1427 4705 1593 4778 λέγετε
1610 4747 1626 4772 ,
1654 4711 1718 4768 ὥς
1741 4707 1767 4760 ὁ
1793 4709 1842 4763 ἐν

2015 2952 2132 3008 Ηοο
2160 2952 2396 3024 denique
2424 2956 2585 3010 modo
2611 2957 2894 3026 epistolam
2940 2958 3172 3027 scriptor
3223 2960 3536 3017 concludit:

1954 3066 1974 3098 ε
2003 3046 2264 3102 Conﬁteri
2310 3063 2376 3102 ac
2411 3048 2632 3104 credere
2678 3058 2896 3119 oportet
2941 3051 2996 3105 in
3025 3053 3302 3122 templum,
3332 3062 3388 3110 et
3413 3068 3538 3110 eum

1945 3139 2037 3207 qui
2066 3138 2118 3192 in
2143 3139 2342 3208 templo
2369 3139 2650 3193 inhabitat.
2683 3158 2702 3191 ε
2749 3139 2867 3206 Quo
2897 3155 2965 3194 ex
2993 3141 3138 3208 loco,
3169 3151 3428 3211 quantum
3471 3143 3538 3198 ad

1946 3230 2278 3300 impietatem
2308 3231 2550 3301 epistolae
2577 3240 2790 3300 spectat
2827 3232 3050 3303 ejusque
3095 3242 3375 3305 patronos,
3425 3237 3538 3292 uni-

1947 3335 2100 3376 versa
2137 3321 2462 3376 subvertitur
2492 3330 2639 3377 recta
2684 3321 2834 3378 ﬁdes.
2883 3323 3160 3380 Catholica
3187 3326 3387 3396 quippe
3431 3325 3538 3383 Ec-

1945 3409 2109 3465 clesia
2135 3411 2352 3466 unicum
2382 3412 2664 3467 Dominum
2693 3411 2877 3468 Jesum
2915 3415 3188 3472 Christum
3217 3416 3410 3472 Filium
3439 3417 3537 3475 Del

1944 3503 2280 3572 unigenitum
2309 3505 2617 3573 conlitetur,
2667 3522 2845 3577 neque
2876 3508 3084 3579 uSpiam
3116 3511 3277 3566 docet
3309 3511 3535 3568 creden-

1943 3596 2069 3651 dum
2113 3611 2236 3652 esse
2275 3597 2328 3652 in
2377 3599 2657 3669 templum,
2687 3599 2911 3670 ejusque
2960 3602 3398 3670 inhabitatorem,
3442 3615 3536 3660 aut

1943 3687 2060 3742 hmc
2107 3687 2351 3743 conﬁteri
2406 3690 2695 3760 Oportere,
2743 3693 3202 3762 quemadmodum
3245 3695 3313 3750 ad
3361 3698 3535 3752 sancti

1943 3777 2281 3847 baptismatis
2307 3781 2536 3848 gratiam
2577 3782 2679 3836 add
2703 3783 2824 3840 issis
2863 3786 3042 3853 tradit,
3086 3795 3146 3842 ut
3181 3789 3538 3846 conﬁteantur

1944 3874 2000 3920 et
2026 3867 2252 3923 credant
2279 3870 2333 3925 in
2361 3886 2526 3925 unum
2551 3871 2716 3927 Deum
2749 3873 2964 3930 Patrem
3004 3882 3450 3949 omnipotentem,
3483 3890 3538 3937 et

1945 3958 1998 4012 in
2030 3974 2194 4013 unum
2222 3959 2507 4015 Dominum
2536 3961 2718 4017 Jesum
2747 3963 3020 4020 Christum
3061 3967 3256 4024 Filium
3292 3970 3386 4026 Dei
3417 3974 3539 4028 uni-

1944 4047 2203 4114 genitum,
2232 4057 2286 4104 et
2311 4050 2361 4103 in
2385 4049 2643 4120 Spiritum
2669 4063 2936 4122 sanctum,
2969 4071 3076 4112 non
3104 4058 3159 4112 in
3185 4057 3323 4115 duos
3349 4060 3532 4129 Filios,

1945 4137 2030 4191 vel
2060 4138 2113 4192 in
2140 4137 2277 4194 duos
2297 4139 2569 4208 Christos,
2598 4151 2762 4212 prout
2808 4145 3036 4215 epistola
3081 4146 3150 4202 ad
3186 4147 3376 4206 Marim
3405 4151 3537 4210 Per-

1945 4246 2060 4286 sam
2087 4231 2291 4288 diserte
2315 4233 2502 4288 statuit
2525 4250 2646 4290 esse
2674 4235 3019 4307 credendum,
3060 4241 3243 4310 templi
3289 4251 3454 4314 atque
3480 4246 3534 4300 in

1945 4323 2062 4394 ipso
2101 4324 2449 4380 inhabitantis
2497 4324 2602 4383 ﬁde
2649 4329 2948 4400 proposita,
2993 4345 3102 4400 quo
3142 4333 3202 4385 lit
3245 4341 3305 4388 ut
3341 4347 3536 4404 quarta

1945 4424 2145 4470 sancta:
2166 4415 2445 4472 Trinitatis
2472 4435 2704 4490 persona
2726 4421 3107 4478 constituatur.

2019 4509 2456 4568 Demonstratum
2502 4523 2587 4570 est
2633 4515 2814 4585 itaque
2855 4517 2939 4571 his
2973 4519 3245 4586 omnibus,
3302 4521 3536 4592 prmfatze

1944 4603 2292 4659 exsecrabilis
2320 4605 2564 4674 epistola:
2610 4614 2869 4678 patronos
2898 4617 3070 4680 atque
3113 4611 3421 4670 laudatores
3467 4616 3536 4670 ah

1946 4700 2246 4756 orthodoxa
2269 4700 2372 4758 ﬁde
2401 4705 2622 4759 omnino
2651 4705 2858 4762 alienos
2886 4722 3006 4763 esse
3042 4708 3332 4777 iudicatos.
3363 4711 3536 4769 Cmte-

253 4792 417 4866 ἇγίοις
445 4791 676 4865 Κύριλλος
703 4792 786 4848 διὰ
809 4801 964 4850 τοῦτο
992 4798 1136 4872 παρά
1169 4803 1267 4850 τῶν
1293 4797 1591 4852 ἀνατολικῶν
1626 4797 1834 4869 ἐδέχθη,

1947 4809 2086 4863 rum,
2117 4795 2242 4864 quia
2270 4804 2510 4852 sanctum
2530 4796 2788 4870 Cyrillum
2828 4800 3032 4856 idcirco
3069 4801 3136 4858 ab
3175 4801 3536 4862 Orientalibus

251 4883 331 4938 ὅτι
359 4886 425 4938 τοὶ
453 4882 559 4938 ἴδιοι
595 4885 841 4957 κεφάλαια
871 4889 1206 4962 ἡρμήνευσεν,
1238 4890 1295 4941 οὐ
1323 4887 1646 4959 θαυμάζομεν
1680 4889 1836 4958 ὑμᾶς,

251 4973 330 5031 ὅτι
362 4978 449 5030 καί
486 4977 538 5030 ἓν
573 4985 681 5035 τοῖς
713 4978 982 5047 πεμφθεῖσι
1018 4977 1142 5054 παρ’
1187 4979 1328 5050 ὑμῶν
1369 4978 1650 5051 κεφαλαίοις
1676 4977 1840 5038 οὕτως

253 5069 570 5131 euersam,
617 5068 662 5120 οἱ
700 5069 785 5122 καί
823 5069 953 5122 αὐτά
993 5070 1058 5122 τὰ
1085 5069 1132 5120 ἐν
1173 5077 1235 5142 τῇ
1275 5071 1385 5124 κατ’
1413 5066 1626 5142 "Bessos
1661 5071 1840 5144 πρώτῃ

251 5155 447 5229 συνόδῳ
474 5161 798 5235 γεγραμμένα
821 5161 1142 5230 ἠγνοηκότες.
1186 5162 1279 5213 Καὶ
1308 5162 1404 5233 γὰρ
1439 5165 1522 5214 καὶ
1550 5161 1574 5215 ὁ
1604 5161 1655 5216 ἓν
1680 5161 1840 5232 ἁγίοις

251 5251 588 5317 Κελεστῖνος,
629 5254 710 5305 καί
748 5254 778 5310 ἡ
829 5254 878 5305 ἐν
907 5247 1091 5324 Ἐφέσῳ
1131 5255 1310 5326 πρώτη
1352 5252 1594 5317 σύνοδος,
1625 5257 1708 5308 καί
1735 5253 1761 5308 ὅ
1791 5256 1841 5308 ἐν

249 5343 414 5414 ἁγίοις
448 5343 610 5408 Λέων,
639 5346 718 5396 καί
747 5345 778 5401 ἦ
813 5345 862 5396 ἐν
890 5341 1164 5400 Χαλκηδόνι
1189 5343 1308 5415 ἁγία
1335 5343 1544 5404 σύνοδος
1569 5347 1701 5399 αὐτὰ
1730 5344 1842 5399 καθ’

251 5435 381 5489 ,οὐτά
408 5433 473 5488 τὰ
503 5433 742 5506 κεφαλαια
768 5439 860 5486 τοῦ
901 5435 951 5486 ἐν
991 5432 1150 5506 ἁγίοις
1192 5433 1426 5508 κυρίλλου
1463 5437 1548 5487 καί
1584 5433 1838 5501 ὲδέξαντο,

251 5529 332 5578 καί
360 5525 692 5590 ἐϐεϐαίωσαν,
725 5529 808 5580 καί
825 5524 1057 5595 οὐδεμίαν
1078 5527 1268 5580 τούτων
1289 5525 1549 5600 ἑρμηνείαν
1569 5528 1838 5591 ἐζήτησαν*

249 5623 280 5677 ἡ
304 5621 405 5694 γὰρ
433 5619 674 5694 ἑρμηνεία
694 5621 750 5672 οὐ
777 5617 858 5674 διὰ
883 5623 1003 5679 τοὺς
1032 5618 1328 5695 ὀρθοδόξους
1353 5620 1544 5693 ἐγένετο
1561 5664 1575 5688 ,
1605 5621 1728 5677 ἀλλὰ
1755 5620 1840 5678 διὰ

247 5715 368 5774 τοὺς
408 5712 730 5786 αἱρετικοὺς,
759 5715 802 5768 οἳ
835 5709 1102 5785 Νεστόριον
1139 5709 1479 5776 ἐκδικοῦντες,
1510 5719 1620 5772 τοῖς
1644 5734 1838 5784 μνημο-

248 5805 468 5867 uelim
501 5801 783 5873 κεφαλαίοις
809 5803 1084 5873 αντέλεγιν.
1109 5799 1194 5863 Ὠς
1219 5804 1317 5878 γὰρ
1340 5805 1485 5874 ὑμεῖς
1511 5804 1696 5878 λέγετε,
1721 5801 1836 5860 οῦτε

1946 4898 2064 4938 esse
2093 4894 2372 4954 receptum
2409 4886 2604 4953 dicitis,
2652 4897 2941 4959 propterea
2989 4891 3134 4961 quod
3178 4908 3275 4948 sua
3321 4893 3410 4948 illa
3451 4909 3536 4950 ca-

1941 4974 2055 5044 pita
2083 4975 2466 5045 interpretatus
2494 4978 2584 5042 sit,
2614 4979 2834 5034 minime
2861 4981 3119 5038 miramur
3143 4999 3242 5056 vos
3270 4985 3323 5040 in
3341 4986 3534 5042 vestris

1943 5066 2008 5120 ad
2029 5081 2130 5122 nos
2154 5068 2328 5122 missis
2352 5069 2614 5138 capitibus
2653 5072 2901 5128 similiter
2923 5089 3043 5131 esse
3086 5075 3364 5147 deceptos,
3408 5093 3533 5137 eum

1946 5155 2192 5212 videlicet
2219 5169 2337 5212 aeta
2357 5174 2573 5230 quoque
2598 5163 2792 5232 prioris
2824 5165 3109 5234 Ephesium
3153 5168 3342 5238 synodi
3379 5170 3534 5239 igno-

1943 5260 2065 5301 rare
2089 5246 2396 5304 videamini.
2421 5249 2662 5322 Namque
2680 5262 2898 5310 sanctus
2917 5254 3259 5325 Cnelcstinus,
3285 5266 3340 5313 et
3361 5261 3532 5330 prima

1945 5335 2216 5408 Ephesium
2251 5341 2508 5411 synodus,
2539 5350 2593 5398 et
2631 5343 2688 5400 S.
2738 5343 2869 5412 Leo,
2916 5354 2971 5400 et
3000 5348 3171 5416 ipsum
3218 5364 3435 5419 quoque
3473 5353 3530 5408 S.

1944 5435 2387 5496 Chalcedonense
2417 5443 2724 5508 concilium,
2755 5458 2820 5500 ea
2857 5443 2914 5498 S.
2957 5445 3136 5518 Cyrilli
3175 5449 3409 5519 capitula
3441 5463 3534 5506 ex-

1947 5537 2222 5598 ceperunt,
2257 5546 2462 5603 suoque
2499 5531 2751 5603 suﬁ‘ragio
2788 5533 3258 5606 conﬁrmaverunt,
3304 5539 3534 5594 nullam-

1945 5635 2050 5690 que
2079 5637 2267 5678 eormn
2301 5623 2692 5693 expositionem
2721 5641 2956 5697 unquam
2991 5630 3306 5700 qumsivere.
3349 5630 3531 5704 Expli-

1946 5712 2089 5767 catio
2111 5712 2254 5766 enim
2280 5712 2516 5770 adhibita
2543 5721 2626 5771 est
2653 5731 2760 5772 non
2789 5719 3178 5776 catholicorum
3205 5723 3399 5792 gratia,
3435 5725 3526 5780 sed

1943 5808 2167 5874 propter
2194 5803 2496 5876 haereticos,
2526 5807 2616 5879 qui
2648 5807 2876 5866 Nestorii
2918 5810 3157 5882 partibus
3183 5812 3380 5872 addicti
3411 5828 3528 5877 me—
