3952 6382
469 352 535 406 ·εά
563 346 686 420 ἅγια
713 343 1006 420 Βῦαγγέλια,
1036 337 1152 394 οὔτε
1195 337 1222 392 ό
1257 336 1545 394 ἀπόστολος
1563 375 1578 398 ,

469 419 803 513 ίεῖαιῗγραφαί
823 419 999 489 δεκταί
1018 434 1166 491 εἰσιν.
1194 431 1239 483 εἰ
1354 425 1431 482 ὅτι
1455 426 1497 480 οἱ
1523 424 1660 496 ἅγιοι
1685 425 1901 498 πατέρες
1926 419 2057 477 ταῦ·

471 553 565 593 τας
589 533 924 608 ἡρμήνευσαν.
953 523 1216 597 Ἐρυθριᾷν
1249 518 1303 574 δέ
1345 519 1559 591 ὀφείλετε
1587 519 1851 590 λέγοντες,
1892 513 1972 568 ὅτι
2013 513 2058 566 οἱ

471 621 749 678 ἀνατολικοὶ
767 619 810 672 οἶ
833 613 1102 690 Νεστόριον
1131 611 1438 670 ἐκδικοῦντες
1466 609 1694 674 ἐδέξαντο
1714 608 1798 664 τόν
1825 609 1877 662 ἐν
1897 605 2060 677 ἀγίοις

472 715 708 790 κύριλλον
734 713 802 767 τά
819 707 928 764 ἴδια
954 706 1198 780 κεφάλαια
1223 705 1584 779 έρμηνεύοντα.
1613 701 1694 755 Ἐκ
1713 707 1800 755 τοῦ
1829 701 2059 755 ἐναντίου

473 789 569 877 γὰρ
599 807 630 863 ἡ
677 801 988 858 ἀποστολική
1026 795 1242 870 καθέδρα
1285 799 1504 865 Ῥώμης,
1551 795 1638 847 καί
1677 789 1910 867 κὺριλλος
1957 789 2060 844 όέν

472 897 638 968 ἁγίοις
656 895 776 954 τοὺς
797 886 1118 978 ἀνατο).ικοῦς
1140 885 1448 946 ἐπισκόπους
1468 882 1857 958 κατακρ·’ναντας
1877 878 2063 934 Νεστό-

475 1008 603 1064 ρεον,
641 987 730 1040 καί
752 989 842 1042 τὴν
870 983 1024 1036 αὐτοῦ
1045 970 1321 1042 ἀσέϐειαν,
1355 979 1424 1037 εἰς
1454 977 1707 1030 κοινωνίαν
1734 970 1964 1036 ἐδέξαντο
1993 972 2062 1032 ὡς

475 1063 560 1134 καί
584 1077 611 1134 ό
635 1081 686 1132 ἐν
724 1076 878 1149 ἀγίοις
911 1075 1088 1132 πάπας
1115 1071 1301 1139 Ῥώμης
1342 1069 1542 1126 Ξύστος
1568 1063 1775 1140 γράφων
1812 1063 1944 1133 μετά
1970 1067 2064 1122 τῆς

479 1167 610 1228 ἰδίας
639 1163 858 1222 συνόδου
886 1163 1014 1238 πρὸς
1041 1163 1126 1216 τὸν
1161 1165 1210 1214 ἐν
1235 1159 1396 1230 ἁγίοις
1426 1155 1680 1232 Κύρελλον,
1713 1156 1797 1208 καί
1822 1154 1942 1211 τοὺς
1969 1173 2063 1206 κα-

480 1259 678 1328 μάτους
722 1258 938 1310 ἐπαινῶν
981 1255 1099 1310 τοὺς
1144 1253 1299 1306 αὐτοῦ
1345 1249 1469 1312 τοὺς
1513 1248 1646 1320 ὺπέρ
1691 1252 1782 1304 τῆς
1834 1242 2064 1304 ένὼσεως

478 1353 764 1427 γενομένους
791 1349 976 1418 μεταξὺ
1006 1342 1165 1399 ἄλλων
1195 1341 1358 1402 οὕτως
1387 1335 1541 1394 εἶπεν·
1573 1355 1592 1388 ε
1611 1336 1907 1395 Ἐπανῆλθον
1935 1335 2066 1410 πρός

479 1447 614 1510 ἡμᾶς
688 1440 734 1492 οἱ
773 1438 1007 1508 ἀδελφοί,
1035 1434 1166 1509 πρός
1200 1434 1335 1503 ἡμᾶς
1362 1451 1510 1502 φημι,
1539 1432 1589 1495 οἳ
1628 1433 1719 1486 τήν
1749 1427 1896 1481 νόσον
1929 1433 2064 1499 κοινῇ

483 1529 683 1606 σπουδῇ
733 1527 1104 1591 ἀποδιώξαντες
1167 1531 1260 1584 τῆς
1307 1529 1411 1580 τῶν
1463 1521 1653 1591 ψυχῶν
1707 1519 2064 1592 ἐφροντίσαμεν

479 1619 770 1698 θεραπείας.
801 1640 820 1673 ε
866 1624 953 1676 Καὶ
980 1620 1158 1674 πάλιν·
1195 1633 1216 1668 ε
1244 1617 1552 1688 Εὐφραίνου,
1579 1611 1754 1686 ἀδελφέ
1799 1614 2062 1684 ἀγαπᾶτέ,

1849 215 2140 273 VlClLlUS
2178 212 2377 268 PAPA.

1631 329 1746 386 03::
1791 332 1843 385 αξ
1881 331 2052 384 λοιπαί
2079 338 2129 396 Α
2158 331 2364 378 morata
2394 319 2571 389 capita
2619 316 3021 388 oppugnabant.
3069 311 3138 368 Ut
3168 309 3312 368 enim
3341 321 3436 364 vos
3466 305 3568 379 ipsi
3615 305 3748 362 fate-

3641 195 3745 252 διε).

2158 415 2308 477 mini,
2341 427 2517 479 neque
2545 417 2731 464 sancta
2760 405 3066 474 Evangelia,
3101 417 3275 472 neque
3304 399 3620 471 Apostolus,
3649 414 3752 455 nec

2157 505 2378 575 reliqum
2405 503 2596 556 divina:
2619 502 2810 555 iittera:
2832 498 3240 569 perciperentur
3259 495 3408 560 satis,
3439 494 3542 548 nisi
3572 499 3755 548 esseut

2159 612 2190 652 a
2216 597 2416 650 sanctis
2441 595 2686 648 Fatribus
2711 594 3090 662 interpretante.
3116 590 3384 645 Caeterum
3411 588 3466 642 in
3495 603 3595 641 vos
3612 587 3756 657 ipsos

2159 695 2478 756 argumenta
2529 685 2862 742 confusionis
2916 682 3227 750 congeritis,
3260 682 3469 735 aientes
3513 687 3642 733 tunc
3689 677 3756 733 ab

2161 777 2394 834 Orientis
2421 777 2650 834 Nestorii
2681 774 3173 847 propugnatoribus
3201 781 3480 842 receptum
3505 785 3628 824 esse
3653 768 3758 838 Cy-

2161 873 2366 936 rillum,
2398 885 2521 926 cum
2549 884 2646 923 sua
2674 865 2911 936 capitula
2954 863 3316 934 exposuisset.
3361 859 3567 915 Contra
3607 874 3758 914 nam-

2163 979 2270 1036 que
2298 961 2594 1033 apostolica
2615 959 2858 1012 Romana
2882 955 3056 1018 sedes,
3088 961 3249 1024 atque
3275 950 3507 1022 Cyrillus'
3527 951 3580 1004 in
3605 963 3757 1003 suam

2164 1059 2596 1116 communionem
2647 1054 2982 1109 admiserunt
3009 1050 3295 1120 episcopos
3321 1047 3415 1118 qui
3462 1045 3517 1100 iu
3563 1044 3758 1100 Nesto-

2165 1153 2303 1206 rium
2327 1147 2646 1204 sententiam
2678 1145 2948 1210 dixerant,
2979 1141 3204 1211 ejusque
3242 1139 3579 1208 impietatem
3626 1151 3761 1190 cuu-

2165 1242 2568 1296 demnaverant.
2599 1235 2784 1304 Itaque
2813 1241 3032 1288 sanctus
3061 1232 3177 1300 ipse
3203 1229 3484 1283 Romanus
3517 1234 3652 1296 pont
3675 1225 3762 1280 fex

2169 1333 2382 1406 Xystus,
2418 1346 2538 1388 cum
2561 1329 2792 1384 concilio
2831 1340 2930 1380 suo
2973 1324 3041 1378 ad
3078 1323 3136 1378 S.
3185 1320 3446 1393 Cyrillum
3495 1317 3760 1382 scribens,

2168 1422 2487 1490 laboresque
2507 1419 2575 1473 ab
2603 1433 2669 1473 eo
2697 1431 2794 1489 pro
2825 1414 3081 1470 Ecclesia:
3111 1412 3317 1466 unitate
3339 1416 3619 1483 susceptos
3644 1407 3762 1460 lau-

2168 1514 2301 1570 dans
2331 1513 2470 1566 inter
2494 1519 2686 1564 cetera
2713 1508 2826 1562 hzcc
2847 1505 3046 1560 habet:
3079 1521 3098 1554 ι
3138 1503 3219 1556 Ad
3248 1517 3346 1555 nos
3388 1498 3592 1554 reversi
3638 1504 3764 1551 sunt

2169 1606 2382 1670 fratres,
2406 1603 2470 1658 ad
2494 1617 2615 1670 nos,
2639 1600 2876 1668 inquam,
2901 1597 2993 1668 qui
3017 1597 3260 1651 morbum
3284 1591 3556 1648 communi
3585 1589 3764 1644 studio

482 1719 570 1771 καί
595 1715 722 1788 πρὸς
759 1715 894 1783 ἡμᾶς
935 1712 1020 1764 ἐπί
1061 1709 1416 1778 συναχθέντων
1455 1712 1554 1760 τῶν
1599 1702 1818 1776 ἀδελφῶν
1866 1704 2066 1760 nancti;

2179 1703 2556 1769 persequentes
2603 1693 2902 1746 animarum
2949 1687 3253 1744 curavimus
3294 1684 3600 1739 sanitatem.
3641 1699 3661 1732 ι
3698 1680 3765 1735 Et

481 1803 722 1875 ἀγαλλιῶ.
755 1797 944 1864 Ἐζήτει
964 1801 995 1857 ἡ
1024 1798 1253 1858 ἐκκλησία
1280 1795 1366 1857 οὓς
1387 1794 1660 1850 ἀπέλαϐεν.
1688 1796 1743 1846 Εἰ
1761 1793 1858 1865 γὰρ
1881 1788 2070 1860 μηδένα

485 1903 586 1952 τῶν
605 1899 795 1969 μικρῶν
822 1891 1098 1946 ἀπολέσθαι
1125 1891 1348 1958 θέλομεν,
1377 1889 1524 1960 πόσῳ
1555 1887 1738 1958 μᾶλλον
1765 1883 1846 1940 δεῖ
1869 1887 2073 1957 χαίρειν

486 1990 621 2056 ἡμᾶς
643 1987 730 2042 ἐπί
755 1994 818 2058 τῇ
837 1985 1007 2058 ὑγιείᾳ
1029 1989 1128 2036 τῶν
1153 1983 1470 2054 ἡγουμένων;
1499 1977 1786 2053 ’Δνέγνομεν
1811 1976 1934 2048 [Ιεε.
1969 1978 2074 2032 ἀνέ-

485 2079 699 2152 γνωμενξ
715 2076 879 2136 πόσην
901 2077 1078 2150 χαρὰν
1090 2076 1359 2152 παρέσχεν
1375 2071 1424 2126 ἒν
1447 2069 1705 2148 πρόϐατον
1720 2069 2070 2138 ἀνακομισθὲν,

485 2172 575 2224 καί
591 2175 743 2226 τοῦτο
759 2170 938 2222 ἐννοεῖν
961 2165 1233 2240 ὀφείλομεν,
1258 2163 1421 2218 πόσον
1440 2160 1640 2218 ἔπαινον
1661 2159 1779 2232 ἔχει
1793 2161 2075 2219 τοσούτους

485 2263 731 2332 ποιμένας
760 2258 1193 2332 συγκαλέσασθαι.
1215 2253 1294 2310 Ἐν
1317 2255 1519 2324 έκάστῳ
1544 2253 1716 2326 ἀγέλαι
1746 2253 2071 2324 Θεωροῦνται,

486 2354 596 2424 οὐχ
623 2353 732 2414 ἐνὸς
765 2353 976 2408 ἐνταῦθα
1013 2352 1072 2408 τό
1106 2356 1328 2426 πρᾶγμα
1359 2353 1605 2414 ζητεῖται,
1640 2346 1819 2407 ὁσάκις
1851 2346 2076 2420 πράττε-

487 2465 576 2499 ται
599 2446 720 2518 περέ
744 2451 836 2515 τῆς
863 2443 1058 2515 ὑγιείας
1083 2449 1184 2498 τῶν
1221 2441 1434 2498 πολλῶν.
1467 2459 1488 2492 ε
1520 2441 1612 2494 Καί
1635 2437 1808 2494 πάλιν⁶
1837 2455 1855 2486 ε
1881 2436 2076 2510 Χαίρω-

491 2555 583 2604 μεν
611 2533 696 2592 ἐπὶ
715 2541 787 2605 τῷ
810 2533 1073 2596 καλεῖσθαι
1098 2531 1182 2587 τόν
1204 2539 1295 2592 τῆς
1311 2528 1614 2598 ’Δντιοχέων
1642 2526 1906 2586 ἐκκλησίας
1935 2523 2079 2599 ἱερέα

490 2625 637 2702 ποιρά
662 2631 754 2683 τῆς
781 2628 875 2694 σῆς
918 2618 1207 2694 ἁγιωσύνης
1249 2617 1344 2678 ἤδη
1377 2625 1466 2673 νῦν
1506 2615 1876 2672 εὖλαϐίστατον
1917 2609 2080 2687 ἄνδρα

429 2764 444 2770 -
493 2717 576 2776 καί
595 2715 785 2787 κύριονο
813 2715 902 2780 καί
926 2711 1134 2772 εἰκότως
1153 2711 1384 2766 καλεῖται
1410 2711 1601 2786 κύριος,
1624 2705 1798 2766 ἐπειδὴ
1813 2707 1905 2771 ,τὸν
1925 2705 2079 2766 κοινόν

493 2795 672 2880 κύριον
701 2803 918 2877 ἐπέγνω,
949 2801 1006 2871 ὃς
1045 2804 1104 2860 τὸ
1145 2810 1238 2864 τῆς
1269 2803 1581 2881 σαρκώσεως
1609 2802 1768 2856 αὑτοῦ
1797 2801 2080 2874 μυστήριιν

493 2896 740 2972 ὀρθοδόξῳ
761 2905 894 2972 φωνῇ
919 2895 1026 2972 μεθ’
1051 2898 1191 2965 ἡμῶν
1213 2895 1446 2970 ὁμολογεῖ
1453 2912 1498 2948 .I
1527 2898 1616 2950 nati
1634 2894 1801 2950 πάλιν·
1836 2911 1856 2944 ε
1887 2894 2081 2948 Εὐκταέ

495 2991 599 3044 εἰσι
647 2985 730 3045 διὰ
769 2989 960 3054 παντὸς
1003 2988 1056 3043 αί
1083 2985 1274 3059 θλίψεις
1299 2995 1374 3061 τῷ
1404 2991 1496 3046 τήν
1530 2989 1708 3042 πίστιν
1748 2985 2076 3060 κηρύσσοντι.

493 3085 584 3142 Καὶ
609 3083 710 3156 γάρ
755 3084 956 3143 τούτοις
998 3081 1128 3152 μετά
1166 3085 1489 3156 μακαρισμοῦ
1527 3079 1770 3139 πλούσιος
1809 3078 1990 3148 μισθός
2035 3077 2081 3130 ἐν
2106 3112 2152 3176 C

494 3180 608 3241 τοῖς
652 3173 876 3248 οὐρανοῖς
923 3174 1258 3245 ἡτοίμασται,
1308 3168 1382 3232 οἷς
1428 3172 1561 3248 ὑπέρ
1617 3179 1709 3231 τῆς
1761 3167 2080 3230 δικαιοσύνης

495 3262 699 3337 ὕϐρεις,
731 3259 1017 3334 διωγμοὺς,
1051 3264 1139 3318 καί
1175 3265 1280 3316 πᾶν
1317 3263 1463 3316 κακόν
1491 3261 1875 3336 προστέτακται
1894 3259 2082 3330 ὑπομέ-

494 3373 610 3421 νειν.
654 3352 950 3424 ’Ῑπὲμεινας
1000 3353 1061 3409 τό
1099 3352 1322 3425 ψεῦδος,
1373 3354 1457 3408 ’ένα
1499 3361 1697 3410 νικῆσαι
1739 3356 1957 3424 ποιήσῃς
1989 3357 2079 3412 τήν

495 3446 743 3505 ἀλήθειαν.
769 3447 858 3504 ιιαέ
901 3443 987 3502 διὰ
1025 3452 1179 3502 τοῦτο
1213 3451 1303 3500 νῦν
1345 3447 1810 3502 κατεπανίστασθαι
1837 3451 1946 3521 χρὴ
1984 3452 2080 3502 τοῦ
2125 3475 2130 3478 -

497 3538 742 3610 ψεύδους,
773 3537 944 3604 ἐπειδή
973 3536 1146 3609 μηδείς
1170 3540 1398 3594 ἀπῶὒιτο
1429 3546 1490 3613 τῇ
1519 3539 1774 3612 ἀληθείᾳ.»
1802 3539 2077 3596 καίπάλιν

503 3645 524 3678 ι
555 3635 732 3684 Ταῦτα
754 3629 883 3704 πρὸς
906 3633 995 3687 τήν
1019 3633 1112 3687 σήν
1141 3628 1406 3684 εὐλάϐειαν
1433 3629 1464 3687 ἦ
1492 3629 1601 3700 μετ’
1623 3627 1748 3700 ἐμοῦ
1779 3627 1899 3702 ἁγία
1937 3627 2082 3683 ἀδελ-

498 3719 654 3791 φότης
677 3717 992 3792 ἀντέγραψεν
1017 3717 1370 3791 ἀποδεχομένη
1403 3721 1524 3780 τοὺς
1555 3721 1678 3780 σοὺς
1705 3714 1754 3773 ἐν
1783 3717 1969 3782 ἅπασι,
1999 3721 2082 3774 καί

497 3811 783 3881 βεϐαιοῦσα
817 3808 1096 3882 καμάτους,
1128 3812 1176 3866 οἶ
1203 3832 1333 3872 τινες
1360 3812 1558 3886 βαρεῖς,
1596 3811 1627 3871 ἦ
1654 3815 1828 3888 πικροὶ
1853 3813 1913 3867 οὐ
1939 3812 2084 3885 γεγό-

497 3925 675 3971 νασιν,
704 3903 874 3964 ἐπειδή
909 3905 1040 3980 ὑπὲρ
1081 3905 1268 3960 ἐκείνου
1306 3905 1703 3965 κατεϐλήθησαν.
1746 3903 1804 3960 οὗ
1845 3926 1980 3968 τινος
2021 3906 2081 3961 τὸ

495 3995 703 4074 ἐλαφρόν
728 3998 951 4071 φορτίον,
979 3999 1066 4060 καί
1083 3996 1167 4056 τὸν
1189 3998 1424 4071 χρηστόν
1452 3999 1604 4068 ζη-γόν
1629 3997 1969 4069 βαστάζομεν.
2003 4013 2022 4049 ι

569 4091 846 4144 καὶταῦτα
871 4091 962 4158 μὲν
996 4086 1023 4141 ό
1059 4088 1106 4140 ἐν
1131 4086 1293 4159 ἁγίοις
1323 4084 1517 4146 Ξῦστος
1544 4088 1672 4160 πρός
1708 4089 1795 4142 τόν
1837 4089 1886 4140 ἐν
1919 4086 2082 4158 ἀγίοις

496 4179 729 4254 Κύριλλον
783 4181 902 4251 περὶ
958 4185 1058 4233 τῶν
1112 4179 1415 4232 ἀνατολικῶν
1470 4175 1718 4251 ἔγραψεν.
1768 4175 1969 4236 Ἐπειδὴ
2025 4176 2079 4234 δέ

495 4273 755 4335 ἀσυνέτως
782 4274 866 4324 καί
891 4276 1042 4325 τοῦτο
1080 4271 1340 4344 εἰρήκατε,
1367 4265 1447 4324 ὅτι
1474 4269 1690 4340 βλάπτει
1713 4273 1802 4328 τὴν
1829 4269 2082 4340 ὑπόληψιν

495 4369 587 4423 τῆς
615 4361 764 4434 ἀγίας
807 4364 858 4416 ἐν
883 4359 1154 4420 Χαλκηδόνι
1193 4359 1408 4416 συνόδου
1437 4362 1468 4420 ἡ
1507 4364 1802 4436 κατάκρισις
1839 4370 1932 4422 τῆς
1959 4363 2080 4418 ἀσε-

497 4455 620 4516 ϐοῦς
647 4452 775 4530 πρὸς
797 4451 970 4527 Μάριν
994 4452 1282 4516 ἐπιστολῆς,
1313 4451 1574 4524 ἐρωτῶμεν
1597 4452 1762 4519 ὑμᾶς,
1792 4455 1921 4524 ποίῳ
1949 4453 2078 4527 λόγῳ
2110 4494 2161 4554 D

499 4549 648 4612 τοῦτο
671 4543 972 4612 ὑπεμείνατε
1007 4543 1232 4614 γράφειν.
1268 4547 1342 4601 Mari
1377 4536 1480 4616 ἀρα
1511 4547 1736 4612 νομίζετε
1765 4548 1855 4602 τήν
1886 4541 2076 4601 ἔκθεσιν

494 4649 586 4696 τῆς
614 4632 764 4705 ἀγίας
797 4634 846 4687 ἐν
877 4631 1144 4692 Χαλκηδόνι
1167 4631 1414 4701 συνόδου,
1446 4631 1617 4704 ὅμοιόν
1647 4655 1699 4690 τι
1729 4642 1822 4696 τῆς
1852 4635 2076 4696 ἀσεϐοῦς

493 4726 757 4804 περιέχειν
781 4724 1076 4807 ἐπιστολῇςβ
1104 4723 1245 4780 ’Δλλά
1283 4731 1351 4796 μὴ
1374 4727 1564 4800 γένοιτο
1593 4728 1895 4802 χριστιανόν
1929 4733 2080 4784 τοῦτο

493 4822 672 4874 εἰπεῖν.
719 4820 1250 4892 Κατανοὼατεηάρ,
1298 4816 1377 4873 ὅτι
1416 4821 1583 4874 πάντα
1609 4820 1675 4874 τά
1709 4819 1756 4874 ἐν
1794 4828 1858 4896 τῇ
1901 4821 2084 4876 ἀσεϐεῖ

493 4911 654 4984 ἐκείνῃ
684 4909 948 4988 ἐπιστολῇ,
979 4912 1066 4964 καί
1090 4918 1197 4970 τοῖς
1225 4909 1490 4985 Θεοδώρου
1519 4913 1884 4988 συγγράμμασι
1909 4933 2080 4988 περιε·

493 5020 719 5070 χομενα,
752 4987 950 5057 ἐναντία
988 5003 1089 5056 εἰσί
1113 5009 1186 5074 τῷ
1215 4999 1320 5077 ὅρῳ
1343 5010 1434 5062 τῆς
1460 5004 1590 5058 κατὰ
1615 5001 1903 5062 Χαλκηδόνα
1929 5005 2079 5060 συνό-

423 5153 428 5158 _
490 5089 578 5149 δον
603 5095 675 5162 τῷ
703 5095 822 5163 περί
847 5100 938 5151 τῆς
962 5093 1184 5154 πίστεως
1211 5091 1478 5164 δεδομένῳ.
1507 5091 1767 5168 Θεόδωρος
1793 5095 1913 5168 γὰρ,
1943 5099 2026 5149 καί
2047 5097 2078 5154 ἠ

489 5185 726 5246 ἐπιστολή
761 5181 905 5248 ἄλλον
935 5185 1163 5258 λέγουσιν
1193 5181 1319 5240 εἶναι
1347 5187 1432 5241 τόν
1459 5187 1583 5241 Θείν
1608 5185 1785 5254 λόγον,
1825 5190 1910 5241 καί
1937 5184 2082 5242 ἄλλον

487 5277 574 5329 τὸν
611 5273 850 5349 Χριστόν.
882 5272 937 5330 Ἠ
975 5271 1029 5330 δέ
1069 5273 1192 5348 ἀγία
1237 5276 1369 5332 κατά
1414 5275 1698 5335 Χαλκηδόνα
1740 5275 1954 5338 σύνοδος
1991 5277 2080 5334 ἕνα

487 5361 620 5440 λέγει
645 5366 730 5418 τὸν
773 5367 945 5440 κύριον
979 5367 1118 5440 ἡμῶν
1161 5365 1351 5424 Ἰησοῦν
1398 5367 1614 5439 Χριστόν
1650 5367 1736 5424 τόν
1777 5369 1899 5422 Θεὸν
1935 5366 2078 5442 λόγον

491 5457 834 5532 σαρκωεέυτα,
857 5461 938 5514 καί
955 5459 1216 5533 ἀτρέπτως
1232 5457 1708 5532 ἐνανθρωπήσαντα.
1736 5469 1787 5512 Ἦ
1812 5459 2075 5526 ἐπιστολὴ,

491 5552 572 5604 καί
599 5547 856 5628 Θεόδωρος
884 5551 986 5620 οὐχ
1014 5549 1316 5621 ὁμολογοῦσι
1338 5553 1424 5606 τόν
1449 5553 1569 5606 Θεὸν
1597 5551 1740 5623 λόγον
1759 5555 2078 5626 σαρκωθῆναι

492 5641 544 5692 ἐκ
572 5649 660 5702 τῆς
687 5641 831 5714 ἁγίας
859 5641 1051 5704 ἐνδόξου
1079 5641 1346 5704 Θεοτόκου,
1376 5645 1460 5694 καί
1481 5643 1559 5696 ἀεὶ
1579 5644 1828 5715 παρθένου
1861 5645 2074 5715 Μαρίας,

497 5733 576 5784 καί
602 5737 838 5803 τεχθῆναι
865 5733 915 5800 ἕξ
943 5733 1123 5797 αὐτῆς.
1143 5735 1224 5788 καί
1250 5729 1333 5787 διὰ
1361 5738 1508 5797 τοῦτο
1537 5735 1806 5808 ἀρνοῦνται
1837 5736 2075 5790 Θεοτὸκον

2173 1801 2296 1864 post
2320 1805 2484 1860 pauca
2515 1805 2529 1842 :
2563 1806 2582 1839 ε
2617 1785 2858 1849 Exsulta,
2891 1780 3058 1836 frater
3098 1780 3435 1842 charissime,
3475 1787 3532 1832 et
3567 1776 3634 1830 ad
3667 1789 3766 1828 nos

2172 1882 2476 1938 recollectis
2505 1879 2760 1934 fratribus
2790 1877 2966 1932 victor
2993 1874 3224 1929 exsulta.
3262 1871 3548 1938 Quaerebat
3576 1867 3760 1922 Eccle-

2173 1974 2253 2030 sia
2281 1989 2416 2042 quos
2446 1971 2668 2041 reci-pit.
2695 1968 2826 2023 Nam
2848 1967 2894 2022 si
2923 1966 3192 2021 neminem
3219 1963 3398 2032 perire
3424 1960 3670 2015 volumus
3697 1958 3764 2011 de

2175 2065 2402 2136 pusillis,
2433 2071 2636 2133 quanto
2663 2060 2834 2129 magis
2861 2057 3095 2128 gaudere
3141 2071 3240 2110 nos
3271 2062 3488 2124 Oportet
3531 2051 3765 2106 sanitate

2175 2153 2475 2210 rectorum!
2501 2151 2750 2221 Legimus
2790 2156 3053 2220 quantum
3081 2145 3258 2216 gaudii
3289 2159 3392 2199 una
3423 2143 3541 2199 ovis
3570 2158 3764 2212 repor-

2175 2255 2288 2300 tata
2333 2244 2661 2316 praestiterit,
2711 2249 2766 2298 et
2809 2239 3010 2296 idcirco
3051 2235 3459 2305 intelligendum
3505 2243 3591 2290 est
3637 2233 3765 2303 quid

2175 2335 2349 2392 laudis
2375 2336 2572 2392 habeat
2610 2342 2692 2390 tot
2726 2346 3016 2390 revocasse
3063 2338 3329 2402 pastores.
3377 2326 3584 2396 Greges
3624 2325 3768 2396 aSpio

2177 2429 2396 2484 ciuntur
2421 2427 2474 2482 in
2515 2426 2756 2496 singulis,
2807 2439 2908 2480 nec
2937 2422 3095 2478 unius
3133 2422 3221 2476 hic
3268 2434 3431 2476 causa
3481 2425 3764 2484 tractatur,

2177 2522 2392 2592 quoties
2428 2521 2602 2591 agitur
2628 2519 2697 2576 de
2741 2517 2972 2574 sanitate
3017 2514 3331 2570 multorum.
3364 2531 3384 2565 ι
3431 2510 3500 2564 Ει
3541 2521 3764 2566 rursus:

2185 2631 2204 2666 ι
2239 2611 2482 2676 Gaudeo,
2515 2610 2708 2680 inquit,
2751 2607 3101 2663 Antiochense
3145 2603 3400 2660 Ecclesia:
3428 2600 3766 2657 sacerdotem

2178 2703 2362 2760 vocari
2403 2703 2515 2772 jam
2545 2717 2574 2756 a
2603 2701 2892 2757 sanctitate
2930 2707 3021 2754 tua
3069 2695 3429 2752 venerabilem
3477 2693 3676 2760 virum,
3715 2699 3768 2747 et

2181 2796 2434 2853 domuum
2455 2813 2470 2862 ;
2495 2803 2549 2850 et
2569 2795 2764 2849 merito
2791 2798 3019 2848 vocatur
3049 2789 3277 2844 domnus
3303 2785 3396 2857 qui
3427 2798 3768 2842 communem

2181 2887 2469 2943 Dominum
2501 2885 2834 2956 recognovit,
2869 2884 2960 2954 qui
2992 2879 3377 2937 incarnationis
3427 2876 3767 2949 mysterium,

2185 2995 2316 3036 voce
2328 2978 2612 3041 catholica,
2633 2978 2910 3032 nobiscum
2927 2971 3233 3030 confitetur.
3259 2989 3276 3022 ι
3298 2968 3600 3024 Etiterum:
3624 2985 3644 3018 ι
3665 2965 3769 3021 Vo-

2185 3073 2324 3135 tivaa,
2357 3071 2452 3135 ait,
2479 3078 2606 3126 sunt
2626 3083 2841 3138 semper
2859 3065 3121 3124 molestia:
3155 3063 3316 3118 fidem
3336 3051 3766 3132 pnedicantium;

2184 3163 2267 3220 bis
2279 3176 2510 3230 namque
2532 3175 2652 3216 cum
2673 3157 3006 3214 beatitudine
3017 3157 3236 3227 copiosa
3251 3169 3460 3208 merces
3474 3159 3698 3222 paratur
3716 3150 3770 3206 in

2183 3253 2342 3320 coelo,
2359 3253 2553 3325 quibus
2575 3249 3066 3322 propterjustitiam
3087 3247 3770 3314 maledictioues,persecn-

2184 3345 2380 3409 tiones,
2403 3353 2460 3399 et
2478 3359 2638 3400 omne
2659 3343 2860 3398 malum
2872 3341 3177 3412 prmcipitur
3189 3341 3476 3394 sustinere.
3498 3335 3696 3392 Passus
3715 3351 3772 3392 es

2183 3434 2490 3499 falsitatem,
2515 3433 2854 3488 utvictricem
2875 3431 3465 3497 faceresveritatem,et
3484 3427 3608 3484 ideo
3631 3442 3771 3484 nunc

2185 3525 2541 3581 insultaudnm
2573 3535 2654 3580 est
2673 3525 2919 3592 falsitati,
2941 3523 3068 3594 quia
3089 3522 3266 3578 nullus
3281 3521 3459 3592 perire
3483 3521 3664 3592 potuit
3683 3535 3773 3576 ve-

2184 3618 2350 3673 ritati.
2385 3637 2404 3670 »
2441 3618 2518 3673 Ac
2537 3617 2798 3688 denique:
2821 3635 2839 3668 ι
2876 3614 3020 3682 Haec,
3054 3613 3244 3682 inquit,
3271 3613 3340 3667 ad
3366 3613 3772 3668 venerationem

2187 3717 2331 3765 tuam
2357 3708 2664 3764 fraternitas
2685 3722 2897 3764 mecum
2939 3714 3126 3762 sancta
3153 3705 3359 3773 scribit,
3385 3705 3624 3775 probans
3655 3712 3773 3758 tuos

2186 3805 2240 3859 in
2271 3803 2540 3868 omnibus,
2570 3809 2625 3858 et
2650 3801 2974 3858 confirmans
3002 3799 3234 3864 labores,
3261 3797 3350 3868 qui
3379 3781 3560 3852 tamen
3584 3809 3776 3864 graves

2186 3903 2279 3950 aut
2315 3895 2485 3950 amari
2528 3909 2647 3950 esse
2691 3909 2798 3948 non
2847 3900 3156 3964 potuerunt,
3201 3893 3328 3962 quia
3375 3891 3501 3946 huic
3545 3888 3772 3961 impensi

2186 3999 2329 4051 sunt,
2374 3985 2525 4055 cujus
2553 4000 2690 4039 onus
2719 3985 2856 4051 leve,
2884 3993 2941 4038 et
2979 3983 3165 4053 jugum
3201 3997 3368 4036 suave
3409 3990 3709 4053 portamus.
3747 3999 3768 4033 ε

2258 4077 2385 4133 Huic
2412 4077 2478 4133 ad
2500 4076 2557 4133 S.
2588 4075 2844 4150 Cyrillum
2892 4076 2962 4131 de
3011 4073 3376 4130 Orientalibus
3423 4072 3482 4128 S.
3533 4071 3770 4144 Xystus;

2186 4169 2282 4224 sed
2309 4183 2430 4223 cum
2457 4167 2622 4222 stulte
2645 4165 2930 4220 admodum
2957 4164 3290 4235 protuleritis
3317 4165 3542 4234 pariter,
3573 4179 3640 4220 ea
3662 4165 3774 4236 epi-

2186 4261 2338 4316 stola:
2373 4275 2490 4331 qua:
2512 4257 2580 4313 ad
2609 4257 2798 4312 Marini
2829 4255 3047 4312 Persam
3079 4257 3388 4312 inscribitur
3426 4257 3774 4315 damnatione

2188 4351 2308 4408 laedi
2380 4351 2551 4406 sancti
2591 4348 3046 4404 Chalcedonensis
3095 4349 3311 4404 concilii
3361 4349 3769 4418 definitionem,

2187 4441 2476 4512 qumrimus
2503 4457 2606 4512 qua
2646 4441 2859 4496 tandem
2887 4442 3100 4497 ratione
3136 4443 3395 4498 commoti
3445 4442 3498 4498 id
3535 4445 3803 4500 scribere’

2184 4533 2584 4590 snstinueritis?
2614 4533 2728 4588 Non
2760 4531 2944 4604 itaque
2984 4533 3202 4604 putetis,
3235 4543 3434 4590 sanctae
3471 4533 3772 4594 Chalcedo-

2185 4626 2364 4682 nensis
2383 4624 2572 4698 synodi
2591 4625 2886 4680 doctrinam
2915 4625 3186 4697 quidpiam
3223 4641 3410 4682 eorum
3440 4642 3561 4697 qua:
3591 4629 3647 4684 in
3676 4629 3776 4684 im-

2185 4719 2273 4788 pia
2311 4717 2536 4788 epistola
2573 4719 2919 4772 continentur
2955 4718 3130 4772 simile
3160 4719 3480 4790 complecti;
3525 4721 3582 4776 id
3630 4721 3775 4776 enim

2186 4811 2366 4865 dicere
2393 4808 2756 4866 Christianum
2786 4825 2896 4864 non
2927 4819 3030 4866 est.
3059 4810 3312 4876 Quinimo
3337 4812 3535 4868 scitote
3562 4828 3630 4868 ea
3657 4830 3775 4869 om-

2187 4903 2276 4956 nia
2303 4916 2422 4970 qua:
2452 4902 2502 4956 in
2548 4901 2734 4956 eadem
2779 4901 3027 4970 epistola,
3057 4901 3437 4972 Theodorique
3480 4903 3634 4960 libris
3680 4905 3775 4960 ha-

2183 4993 2400 5060 bentur,
2441 5007 2563 5047 cum
2605 5003 2804 5048 sancte
2847 4992 2969 5048 fidei
3009 4992 3346 5061 definitione,
3389 5009 3422 5048 a
3469 4993 3774 5051 Chalcedo-

2186 5087 2340 5141 nensi
2389 5086 2621 5141 concilio
2671 5087 2886 5155 tradita,
2943 5089 3164 5144 omnino
3215 5103 3474 5161 pugnare.
3535 5089 3774 5162 Epistola

2186 5177 2331 5233 enim
2382 5193 2446 5234 ac
2502 5177 2822 5236 Theodorus
2886 5181 3051 5236 alium
3105 5196 3226 5238 esse
3282 5181 3450 5236 Deum
3507 5182 3774 5250 Verbum,

2187 5271 2351 5327 alium
2395 5271 2666 5328 Christum
2699 5281 2970 5341 statuunt;
3013 5287 3200 5332 sancta
3241 5285 3424 5332 autem
3469 5275 3777 5336 Chalcedo-

2191 5366 2370 5420 nensis
2397 5367 2634 5438 synodus
2683 5367 2900 5423 unicum
2936 5369 3179 5435 agnoscit
3212 5369 3498 5426 Dominum
3528 5383 3778 5430 nostrum

2187 5457 2366 5512 Jcsum
2416 5457 2688 5516 Christum
2753 5460 2924 5517 Deum
2980 5461 3213 5518 Verbum
3278 5463 3658 5535 incarnatuin,
3714 5482 3779 5521 ac

2187 5551 2389 5620 absque
2438 5551 2521 5604 sui
2591 5552 2890 5608 mutatione
2937 5553 3210 5608 hominem
3254 5554 3475 5609 factum.
3539 5555 3778 5627 Epistola

2187 5650 2347 5710 atque
2377 5641 2694 5698 Theodorus
2720 5643 2814 5698 Dei
2849 5645 3079 5700 Verbum
3121 5662 3190 5701 ex
3229 5657 3419 5702 sancta
3448 5658 3616 5718 atque
3662 5651 3775 5719 glo-

2184 5733 2328 5790 riosa
2355 5732 2600 5809 Deipara,
2630 5749 2691 5789 ac
2719 5751 2931 5808 semper
2957 5737 3164 5808 virgine
3204 5736 3372 5794 Maria
3412 5753 3634 5798 carnem
3687 5757 3773 5797 as-
