  <div class='ocr_page' id='page_1' title='image "/cluster/home/n/w/nwhite01/storage/ocr_20150623/69/umn.31951002477362u/166.png"; bbox 0 0 3952 6376; ppageno 0'>
   <div class='ocr_carea' id='block_1_1' title="bbox 133 235 288 292">
    <p class='ocr_par' dir='ltr' id='par_1_1' title="bbox 133 235 288 292">
     <span class='ocr_line' id='line_1_1' title="bbox 133 235 288 292; baseline 0 0"><span class='ocrx_word' id='word_1_1' title='bbox 133 260 142 270; x_wconf 94' lang='grc'><strong>·</strong></span> <span class='ocrx_word' id='word_1_2' title='bbox 184 235 288 292; x_wconf 74' lang='grc'><strong>⁸515</strong></span> 
     </span>
    </p>
   </div>
   <div class='ocr_carea' id='block_1_2' title="bbox 1351 234 2296 302">
    <p class='ocr_par' dir='ltr' id='par_1_2' title="bbox 1351 234 2296 302">
     <span class='ocr_line' id='line_1_2' title="bbox 1351 234 2296 302; baseline 0.01 -11"><span class='ocrx_word' id='word_1_3' title='bbox 1351 234 1722 294; x_wconf 73' lang='grc' dir='ltr'>ωδῑιΝιΑΝι</span> <span class='ocrx_word' id='word_1_4' title='bbox 1759 237 1897 294; x_wconf 73' lang='lat' dir='ltr'><strong>IMP.</strong></span> <span class='ocrx_word' id='word_1_5' title='bbox 1941 240 2296 302; x_wconf 79' lang='lat' dir='ltr'><strong>EPISTOLA.</strong></span> 
     </span>
    </p>
   </div>
   <div class='ocr_carea' id='block_1_3' title="bbox 3362 256 3465 315">
    <p class='ocr_par' dir='ltr' id='par_1_3' title="bbox 3362 256 3465 315">
     <span class='ocr_line' id='line_1_3' title="bbox 3362 256 3465 315; baseline -0.029 -1"><span class='ocrx_word' id='word_1_6' title='bbox 3362 256 3465 315; x_wconf 70' lang='grc' dir='ltr'>δη</span> 
     </span>
    </p>
   </div>
   <div class='ocr_carea' id='block_1_4' title="bbox 183 350 1786 440">
    <p class='ocr_par' dir='ltr' id='par_1_4' title="bbox 183 350 1780 440">
     <span class='ocr_line' id='line_1_4' title="bbox 183 350 1780 440; baseline 0 -31"><span class='ocrx_word' id='word_1_7' title='bbox 183 351 305 412; x_wconf 80' lang='grc' dir='ltr'>εἶναι</span> <span class='ocrx_word' id='word_1_8' title='bbox 329 356 422 414; x_wconf 59' lang='grc' dir='ltr'><strong>τήν</strong></span> <span class='ocrx_word' id='word_1_9' title='bbox 455 350 606 426; x_wconf 88' lang='grc' dir='ltr'>ἁγίαν</span> <span class='ocrx_word' id='word_1_10' title='bbox 633 353 877 429; x_wconf 90' lang='grc' dir='ltr'>παρθένον</span> <span class='ocrx_word' id='word_1_11' title='bbox 903 355 1118 432; x_wconf 74' lang='grc' dir='ltr'>Μαρίαν⁶</span> <span class='ocrx_word' id='word_1_12' title='bbox 1157 353 1204 408; x_wconf 81' lang='grc' dir='ltr'><strong>οἱ</strong></span> <span class='ocrx_word' id='word_1_13' title='bbox 1243 351 1297 408; x_wconf 81' lang='grc' dir='ltr'><strong>δέ</strong></span> <span class='ocrx_word' id='word_1_14' title='bbox 1329 351 1465 424; x_wconf 81' lang='grc' dir='ltr'>ἅγιοι</span> <span class='ocrx_word' id='word_1_15' title='bbox 1495 354 1710 440; x_wconf 83' lang='grc' dir='ltr'>πατέρες</span> <span class='ocrx_word' id='word_1_16' title='bbox 1733 355 1780 410; x_wconf 86' lang='grc' dir='ltr'><strong>οί</strong></span> 
     </span>
    </p>
   </div>
   <div class='ocr_carea' id='block_1_5' title="bbox 1894 350 3474 440">
    <p class='ocr_par' dir='ltr' id='par_1_5' title="bbox 1894 359 3474 440">
     <span class='ocr_line' id='line_1_5' title="bbox 1894 359 3474 440; baseline 0.009 -28"><span class='ocrx_word' id='word_1_17' title='bbox 1894 359 2200 428; x_wconf 78' lang='lat' dir='ltr'><strong>sumpsisse,</strong></span> <span class='ocrx_word' id='word_1_18' title='bbox 2230 375 2295 417; x_wconf 92' lang='lat' dir='ltr'><strong>ac</strong></span> <span class='ocrx_word' id='word_1_19' title='bbox 2329 375 2399 416; x_wconf 80' lang='lat' dir='ltr'><strong>ex</strong></span> <span class='ocrx_word' id='word_1_20' title='bbox 2441 361 2558 433; x_wconf 86' lang='lat' dir='ltr'><strong>ipsa</strong></span> <span class='ocrx_word' id='word_1_21' title='bbox 2594 368 2779 420; x_wconf 87' lang='lat' dir='ltr'><strong>natum</strong></span> <span class='ocrx_word' id='word_1_22' title='bbox 2804 379 2925 422; x_wconf 88' lang='lat' dir='ltr'><strong>esse</strong></span> <span class='ocrx_word' id='word_1_23' title='bbox 2975 381 3084 425; x_wconf 90' lang='lat' dir='ltr'><strong>non</strong></span> <span class='ocrx_word' id='word_1_24' title='bbox 3127 369 3474 440; x_wconf 80' lang='lat' dir='ltr'><strong>conﬁtentur,</strong></span> 
     </span>
    </p>
   </div>
   <div class='ocr_carea' id='block_1_6' title="bbox 178 439 1782 508">
    <p class='ocr_par' dir='ltr' id='par_1_6' title="bbox 178 439 1782 508">
     <span class='ocr_line' id='line_1_6' title="bbox 178 439 1782 508; baseline 0.001 -9"><span class='ocrx_word' id='word_1_25' title='bbox 178 447 230 501; x_wconf 82' lang='grc' dir='ltr'><strong>έν</strong></span> <span class='ocrx_word' id='word_1_26' title='bbox 258 439 540 502; x_wconf 75' lang='grc' dir='ltr'>Χαλκηδόνι</span> <span class='ocrx_word' id='word_1_27' title='bbox 583 441 900 502; x_wconf 71' lang='grc' dir='ltr'><strong>συνελθόντες</strong></span> <span class='ocrx_word' id='word_1_28' title='bbox 929 441 1230 508; x_wconf 84' lang='grc' dir='ltr'>συνοδικῶς,</span> <span class='ocrx_word' id='word_1_29' title='bbox 1259 443 1496 498; x_wconf 86' lang='grc' dir='ltr'>Θεοτόκον</span> <span class='ocrx_word' id='word_1_30' title='bbox 1531 439 1658 500; x_wconf 83' lang='grc' dir='ltr'>εἶναι</span> <span class='ocrx_word' id='word_1_31' title='bbox 1690 449 1782 505; x_wconf 81' lang='grc' dir='ltr'>τήν</span> 
     </span>
    </p>
   </div>
   <div class='ocr_carea' id='block_1_7' title="bbox 178 533 1784 612">
    <p class='ocr_par' dir='ltr' id='par_1_7' title="bbox 178 533 1784 612">
     <span class='ocr_line' id='line_1_7' title="bbox 178 533 1784 612; baseline 0 -22"><span class='ocrx_word' id='word_1_32' title='bbox 178 538 330 610; x_wconf 77' lang='grc' dir='ltr'>ἁγίαν</span> <span class='ocrx_word' id='word_1_33' title='bbox 355 537 608 610; x_wconf 75' lang='grc' dir='ltr'><strong>παρθένον</strong></span> <span class='ocrx_word' id='word_1_34' title='bbox 635 536 828 609; x_wconf 78' lang='grc' dir='ltr'><strong>Μαρίαν</strong></span> <span class='ocrx_word' id='word_1_35' title='bbox 856 535 1202 608; x_wconf 71' lang='grc' dir='ltr'><strong>ὡμολόγησαν.</strong></span> <span class='ocrx_word' id='word_1_36' title='bbox 1221 533 1483 612; x_wconf 80' lang='grc' dir='ltr'>Θεόδωρος</span> <span class='ocrx_word' id='word_1_37' title='bbox 1512 534 1538 592; x_wconf 82' lang='grc' dir='ltr'><strong>ὃ</strong></span> <span class='ocrx_word' id='word_1_38' title='bbox 1568 537 1784 602; x_wconf 73' lang='grc' dir='ltr'>ἀσεϐής,</span> 
     </span>
    </p>
   </div>
   <div class='ocr_carea' id='block_1_8' title="bbox 180 623 1788 702">
    <p class='ocr_par' dir='ltr' id='par_1_8' title="bbox 180 623 1788 702">
     <span class='ocr_line' id='line_1_8' title="bbox 180 623 1788 702; baseline 0.002 -19"><span class='ocrx_word' id='word_1_39' title='bbox 180 633 263 684; x_wconf 84' lang='grc' dir='ltr'><strong>καί</strong></span> <span class='ocrx_word' id='word_1_40' title='bbox 289 630 321 687; x_wconf 75' lang='grc' dir='ltr'>ἡ</span> <span class='ocrx_word' id='word_1_41' title='bbox 370 629 638 697; x_wconf 86' lang='grc' dir='ltr'>ἀνώνυμος</span> <span class='ocrx_word' id='word_1_42' title='bbox 683 626 926 684; x_wconf 77' lang='grc' dir='ltr'>έπιστολή</span> <span class='ocrx_word' id='word_1_43' title='bbox 971 623 1064 680; x_wconf 87' lang='grc' dir='ltr'><strong>δύο</strong></span> <span class='ocrx_word' id='word_1_44' title='bbox 1104 626 1356 702; x_wconf 84' lang='grc' dir='ltr'>πρόσωπα</span> <span class='ocrx_word' id='word_1_45' title='bbox 1401 627 1631 701; x_wconf 86' lang='grc' dir='ltr'>λέγοντες</span> <span class='ocrx_word' id='word_1_46' title='bbox 1658 631 1788 686; x_wconf 83' lang='grc' dir='ltr'><strong>κατὰ</strong></span> 
     </span>
    </p>
   </div>
   <div class='ocr_carea' id='block_1_9' title="bbox 187 717 1786 796">
    <p class='ocr_par' dir='ltr' id='par_1_9' title="bbox 187 717 1786 796">
     <span class='ocr_line' id='line_1_9' title="bbox 187 717 1786 796; baseline 0.001 -22"><span class='ocrx_word' id='word_1_47' title='bbox 187 725 436 791; x_wconf 72' lang='grc' dir='ltr'>σχετικὴν</span> <span class='ocrx_word' id='word_1_48' title='bbox 461 721 640 775; x_wconf 79' lang='grc' dir='ltr'>ἕνωσιν</span> <span class='ocrx_word' id='word_1_49' title='bbox 664 717 714 774; x_wconf 78' lang='grc' dir='ltr'>ἓν</span> <span class='ocrx_word' id='word_1_50' title='bbox 743 719 1016 796; x_wconf 85' lang='grc' dir='ltr'>πρόσωπον</span> <span class='ocrx_word' id='word_1_51' title='bbox 1045 719 1470 777; x_wconf 79' lang='grc' dir='ltr'><strong>ἀναπλάττουσιν.</strong></span> <span class='ocrx_word' id='word_1_52' title='bbox 1499 732 1550 776; x_wconf 84' lang='grc' dir='ltr'><strong>Ἦ</strong></span> <span class='ocrx_word' id='word_1_53' title='bbox 1574 720 1786 784; x_wconf 80' lang='grc' dir='ltr'>σύνοδος</span> 
     </span>
    </p>
   </div>
   <div class='ocr_carea' id='block_1_10' title="bbox 187 809 1782 887">
    <p class='ocr_par' dir='ltr' id='par_1_10' title="bbox 187 809 1782 887">
     <span class='ocr_line' id='line_1_10' title="bbox 187 809 1782 887; baseline 0.001 -21"><span class='ocrx_word' id='word_1_54' title='bbox 187 809 235 866; x_wconf 73' lang='grc' dir='ltr'>δὲ</span> <span class='ocrx_word' id='word_1_55' title='bbox 264 819 366 865; x_wconf 86' lang='grc' dir='ltr'><strong>τῶν</strong></span> <span class='ocrx_word' id='word_1_56' title='bbox 397 810 491 866; x_wconf 66' lang='grc' dir='ltr'><strong>δύο</strong></span> <span class='ocrx_word' id='word_1_57' title='bbox 516 814 719 884; x_wconf 75' lang='grc' dir='ltr'>φύσεων</span> <span class='ocrx_word' id='word_1_58' title='bbox 757 817 846 872; x_wconf 77' lang='grc' dir='ltr'>τήν</span> <span class='ocrx_word' id='word_1_59' title='bbox 884 813 996 867; x_wconf 81' lang='grc' dir='ltr'>καθ’</span> <span class='ocrx_word' id='word_1_60' title='bbox 1026 811 1316 869; x_wconf 71' lang='grc' dir='ltr'>ὑπόστασιν</span> <span class='ocrx_word' id='word_1_61' title='bbox 1341 814 1518 870; x_wconf 81' lang='grc' dir='ltr'>ἕνωσιν</span> <span class='ocrx_word' id='word_1_62' title='bbox 1544 815 1782 887; x_wconf 80' lang='grc' dir='ltr'>λέγουσα,</span> 
     </span>
    </p>
   </div>
   <div class='ocr_carea' id='block_1_11' title="bbox 188 899 1785 982">
    <p class='ocr_par' dir='ltr' id='par_1_11' title="bbox 188 899 1785 982">
     <span class='ocr_line' id='line_1_11' title="bbox 188 899 1785 982; baseline 0.004 -28"><span class='ocrx_word' id='word_1_63' title='bbox 188 899 232 954; x_wconf 80' lang='grc' dir='ltr'>ἓν</span> <span class='ocrx_word' id='word_1_64' title='bbox 255 903 502 976; x_wconf 72' lang='grc' dir='ltr'><strong>κηρύττει</strong></span> <span class='ocrx_word' id='word_1_65' title='bbox 529 903 828 978; x_wconf 83' lang='grc' dir='ltr'>πρόσωπον,</span> <span class='ocrx_word' id='word_1_66' title='bbox 858 902 967 961; x_wconf 67' lang='grc' dir='ltr'>ἤτοι</span> <span class='ocrx_word' id='word_1_67' title='bbox 988 905 1109 975; x_wconf 87' lang='grc' dir='ltr'>μίαν</span> <span class='ocrx_word' id='word_1_68' title='bbox 1133 903 1422 960; x_wconf 76' lang='grc' dir='ltr'>ὑπόστασιν</span> <span class='ocrx_word' id='word_1_69' title='bbox 1445 911 1663 982; x_wconf 80' lang='grc' dir='ltr'>Χριστοῦ</span> <span class='ocrx_word' id='word_1_70' title='bbox 1697 915 1785 961; x_wconf 91' lang='grc' dir='ltr'><strong>τοῦ</strong></span> 
     </span>
    </p>
   </div>
   <div class='ocr_carea' id='block_1_12' title="bbox 187 993 1787 1066">
    <p class='ocr_par' dir='ltr' id='par_1_12' title="bbox 187 993 1787 1066">
     <span class='ocr_line' id='line_1_12' title="bbox 187 993 1787 1066; baseline 0.004 -22"><span class='ocrx_word' id='word_1_71' title='bbox 187 999 492 1064; x_wconf 68' lang='grc' dir='ltr'>μονογενοῦς</span> <span class='ocrx_word' id='word_1_72' title='bbox 529 1000 658 1048; x_wconf 82' lang='grc' dir='ltr'><strong>Θεοῦ</strong></span> <span class='ocrx_word' id='word_1_73' title='bbox 685 993 853 1066; x_wconf 85' lang='grc' dir='ltr'>λόγου.</span> <span class='ocrx_word' id='word_1_74' title='bbox 891 994 1035 1050; x_wconf 62' lang='grc' dir='ltr'>ηιῦλν</span> <span class='ocrx_word' id='word_1_75' title='bbox 1062 995 1092 1052; x_wconf 77' lang='grc' dir='ltr'>ἡ</span> <span class='ocrx_word' id='word_1_76' title='bbox 1133 994 1324 1058; x_wconf 62' lang='grc' dir='ltr'>ἀσεϐής</span> <span class='ocrx_word' id='word_1_77' title='bbox 1351 997 1505 1064; x_wconf 67' lang='grc' dir='ltr'>ἐκείνη</span> <span class='ocrx_word' id='word_1_78' title='bbox 1544 993 1787 1058; x_wconf 72' lang='grc' dir='ltr'>ἐπιστολή</span> 
     </span>
    </p>
   </div>
   <div class='ocr_carea' id='block_1_13' title="bbox 187 1081 1787 1160">
    <p class='ocr_par' dir='ltr' id='par_1_13' title="bbox 187 1081 1787 1160">
     <span class='ocr_line' id='line_1_13' title="bbox 187 1081 1787 1160; baseline 0.005 -24"><span class='ocrx_word' id='word_1_79' title='bbox 187 1081 518 1148; x_wconf 80' lang='grc' dir='ltr'>καταδικάζει</span> <span class='ocrx_word' id='word_1_80' title='bbox 553 1089 644 1143; x_wconf 79' lang='grc' dir='ltr'>τήν</span> <span class='ocrx_word' id='word_1_81' title='bbox 687 1085 738 1138; x_wconf 82' lang='grc' dir='ltr'><strong>έν</strong></span> <span class='ocrx_word' id='word_1_82' title='bbox 765 1082 954 1158; x_wconf 72' lang='grc' dir='ltr'>Ἐφέσῳ</span> <span class='ocrx_word' id='word_1_83' title='bbox 997 1089 1205 1160; x_wconf 85' lang='grc' dir='ltr'>πρώτην</span> <span class='ocrx_word' id='word_1_84' title='bbox 1248 1085 1478 1156; x_wconf 83' lang='grc' dir='ltr'>σύνοδον,</span> <span class='ocrx_word' id='word_1_85' title='bbox 1511 1088 1708 1143; x_wconf 84' lang='grc' dir='ltr'>καὶτὸν</span> <span class='ocrx_word' id='word_1_86' title='bbox 1734 1089 1787 1144; x_wconf 84' lang='grc' dir='ltr'><strong>έν</strong></span> 
     </span>
    </p>
   </div>
   <div class='ocr_carea' id='block_1_14' title="bbox 186 1171 1784 1248">
    <p class='ocr_par' dir='ltr' id='par_1_14' title="bbox 186 1171 1784 1248">
     <span class='ocr_line' id='line_1_14' title="bbox 186 1171 1784 1248; baseline 0.002 -21"><span class='ocrx_word' id='word_1_87' title='bbox 186 1171 346 1246; x_wconf 86' lang='grc' dir='ltr'>ἁγίοις</span> <span class='ocrx_word' id='word_1_88' title='bbox 368 1175 649 1248; x_wconf 72' lang='grc' dir='ltr'>Κύριλ).ον,</span> <span class='ocrx_word' id='word_1_89' title='bbox 685 1175 771 1228; x_wconf 87' lang='grc' dir='ltr'><strong>καί</strong></span> <span class='ocrx_word' id='word_1_90' title='bbox 803 1175 966 1233; x_wconf 73' lang='grc' dir='ltr'>ἀσεϐῆ</span> <span class='ocrx_word' id='word_1_91' title='bbox 993 1177 1059 1230; x_wconf 86' lang='grc' dir='ltr'><strong>τά</strong></span> <span class='ocrx_word' id='word_1_92' title='bbox 1088 1177 1244 1230; x_wconf 73' lang='grc' dir='ltr'>αὐτοῦ</span> <span class='ocrx_word' id='word_1_93' title='bbox 1275 1177 1510 1248; x_wconf 78' lang='grc' dir='ltr'>κεφάλαια</span> <span class='ocrx_word' id='word_1_94' title='bbox 1533 1177 1784 1247; x_wconf 85' lang='grc' dir='ltr'>ὀνομάζει.</span> 
     </span>
    </p>
   </div>
   <div class='ocr_carea' id='block_1_15' title="bbox 186 1265 1788 1343">
    <p class='ocr_par' dir='ltr' id='par_1_15' title="bbox 186 1265 1788 1343">
     <span class='ocr_line' id='line_1_15' title="bbox 186 1265 1788 1343; baseline 0.001 -21"><span class='ocrx_word' id='word_1_95' title='bbox 186 1267 458 1342; x_wconf 72' lang='grc' dir='ltr'>Νεστόριον</span> <span class='ocrx_word' id='word_1_96' title='bbox 496 1265 550 1322; x_wconf 84' lang='grc' dir='ltr'><strong>δέ</strong></span> <span class='ocrx_word' id='word_1_97' title='bbox 577 1269 663 1322; x_wconf 86' lang='grc' dir='ltr'><strong>καί</strong></span> <span class='ocrx_word' id='word_1_98' title='bbox 703 1265 963 1343; x_wconf 82' lang='grc' dir='ltr'>Θεόδωρον</span> <span class='ocrx_word' id='word_1_99' title='bbox 992 1265 1182 1322; x_wconf 80' lang='grc' dir='ltr'>ἐκδικιῖ</span> <span class='ocrx_word' id='word_1_100' title='bbox 1222 1271 1310 1323; x_wconf 80' lang='grc' dir='ltr'><strong>καί</strong></span> <span class='ocrx_word' id='word_1_101' title='bbox 1346 1269 1542 1324; x_wconf 77' lang='grc' dir='ltr'>ἐπαινεῖ</span> <span class='ocrx_word' id='word_1_102' title='bbox 1551 1283 1567 1298; x_wconf 84' lang='grc'><strong>⁸</strong></span> <span class='ocrx_word' id='word_1_103' title='bbox 1599 1271 1629 1329; x_wconf 74' lang='grc' dir='ltr'><strong><em>ἡ</em></strong></span> <span class='ocrx_word' id='word_1_104' title='bbox 1656 1267 1710 1324; x_wconf 86' lang='grc' dir='ltr'><strong>δέ</strong></span> <span class='ocrx_word' id='word_1_105' title='bbox 1737 1268 1788 1326; x_wconf 87' lang='grc' dir='ltr'><strong>έν</strong></span> 
     </span>
    </p>
   </div>
   <div class='ocr_carea' id='block_1_16' title="bbox 189 1356 1785 1435">
    <p class='ocr_par' dir='ltr' id='par_1_16' title="bbox 189 1356 1785 1435">
     <span class='ocr_line' id='line_1_16' title="bbox 189 1356 1785 1435; baseline 0.001 -23"><span class='ocrx_word' id='word_1_106' title='bbox 189 1356 462 1416; x_wconf 74' lang='grc' dir='ltr'>Χαλκηδόνι</span> <span class='ocrx_word' id='word_1_107' title='bbox 493 1356 710 1419; x_wconf 80' lang='grc' dir='ltr'>σύνοδος</span> <span class='ocrx_word' id='word_1_108' title='bbox 739 1357 823 1414; x_wconf 85' lang='grc' dir='ltr'><strong>διά</strong></span> <span class='ocrx_word' id='word_1_109' title='bbox 855 1360 1060 1414; x_wconf 88' lang='grc' dir='ltr'>πάντων</span> <span class='ocrx_word' id='word_1_110' title='bbox 1083 1359 1347 1413; x_wconf 82' lang='grc' dir='ltr'>ἀκολουθεῖ</span> <span class='ocrx_word' id='word_1_111' title='bbox 1365 1367 1426 1432; x_wconf 74' lang='grc' dir='ltr'>τῇ</span> <span class='ocrx_word' id='word_1_112' title='bbox 1448 1361 1577 1434; x_wconf 74' lang='grc' dir='ltr'>αὐτῇ</span> <span class='ocrx_word' id='word_1_113' title='bbox 1605 1361 1785 1435; x_wconf 80' lang='grc' dir='ltr'>πρώτῃ</span> 
     </span>
    </p>
   </div>
   <div class='ocr_carea' id='block_1_17' title="bbox 186 1449 1788 1529">
    <p class='ocr_par' dir='ltr' id='par_1_17' title="bbox 186 1449 1788 1529">
     <span class='ocr_line' id='line_1_17' title="bbox 186 1449 1788 1529; baseline 0.001 -24"><span class='ocrx_word' id='word_1_114' title='bbox 186 1453 232 1505; x_wconf 80' lang='grc' dir='ltr'><strong>έν</strong></span> <span class='ocrx_word' id='word_1_115' title='bbox 253 1449 446 1522; x_wconf 73' lang='grc' dir='ltr'>Ἐφέσῳ</span> <span class='ocrx_word' id='word_1_116' title='bbox 471 1449 674 1522; x_wconf 82' lang='grc' dir='ltr'>συνόδῳ</span> <span class='ocrx_word' id='word_1_117' title='bbox 693 1490 709 1516; x_wconf 85' lang='grc'><strong>,</strong></span> <span class='ocrx_word' id='word_1_118' title='bbox 745 1454 828 1506; x_wconf 89' lang='grc' dir='ltr'><strong>καί</strong></span> <span class='ocrx_word' id='word_1_119' title='bbox 854 1452 1058 1526; x_wconf 80' lang='grc' dir='ltr'>πατέρα</span> <span class='ocrx_word' id='word_1_120' title='bbox 1087 1455 1173 1506; x_wconf 86' lang='grc' dir='ltr'><strong>καί</strong></span> <span class='ocrx_word' id='word_1_121' title='bbox 1209 1449 1509 1507; x_wconf 85' lang='grc' dir='ltr'>διδάσκαλον</span> <span class='ocrx_word' id='word_1_122' title='bbox 1541 1451 1788 1529; x_wconf 80' lang='grc' dir='ltr'>Κύριλλον</span> 
     </span>
    </p>
   </div>
   <div class='ocr_carea' id='block_1_18' title="bbox 185 1543 1787 1623">
    <p class='ocr_par' dir='ltr' id='par_1_18' title="bbox 185 1543 1787 1623">
     <span class='ocr_line' id='line_1_18' title="bbox 185 1543 1787 1623; baseline 0.004 -25"><span class='ocrx_word' id='word_1_123' title='bbox 185 1545 551 1619; x_wconf 59' lang='grc' dir='ltr'>ἐπιγράφεται,</span> <span class='ocrx_word' id='word_1_124' title='bbox 579 1549 662 1598; x_wconf 88' lang='grc' dir='ltr'><strong>καί</strong></span> <span class='ocrx_word' id='word_1_125' title='bbox 687 1549 776 1604; x_wconf 73' lang='grc' dir='ltr'><strong>τήν</strong></span> <span class='ocrx_word' id='word_1_126' title='bbox 799 1543 1063 1604; x_wconf 62' lang='grc' dir='ltr'>συνοδικγιν</span> <span class='ocrx_word' id='word_1_127' title='bbox 1093 1547 1246 1600; x_wconf 81' lang='grc' dir='ltr'>αύτοῦ</span> <span class='ocrx_word' id='word_1_128' title='bbox 1277 1546 1563 1609; x_wconf 78' lang='grc' dir='ltr'>ἐπιστολήν,</span> <span class='ocrx_word' id='word_1_129' title='bbox 1593 1549 1641 1601; x_wconf 85' lang='grc' dir='ltr'>ἐν</span> <span class='ocrx_word' id='word_1_130' title='bbox 1720 1551 1787 1604; x_wconf 80' lang='grc' dir='ltr'><strong>τά</strong></span> 
     </span>
    </p>
   </div>
   <div class='ocr_carea' id='block_1_19' title="bbox 185 1632 1786 1714">
    <p class='ocr_par' dir='ltr' id='par_1_19' title="bbox 185 1632 1786 1714">
     <span class='ocr_line' id='line_1_19' title="bbox 185 1632 1786 1714; baseline 0.002 -24"><span class='ocrx_word' id='word_1_131' title='bbox 185 1632 387 1691; x_wconf 77' lang='grc' dir='ltr'>δώδεκα</span> <span class='ocrx_word' id='word_1_132' title='bbox 414 1637 663 1708; x_wconf 70' lang='grc' dir='ltr'>κεφάλαια</span> <span class='ocrx_word' id='word_1_133' title='bbox 684 1637 1048 1702; x_wconf 80' lang='grc' dir='ltr'>ὑποτέτακται,</span> <span class='ocrx_word' id='word_1_134' title='bbox 1077 1638 1298 1709; x_wconf 76' lang='grc' dir='ltr'>βεϐαιοῖ,</span> <span class='ocrx_word' id='word_1_135' title='bbox 1329 1639 1600 1714; x_wconf 80' lang='grc' dir='ltr'>Νεστὸριον</span> <span class='ocrx_word' id='word_1_136' title='bbox 1620 1637 1673 1694; x_wconf 87' lang='grc' dir='ltr'><strong>δέ</strong></span> <span class='ocrx_word' id='word_1_137' title='bbox 1701 1641 1786 1696; x_wconf 86' lang='grc' dir='ltr'><strong>τόν</strong></span> 
     </span>
    </p>
   </div>
   <div class='ocr_carea' id='block_1_20' title="bbox 1888 452 3476 528">
    <p class='ocr_par' dir='ltr' id='par_1_20' title="bbox 1888 452 3476 528">
     <span class='ocr_line' id='line_1_20' title="bbox 1888 452 3476 528; baseline 0.009 -24"><span class='ocrx_word' id='word_1_138' title='bbox 1888 463 2056 518; x_wconf 82' lang='lat' dir='ltr'><strong>quare</strong></span> <span class='ocrx_word' id='word_1_139' title='bbox 2079 452 2242 506; x_wconf 81' lang='lat' dir='ltr'><strong>etiam</strong></span> <span class='ocrx_word' id='word_1_140' title='bbox 2271 453 2660 510; x_wconf 73' lang='lat' dir='ltr'><strong>sanctissimam</strong></span> <span class='ocrx_word' id='word_1_141' title='bbox 2689 455 2960 528; x_wconf 77' lang='lat' dir='ltr'><strong>Virginem</strong></span> <span class='ocrx_word' id='word_1_142' title='bbox 2982 459 3204 517; x_wconf 82' lang='lat' dir='ltr'><strong>Mariam</strong></span> <span class='ocrx_word' id='word_1_143' title='bbox 3236 461 3476 518; x_wconf 84' lang='lat' dir='ltr'><strong>inﬁcian-</strong></span> 
     </span>
    </p>
   </div>
   <div class='ocr_carea' id='block_1_21' title="bbox 1890 541 3477 612">
    <p class='ocr_par' dir='ltr' id='par_1_21' title="bbox 1890 541 3477 612">
     <span class='ocr_line' id='line_1_21' title="bbox 1890 541 3477 612; baseline 0.008 -16"><span class='ocrx_word' id='word_1_144' title='bbox 1890 551 1980 597; x_wconf 90' lang='lat' dir='ltr'><strong>tur</strong></span> <span class='ocrx_word' id='word_1_145' title='bbox 2003 541 2294 612; x_wconf 87' lang='lat' dir='ltr'><strong>Deiparam</strong></span> <span class='ocrx_word' id='word_1_146' title='bbox 2322 560 2476 600; x_wconf 87' lang='lat' dir='ltr'><strong>esse:</strong></span> <span class='ocrx_word' id='word_1_147' title='bbox 2504 548 2678 602; x_wconf 78' lang='lat' dir='ltr'><strong>sancti</strong></span> <span class='ocrx_word' id='word_1_148' title='bbox 2709 563 2840 604; x_wconf 90' lang='lat' dir='ltr'><strong>vero</strong></span> <span class='ocrx_word' id='word_1_149' title='bbox 2868 549 3057 606; x_wconf 91' lang='lat' dir='ltr'><strong>Patres</strong></span> <span class='ocrx_word' id='word_1_150' title='bbox 3094 553 3147 606; x_wconf 94' lang='lat' dir='ltr'><strong>in</strong></span> <span class='ocrx_word' id='word_1_151' title='bbox 3175 551 3477 609; x_wconf 73' lang='lat' dir='ltr'><strong>Chalcede</strong></span> 
     </span>
    </p>
   </div>
   <div class='ocr_carea' id='block_1_22' title="bbox 1889 635 3479 717">
    <p class='ocr_par' dir='ltr' id='par_1_22' title="bbox 1889 635 3479 717">
     <span class='ocr_line' id='line_1_22' title="bbox 1889 635 3479 717; baseline 0.006 -27"><span class='ocrx_word' id='word_1_152' title='bbox 1889 635 2043 690; x_wconf 91' lang='lat' dir='ltr'><strong>nensi</strong></span> <span class='ocrx_word' id='word_1_153' title='bbox 2071 637 2306 694; x_wconf 89' lang='lat' dir='ltr'><strong>concilio</strong></span> <span class='ocrx_word' id='word_1_154' title='bbox 2333 640 2642 708; x_wconf 77' lang='lat' dir='ltr'><strong>congregati</strong></span> <span class='ocrx_word' id='word_1_155' title='bbox 2671 641 3062 697; x_wconf 88' lang='lat' dir='ltr'><strong>sanctissimam</strong></span> <span class='ocrx_word' id='word_1_156' title='bbox 3101 642 3325 717; x_wconf 78' lang='lat' dir='ltr'><strong>Mariam</strong></span> <span class='ocrx_word' id='word_1_157' title='bbox 3355 645 3479 701; x_wconf 74' lang='lat' dir='ltr'><strong>Dei-</strong></span> 
     </span>
    </p>
   </div>
   <div class='ocr_carea' id='block_1_23' title="bbox 1886 733 3480 810">
    <p class='ocr_par' dir='ltr' id='par_1_23' title="bbox 1886 733 3480 810">
     <span class='ocr_line' id='line_1_23' title="bbox 1886 733 3480 810; baseline 0.008 -24"><span class='ocrx_word' id='word_1_158' title='bbox 1886 747 2076 804; x_wconf 87' lang='lat' dir='ltr'><strong>param</strong></span> <span class='ocrx_word' id='word_1_159' title='bbox 2102 733 2341 790; x_wconf 85' lang='lat' dir='ltr'><strong>confessi</strong></span> <span class='ocrx_word' id='word_1_160' title='bbox 2361 744 2504 790; x_wconf 92' lang='lat' dir='ltr'><strong>sunt.</strong></span> <span class='ocrx_word' id='word_1_161' title='bbox 2559 734 2758 806; x_wconf 88' lang='lat' dir='ltr'><strong>Impius</strong></span> <span class='ocrx_word' id='word_1_162' title='bbox 2788 736 3104 794; x_wconf 86' lang='lat' dir='ltr'><strong>Theodorus</strong></span> <span class='ocrx_word' id='word_1_163' title='bbox 3140 747 3303 810; x_wconf 85' lang='lat' dir='ltr'><strong>atque</strong></span> <span class='ocrx_word' id='word_1_164' title='bbox 3343 758 3480 800; x_wconf 88' lang='lat' dir='ltr'><strong>ano-</strong></span> 
     </span>
    </p>
   </div>
   <div class='ocr_carea' id='block_1_24' title="bbox 1889 825 3478 900">
    <p class='ocr_par' dir='ltr' id='par_1_24' title="bbox 1889 825 3478 900">
     <span class='ocr_line' id='line_1_24' title="bbox 1889 825 3478 900; baseline 0.007 -23"><span class='ocrx_word' id='word_1_165' title='bbox 1889 837 2053 894; x_wconf 91' lang='lat' dir='ltr'><strong>nyma</strong></span> <span class='ocrx_word' id='word_1_166' title='bbox 2091 825 2316 894; x_wconf 90' lang='lat' dir='ltr'><strong>epistola</strong></span> <span class='ocrx_word' id='word_1_167' title='bbox 2357 826 2491 882; x_wconf 84' lang='lat' dir='ltr'><strong>duas</strong></span> <span class='ocrx_word' id='word_1_168' title='bbox 2533 827 2880 884; x_wconf 85' lang='lat' dir='ltr'><strong>admittentes</strong></span> <span class='ocrx_word' id='word_1_169' title='bbox 2919 845 3206 900; x_wconf 86' lang='lat' dir='ltr'><strong>personas,</strong></span> <span class='ocrx_word' id='word_1_170' title='bbox 3260 833 3478 888; x_wconf 86' lang='lat' dir='ltr'><strong>unicam</strong></span> 
     </span>
    </p>
   </div>
   <div class='ocr_carea' id='block_1_25' title="bbox 1889 917 3478 992">
    <p class='ocr_par' dir='ltr' id='par_1_25' title="bbox 1889 917 3478 992">
     <span class='ocr_line' id='line_1_25' title="bbox 1889 917 3478 992; baseline 0.008 -25"><span class='ocrx_word' id='word_1_171' title='bbox 1889 920 2071 968; x_wconf 89' lang='lat' dir='ltr'><strong>tamen</strong></span> <span class='ocrx_word' id='word_1_172' title='bbox 2104 930 2390 985; x_wconf 86' lang='lat' dir='ltr'><strong>personam</strong></span> <span class='ocrx_word' id='word_1_173' title='bbox 2417 931 2514 987; x_wconf 90' lang='lat' dir='ltr'><strong>per</strong></span> <span class='ocrx_word' id='word_1_174' title='bbox 2557 917 2886 974; x_wconf 87' lang='lat' dir='ltr'><strong>habitualem</strong></span> <span class='ocrx_word' id='word_1_175' title='bbox 2934 920 3189 975; x_wconf 92' lang='lat' dir='ltr'><strong>unionem</strong></span> <span class='ocrx_word' id='word_1_176' title='bbox 3233 922 3478 992; x_wconf 81' lang='lat' dir='ltr'><strong>proﬁteri</strong></span> 
     </span>
    </p>
   </div>
   <div class='ocr_carea' id='block_1_26' title="bbox 1887 1004 3480 1083">
    <p class='ocr_par' dir='ltr' id='par_1_26' title="bbox 1887 1004 3480 1083">
     <span class='ocr_line' id='line_1_26' title="bbox 1887 1004 3480 1083; baseline 0.006 -25"><span class='ocrx_word' id='word_1_177' title='bbox 1887 1018 1948 1059; x_wconf 89' lang='lat' dir='ltr'><strong>se</strong></span> <span class='ocrx_word' id='word_1_178' title='bbox 1973 1004 2228 1060; x_wconf 85' lang='lat' dir='ltr'><strong>simulant</strong></span> <span class='ocrx_word' id='word_1_179' title='bbox 2253 1023 2267 1060; x_wconf 88' lang='lat'><strong>:</strong></span> <span class='ocrx_word' id='word_1_180' title='bbox 2291 1007 2528 1078; x_wconf 85' lang='lat' dir='ltr'><strong>synodus</strong></span> <span class='ocrx_word' id='word_1_181' title='bbox 2552 1017 2733 1064; x_wconf 89' lang='lat' dir='ltr'><strong>autem</strong></span> <span class='ocrx_word' id='word_1_182' title='bbox 2761 1009 2959 1080; x_wconf 86' lang='lat' dir='ltr'><strong>duplici</strong></span> <span class='ocrx_word' id='word_1_183' title='bbox 2989 1018 3196 1066; x_wconf 72' lang='lat' dir='ltr'><strong>natum</strong></span> <span class='ocrx_word' id='word_1_184' title='bbox 3223 1013 3480 1083; x_wconf 84' lang='lat' dir='ltr'><strong>hyposta-</strong></span> 
     </span>
    </p>
   </div>
   <div class='ocr_carea' id='block_1_27' title="bbox 1890 1093 3478 1173">
    <p class='ocr_par' dir='ltr' id='par_1_27' title="bbox 1890 1093 3478 1173">
     <span class='ocr_line' id='line_1_27' title="bbox 1890 1093 3478 1173; baseline 0.008 -25"><span class='ocrx_word' id='word_1_185' title='bbox 1890 1093 2052 1148; x_wconf 85' lang='lat' dir='ltr'><strong>ticam</strong></span> <span class='ocrx_word' id='word_1_186' title='bbox 2093 1109 2215 1152; x_wconf 88' lang='lat' dir='ltr'><strong>esse</strong></span> <span class='ocrx_word' id='word_1_187' title='bbox 2265 1097 2518 1152; x_wconf 88' lang='lat' dir='ltr'><strong>unionem</strong></span> <span class='ocrx_word' id='word_1_188' title='bbox 2566 1098 2875 1164; x_wconf 79' lang='lat' dir='ltr'><strong>afﬁrmans,</strong></span> <span class='ocrx_word' id='word_1_189' title='bbox 2928 1103 3139 1157; x_wconf 86' lang='lat' dir='ltr'><strong>unicam</strong></span> <span class='ocrx_word' id='word_1_190' title='bbox 3194 1119 3478 1173; x_wconf 84' lang='lat' dir='ltr'><strong>personam</strong></span> 
     </span>
    </p>
   </div>
   <div class='ocr_carea' id='block_1_28' title="bbox 1889 1181 3480 1256">
    <p class='ocr_par' dir='ltr' id='par_1_28' title="bbox 1889 1181 3480 1256">
     <span class='ocr_line' id='line_1_28' title="bbox 1889 1181 3480 1256; baseline 0.009 -20"><span class='ocrx_word' id='word_1_191' title='bbox 1889 1181 2169 1252; x_wconf 77' lang='lat' dir='ltr'><strong>przedicat,</strong></span> <span class='ocrx_word' id='word_1_192' title='bbox 2213 1186 2327 1240; x_wconf 86' lang='lat' dir='ltr'><strong>sive</strong></span> <span class='ocrx_word' id='word_1_193' title='bbox 2368 1188 2548 1256; x_wconf 89' lang='lat' dir='ltr'><strong>potius</strong></span> <span class='ocrx_word' id='word_1_194' title='bbox 2576 1189 2790 1244; x_wconf 90' lang='lat' dir='ltr'><strong>unicam</strong></span> <span class='ocrx_word' id='word_1_195' title='bbox 2837 1191 3236 1247; x_wconf 85' lang='lat' dir='ltr'><strong>subsistentiam</strong></span> <span class='ocrx_word' id='word_1_196' title='bbox 3279 1192 3480 1251; x_wconf 81' lang='lat' dir='ltr'><strong>Christi</strong></span> 
     </span>
    </p>
   </div>
   <div class='ocr_carea' id='block_1_29' title="bbox 1890 1273 3481 1354">
    <p class='ocr_par' dir='ltr' id='par_1_29' title="bbox 1890 1273 3481 1354">
     <span class='ocr_line' id='line_1_29' title="bbox 1890 1273 3481 1354; baseline 0.008 -28"><span class='ocrx_word' id='word_1_197' title='bbox 1890 1273 2148 1342; x_wconf 79' lang='lat' dir='ltr'><strong>unigeniti</strong></span> <span class='ocrx_word' id='word_1_198' title='bbox 2173 1275 2288 1329; x_wconf 80' lang='lat' dir='ltr'><strong>Filii</strong></span> <span class='ocrx_word' id='word_1_199' title='bbox 2319 1276 2433 1331; x_wconf 89' lang='lat' dir='ltr'><strong>Dei.</strong></span> <span class='ocrx_word' id='word_1_200' title='bbox 2464 1276 2673 1333; x_wconf 82' lang='lat' dir='ltr'><strong>Rursus</strong></span> <span class='ocrx_word' id='word_1_201' title='bbox 2695 1294 2758 1335; x_wconf 90' lang='lat' dir='ltr'><strong>ea</strong></span> <span class='ocrx_word' id='word_1_202' title='bbox 2788 1281 3016 1349; x_wconf 86' lang='lat' dir='ltr'><strong>epistola</strong></span> <span class='ocrx_word' id='word_1_203' title='bbox 3040 1283 3276 1351; x_wconf 87' lang='lat' dir='ltr'><strong>priorem</strong></span> <span class='ocrx_word' id='word_1_204' title='bbox 3304 1283 3481 1354; x_wconf 84' lang='lat' dir='ltr'><strong>Ephe-</strong></span> 
     </span>
    </p>
   </div>
   <div class='ocr_carea' id='block_1_30' title="bbox 1888 1363 3482 1445">
    <p class='ocr_par' dir='ltr' id='par_1_30' title="bbox 1888 1363 3482 1445">
     <span class='ocr_line' id='line_1_30' title="bbox 1888 1363 3482 1445; baseline 0.008 -26"><span class='ocrx_word' id='word_1_205' title='bbox 1888 1363 2062 1419; x_wconf 86' lang='lat' dir='ltr'><strong>siuam</strong></span> <span class='ocrx_word' id='word_1_206' title='bbox 2089 1365 2373 1436; x_wconf 86' lang='lat' dir='ltr'><strong>synodum,</strong></span> <span class='ocrx_word' id='word_1_207' title='bbox 2403 1381 2470 1422; x_wconf 91' lang='lat' dir='ltr'><strong>ac</strong></span> <span class='ocrx_word' id='word_1_208' title='bbox 2495 1378 2739 1425; x_wconf 87' lang='lat' dir='ltr'><strong>sanctum</strong></span> <span class='ocrx_word' id='word_1_209' title='bbox 2767 1368 3025 1442; x_wconf 85' lang='lat' dir='ltr'><strong>Cyrillum</strong></span> <span class='ocrx_word' id='word_1_210' title='bbox 3051 1373 3296 1441; x_wconf 87' lang='lat' dir='ltr'><strong>damnat,</strong></span> <span class='ocrx_word' id='word_1_211' title='bbox 3329 1376 3482 1445; x_wconf 82' lang='lat' dir='ltr'><strong>cujus</strong></span> 
     </span>
    </p>
   </div>
   <div class='ocr_carea' id='block_1_31' title="bbox 1889 1454 3484 1528">
    <p class='ocr_par' dir='ltr' id='par_1_31' title="bbox 1889 1454 3484 1528">
     <span class='ocr_line' id='line_1_31' title="bbox 1889 1454 3484 1528; baseline 0.01 -20"><span class='ocrx_word' id='word_1_212' title='bbox 1889 1454 2052 1508; x_wconf 89' lang='lat' dir='ltr'><strong>etiam</strong></span> <span class='ocrx_word' id='word_1_213' title='bbox 2109 1455 2340 1521; x_wconf 87' lang='lat' dir='ltr'><strong>capitula</strong></span> <span class='ocrx_word' id='word_1_214' title='bbox 2369 1457 2531 1528; x_wconf 90' lang='lat' dir='ltr'><strong>impia</strong></span> <span class='ocrx_word' id='word_1_215' title='bbox 2576 1468 2783 1515; x_wconf 88' lang='lat' dir='ltr'><strong>vocat:</strong></span> <span class='ocrx_word' id='word_1_216' title='bbox 2836 1461 3139 1519; x_wconf 86' lang='lat' dir='ltr'><strong>Nestorium</strong></span> <span class='ocrx_word' id='word_1_217' title='bbox 3191 1474 3372 1520; x_wconf 80' lang='lat' dir='ltr'><strong>autem</strong></span> <span class='ocrx_word' id='word_1_218' title='bbox 3425 1474 3484 1524; x_wconf 77' lang='lat' dir='ltr'><strong>et</strong></span> 
     </span>
    </p>
   </div>
   <div class='ocr_carea' id='block_1_32' title="bbox 1889 1543 3479 1612">
    <p class='ocr_par' dir='ltr' id='par_1_32' title="bbox 1889 1543 3479 1612">
     <span class='ocr_line' id='line_1_32' title="bbox 1889 1543 3479 1612; baseline 0.008 -12"><span class='ocrx_word' id='word_1_219' title='bbox 1889 1543 2234 1602; x_wconf 82' lang='lat' dir='ltr'><strong>Theodorum</strong></span> <span class='ocrx_word' id='word_1_220' title='bbox 2264 1549 2501 1604; x_wconf 88' lang='lat' dir='ltr'><strong>vindicat</strong></span> <span class='ocrx_word' id='word_1_221' title='bbox 2527 1565 2592 1605; x_wconf 90' lang='lat' dir='ltr'><strong>ac</strong></span> <span class='ocrx_word' id='word_1_222' title='bbox 2620 1551 2807 1607; x_wconf 85' lang='lat' dir='ltr'><strong>laudat</strong></span> <span class='ocrx_word' id='word_1_223' title='bbox 2831 1570 2843 1606; x_wconf 91' lang='lat'><strong>:</strong></span> <span class='ocrx_word' id='word_1_224' title='bbox 2867 1553 3321 1610; x_wconf 87' lang='lat' dir='ltr'><strong>Chalcedonensis</strong></span> <span class='ocrx_word' id='word_1_225' title='bbox 3351 1572 3479 1612; x_wconf 81' lang='lat' dir='ltr'><strong>vero</strong></span> 
     </span>
    </p>
   </div>
   <div class='ocr_carea' id='block_1_33' title="bbox 1889 1637 3480 1718">
    <p class='ocr_par' dir='ltr' id='par_1_33' title="bbox 1889 1637 3480 1718">
     <span class='ocr_line' id='line_1_33' title="bbox 1889 1637 3480 1718; baseline 0.006 -27"><span class='ocrx_word' id='word_1_226' title='bbox 1889 1637 2126 1707; x_wconf 87' lang='lat' dir='ltr'><strong>synodus</strong></span> <span class='ocrx_word' id='word_1_227' title='bbox 2166 1639 2221 1694; x_wconf 91' lang='lat' dir='ltr'><strong>in</strong></span> <span class='ocrx_word' id='word_1_228' title='bbox 2257 1640 2508 1696; x_wconf 90' lang='lat' dir='ltr'><strong>omnibus</strong></span> <span class='ocrx_word' id='word_1_229' title='bbox 2550 1639 2878 1712; x_wconf 86' lang='lat' dir='ltr'><strong>Ephesinam</strong></span> <span class='ocrx_word' id='word_1_230' title='bbox 2927 1645 3160 1714; x_wconf 89' lang='lat' dir='ltr'><strong>priorem</strong></span> <span class='ocrx_word' id='word_1_231' title='bbox 3215 1648 3480 1718; x_wconf 82' lang='lat' dir='ltr'><strong>synodum</strong></span> 
     </span>
    </p>
   </div>
   <div class='ocr_carea' id='block_1_34' title="bbox 185 1727 1786 1810">
    <p class='ocr_par' dir='ltr' id='par_1_34' title="bbox 185 1727 1786 1804">
     <span class='ocr_line' id='line_1_34' title="bbox 185 1727 1786 1804; baseline 0.002 -22"><span class='ocrx_word' id='word_1_232' title='bbox 185 1728 348 1788; x_wconf 78' lang='grc' dir='ltr'>ἀσεϐῆ</span> <span class='ocrx_word' id='word_1_233' title='bbox 375 1731 689 1803; x_wconf 80' lang='grc' dir='ltr'>κατακρίνει,</span> <span class='ocrx_word' id='word_1_234' title='bbox 719 1731 801 1784; x_wconf 87' lang='grc' dir='ltr'><strong>καί</strong></span> <span class='ocrx_word' id='word_1_235' title='bbox 827 1728 958 1804; x_wconf 73' lang='grc' dir='ltr'>πρὸς</span> <span class='ocrx_word' id='word_1_236' title='bbox 975 1730 1177 1790; x_wconf 82' lang='grc' dir='ltr'>τούτοις</span> <span class='ocrx_word' id='word_1_237' title='bbox 1204 1731 1260 1784; x_wconf 84' lang='grc' dir='ltr'><strong>τό</strong></span> <span class='ocrx_word' id='word_1_238' title='bbox 1289 1727 1560 1785; x_wconf 74' lang='grc' dir='ltr'>Ἰουδαϊκὸν</span> <span class='ocrx_word' id='word_1_239' title='bbox 1589 1729 1786 1803; x_wconf 70' lang='grc' dir='ltr'>σύμϐο-</span> 
     </span>
    </p>
   </div>
   <div class='ocr_carea' id='block_1_35' title="bbox 1894 1727 3480 1810">
    <p class='ocr_par' dir='ltr' id='par_1_35' title="bbox 1894 1728 3480 1810">
     <span class='ocr_line' id='line_1_35' title="bbox 1894 1728 3480 1810; baseline 0.007 -27"><span class='ocrx_word' id='word_1_240' title='bbox 1894 1729 2156 1798; x_wconf 88' lang='lat' dir='ltr'><strong>sequitur,</strong></span> <span class='ocrx_word' id='word_1_241' title='bbox 2195 1728 2452 1802; x_wconf 84' lang='lat' dir='ltr'><strong>Cyrillum</strong></span> <span class='ocrx_word' id='word_1_242' title='bbox 2493 1731 2672 1788; x_wconf 87' lang='lat' dir='ltr'><strong>Patris</strong></span> <span class='ocrx_word' id='word_1_243' title='bbox 2699 1733 3048 1805; x_wconf 88' lang='lat' dir='ltr'><strong>doctorisque</strong></span> <span class='ocrx_word' id='word_1_244' title='bbox 3093 1737 3260 1793; x_wconf 85' lang='lat' dir='ltr'><strong>titulis</strong></span> <span class='ocrx_word' id='word_1_245' title='bbox 3301 1750 3480 1810; x_wconf 87' lang='lat' dir='ltr'><strong>ornat,</strong></span> 
     </span>
    </p>
   </div>
   <div class='ocr_carea' id='block_1_36' title="bbox 185 1818 1786 1899">
    <p class='ocr_par' dir='ltr' id='par_1_36' title="bbox 185 1818 1786 1899">
     <span class='ocr_line' id='line_1_36' title="bbox 185 1818 1786 1899; baseline 0.003 -25"><span class='ocrx_word' id='word_1_246' title='bbox 185 1819 272 1874; x_wconf 79' lang='grc' dir='ltr'><strong>λον</strong></span> <span class='ocrx_word' id='word_1_247' title='bbox 299 1821 359 1874; x_wconf 86' lang='grc' dir='ltr'><strong>τό</strong></span> <span class='ocrx_word' id='word_1_248' title='bbox 387 1819 492 1875; x_wconf 83' lang='grc' dir='ltr'><strong>ύπό</strong></span> <span class='ocrx_word' id='word_1_249' title='bbox 516 1818 778 1896; x_wconf 76' lang='grc' dir='ltr'>Θεοδώρου</span> <span class='ocrx_word' id='word_1_250' title='bbox 812 1821 1300 1892; x_wconf 77' lang='grc' dir='ltr'>συμπεπλασμὲνον,</span> <span class='ocrx_word' id='word_1_251' title='bbox 1325 1821 1386 1878; x_wconf 86' lang='grc' dir='ltr'><strong>τό</strong></span> <span class='ocrx_word' id='word_1_252' title='bbox 1406 1825 1492 1876; x_wconf 87' lang='grc' dir='ltr'><strong>καί</strong></span> <span class='ocrx_word' id='word_1_253' title='bbox 1515 1824 1564 1877; x_wconf 81' lang='grc' dir='ltr'><strong>έν</strong></span> <span class='ocrx_word' id='word_1_254' title='bbox 1672 1823 1786 1879; x_wconf 82' lang='grc' dir='ltr'>κατ’</span> 
     </span>
    </p>
   </div>
   <div class='ocr_carea' id='block_1_37' title="bbox 186 1909 1788 1990">
    <p class='ocr_par' dir='ltr' id='par_1_37' title="bbox 186 1909 1788 1990">
     <span class='ocr_line' id='line_1_37' title="bbox 186 1909 1788 1990; baseline 0.002 -25"><span class='ocrx_word' id='word_1_255' title='bbox 186 1909 398 1984; x_wconf 69' lang='grc' dir='ltr'>Ἐφέσου</span> <span class='ocrx_word' id='word_1_256' title='bbox 438 1915 618 1987; x_wconf 73' lang='grc' dir='ltr'>πρώτῃ</span> <span class='ocrx_word' id='word_1_257' title='bbox 655 1910 854 1984; x_wconf 83' lang='grc' dir='ltr'>συνόδῳ</span> <span class='ocrx_word' id='word_1_258' title='bbox 894 1914 1211 1988; x_wconf 71' lang='grc' dir='ltr'>κατακριθέν,</span> <span class='ocrx_word' id='word_1_259' title='bbox 1259 1915 1338 1968; x_wconf 78' lang='grc' dir='ltr'>καὶ</span> <span class='ocrx_word' id='word_1_260' title='bbox 1380 1914 1431 1968; x_wconf 79' lang='grc' dir='ltr'><strong>έν</strong></span> <span class='ocrx_word' id='word_1_261' title='bbox 1458 1915 1588 1988; x_wconf 83' lang='grc' dir='ltr'>αύτῇ</span> <span class='ocrx_word' id='word_1_262' title='bbox 1629 1923 1692 1990; x_wconf 76' lang='grc' dir='ltr'><strong>τῇ</strong></span> <span class='ocrx_word' id='word_1_263' title='bbox 1741 1917 1788 1969; x_wconf 82' lang='grc' dir='ltr'>ἒν</span> 
     </span>
    </p>
   </div>
   <div class='ocr_carea' id='block_1_38' title="bbox 186 2001 1782 2080">
    <p class='ocr_par' dir='ltr' id='par_1_38' title="bbox 186 2001 1782 2080">
     <span class='ocr_line' id='line_1_38' title="bbox 186 2001 1782 2080; baseline 0.001 -22"><span class='ocrx_word' id='word_1_264' title='bbox 186 2002 467 2060; x_wconf 62' lang='grc' dir='ltr'>Χαλκηδόνι</span> <span class='ocrx_word' id='word_1_265' title='bbox 511 2024 609 2058; x_wconf 91' lang='grc' dir='ltr'><strong>συν</strong></span> <span class='ocrx_word' id='word_1_266' title='bbox 637 2001 710 2076; x_wconf 88' lang='grc' dir='ltr'><strong>δῳ</strong></span> <span class='ocrx_word' id='word_1_267' title='bbox 759 2005 890 2075; x_wconf 89' lang='grc' dir='ltr'><strong>μετά</strong></span> <span class='ocrx_word' id='word_1_268' title='bbox 935 2011 1104 2059; x_wconf 87' lang='grc' dir='ltr'>ταῦτα</span> <span class='ocrx_word' id='word_1_269' title='bbox 1143 2005 1484 2080; x_wconf 82' lang='grc' dir='ltr'>προκομισθέν</span> <span class='ocrx_word' id='word_1_270' title='bbox 1523 2007 1654 2077; x_wconf 84' lang='grc' dir='ltr'><strong>μετά</strong></span> <span class='ocrx_word' id='word_1_271' title='bbox 1692 2012 1782 2062; x_wconf 88' lang='grc' dir='ltr'><strong>τοῦ</strong></span> 
     </span>
    </p>
   </div>
   <div class='ocr_carea' id='block_1_39' title="bbox 187 2093 1398 2170">
    <p class='ocr_par' dir='ltr' id='par_1_39' title="bbox 187 2093 1398 2170">
     <span class='ocr_line' id='line_1_39' title="bbox 187 2093 1398 2170; baseline 0 -22"><span class='ocrx_word' id='word_1_272' title='bbox 187 2093 486 2168; x_wconf 60' lang='grc' dir='ltr'>γράψαντος</span> <span class='ocrx_word' id='word_1_273' title='bbox 511 2095 640 2150; x_wconf 77' lang='grc' dir='ltr'>αὐτὸ</span> <span class='ocrx_word' id='word_1_274' title='bbox 665 2095 1039 2170; x_wconf 78' lang='grc' dir='ltr'>παραπλησίως</span> <span class='ocrx_word' id='word_1_275' title='bbox 1060 2095 1398 2161; x_wconf 73' lang='grc' dir='ltr'>καταδικάζει.</span> 
     </span>
    </p>
   </div>
   <div class='ocr_carea' id='block_1_40' title="bbox 1891 1821 3481 1894">
    <p class='ocr_par' dir='ltr' id='par_1_40' title="bbox 1891 1821 3481 1894">
     <span class='ocr_line' id='line_1_40' title="bbox 1891 1821 3481 1894; baseline 0.005 -16"><span class='ocrx_word' id='word_1_276' title='bbox 1891 1821 2314 1894; x_wconf 87' lang='lat' dir='ltr'><strong>synodicamqne</strong></span> <span class='ocrx_word' id='word_1_277' title='bbox 2341 1821 2485 1879; x_wconf 89' lang='lat' dir='ltr'><strong>illius</strong></span> <span class='ocrx_word' id='word_1_278' title='bbox 2504 1825 2810 1894; x_wconf 89' lang='lat' dir='ltr'><strong>epistolam,</strong></span> <span class='ocrx_word' id='word_1_279' title='bbox 2838 1827 2925 1881; x_wconf 91' lang='lat' dir='ltr'><strong>cui</strong></span> <span class='ocrx_word' id='word_1_280' title='bbox 2945 1827 3234 1884; x_wconf 82' lang='lat' dir='ltr'><strong>duodecim</strong></span> <span class='ocrx_word' id='word_1_281' title='bbox 3262 1845 3326 1885; x_wconf 90' lang='lat' dir='ltr'><strong>ea</strong></span> <span class='ocrx_word' id='word_1_282' title='bbox 3353 1831 3481 1886; x_wconf 88' lang='lat' dir='ltr'><strong>sub-</strong></span> 
     </span>
    </p>
   </div>
   <div class='ocr_carea' id='block_1_41' title="bbox 1895 1913 3478 1987">
    <p class='ocr_par' dir='ltr' id='par_1_41' title="bbox 1895 1913 3478 1987">
     <span class='ocr_line' id='line_1_41' title="bbox 1895 1913 3478 1987; baseline 0.007 -21"><span class='ocrx_word' id='word_1_283' title='bbox 1895 1927 2037 1968; x_wconf 79' lang='lat' dir='ltr'><strong>nexa</strong></span> <span class='ocrx_word' id='word_1_284' title='bbox 2071 1919 2197 1968; x_wconf 87' lang='lat' dir='ltr'><strong>sunt</strong></span> <span class='ocrx_word' id='word_1_285' title='bbox 2225 1913 2481 1984; x_wconf 82' lang='lat' dir='ltr'><strong>capitula,</strong></span> <span class='ocrx_word' id='word_1_286' title='bbox 2513 1914 2819 1987; x_wconf 88' lang='lat' dir='ltr'><strong>conﬁrmat,</strong></span> <span class='ocrx_word' id='word_1_287' title='bbox 2869 1917 3174 1974; x_wconf 86' lang='lat' dir='ltr'><strong>Nestorium</strong></span> <span class='ocrx_word' id='word_1_288' title='bbox 3219 1922 3478 1986; x_wconf 86' lang='lat' dir='ltr'><strong>damnat;</strong></span> 
     </span>
    </p>
   </div>
   <div class='ocr_carea' id='block_1_42' title="bbox 1893 2003 3480 2078">
    <p class='ocr_par' dir='ltr' id='par_1_42' title="bbox 1893 2003 3480 2078">
     <span class='ocr_line' id='line_1_42' title="bbox 1893 2003 3480 2078; baseline 0.008 -22"><span class='ocrx_word' id='word_1_289' title='bbox 1893 2010 2056 2074; x_wconf 89' lang='lat' dir='ltr'><strong>atque</strong></span> <span class='ocrx_word' id='word_1_290' title='bbox 2083 2003 2150 2058; x_wconf 90' lang='lat' dir='ltr'><strong>ad</strong></span> <span class='ocrx_word' id='word_1_291' title='bbox 2176 2003 2290 2060; x_wconf 72' lang='lat' dir='ltr'><strong>bazc</strong></span> <span class='ocrx_word' id='word_1_292' title='bbox 2311 2003 2590 2061; x_wconf 66' lang='lat' dir='ltr'><strong>Iudaicum</strong></span> <span class='ocrx_word' id='word_1_293' title='bbox 2619 2007 2921 2078; x_wconf 87' lang='lat' dir='ltr'><strong>symbolum</strong></span> <span class='ocrx_word' id='word_1_294' title='bbox 2957 2025 2988 2064; x_wconf 76' lang='grc' dir='ltr'><strong>ο</strong></span> <span class='ocrx_word' id='word_1_295' title='bbox 3030 2010 3318 2067; x_wconf 88' lang='lat' dir='ltr'><strong>Theodoro</strong></span> <span class='ocrx_word' id='word_1_296' title='bbox 3347 2029 3480 2069; x_wconf 86' lang='lat' dir='ltr'><strong>con-</strong></span> 
     </span>
    </p>
   </div>
   <div class='ocr_carea' id='block_1_43' title="bbox 1890 2092 3478 2176">
    <p class='ocr_par' dir='ltr' id='par_1_43' title="bbox 1890 2092 3478 2176">
     <span class='ocr_line' id='line_1_43' title="bbox 1890 2092 3478 2176; baseline 0.009 -30"><span class='ocrx_word' id='word_1_297' title='bbox 1890 2092 2234 2158; x_wconf 87' lang='lat' dir='ltr'><strong>sarcinatum,</strong></span> <span class='ocrx_word' id='word_1_298' title='bbox 2261 2095 2405 2165; x_wconf 91' lang='lat' dir='ltr'><strong>quod</strong></span> <span class='ocrx_word' id='word_1_299' title='bbox 2425 2095 2555 2150; x_wconf 92' lang='lat' dir='ltr'><strong>olim</strong></span> <span class='ocrx_word' id='word_1_300' title='bbox 2581 2097 2743 2152; x_wconf 90' lang='lat' dir='ltr'><strong>etiam</strong></span> <span class='ocrx_word' id='word_1_301' title='bbox 2772 2098 2826 2152; x_wconf 91' lang='lat' dir='ltr'><strong>in</strong></span> <span class='ocrx_word' id='word_1_302' title='bbox 2853 2100 3022 2170; x_wconf 90' lang='lat' dir='ltr'><strong>prima</strong></span> <span class='ocrx_word' id='word_1_303' title='bbox 3051 2100 3318 2171; x_wconf 86' lang='lat' dir='ltr'><strong>Ephesina</strong></span> <span class='ocrx_word' id='word_1_304' title='bbox 3345 2119 3478 2176; x_wconf 85' lang='lat' dir='ltr'><strong>syn-</strong></span> 
     </span>
    </p>
   </div>
   <div class='ocr_carea' id='block_1_44' title="bbox 187 2183 3477 2267">
    <p class='ocr_par' dir='ltr' id='par_1_44' title="bbox 187 2183 3477 2267">
     <span class='ocr_line' id='line_1_44' title="bbox 187 2183 3477 2267; baseline 0.003 -25"><span class='ocrx_word' id='word_1_305' title='bbox 187 2185 293 2243; x_wconf 92' lang='lat' dir='ltr'><strong>odo</strong></span> <span class='ocrx_word' id='word_1_306' title='bbox 340 2183 654 2240; x_wconf 88' lang='lat' dir='ltr'><strong>damnatum</strong></span> <span class='ocrx_word' id='word_1_307' title='bbox 695 2184 908 2250; x_wconf 80' lang='lat' dir='ltr'><strong>fuerat,</strong></span> <span class='ocrx_word' id='word_1_308' title='bbox 959 2194 1015 2240; x_wconf 92' lang='lat' dir='ltr'><strong>et</strong></span> <span class='ocrx_word' id='word_1_309' title='bbox 1059 2194 1182 2256; x_wconf 89' lang='lat' dir='ltr'><strong>post</strong></span> <span class='ocrx_word' id='word_1_310' title='bbox 1230 2201 1294 2242; x_wconf 90' lang='lat' dir='ltr'><strong>ea</strong></span> <span class='ocrx_word' id='word_1_311' title='bbox 1340 2202 1460 2258; x_wconf 60' lang='lat' dir='ltr'><strong>quae</strong></span> <span class='ocrx_word' id='word_1_312' title='bbox 1507 2186 1753 2257; x_wconf 89' lang='lat' dir='ltr'><strong>superius</strong></span> <span class='ocrx_word' id='word_1_313' title='bbox 1809 2183 2179 2241; x_wconf 88' lang='lat' dir='ltr'><strong>recensuimns</strong></span> <span class='ocrx_word' id='word_1_314' title='bbox 2225 2185 2280 2240; x_wconf 92' lang='lat' dir='ltr'><strong>in</strong></span> <span class='ocrx_word' id='word_1_315' title='bbox 2327 2185 2514 2242; x_wconf 87' lang='lat' dir='ltr'><strong>eadem</strong></span> <span class='ocrx_word' id='word_1_316' title='bbox 2557 2197 2746 2244; x_wconf 89' lang='lat' dir='ltr'><strong>sancta</strong></span> <span class='ocrx_word' id='word_1_317' title='bbox 2791 2187 3221 2250; x_wconf 88' lang='lat' dir='ltr'><strong>Chalcedonensi</strong></span> <span class='ocrx_word' id='word_1_318' title='bbox 3267 2196 3477 2267; x_wconf 87' lang='lat' dir='ltr'><strong>synodo</strong></span> 
     </span>
    </p>
   </div>
   <div class='ocr_carea' id='block_1_45' title="bbox 187 2277 2620 2351">
    <p class='ocr_par' dir='ltr' id='par_1_45' title="bbox 187 2277 2620 2351">
     <span class='ocr_line' id='line_1_45' title="bbox 187 2277 2620 2351; baseline -0 -16"><span class='ocrx_word' id='word_1_319' title='bbox 187 2279 462 2351; x_wconf 89' lang='lat' dir='ltr'><strong>prolatum</strong></span> <span class='ocrx_word' id='word_1_320' title='bbox 508 2278 704 2348; x_wconf 80' lang='lat' dir='ltr'><strong>fuerat,</strong></span> <span class='ocrx_word' id='word_1_321' title='bbox 753 2279 1000 2334; x_wconf 89' lang='lat' dir='ltr'><strong>similiter</strong></span> <span class='ocrx_word' id='word_1_322' title='bbox 1052 2289 1386 2350; x_wconf 77' lang='lat' dir='ltr'><strong>exsecratur,</strong></span> <span class='ocrx_word' id='word_1_323' title='bbox 1436 2289 1599 2350; x_wconf 90' lang='lat' dir='ltr'><strong>atque</strong></span> <span class='ocrx_word' id='word_1_324' title='bbox 1651 2294 1774 2336; x_wconf 92' lang='lat' dir='ltr'><strong>cum</strong></span> <span class='ocrx_word' id='word_1_325' title='bbox 1813 2284 2034 2334; x_wconf 89' lang='lat' dir='ltr'><strong>auctore</strong></span> <span class='ocrx_word' id='word_1_326' title='bbox 2061 2292 2159 2333; x_wconf 90' lang='lat' dir='ltr'><strong>suo</strong></span> <span class='ocrx_word' id='word_1_327' title='bbox 2185 2277 2620 2334; x_wconf 86' lang='lat' dir='ltr'><strong>anathematizat.</strong></span> 
     </span>
    </p>
   </div>
   <div class='ocr_carea' id='block_1_46' title="bbox 258 2369 1784 2447">
    <p class='ocr_par' dir='ltr' id='par_1_46' title="bbox 258 2369 1784 2447">
     <span class='ocr_line' id='line_1_46' title="bbox 258 2369 1784 2447; baseline 0.001 -21"><span class='ocrx_word' id='word_1_328' title='bbox 258 2378 440 2426; x_wconf 83' lang='grc' dir='ltr'>Ταῦτα</span> <span class='ocrx_word' id='word_1_329' title='bbox 467 2369 522 2426; x_wconf 88' lang='grc' dir='ltr'><strong>δέ</strong></span> <span class='ocrx_word' id='word_1_330' title='bbox 549 2371 599 2424; x_wconf 81' lang='grc' dir='ltr'><strong>έν</strong></span> <span class='ocrx_word' id='word_1_331' title='bbox 627 2379 732 2427; x_wconf 78' lang='grc' dir='ltr'>τοῖς</span> <span class='ocrx_word' id='word_1_332' title='bbox 760 2370 1038 2447; x_wconf 79' lang='grc' dir='ltr'>ὁρισθεῖσιν</span> <span class='ocrx_word' id='word_1_333' title='bbox 1063 2373 1094 2431; x_wconf 74' lang='grc' dir='ltr'><em>ἦ</em></span> <span class='ocrx_word' id='word_1_334' title='bbox 1121 2373 1241 2444; x_wconf 84' lang='grc' dir='ltr'>ἁγία</span> <span class='ocrx_word' id='word_1_335' title='bbox 1265 2374 1314 2428; x_wconf 85' lang='grc' dir='ltr'><strong>έν</strong></span> <span class='ocrx_word' id='word_1_336' title='bbox 1334 2371 1605 2431; x_wconf 80' lang='grc' dir='ltr'>Χαλκηδόνι</span> <span class='ocrx_word' id='word_1_337' title='bbox 1634 2375 1784 2429; x_wconf 85' lang='grc' dir='ltr'>σύνο-</span> 
     </span>
    </p>
   </div>
   <div class='ocr_carea' id='block_1_47' title="bbox 187 2459 1782 2540">
    <p class='ocr_par' dir='ltr' id='par_1_47' title="bbox 187 2459 1782 2540">
     <span class='ocr_line' id='line_1_47' title="bbox 187 2459 1782 2540; baseline 0 -23"><span class='ocrx_word' id='word_1_338' title='bbox 187 2459 275 2522; x_wconf 83' lang='grc' dir='ltr'><strong>δος</strong></span> <span class='ocrx_word' id='word_1_339' title='bbox 304 2462 530 2527; x_wconf 75' lang='grc' dir='ltr'>ἐξέθετο,</span> <span class='ocrx_word' id='word_1_340' title='bbox 559 2461 618 2515; x_wconf 82' lang='grc' dir='ltr'><strong>ού</strong></span> <span class='ocrx_word' id='word_1_341' title='bbox 639 2463 936 2525; x_wconf 81' lang='grc' dir='ltr'>καινίζουσά</span> <span class='ocrx_word' id='word_1_342' title='bbox 968 2483 1020 2517; x_wconf 88' lang='grc' dir='ltr'><strong>τι</strong></span> <span class='ocrx_word' id='word_1_343' title='bbox 1047 2465 1166 2534; x_wconf 84' lang='grc' dir='ltr'>περὶ</span> <span class='ocrx_word' id='word_1_344' title='bbox 1187 2467 1278 2522; x_wconf 73' lang='grc' dir='ltr'>τήν</span> <span class='ocrx_word' id='word_1_345' title='bbox 1303 2461 1565 2540; x_wconf 82' lang='grc' dir='ltr'>ὀρθόδοξον</span> <span class='ocrx_word' id='word_1_346' title='bbox 1584 2465 1782 2528; x_wconf 86' lang='grc' dir='ltr'>πίστιν,</span> 
     </span>
    </p>
   </div>
   <div class='ocr_carea' id='block_1_48' title="bbox 186 2551 1780 2630">
    <p class='ocr_par' dir='ltr' id='par_1_48' title="bbox 186 2551 1780 2630">
     <span class='ocr_line' id='line_1_48' title="bbox 186 2551 1780 2630; baseline 0 -22"><span class='ocrx_word' id='word_1_347' title='bbox 186 2551 312 2608; x_wconf 80' lang='grc' dir='ltr'><strong>ἀλλά</strong></span> <span class='ocrx_word' id='word_1_348' title='bbox 351 2551 435 2608; x_wconf 74' lang='grc' dir='ltr'><strong>διά</strong></span> <span class='ocrx_word' id='word_1_349' title='bbox 455 2554 659 2608; x_wconf 74' lang='grc' dir='ltr'>πάντων</span> <span class='ocrx_word' id='word_1_350' title='bbox 689 2552 1034 2608; x_wconf 76' lang='grc' dir='ltr'>ἀκολουθοῦσα</span> <span class='ocrx_word' id='word_1_351' title='bbox 1059 2563 1121 2629; x_wconf 76' lang='grc' dir='ltr'>τῇ</span> <span class='ocrx_word' id='word_1_352' title='bbox 1151 2553 1390 2630; x_wconf 76' lang='grc' dir='ltr'>ὁμολογία</span> <span class='ocrx_word' id='word_1_353' title='bbox 1418 2563 1508 2615; x_wconf 74' lang='lat' dir='ltr'><strong>m&quot;;</strong></span> <span class='ocrx_word' id='word_1_354' title='bbox 1534 2557 1780 2620; x_wconf 84' lang='grc' dir='ltr'>πίστεως,</span> 
     </span>
    </p>
   </div>
   <div class='ocr_carea' id='block_1_49' title="bbox 187 2642 1786 2721">
    <p class='ocr_par' dir='ltr' id='par_1_49' title="bbox 187 2642 1786 2721">
     <span class='ocr_line' id='line_1_49' title="bbox 187 2642 1786 2721; baseline 0.002 -23"><span class='ocrx_word' id='word_1_355' title='bbox 187 2646 248 2704; x_wconf 77' lang='grc' dir='ltr'>ἢν</span> <span class='ocrx_word' id='word_1_356' title='bbox 278 2644 305 2700; x_wconf 86' lang='grc' dir='ltr'><strong>ὀ</strong></span> <span class='ocrx_word' id='word_1_357' title='bbox 329 2646 510 2719; x_wconf 82' lang='grc' dir='ltr'>κύριος</span> <span class='ocrx_word' id='word_1_358' title='bbox 539 2642 624 2700; x_wconf 82' lang='grc' dir='ltr'><strong>διά</strong></span> <span class='ocrx_word' id='word_1_359' title='bbox 651 2651 751 2700; x_wconf 89' lang='grc' dir='ltr'><strong>τῶν</strong></span> <span class='ocrx_word' id='word_1_360' title='bbox 779 2643 934 2718; x_wconf 90' lang='grc' dir='ltr'>ἁγίων</span> <span class='ocrx_word' id='word_1_361' title='bbox 953 2645 1252 2701; x_wconf 82' lang='grc' dir='ltr'>ἀποστόλων</span> <span class='ocrx_word' id='word_1_362' title='bbox 1277 2644 1596 2721; x_wconf 69' lang='grc' dir='ltr'>ἐδωρήσατο,</span> <span class='ocrx_word' id='word_1_363' title='bbox 1628 2649 1712 2701; x_wconf 82' lang='grc' dir='ltr'><strong>καί</strong></span> <span class='ocrx_word' id='word_1_364' title='bbox 1738 2647 1786 2701; x_wconf 87' lang='grc' dir='ltr'><strong>οί</strong></span> 
     </span>
    </p>
   </div>
   <div class='ocr_carea' id='block_1_50' title="bbox 187 2737 1783 2818">
    <p class='ocr_par' dir='ltr' id='par_1_50' title="bbox 187 2737 1783 2818">
     <span class='ocr_line' id='line_1_50' title="bbox 187 2737 1783 2818; baseline 0 -24"><span class='ocrx_word' id='word_1_365' title='bbox 187 2737 326 2810; x_wconf 78' lang='grc' dir='ltr'>ἅγιοι</span> <span class='ocrx_word' id='word_1_366' title='bbox 345 2738 624 2794; x_wconf 81' lang='grc' dir='ltr'>ἀπόστολοι</span> <span class='ocrx_word' id='word_1_367' title='bbox 649 2739 912 2814; x_wconf 72' lang='grc' dir='ltr'>ἐκήρυξαν,</span> <span class='ocrx_word' id='word_1_368' title='bbox 934 2741 1020 2794; x_wconf 82' lang='grc' dir='ltr'><strong>καί</strong></span> <span class='ocrx_word' id='word_1_369' title='bbox 1039 2739 1086 2794; x_wconf 82' lang='grc' dir='ltr'>οἱ</span> <span class='ocrx_word' id='word_1_370' title='bbox 1103 2739 1387 2818; x_wconf 84' lang='grc' dir='ltr'>τριακόσιοι</span> <span class='ocrx_word' id='word_1_371' title='bbox 1411 2737 1534 2795; x_wconf 88' lang='grc' dir='ltr'>δέκα</span> <span class='ocrx_word' id='word_1_372' title='bbox 1552 2743 1633 2794; x_wconf 82' lang='grc' dir='ltr'><strong>καί</strong></span> <span class='ocrx_word' id='word_1_373' title='bbox 1654 2741 1783 2796; x_wconf 84' lang='grc' dir='ltr'>όκτώ</span> 
     </span>
    </p>
   </div>
   <div class='ocr_carea' id='block_1_51' title="bbox 187 2827 1786 2907">
    <p class='ocr_par' dir='ltr' id='par_1_51' title="bbox 187 2827 1786 2907">
     <span class='ocr_line' id='line_1_51' title="bbox 187 2827 1786 2907; baseline 0.001 -21"><span class='ocrx_word' id='word_1_374' title='bbox 187 2829 324 2906; x_wconf 79' lang='grc' dir='ltr'>ἅγιοι</span> <span class='ocrx_word' id='word_1_375' title='bbox 352 2832 576 2907; x_wconf 88' lang='grc' dir='ltr'>πατέρες</span> <span class='ocrx_word' id='word_1_376' title='bbox 609 2827 1011 2903; x_wconf 74' lang='grc' dir='ltr'>παραδεδώκασι</span> <span class='ocrx_word' id='word_1_377' title='bbox 1035 2838 1098 2906; x_wconf 73' lang='grc' dir='ltr'>τῇ</span> <span class='ocrx_word' id='word_1_378' title='bbox 1123 2835 1218 2886; x_wconf 92' lang='grc' dir='ltr'><strong>τοῦ</strong></span> <span class='ocrx_word' id='word_1_379' title='bbox 1249 2837 1376 2886; x_wconf 88' lang='grc' dir='ltr'>Θεοῦ</span> <span class='ocrx_word' id='word_1_380' title='bbox 1399 2831 1670 2906; x_wconf 69' lang='grc' dir='ltr'>ἐκκλησίᾳ,</span> <span class='ocrx_word' id='word_1_381' title='bbox 1700 2835 1786 2888; x_wconf 81' lang='grc' dir='ltr'><strong>καί</strong></span> 
     </span>
    </p>
   </div>
   <div class='ocr_carea' id='block_1_52' title="bbox 185 2923 1787 3000">
    <p class='ocr_par' dir='ltr' id='par_1_52' title="bbox 185 2923 1787 3000">
     <span class='ocr_line' id='line_1_52' title="bbox 185 2923 1787 3000; baseline -0.001 -20"><span class='ocrx_word' id='word_1_382' title='bbox 185 2927 234 2980; x_wconf 73' lang='grc' dir='ltr'>οἱ</span> <span class='ocrx_word' id='word_1_383' title='bbox 263 2923 443 2978; x_wconf 76' lang='grc' dir='ltr'>ἑκατόν</span> <span class='ocrx_word' id='word_1_384' title='bbox 470 2927 782 2981; x_wconf 77' lang='grc' dir='ltr'>πεντήκοντα</span> <span class='ocrx_word' id='word_1_385' title='bbox 815 2923 1032 3000; x_wconf 77' lang='grc' dir='ltr'>πατέρες</span> <span class='ocrx_word' id='word_1_386' title='bbox 1060 2923 1393 2991; x_wconf 71' lang='grc' dir='ltr'>ἐϐεϐαίωσαν,</span> <span class='ocrx_word' id='word_1_387' title='bbox 1425 2926 1787 2996; x_wconf 77' lang='grc' dir='ltr'>σαφηνίσαντες</span> 
     </span>
    </p>
   </div>
   <div class='ocr_carea' id='block_1_53' title="bbox 186 3011 1788 3094">
    <p class='ocr_par' dir='ltr' id='par_1_53' title="bbox 186 3011 1788 3094">
     <span class='ocr_line' id='line_1_53' title="bbox 186 3011 1788 3094; baseline -0.001 -23"><span class='ocrx_word' id='word_1_388' title='bbox 186 3019 309 3094; x_wconf 85' lang='grc' dir='ltr'>περί</span> <span class='ocrx_word' id='word_1_389' title='bbox 333 3023 426 3076; x_wconf 81' lang='grc' dir='ltr'>τῆς</span> <span class='ocrx_word' id='word_1_390' title='bbox 453 3011 692 3074; x_wconf 77' lang='grc' dir='ltr'>θεότητος</span> <span class='ocrx_word' id='word_1_391' title='bbox 717 3019 811 3070; x_wconf 91' lang='grc' dir='ltr'><strong>τοῦ</strong></span> <span class='ocrx_word' id='word_1_392' title='bbox 837 3013 979 3088; x_wconf 85' lang='grc' dir='ltr'>ἁγίου</span> <span class='ocrx_word' id='word_1_393' title='bbox 1004 3016 1312 3089; x_wconf 87' lang='grc' dir='ltr'>πνεύματος.</span> <span class='ocrx_word' id='word_1_394' title='bbox 1343 3016 1518 3089; x_wconf 70' lang='grc' dir='ltr'>Ταύτῃ</span> <span class='ocrx_word' id='word_1_395' title='bbox 1549 3013 1602 3071; x_wconf 69' lang='grc' dir='ltr'><strong>δέ</strong></span> <span class='ocrx_word' id='word_1_396' title='bbox 1630 3017 1715 3071; x_wconf 85' lang='grc' dir='ltr'><strong>καί</strong></span> <span class='ocrx_word' id='word_1_397' title='bbox 1740 3016 1788 3070; x_wconf 74' lang='lat' dir='ltr'><strong>oi</strong></span> 
     </span>
    </p>
   </div>
   <div class='ocr_carea' id='block_1_54' title="bbox 185 3103 1790 3182">
    <p class='ocr_par' dir='ltr' id='par_1_54' title="bbox 185 3103 1790 3182">
     <span class='ocr_line' id='line_1_54' title="bbox 185 3103 1790 3182; baseline -0.001 -22"><span class='ocrx_word' id='word_1_398' title='bbox 185 3110 240 3166; x_wconf 75' lang='grc' dir='ltr'>ἐν</span> <span class='ocrx_word' id='word_1_399' title='bbox 260 3107 457 3180; x_wconf 73' lang='grc' dir='ltr'>Ἐφέσῳ</span> <span class='ocrx_word' id='word_1_400' title='bbox 489 3109 550 3162; x_wconf 86' lang='grc' dir='ltr'>τὸ</span> <span class='ocrx_word' id='word_1_401' title='bbox 589 3109 766 3182; x_wconf 87' lang='grc' dir='ltr'>πρώην</span> <span class='ocrx_word' id='word_1_402' title='bbox 793 3107 1134 3176; x_wconf 71' lang='grc' dir='ltr'>συναχθέντες</span> <span class='ocrx_word' id='word_1_403' title='bbox 1161 3103 1295 3178; x_wconf 80' lang='grc' dir='ltr'>ἅγιοι</span> <span class='ocrx_word' id='word_1_404' title='bbox 1331 3107 1549 3180; x_wconf 81' lang='grc' dir='ltr'>πατέρες</span> <span class='ocrx_word' id='word_1_405' title='bbox 1573 3105 1790 3164; x_wconf 74' lang='grc' dir='ltr'>ἠκολού-</span> 
     </span>
    </p>
   </div>
   <div class='ocr_carea' id='block_1_55' title="bbox 185 3197 1858 3284">
    <p class='ocr_par' dir='ltr' id='par_1_55' title="bbox 185 3197 1858 3284">
     <span class='ocr_line' id='line_1_55' title="bbox 185 3197 1858 3284; baseline -0.004 -26"><span class='ocrx_word' id='word_1_406' title='bbox 185 3205 370 3262; x_wconf 79' lang='grc' dir='ltr'>θησαν.</span> <span class='ocrx_word' id='word_1_407' title='bbox 395 3199 450 3257; x_wconf 77' lang='grc' dir='ltr'><strong>Ἦ</strong></span> <span class='ocrx_word' id='word_1_408' title='bbox 475 3201 530 3258; x_wconf 83' lang='grc' dir='ltr'><strong>δέ</strong></span> <span class='ocrx_word' id='word_1_409' title='bbox 570 3201 620 3256; x_wconf 80' lang='grc' dir='ltr'><strong>έν</strong></span> <span class='ocrx_word' id='word_1_410' title='bbox 647 3197 921 3258; x_wconf 80' lang='grc' dir='ltr'>Χαλκηδόνι</span> <span class='ocrx_word' id='word_1_411' title='bbox 960 3199 1082 3274; x_wconf 86' lang='grc' dir='ltr'>ἁγία</span> <span class='ocrx_word' id='word_1_412' title='bbox 1107 3197 1316 3260; x_wconf 86' lang='grc' dir='ltr'>σύνοδος</span> <span class='ocrx_word' id='word_1_413' title='bbox 1341 3201 1425 3252; x_wconf 84' lang='grc' dir='ltr'><strong>καί</strong></span> <span class='ocrx_word' id='word_1_414' title='bbox 1458 3198 1785 3268; x_wconf 85' lang='grc' dir='ltr'>ἀνεθεμάτισε</span> <span class='ocrx_word' id='word_1_415' title='bbox 1813 3221 1858 3284; x_wconf 80' lang='lat' dir='ltr'>c</span> 
     </span>
    </p>
   </div>
   <div class='ocr_carea' id='block_1_56' title="bbox 190 3289 1784 3371">
    <p class='ocr_par' dir='ltr' id='par_1_56' title="bbox 190 3289 1784 3371">
     <span class='ocr_line' id='line_1_56' title="bbox 190 3289 1784 3371; baseline -0.004 -19"><span class='ocrx_word' id='word_1_416' title='bbox 190 3301 311 3358; x_wconf 74' lang='grc' dir='ltr'>τοὺς</span> <span class='ocrx_word' id='word_1_417' title='bbox 339 3298 513 3371; x_wconf 83' lang='grc' dir='ltr'>ἕτερον</span> <span class='ocrx_word' id='word_1_418' title='bbox 547 3295 804 3368; x_wconf 84' lang='grc' dir='ltr'>σύμϐολον</span> <span class='ocrx_word' id='word_1_419' title='bbox 839 3293 870 3354; x_wconf 73' lang='grc' dir='ltr'>ἦ</span> <span class='ocrx_word' id='word_1_420' title='bbox 909 3291 1099 3348; x_wconf 70' lang='grc' dir='ltr'>ἔκθεσιν</span> <span class='ocrx_word' id='word_1_421' title='bbox 1135 3291 1364 3353; x_wconf 85' lang='grc' dir='ltr'>πίστεως</span> <span class='ocrx_word' id='word_1_422' title='bbox 1383 3289 1784 3366; x_wconf 84' lang='grc' dir='ltr'>παραδιδόντας,</span> 
     </span>
    </p>
   </div>
   <div class='ocr_carea' id='block_1_57' title="bbox 187 3384 1788 3467">
    <p class='ocr_par' dir='ltr' id='par_1_57' title="bbox 187 3384 1788 3467">
     <span class='ocr_line' id='line_1_57' title="bbox 187 3384 1788 3467; baseline -0.006 -19"><span class='ocrx_word' id='word_1_423' title='bbox 187 3393 339 3467; x_wconf 79' lang='grc' dir='ltr'>ποιρά</span> <span class='ocrx_word' id='word_1_424' title='bbox 358 3393 416 3444; x_wconf 82' lang='grc' dir='ltr'>τὸ</span> <span class='ocrx_word' id='word_1_425' title='bbox 436 3389 537 3444; x_wconf 85' lang='grc' dir='ltr'>ύπὸ</span> <span class='ocrx_word' id='word_1_426' title='bbox 564 3397 664 3444; x_wconf 90' lang='grc' dir='ltr'><strong>τῶν</strong></span> <span class='ocrx_word' id='word_1_427' title='bbox 689 3389 994 3466; x_wconf 83' lang='grc' dir='ltr'>τριακοσίων</span> <span class='ocrx_word' id='word_1_428' title='bbox 1029 3384 1156 3442; x_wconf 86' lang='grc' dir='ltr'>δέκα</span> <span class='ocrx_word' id='word_1_429' title='bbox 1189 3389 1278 3442; x_wconf 83' lang='grc' dir='ltr'><strong>καί</strong></span> <span class='ocrx_word' id='word_1_430' title='bbox 1303 3387 1436 3441; x_wconf 84' lang='grc' dir='ltr'>ὀκτὼ</span> <span class='ocrx_word' id='word_1_431' title='bbox 1456 3384 1612 3460; x_wconf 86' lang='grc' dir='ltr'>ἁγίων</span> <span class='ocrx_word' id='word_1_432' title='bbox 1633 3385 1788 3442; x_wconf 86' lang='grc' dir='ltr'>πατέ-</span> 
     </span>
    </p>
   </div>
   <div class='ocr_carea' id='block_1_58' title="bbox 179 3481 627 3559">
    <p class='ocr_par' dir='ltr' id='par_1_58' title="bbox 179 3481 627 3559">
     <span class='ocr_line' id='line_1_58' title="bbox 179 3481 627 3559; baseline -0.013 -19"><span class='ocrx_word' id='word_1_433' title='bbox 179 3507 293 3558; x_wconf 81' lang='grc' dir='ltr'><strong>ρων</strong></span> <span class='ocrx_word' id='word_1_434' title='bbox 320 3481 627 3559; x_wconf 74' lang='grc' dir='ltr'>παραδοθέν.</span> 
     </span>
    </p>
   </div>
   <div class='ocr_carea' id='block_1_59' title="bbox 261 3661 1786 3735">
    <p class='ocr_par' dir='ltr' id='par_1_59' title="bbox 261 3661 1786 3735">
     <span class='ocr_line' id='line_1_59' title="bbox 261 3661 1786 3735; baseline -0.003 -13"><span class='ocrx_word' id='word_1_435' title='bbox 261 3665 443 3728; x_wconf 69' lang='grc' dir='ltr'>οὕτως</span> <span class='ocrx_word' id='word_1_436' title='bbox 465 3666 632 3722; x_wconf 85' lang='grc' dir='ltr'>τοίνυν</span> <span class='ocrx_word' id='word_1_437' title='bbox 671 3673 764 3726; x_wconf 78' lang='grc' dir='ltr'><strong>τῆς</strong></span> <span class='ocrx_word' id='word_1_438' title='bbox 791 3664 1022 3724; x_wconf 79' lang='grc' dir='ltr'>ἀληθείας</span> <span class='ocrx_word' id='word_1_439' title='bbox 1049 3662 1298 3735; x_wconf 75' lang='grc' dir='ltr'>ἐχούσης,</span> <span class='ocrx_word' id='word_1_440' title='bbox 1328 3661 1421 3734; x_wconf 70' lang='grc' dir='ltr'><strong>ὀψέ</strong></span> <span class='ocrx_word' id='word_1_441' title='bbox 1463 3667 1586 3734; x_wconf 87' lang='grc' dir='ltr'>γοῦν</span> <span class='ocrx_word' id='word_1_442' title='bbox 1623 3683 1786 3717; x_wconf 88' lang='grc' dir='ltr'>κατα·</span> 
     </span>
    </p>
   </div>
   <div class='ocr_carea' id='block_1_60' title="bbox 181 3751 1788 3833">
    <p class='ocr_par' dir='ltr' id='par_1_60' title="bbox 181 3751 1788 3833">
     <span class='ocr_line' id='line_1_60' title="bbox 181 3751 1788 3833; baseline -0.005 -19"><span class='ocrx_word' id='word_1_443' title='bbox 181 3762 410 3816; x_wconf 80' lang='grc' dir='ltr'>νοήσατε</span> <span class='ocrx_word' id='word_1_444' title='bbox 429 3795 446 3820; x_wconf 86' lang='grc'><strong>,</strong></span> <span class='ocrx_word' id='word_1_445' title='bbox 474 3761 554 3817; x_wconf 90' lang='grc' dir='ltr'><strong>τίς</strong></span> <span class='ocrx_word' id='word_1_446' title='bbox 581 3757 742 3833; x_wconf 87' lang='grc' dir='ltr'>ὀρθῶς</span> <span class='ocrx_word' id='word_1_447' title='bbox 775 3761 864 3814; x_wconf 77' lang='grc' dir='ltr'>τήν</span> <span class='ocrx_word' id='word_1_448' title='bbox 899 3755 1048 3828; x_wconf 83' lang='grc' dir='ltr'>ἁγίαν</span> <span class='ocrx_word' id='word_1_449' title='bbox 1075 3752 1126 3810; x_wconf 82' lang='grc' dir='ltr'><strong>έν</strong></span> <span class='ocrx_word' id='word_1_450' title='bbox 1161 3751 1433 3813; x_wconf 78' lang='grc' dir='ltr'>Χαλκηδόνι</span> <span class='ocrx_word' id='word_1_451' title='bbox 1471 3751 1683 3809; x_wconf 82' lang='grc' dir='ltr'>σύνοδον</span> <span class='ocrx_word' id='word_1_452' title='bbox 1710 3753 1788 3807; x_wconf 79' lang='grc' dir='ltr'>έκ-</span> 
     </span>
    </p>
   </div>
   <div class='ocr_carea' id='block_1_61' title="bbox 184 3842 1786 3924">
    <p class='ocr_par' dir='ltr' id='par_1_61' title="bbox 184 3842 1786 3924">
     <span class='ocr_line' id='line_1_61' title="bbox 184 3842 1786 3924; baseline 0 -24"><span class='ocrx_word' id='word_1_453' title='bbox 184 3846 360 3913; x_wconf 78' lang='grc' dir='ltr'>δικεί;</span> <span class='ocrx_word' id='word_1_454' title='bbox 403 3847 621 3924; x_wconf 84' lang='grc' dir='ltr'>Πότερον</span> <span class='ocrx_word' id='word_1_455' title='bbox 672 3845 698 3902; x_wconf 88' lang='grc' dir='ltr'><strong>ὀ</strong></span> <span class='ocrx_word' id='word_1_456' title='bbox 738 3844 973 3902; x_wconf 82' lang='grc' dir='ltr'>δεικνύων</span> <span class='ocrx_word' id='word_1_457' title='bbox 1015 3842 1092 3900; x_wconf 83' lang='grc' dir='ltr'>ὅτι</span> <span class='ocrx_word' id='word_1_458' title='bbox 1137 3852 1245 3905; x_wconf 84' lang='grc' dir='ltr'>τοῖς</span> <span class='ocrx_word' id='word_1_459' title='bbox 1287 3845 1566 3916; x_wconf 76' lang='grc' dir='ltr'>εἰρημένοις</span> <span class='ocrx_word' id='word_1_460' title='bbox 1624 3844 1786 3916; x_wconf 79' lang='grc' dir='ltr'>ἁγίοις</span> 
     </span>
    </p>
   </div>
   <div class='ocr_carea' id='block_1_62' title="bbox 183 3934 1787 4017">
    <p class='ocr_par' dir='ltr' id='par_1_62' title="bbox 183 3934 1787 4017">
     <span class='ocr_line' id='line_1_62' title="bbox 183 3934 1787 4017; baseline -0.007 -18"><span class='ocrx_word' id='word_1_461' title='bbox 183 3942 454 4015; x_wconf 76' lang='grc' dir='ltr'>πατράσιν</span> <span class='ocrx_word' id='word_1_462' title='bbox 481 3939 871 4000; x_wconf 74' lang='grc' dir='ltr'>ἀκολουθήσασα</span> <span class='ocrx_word' id='word_1_463' title='bbox 895 3935 1064 3994; x_wconf 78' lang='grc' dir='ltr'>πάντα</span> <span class='ocrx_word' id='word_1_464' title='bbox 1092 3938 1247 4017; x_wconf 85' lang='grc' dir='ltr'>ὀρθῶς</span> <span class='ocrx_word' id='word_1_465' title='bbox 1286 3937 1506 4002; x_wconf 72' lang='grc' dir='ltr'>ἐξέθετο,</span> <span class='ocrx_word' id='word_1_466' title='bbox 1543 3935 1574 3996; x_wconf 78' lang='grc' dir='ltr'><strong>ἧ</strong></span> <span class='ocrx_word' id='word_1_467' title='bbox 1615 3934 1641 3990; x_wconf 89' lang='grc' dir='ltr'>ὁ</span> <span class='ocrx_word' id='word_1_468' title='bbox 1664 3938 1787 3996; x_wconf 80' lang='grc' dir='ltr'>τοὺς</span> 
     </span>
    </p>
   </div>
   <div class='ocr_carea' id='block_1_63' title="bbox 183 4023 1787 4108">
    <p class='ocr_par' dir='ltr' id='par_1_63' title="bbox 183 4027 1787 4108">
     <span class='ocr_line' id='line_1_63' title="bbox 183 4027 1787 4108; baseline -0.006 -16"><span class='ocrx_word' id='word_1_469' title='bbox 183 4037 398 4098; x_wconf 76' lang='grc' dir='ltr'>ἀσεϐεῖς</span> <span class='ocrx_word' id='word_1_470' title='bbox 442 4041 544 4092; x_wconf 85' lang='grc' dir='ltr'><strong>τῶν</strong></span> <span class='ocrx_word' id='word_1_471' title='bbox 589 4034 852 4108; x_wconf 84' lang='grc' dir='ltr'>αίρετικῶν</span> <span class='ocrx_word' id='word_1_472' title='bbox 893 4032 1074 4106; x_wconf 85' lang='grc' dir='ltr'>λόγους</span> <span class='ocrx_word' id='word_1_473' title='bbox 1120 4032 1436 4106; x_wconf 82' lang='grc' dir='ltr'>προσάπτειν</span> <span class='ocrx_word' id='word_1_474' title='bbox 1481 4027 1787 4094; x_wconf 77' lang='grc' dir='ltr'>σπουδάζων</span> 
     </span>
    </p>
   </div>
   <div class='ocr_carea' id='block_1_64' title="bbox 183 4122 1788 4206">
    <p class='ocr_par' dir='ltr' id='par_1_64' title="bbox 183 4122 1788 4206">
     <span class='ocr_line' id='line_1_64' title="bbox 183 4122 1788 4206; baseline -0.006 -22"><span class='ocrx_word' id='word_1_475' title='bbox 183 4131 350 4206; x_wconf 70' lang='grc' dir='ltr'>αῦτῇ;</span> <span class='ocrx_word' id='word_1_476' title='bbox 397 4130 530 4188; x_wconf 79' lang='grc' dir='ltr'>Τοὺς</span> <span class='ocrx_word' id='word_1_477' title='bbox 569 4129 672 4200; x_wconf 75' lang='grc' dir='ltr'>γὰρ</span> <span class='ocrx_word' id='word_1_478' title='bbox 716 4127 914 4204; x_wconf 75' lang='grc' dir='ltr'>καθαρᾷ</span> <span class='ocrx_word' id='word_1_479' title='bbox 962 4122 1280 4189; x_wconf 79' lang='grc' dir='ltr'>συνειδήσει,</span> <span class='ocrx_word' id='word_1_480' title='bbox 1322 4125 1406 4178; x_wconf 87' lang='grc' dir='ltr'><strong>καί</strong></span> <span class='ocrx_word' id='word_1_481' title='bbox 1445 4123 1576 4198; x_wconf 78' lang='grc' dir='ltr'>ὀρθῷ</span> <span class='ocrx_word' id='word_1_482' title='bbox 1611 4127 1788 4192; x_wconf 82' lang='grc' dir='ltr'>σκοπῷ</span> 
     </span>
    </p>
   </div>
   <div class='ocr_carea' id='block_1_65' title="bbox 183 4197 1790 4293">
    <p class='ocr_par' dir='ltr' id='par_1_65' title="bbox 183 4197 1790 4293">
     <span class='ocr_line' id='line_1_65' title="bbox 183 4197 1790 4293; baseline -0.006 -14"><span class='ocrx_word' id='word_1_483' title='bbox 183 4197 511 4292; x_wconf 71' lang='grc' dir='ltr'>δεχομένους</span> <span class='ocrx_word' id='word_1_484' title='bbox 692 4219 741 4273; x_wconf 82' lang='grc' dir='ltr'><strong>έν</strong></span> <span class='ocrx_word' id='word_1_485' title='bbox 771 4219 960 4292; x_wconf 68' lang='grc' dir='ltr'>Ἐφέσῳ</span> <span class='ocrx_word' id='word_1_486' title='bbox 1003 4221 1212 4293; x_wconf 85' lang='grc' dir='ltr'>πρώτην</span> <span class='ocrx_word' id='word_1_487' title='bbox 1250 4213 1490 4281; x_wconf 83' lang='grc' dir='ltr'>σύνοδον,</span> <span class='ocrx_word' id='word_1_488' title='bbox 1539 4219 1624 4272; x_wconf 81' lang='grc' dir='ltr'><strong>καί</strong></span> <span class='ocrx_word' id='word_1_489' title='bbox 1665 4218 1790 4278; x_wconf 78' lang='grc' dir='ltr'>τοὺς</span> 
     </span>
    </p>
   </div>
   <div class='ocr_carea' id='block_1_66' title="bbox 182 4309 1791 4389">
    <p class='ocr_par' dir='ltr' id='par_1_66' title="bbox 182 4309 1791 4389">
     <span class='ocr_line' id='line_1_66' title="bbox 182 4309 1791 4389; baseline -0.004 -21"><span class='ocrx_word' id='word_1_490' title='bbox 182 4310 371 4384; x_wconf 77' lang='grc' dir='ltr'>ἁγίους</span> <span class='ocrx_word' id='word_1_491' title='bbox 395 4315 628 4389; x_wconf 81' lang='grc' dir='ltr'>πατέρας</span> <span class='ocrx_word' id='word_1_492' title='bbox 653 4313 978 4381; x_wconf 71' lang='grc' dir='ltr'>ιελεστῐνον,</span> <span class='ocrx_word' id='word_1_493' title='bbox 1018 4311 1283 4387; x_wconf 74' lang='grc' dir='ltr'>κύριλλον,</span> <span class='ocrx_word' id='word_1_494' title='bbox 1325 4313 1412 4365; x_wconf 83' lang='grc' dir='ltr'><strong>καί</strong></span> <span class='ocrx_word' id='word_1_495' title='bbox 1449 4309 1664 4377; x_wconf 83' lang='grc' dir='ltr'>Λέοντα,</span> <span class='ocrx_word' id='word_1_496' title='bbox 1705 4309 1791 4364; x_wconf 83' lang='grc' dir='ltr'><strong>καί</strong></span> 
     </span>
    </p>
   </div>
   <div class='ocr_carea' id='block_1_67' title="bbox 183 4399 1791 4481">
    <p class='ocr_par' dir='ltr' id='par_1_67' title="bbox 183 4399 1791 4481">
     <span class='ocr_line' id='line_1_67' title="bbox 183 4399 1791 4481; baseline -0.005 -19"><span class='ocrx_word' id='word_1_497' title='bbox 183 4407 277 4462; x_wconf 80' lang='grc' dir='ltr'><strong>τόν</strong></span> <span class='ocrx_word' id='word_1_498' title='bbox 330 4402 448 4481; x_wconf 80' lang='grc' dir='ltr'>ὅρον</span> <span class='ocrx_word' id='word_1_499' title='bbox 493 4413 588 4468; x_wconf 79' lang='grc' dir='ltr'><strong>τῆς</strong></span> <span class='ocrx_word' id='word_1_500' title='bbox 637 4406 690 4460; x_wconf 81' lang='grc' dir='ltr'><strong>έν</strong></span> <span class='ocrx_word' id='word_1_501' title='bbox 739 4402 1013 4464; x_wconf 74' lang='grc' dir='ltr'>Χαλκηδόνι</span> <span class='ocrx_word' id='word_1_502' title='bbox 1061 4400 1299 4468; x_wconf 85' lang='grc' dir='ltr'>συνόδου,</span> <span class='ocrx_word' id='word_1_503' title='bbox 1355 4399 1603 4458; x_wconf 77' lang='grc' dir='ltr'>ἀδύνατόν</span> <span class='ocrx_word' id='word_1_504' title='bbox 1653 4402 1791 4458; x_wconf 85' lang='grc' dir='ltr'>έστιν</span> 
     </span>
    </p>
   </div>
   <div class='ocr_carea' id='block_1_68' title="bbox 182 4494 1790 4570">
    <p class='ocr_par' dir='ltr' id='par_1_68' title="bbox 182 4494 1790 4570">
     <span class='ocr_line' id='line_1_68' title="bbox 182 4494 1790 4570; baseline -0.002 -19"><span class='ocrx_word' id='word_1_505' title='bbox 182 4495 442 4568; x_wconf 81' lang='grc' dir='ltr'>δέχεσθαι</span> <span class='ocrx_word' id='word_1_506' title='bbox 484 4497 617 4568; x_wconf 82' lang='grc' dir='ltr'><strong>μετά</strong></span> <span class='ocrx_word' id='word_1_507' title='bbox 661 4496 857 4552; x_wconf 88' lang='grc' dir='ltr'>τούτων</span> <span class='ocrx_word' id='word_1_508' title='bbox 904 4498 988 4551; x_wconf 82' lang='grc' dir='ltr'><strong>καί</strong></span> <span class='ocrx_word' id='word_1_509' title='bbox 1030 4501 1122 4555; x_wconf 74' lang='grc' dir='ltr'>τὴν</span> <span class='ocrx_word' id='word_1_510' title='bbox 1168 4494 1299 4570; x_wconf 81' lang='grc' dir='ltr'>πρὸς</span> <span class='ocrx_word' id='word_1_511' title='bbox 1338 4494 1508 4568; x_wconf 73' lang='grc' dir='ltr'>Μάριν</span> <span class='ocrx_word' id='word_1_512' title='bbox 1548 4495 1790 4568; x_wconf 80' lang='grc' dir='ltr'>μυσαράν</span> 
     </span>
    </p>
   </div>
   <div class='ocr_carea' id='block_1_69' title="bbox 183 4584 1789 4660">
    <p class='ocr_par' dir='ltr' id='par_1_69' title="bbox 183 4584 1789 4660">
     <span class='ocr_line' id='line_1_69' title="bbox 183 4584 1789 4660; baseline -0.004 -17"><span class='ocrx_word' id='word_1_513' title='bbox 183 4587 468 4646; x_wconf 68' lang='grc' dir='ltr'>ἐπιστολὴν</span> <span class='ocrx_word' id='word_1_514' title='bbox 484 4591 576 4647; x_wconf 80' lang='grc' dir='ltr'>τήν</span> <span class='ocrx_word' id='word_1_515' title='bbox 596 4592 728 4644; x_wconf 84' lang='grc' dir='ltr'><strong>κατά</strong></span> <span class='ocrx_word' id='word_1_516' title='bbox 745 4589 912 4643; x_wconf 77' lang='grc' dir='ltr'>πάντα</span> <span class='ocrx_word' id='word_1_517' title='bbox 931 4588 1131 4646; x_wconf 84' lang='grc' dir='ltr'>τούτοις</span> <span class='ocrx_word' id='word_1_518' title='bbox 1155 4584 1554 4654; x_wconf 70' lang='grc' dir='ltr'>ἐναντιουμένην.</span> <span class='ocrx_word' id='word_1_519' title='bbox 1581 4588 1669 4645; x_wconf 83' lang='grc' dir='ltr'>Τίς</span> <span class='ocrx_word' id='word_1_520' title='bbox 1687 4587 1789 4660; x_wconf 68' lang='grc' dir='ltr'>γὰρ</span> 
     </span>
    </p>
   </div>
   <div class='ocr_carea' id='block_1_70' title="bbox 1958 2366 3478 2440">
    <p class='ocr_par' dir='ltr' id='par_1_70' title="bbox 1958 2366 3478 2440">
     <span class='ocr_line' id='line_1_70' title="bbox 1958 2366 3478 2440; baseline 0.011 -18"><span class='ocrx_word' id='word_1_521' title='bbox 1958 2366 2084 2424; x_wconf 82' lang='lat' dir='ltr'><strong>Haec</strong></span> <span class='ocrx_word' id='word_1_522' title='bbox 2107 2369 2292 2440; x_wconf 83' lang='lat' dir='ltr'><strong>itaque</strong></span> <span class='ocrx_word' id='word_1_523' title='bbox 2326 2368 2727 2428; x_wconf 86' lang='lat' dir='ltr'><strong>deﬁnitionibus</strong></span> <span class='ocrx_word' id='word_1_524' title='bbox 2779 2384 2978 2430; x_wconf 65' lang='lat' dir='ltr'><strong>sancte</strong></span> <span class='ocrx_word' id='word_1_525' title='bbox 3024 2376 3478 2438; x_wconf 84' lang='lat' dir='ltr'><strong>Chalcedonensis</strong></span> 
     </span>
    </p>
   </div>
   <div class='ocr_carea' id='block_1_71' title="bbox 1886 2462 3478 2544">
    <p class='ocr_par' dir='ltr' id='par_1_71' title="bbox 1886 2462 3478 2544">
     <span class='ocr_line' id='line_1_71' title="bbox 1886 2462 3478 2544; baseline 0.008 -26"><span class='ocrx_word' id='word_1_526' title='bbox 1886 2462 2077 2532; x_wconf 86' lang='lat' dir='ltr'><strong>synodi</strong></span> <span class='ocrx_word' id='word_1_527' title='bbox 2107 2464 2398 2518; x_wconf 87' lang='lat' dir='ltr'><strong>constituta</strong></span> <span class='ocrx_word' id='word_1_528' title='bbox 2426 2473 2571 2531; x_wconf 89' lang='lat' dir='ltr'><strong>sunt,</strong></span> <span class='ocrx_word' id='word_1_529' title='bbox 2599 2481 2703 2522; x_wconf 91' lang='lat' dir='ltr'><strong>nec</strong></span> <span class='ocrx_word' id='word_1_530' title='bbox 2729 2467 3018 2524; x_wconf 88' lang='lat' dir='ltr'><strong>obscurum</strong></span> <span class='ocrx_word' id='word_1_531' title='bbox 3045 2471 3318 2541; x_wconf 83' lang='lat' dir='ltr'><strong>quidpiam</strong></span> <span class='ocrx_word' id='word_1_532' title='bbox 3353 2491 3478 2544; x_wconf 87' lang='lat' dir='ltr'><strong>pro-</strong></span> 
     </span>
    </p>
   </div>
   <div class='ocr_carea' id='block_1_72' title="bbox 1885 2552 3478 2633">
    <p class='ocr_par' dir='ltr' id='par_1_72' title="bbox 1885 2552 3478 2633">
     <span class='ocr_line' id='line_1_72' title="bbox 1885 2552 3478 2633; baseline 0.009 -26"><span class='ocrx_word' id='word_1_533' title='bbox 1885 2552 2068 2608; x_wconf 86' lang='lat' dir='ltr'><strong>locuta</strong></span> <span class='ocrx_word' id='word_1_534' title='bbox 2098 2561 2180 2608; x_wconf 88' lang='lat' dir='ltr'><strong>est</strong></span> <span class='ocrx_word' id='word_1_535' title='bbox 2208 2554 2351 2610; x_wconf 88' lang='lat' dir='ltr'><strong>circa</strong></span> <span class='ocrx_word' id='word_1_536' title='bbox 2379 2554 2536 2610; x_wconf 79' lang='lat' dir='ltr'><strong>ﬁdem</strong></span> <span class='ocrx_word' id='word_1_537' title='bbox 2564 2557 2832 2628; x_wconf 81' lang='lat' dir='ltr'><strong>synodus,</strong></span> <span class='ocrx_word' id='word_1_538' title='bbox 2877 2575 3065 2614; x_wconf 89' lang='lat' dir='ltr'><strong>verum</strong></span> <span class='ocrx_word' id='word_1_539' title='bbox 3092 2563 3291 2633; x_wconf 89' lang='lat' dir='ltr'><strong>ubique</strong></span> <span class='ocrx_word' id='word_1_540' title='bbox 3317 2575 3372 2620; x_wconf 90' lang='lat' dir='ltr'><strong>et</strong></span> <span class='ocrx_word' id='word_1_541' title='bbox 3422 2567 3478 2622; x_wconf 89' lang='lat' dir='ltr'><strong>in</strong></span> 
     </span>
    </p>
   </div>
   <div class='ocr_carea' id='block_1_73' title="bbox 1885 2645 3478 2722">
    <p class='ocr_par' dir='ltr' id='par_1_73' title="bbox 1885 2645 3478 2722">
     <span class='ocr_line' id='line_1_73' title="bbox 1885 2645 3478 2722; baseline 0.009 -22"><span class='ocrx_word' id='word_1_542' title='bbox 1885 2645 2134 2700; x_wconf 88' lang='lat' dir='ltr'><strong>omnibus</strong></span> <span class='ocrx_word' id='word_1_543' title='bbox 2153 2661 2273 2701; x_wconf 88' lang='lat' dir='ltr'><strong>eam</strong></span> <span class='ocrx_word' id='word_1_544' title='bbox 2295 2655 2500 2703; x_wconf 88' lang='lat' dir='ltr'><strong>sectata</strong></span> <span class='ocrx_word' id='word_1_545' title='bbox 2520 2657 2602 2704; x_wconf 91' lang='lat' dir='ltr'><strong>est</strong></span> <span class='ocrx_word' id='word_1_546' title='bbox 2622 2647 3013 2708; x_wconf 77' lang='lat' dir='ltr'><strong>confessionem</strong></span> <span class='ocrx_word' id='word_1_547' title='bbox 3037 2653 3179 2722; x_wconf 89' lang='lat' dir='ltr'><strong>ﬁdei,</strong></span> <span class='ocrx_word' id='word_1_548' title='bbox 3204 2672 3235 2710; x_wconf 88' lang='lat' dir='ltr'><strong>a</strong></span> <span class='ocrx_word' id='word_1_549' title='bbox 3249 2655 3478 2715; x_wconf 87' lang='lat' dir='ltr'><strong>Domino</strong></span> 
     </span>
    </p>
   </div>
   <div class='ocr_carea' id='block_1_74' title="bbox 1885 2734 3478 2816">
    <p class='ocr_par' dir='ltr' id='par_1_74' title="bbox 1885 2734 3478 2816">
     <span class='ocr_line' id='line_1_74' title="bbox 1885 2734 3478 2816; baseline 0.009 -24"><span class='ocrx_word' id='word_1_550' title='bbox 1885 2734 2120 2806; x_wconf 75' lang='lat' dir='ltr'><strong>benigne</strong></span> <span class='ocrx_word' id='word_1_551' title='bbox 2147 2752 2462 2794; x_wconf 84' lang='lat' dir='ltr'><strong>concessam</strong></span> <span class='ocrx_word' id='word_1_552' title='bbox 2493 2755 2591 2810; x_wconf 89' lang='lat' dir='ltr'><strong>per</strong></span> <span class='ocrx_word' id='word_1_553' title='bbox 2609 2742 2890 2810; x_wconf 84' lang='lat' dir='ltr'><strong>apostolos</strong></span> <span class='ocrx_word' id='word_1_554' title='bbox 2928 2759 3074 2811; x_wconf 88' lang='lat' dir='ltr'><strong>suos,</strong></span> <span class='ocrx_word' id='word_1_555' title='bbox 3102 2761 3265 2816; x_wconf 87' lang='lat' dir='ltr'><strong>quam</strong></span> <span class='ocrx_word' id='word_1_556' title='bbox 3304 2751 3478 2806; x_wconf 90' lang='lat' dir='ltr'><strong>sancti</strong></span> 
     </span>
    </p>
   </div>
   <div class='ocr_carea' id='block_1_75' title="bbox 1888 2827 3489 2904">
    <p class='ocr_par' dir='ltr' id='par_1_75' title="bbox 1888 2827 3489 2904">
     <span class='ocr_line' id='line_1_75' title="bbox 1888 2827 3489 2904; baseline 0.011 -22"><span class='ocrx_word' id='word_1_557' title='bbox 1888 2827 1990 2898; x_wconf 90' lang='lat' dir='ltr'><strong>ipsi</strong></span> <span class='ocrx_word' id='word_1_558' title='bbox 2018 2829 2379 2899; x_wconf 65' lang='lat' dir='ltr'><strong>praedicarunt</strong></span> <span class='ocrx_word' id='word_1_559' title='bbox 2406 2833 2658 2902; x_wconf 86' lang='lat' dir='ltr'><strong>apostoli,</strong></span> <span class='ocrx_word' id='word_1_560' title='bbox 2689 2849 2852 2904; x_wconf 88' lang='lat' dir='ltr'><strong>quam</strong></span> <span class='ocrx_word' id='word_1_561' title='bbox 2881 2837 3052 2893; x_wconf 86' lang='lat' dir='ltr'><strong>sancti</strong></span> <span class='ocrx_word' id='word_1_562' title='bbox 3083 2841 3310 2896; x_wconf 87' lang='lat' dir='ltr'><strong>trecenti</strong></span> <span class='ocrx_word' id='word_1_563' title='bbox 3337 2851 3489 2898; x_wconf 82' lang='lat' dir='ltr'><strong>octo-</strong></span> 
     </span>
    </p>
   </div>
   <div class='ocr_carea' id='block_1_76' title="bbox 1887 2919 3476 3001">
    <p class='ocr_par' dir='ltr' id='par_1_76' title="bbox 1887 2919 3476 3001">
     <span class='ocr_line' id='line_1_76' title="bbox 1887 2919 3476 3001; baseline 0.008 -25"><span class='ocrx_word' id='word_1_564' title='bbox 1887 2919 2063 2976; x_wconf 87' lang='lat' dir='ltr'><strong>decim</strong></span> <span class='ocrx_word' id='word_1_565' title='bbox 2105 2922 2292 2979; x_wconf 86' lang='lat' dir='ltr'><strong>Patres</strong></span> <span class='ocrx_word' id='word_1_566' title='bbox 2329 2923 2420 2978; x_wconf 91' lang='lat' dir='ltr'><strong>Dei</strong></span> <span class='ocrx_word' id='word_1_567' title='bbox 2469 2923 2724 2982; x_wconf 80' lang='lat' dir='ltr'><strong>Ecclesia:</strong></span> <span class='ocrx_word' id='word_1_568' title='bbox 2772 2927 3126 2996; x_wconf 84' lang='lat' dir='ltr'><strong>tradiderunt,</strong></span> <span class='ocrx_word' id='word_1_569' title='bbox 3154 2945 3318 3001; x_wconf 87' lang='lat' dir='ltr'><strong>quam</strong></span> <span class='ocrx_word' id='word_1_570' title='bbox 3346 2950 3476 2990; x_wconf 79' lang='lat' dir='ltr'><strong>cen-</strong></span> 
     </span>
    </p>
   </div>
   <div class='ocr_carea' id='block_1_77' title="bbox 1891 3015 3480 3092">
    <p class='ocr_par' dir='ltr' id='par_1_77' title="bbox 1891 3015 3480 3092">
     <span class='ocr_line' id='line_1_77' title="bbox 1891 3015 3480 3092; baseline 0.01 -26"><span class='ocrx_word' id='word_1_571' title='bbox 1891 3019 2004 3066; x_wconf 90' lang='lat' dir='ltr'><strong>tum</strong></span> <span class='ocrx_word' id='word_1_572' title='bbox 2032 3021 2085 3068; x_wconf 92' lang='lat' dir='ltr'><strong>et</strong></span> <span class='ocrx_word' id='word_1_573' title='bbox 2114 3016 2497 3084; x_wconf 77' lang='lat' dir='ltr'><strong>quinquaginta</strong></span> <span class='ocrx_word' id='word_1_574' title='bbox 2528 3015 2714 3074; x_wconf 87' lang='lat' dir='ltr'><strong>Patres</strong></span> <span class='ocrx_word' id='word_1_575' title='bbox 2744 3018 2928 3076; x_wconf 82' lang='lat' dir='ltr'><strong>Itidem</strong></span> <span class='ocrx_word' id='word_1_576' title='bbox 2957 3021 3026 3076; x_wconf 91' lang='lat' dir='ltr'><strong>de</strong></span> <span class='ocrx_word' id='word_1_577' title='bbox 3053 3021 3284 3092; x_wconf 88' lang='lat' dir='ltr'><strong>Spiritus</strong></span> <span class='ocrx_word' id='word_1_578' title='bbox 3304 3027 3480 3082; x_wconf 83' lang='lat' dir='ltr'><strong>sancti</strong></span> 
     </span>
    </p>
   </div>
   <div class='ocr_carea' id='block_1_78' title="bbox 1891 3102 3482 3178">
    <p class='ocr_par' dir='ltr' id='par_1_78' title="bbox 1891 3102 3482 3178">
     <span class='ocr_line' id='line_1_78' title="bbox 1891 3102 3482 3178; baseline 0.011 -20"><span class='ocrx_word' id='word_1_579' title='bbox 1891 3102 2173 3162; x_wconf 88' lang='lat' dir='ltr'><strong>divinitate</strong></span> <span class='ocrx_word' id='word_1_580' title='bbox 2195 3106 2447 3176; x_wconf 77' lang='lat' dir='ltr'><strong>dogmata</strong></span> <span class='ocrx_word' id='word_1_581' title='bbox 2468 3108 2812 3166; x_wconf 89' lang='lat' dir='ltr'><strong>declarantes</strong></span> <span class='ocrx_word' id='word_1_582' title='bbox 2830 3111 3306 3171; x_wconf 88' lang='lat' dir='ltr'><strong>conﬁrmaverunt.</strong></span> <span class='ocrx_word' id='word_1_583' title='bbox 3328 3116 3482 3178; x_wconf 82' lang='lat' dir='ltr'><strong>Hauc</strong></span> 
     </span>
    </p>
   </div>
   <div class='ocr_carea' id='block_1_79' title="bbox 1889 3195 3478 3280">
    <p class='ocr_par' dir='ltr' id='par_1_79' title="bbox 1889 3195 3478 3280">
     <span class='ocr_line' id='line_1_79' title="bbox 1889 3195 3478 3280; baseline 0.009 -31"><span class='ocrx_word' id='word_1_584' title='bbox 1889 3195 2060 3250; x_wconf 87' lang='lat' dir='ltr'><strong>secuti</strong></span> <span class='ocrx_word' id='word_1_585' title='bbox 2090 3205 2218 3252; x_wconf 89' lang='lat' dir='ltr'><strong>sunt</strong></span> <span class='ocrx_word' id='word_1_586' title='bbox 2243 3196 2411 3253; x_wconf 83' lang='lat' dir='ltr'><strong>sancti</strong></span> <span class='ocrx_word' id='word_1_587' title='bbox 2441 3197 2630 3254; x_wconf 60' lang='lat' dir='ltr'><strong>Patres</strong></span> <span class='ocrx_word' id='word_1_588' title='bbox 2656 3199 2930 3270; x_wconf 83' lang='lat' dir='ltr'><strong>Ephesum</strong></span> <span class='ocrx_word' id='word_1_589' title='bbox 2965 3207 3348 3262; x_wconf 83' lang='lat' dir='ltr'><strong>convenientes</strong></span> <span class='ocrx_word' id='word_1_590' title='bbox 3370 3209 3478 3280; x_wconf 85' lang='lat' dir='ltr'><strong>pri-</strong></span> 
     </span>
    </p>
   </div>
   <div class='ocr_carea' id='block_1_80' title="bbox 1890 3287 3478 3372">
    <p class='ocr_par' dir='ltr' id='par_1_80' title="bbox 1890 3287 3478 3372">
     <span class='ocr_line' id='line_1_80' title="bbox 1890 3287 3478 3372; baseline 0.011 -31"><span class='ocrx_word' id='word_1_591' title='bbox 1890 3301 2069 3355; x_wconf 90' lang='lat' dir='ltr'><strong>mum;</strong></span> <span class='ocrx_word' id='word_1_592' title='bbox 2097 3287 2240 3345; x_wconf 88' lang='lat' dir='ltr'><strong>hanc</strong></span> <span class='ocrx_word' id='word_1_593' title='bbox 2261 3289 2506 3360; x_wconf 79' lang='lat' dir='ltr'><strong>amplexa</strong></span> <span class='ocrx_word' id='word_1_594' title='bbox 2529 3300 2613 3346; x_wconf 89' lang='lat' dir='ltr'><strong>est</strong></span> <span class='ocrx_word' id='word_1_595' title='bbox 2639 3301 2824 3348; x_wconf 86' lang='lat' dir='ltr'><strong>sancta</strong></span> <span class='ocrx_word' id='word_1_596' title='bbox 2841 3293 3200 3354; x_wconf 89' lang='lat' dir='ltr'><strong>Chalcedonis</strong></span> <span class='ocrx_word' id='word_1_597' title='bbox 3217 3301 3478 3372; x_wconf 83' lang='lat' dir='ltr'><strong>synodus,</strong></span> 
     </span>
    </p>
   </div>
   <div class='ocr_carea' id='block_1_81' title="bbox 1891 3383 3478 3465">
    <p class='ocr_par' dir='ltr' id='par_1_81' title="bbox 1891 3383 3478 3465">
     <span class='ocr_line' id='line_1_81' title="bbox 1891 3383 3478 3465; baseline 0.009 -27"><span class='ocrx_word' id='word_1_598' title='bbox 1891 3397 2011 3454; x_wconf 61' lang='lat' dir='ltr'><strong>quae</strong></span> <span class='ocrx_word' id='word_1_599' title='bbox 2039 3385 2385 3441; x_wconf 86' lang='lat' dir='ltr'><strong>anathemate</strong></span> <span class='ocrx_word' id='word_1_600' title='bbox 2423 3383 2586 3452; x_wconf 80' lang='lat' dir='ltr'><strong>feriit,</strong></span> <span class='ocrx_word' id='word_1_601' title='bbox 2617 3387 2926 3460; x_wconf 87' lang='lat' dir='ltr'><strong>quicunque</strong></span> <span class='ocrx_word' id='word_1_602' title='bbox 2977 3391 3122 3448; x_wconf 85' lang='lat' dir='ltr'><strong>aliud</strong></span> <span class='ocrx_word' id='word_1_603' title='bbox 3174 3395 3478 3465; x_wconf 83' lang='lat' dir='ltr'><strong>symbolum</strong></span> 
     </span>
    </p>
   </div>
   <div class='ocr_carea' id='block_1_82' title="bbox 1893 3476 3477 3556">
    <p class='ocr_par' dir='ltr' id='par_1_82' title="bbox 1893 3476 3477 3556">
     <span class='ocr_line' id='line_1_82' title="bbox 1893 3476 3477 3556; baseline 0.006 -25"><span class='ocrx_word' id='word_1_604' title='bbox 1893 3477 2150 3543; x_wconf 89' lang='lat' dir='ltr'><strong>traderet,</strong></span> <span class='ocrx_word' id='word_1_605' title='bbox 2183 3477 2297 3532; x_wconf 82' lang='lat' dir='ltr'><strong>sive</strong></span> <span class='ocrx_word' id='word_1_606' title='bbox 2327 3476 2447 3532; x_wconf 85' lang='lat' dir='ltr'><strong>ﬁdei</strong></span> <span class='ocrx_word' id='word_1_607' title='bbox 2476 3478 2892 3548; x_wconf 82' lang='lat' dir='ltr'><strong>expositionem,</strong></span> <span class='ocrx_word' id='word_1_608' title='bbox 2917 3491 3114 3551; x_wconf 83' lang='lat' dir='ltr'><strong>praeter</strong></span> <span class='ocrx_word' id='word_1_609' title='bbox 3141 3498 3260 3539; x_wconf 89' lang='lat' dir='ltr'><strong>eam</strong></span> <span class='ocrx_word' id='word_1_610' title='bbox 3283 3500 3403 3556; x_wconf 65' lang='lat' dir='ltr'><strong>quae</strong></span> <span class='ocrx_word' id='word_1_611' title='bbox 3447 3502 3477 3541; x_wconf 86' lang='lat' dir='ltr'><strong>a</strong></span> 
     </span>
    </p>
   </div>
   <div class='ocr_carea' id='block_1_83' title="bbox 1891 3570 3430 3636">
    <p class='ocr_par' dir='ltr' id='par_1_83' title="bbox 1891 3570 3430 3636">
     <span class='ocr_line' id='line_1_83' title="bbox 1891 3570 3430 3636; baseline 0.005 -11"><span class='ocrx_word' id='word_1_612' title='bbox 1891 3570 2094 3626; x_wconf 86' lang='lat' dir='ltr'><strong>sanctis</strong></span> <span class='ocrx_word' id='word_1_613' title='bbox 2121 3570 2380 3626; x_wconf 84' lang='lat' dir='ltr'><strong>trecentis</strong></span> <span class='ocrx_word' id='word_1_614' title='bbox 2413 3578 2469 3626; x_wconf 87' lang='lat' dir='ltr'><strong>et</strong></span> <span class='ocrx_word' id='word_1_615' title='bbox 2497 3571 2798 3627; x_wconf 89' lang='lat' dir='ltr'><strong>octodecim</strong></span> <span class='ocrx_word' id='word_1_616' title='bbox 2826 3571 3076 3630; x_wconf 88' lang='lat' dir='ltr'><strong>Patribus</strong></span> <span class='ocrx_word' id='word_1_617' title='bbox 3108 3577 3300 3632; x_wconf 84' lang='lat' dir='ltr'><strong>tradita</strong></span> <span class='ocrx_word' id='word_1_618' title='bbox 3325 3588 3430 3636; x_wconf 88' lang='lat' dir='ltr'><strong>est.</strong></span> 
     </span>
    </p>
   </div>
   <div class='ocr_carea' id='block_1_84' title="bbox 1963 3660 3478 3736">
    <p class='ocr_par' dir='ltr' id='par_1_84' title="bbox 1963 3660 3478 3736">
     <span class='ocr_line' id='line_1_84' title="bbox 1963 3660 3478 3736; baseline 0.007 -21"><span class='ocrx_word' id='word_1_619' title='bbox 1963 3660 2096 3728; x_wconf 69' lang='lat' dir='ltr'><strong>Quae</strong></span> <span class='ocrx_word' id='word_1_620' title='bbox 2119 3676 2242 3716; x_wconf 89' lang='lat' dir='ltr'><strong>cum</strong></span> <span class='ocrx_word' id='word_1_621' title='bbox 2270 3660 2343 3716; x_wconf 85' lang='lat' dir='ltr'><strong>ita</strong></span> <span class='ocrx_word' id='word_1_622' title='bbox 2375 3677 2434 3718; x_wconf 87' lang='lat' dir='ltr'><strong>se</strong></span> <span class='ocrx_word' id='word_1_623' title='bbox 2461 3661 2716 3728; x_wconf 86' lang='lat' dir='ltr'><strong>habeant,</strong></span> <span class='ocrx_word' id='word_1_624' title='bbox 2745 3678 2872 3720; x_wconf 90' lang='lat' dir='ltr'><strong>sero</strong></span> <span class='ocrx_word' id='word_1_625' title='bbox 2901 3665 3116 3721; x_wconf 88' lang='lat' dir='ltr'><strong>tandem</strong></span> <span class='ocrx_word' id='word_1_626' title='bbox 3147 3671 3478 3736; x_wconf 81' lang='lat' dir='ltr'><strong>cognoscite,</strong></span> 
     </span>
    </p>
   </div>
   <div class='ocr_carea' id='block_1_85' title="bbox 1893 3753 3478 3833">
    <p class='ocr_par' dir='ltr' id='par_1_85' title="bbox 1893 3753 3478 3833">
     <span class='ocr_line' id='line_1_85' title="bbox 1893 3753 3478 3833; baseline 0.005 -23"><span class='ocrx_word' id='word_1_627' title='bbox 1893 3761 2013 3810; x_wconf 78' lang='lat' dir='ltr'><strong>uter</strong></span> <span class='ocrx_word' id='word_1_628' title='bbox 2040 3755 2242 3810; x_wconf 89' lang='lat' dir='ltr'><strong>rectius</strong></span> <span class='ocrx_word' id='word_1_629' title='bbox 2270 3762 2509 3810; x_wconf 84' lang='lat' dir='ltr'><strong>sanctam</strong></span> <span class='ocrx_word' id='word_1_630' title='bbox 2539 3753 3037 3814; x_wconf 86' lang='lat' dir='ltr'><strong>Chalcedonensem</strong></span> <span class='ocrx_word' id='word_1_631' title='bbox 3075 3767 3292 3816; x_wconf 87' lang='lat' dir='ltr'><strong>tueatur</strong></span> <span class='ocrx_word' id='word_1_632' title='bbox 3317 3778 3478 3833; x_wconf 87' lang='lat' dir='ltr'><strong>syno-</strong></span> 
     </span>
    </p>
   </div>
   <div class='ocr_carea' id='block_1_86' title="bbox 1891 3846 3478 3916">
    <p class='ocr_par' dir='ltr' id='par_1_86' title="bbox 1891 3846 3478 3916">
     <span class='ocr_line' id='line_1_86' title="bbox 1891 3846 3478 3916; baseline 0.006 -14"><span class='ocrx_word' id='word_1_633' title='bbox 1891 3846 2018 3902; x_wconf 87' lang='lat' dir='ltr'><strong>dum</strong></span> <span class='ocrx_word' id='word_1_634' title='bbox 2040 3885 2057 3912; x_wconf 96' lang='lat'><strong>,</strong></span> <span class='ocrx_word' id='word_1_635' title='bbox 2089 3847 2206 3902; x_wconf 88' lang='lat' dir='ltr'><strong>isne</strong></span> <span class='ocrx_word' id='word_1_636' title='bbox 2229 3847 2321 3916; x_wconf 88' lang='lat' dir='ltr'><strong>qui</strong></span> <span class='ocrx_word' id='word_1_637' title='bbox 2343 3861 2463 3902; x_wconf 88' lang='lat' dir='ltr'><strong>eam</strong></span> <span class='ocrx_word' id='word_1_638' title='bbox 2504 3847 2756 3916; x_wconf 60' lang='lat' dir='ltr'><strong>praefatos</strong></span> <span class='ocrx_word' id='word_1_639' title='bbox 2783 3848 2880 3904; x_wconf 85' lang='lat' dir='ltr'><strong>SS.</strong></span> <span class='ocrx_word' id='word_1_640' title='bbox 2921 3849 3113 3906; x_wconf 88' lang='lat' dir='ltr'><strong>Patres</strong></span> <span class='ocrx_word' id='word_1_641' title='bbox 3141 3851 3370 3909; x_wconf 85' lang='lat' dir='ltr'><strong>lideliter</strong></span> <span class='ocrx_word' id='word_1_642' title='bbox 3398 3871 3478 3911; x_wconf 90' lang='lat' dir='ltr'><strong>se-</strong></span> 
     </span>
    </p>
   </div>
   <div class='ocr_carea' id='block_1_87' title="bbox 1891 3934 3478 4016">
    <p class='ocr_par' dir='ltr' id='par_1_87' title="bbox 1891 3934 3478 4016">
     <span class='ocr_line' id='line_1_87' title="bbox 1891 3934 3478 4016; baseline 0.004 -22"><span class='ocrx_word' id='word_1_643' title='bbox 1891 3945 2094 4003; x_wconf 85' lang='lat' dir='ltr'><strong>cutam,</strong></span> <span class='ocrx_word' id='word_1_644' title='bbox 2121 3943 2271 3993; x_wconf 88' lang='lat' dir='ltr'><strong>recte</strong></span> <span class='ocrx_word' id='word_1_645' title='bbox 2293 3935 2542 3994; x_wconf 85' lang='lat' dir='ltr'><strong>universa</strong></span> <span class='ocrx_word' id='word_1_646' title='bbox 2571 3934 2847 3994; x_wconf 86' lang='lat' dir='ltr'><strong>deﬁuiisse</strong></span> <span class='ocrx_word' id='word_1_647' title='bbox 2871 3941 3174 4010; x_wconf 87' lang='lat' dir='ltr'><strong>contendit,</strong></span> <span class='ocrx_word' id='word_1_648' title='bbox 3203 3958 3272 3998; x_wconf 87' lang='lat' dir='ltr'><strong>an</strong></span> <span class='ocrx_word' id='word_1_649' title='bbox 3314 3945 3360 4000; x_wconf 87' lang='lat' dir='ltr'><strong>is</strong></span> <span class='ocrx_word' id='word_1_650' title='bbox 3387 3947 3478 4016; x_wconf 89' lang='lat' dir='ltr'><strong>qui</strong></span> 
     </span>
    </p>
   </div>
   <div class='ocr_carea' id='block_1_88' title="bbox 1892 4028 3478 4100">
    <p class='ocr_par' dir='ltr' id='par_1_88' title="bbox 1892 4028 3478 4100">
     <span class='ocr_line' id='line_1_88' title="bbox 1892 4028 3478 4100; baseline 0.004 -14"><span class='ocrx_word' id='word_1_651' title='bbox 1892 4030 1942 4086; x_wconf 89' lang='lat' dir='ltr'><strong>ei</strong></span> <span class='ocrx_word' id='word_1_652' title='bbox 1971 4029 2203 4085; x_wconf 89' lang='lat' dir='ltr'><strong>tribuere</strong></span> <span class='ocrx_word' id='word_1_653' title='bbox 2229 4028 2420 4084; x_wconf 84' lang='lat' dir='ltr'><strong>nititur</strong></span> <span class='ocrx_word' id='word_1_654' title='bbox 2445 4028 2640 4099; x_wconf 90' lang='lat' dir='ltr'><strong>impios</strong></span> <span class='ocrx_word' id='word_1_655' title='bbox 2677 4029 2928 4100; x_wconf 84' lang='lat' dir='ltr'><strong>loquendi</strong></span> <span class='ocrx_word' id='word_1_656' title='bbox 2967 4032 3160 4089; x_wconf 88' lang='lat' dir='ltr'><strong>modos</strong></span> <span class='ocrx_word' id='word_1_657' title='bbox 3199 4034 3478 4092; x_wconf 68' lang='lat' dir='ltr'><strong>hatretico-</strong></span> 
     </span>
    </p>
   </div>
   <div class='ocr_carea' id='block_1_89' title="bbox 1892 4121 3479 4198">
    <p class='ocr_par' dir='ltr' id='par_1_89' title="bbox 1892 4121 3479 4198">
     <span class='ocr_line' id='line_1_89' title="bbox 1892 4121 3479 4198; baseline 0.003 -20"><span class='ocrx_word' id='word_1_658' title='bbox 1892 4123 2052 4198; x_wconf 75' lang='lat' dir='ltr'><strong>rum?</strong></span> <span class='ocrx_word' id='word_1_659' title='bbox 2098 4121 2240 4176; x_wconf 88' lang='lat' dir='ltr'><strong>Fieri</strong></span> <span class='ocrx_word' id='word_1_660' title='bbox 2279 4135 2514 4190; x_wconf 87' lang='lat' dir='ltr'><strong>namque</strong></span> <span class='ocrx_word' id='word_1_661' title='bbox 2558 4121 2777 4177; x_wconf 85' lang='lat' dir='ltr'><strong>minime</strong></span> <span class='ocrx_word' id='word_1_662' title='bbox 2829 4131 3010 4193; x_wconf 88' lang='lat' dir='ltr'><strong>potest</strong></span> <span class='ocrx_word' id='word_1_663' title='bbox 3063 4133 3124 4180; x_wconf 80' lang='lat' dir='ltr'><strong>ut</strong></span> <span class='ocrx_word' id='word_1_664' title='bbox 3176 4127 3267 4196; x_wconf 87' lang='lat' dir='ltr'><strong>qni</strong></span> <span class='ocrx_word' id='word_1_665' title='bbox 3315 4142 3479 4198; x_wconf 87' lang='lat' dir='ltr'><strong>puras</strong></span> 
     </span>
    </p>
   </div>
   <div class='ocr_carea' id='block_1_90' title="bbox 1895 4194 3479 4288">
    <p class='ocr_par' dir='ltr' id='par_1_90' title="bbox 1895 4194 3479 4288">
     <span class='ocr_line' id='line_1_90' title="bbox 1895 4194 3479 4288; baseline 0.003 -20"><span class='ocrx_word' id='word_1_666' title='bbox 1895 4194 2084 4285; x_wconf 77' lang='lat' dir='ltr'><strong>prima:</strong></span> <span class='ocrx_word' id='word_1_667' title='bbox 2129 4211 2413 4284; x_wconf 69' lang='lat' dir='ltr'><strong>Ephesium</strong></span> <span class='ocrx_word' id='word_1_668' title='bbox 2458 4212 2653 4284; x_wconf 88' lang='lat' dir='ltr'><strong>synodi</strong></span> <span class='ocrx_word' id='word_1_669' title='bbox 2699 4214 3029 4280; x_wconf 84' lang='lat' dir='ltr'><strong>sanctiones,</strong></span> <span class='ocrx_word' id='word_1_670' title='bbox 3078 4194 3479 4288; x_wconf 70' lang='lat' dir='ltr'><strong>catholicasquo</strong></span> 
     </span>
    </p>
   </div>
   <div class='ocr_carea' id='block_1_91' title="bbox 1894 4301 3478 4384">
    <p class='ocr_par' dir='ltr' id='par_1_91' title="bbox 1894 4301 3478 4384">
     <span class='ocr_line' id='line_1_91' title="bbox 1894 4301 3478 4384; baseline 0.003 -24"><span class='ocrx_word' id='word_1_671' title='bbox 1894 4320 2058 4360; x_wconf 87' lang='lat' dir='ltr'><strong>voces</strong></span> <span class='ocrx_word' id='word_1_672' title='bbox 2078 4303 2386 4368; x_wconf 88' lang='lat' dir='ltr'><strong>admittunt,</strong></span> <span class='ocrx_word' id='word_1_673' title='bbox 2416 4304 2617 4372; x_wconf 87' lang='lat' dir='ltr'><strong>quique</strong></span> <span class='ocrx_word' id='word_1_674' title='bbox 2643 4301 2738 4358; x_wconf 88' lang='lat' dir='ltr'><strong>SS.</strong></span> <span class='ocrx_word' id='word_1_675' title='bbox 2772 4301 2876 4359; x_wconf 91' lang='lat' dir='ltr'><strong>PP.</strong></span> <span class='ocrx_word' id='word_1_676' title='bbox 2911 4303 3284 4384; x_wconf 76' lang='lat' dir='ltr'><strong>Caelestinum,</strong></span> <span class='ocrx_word' id='word_1_677' title='bbox 3307 4308 3478 4381; x_wconf 86' lang='lat' dir='ltr'><strong>Cyril-</strong></span> 
     </span>
    </p>
   </div>
   <div class='ocr_carea' id='block_1_92' title="bbox 1897 4393 3474 4470">
    <p class='ocr_par' dir='ltr' id='par_1_92' title="bbox 1897 4393 3474 4470">
     <span class='ocr_line' id='line_1_92' title="bbox 1897 4393 3474 4470; baseline 0.003 -20"><span class='ocrx_word' id='word_1_678' title='bbox 1897 4395 2042 4462; x_wconf 90' lang='lat' dir='ltr'><strong>lum,</strong></span> <span class='ocrx_word' id='word_1_679' title='bbox 2086 4394 2326 4452; x_wconf 88' lang='lat' dir='ltr'><strong>Leonem</strong></span> <span class='ocrx_word' id='word_1_680' title='bbox 2372 4409 2436 4450; x_wconf 89' lang='lat' dir='ltr'><strong>ac</strong></span> <span class='ocrx_word' id='word_1_681' title='bbox 2477 4393 2932 4452; x_wconf 88' lang='lat' dir='ltr'><strong>Chalcedonensis</strong></span> <span class='ocrx_word' id='word_1_682' title='bbox 2978 4398 3167 4470; x_wconf 90' lang='lat' dir='ltr'><strong>synodi</strong></span> <span class='ocrx_word' id='word_1_683' title='bbox 3211 4398 3474 4456; x_wconf 84' lang='lat' dir='ltr'><strong>deﬁnitio-</strong></span> 
     </span>
    </p>
   </div>
   <div class='ocr_carea' id='block_1_93' title="bbox 1897 4484 3480 4562">
    <p class='ocr_par' dir='ltr' id='par_1_93' title="bbox 1897 4484 3480 4562">
     <span class='ocr_line' id='line_1_93' title="bbox 1897 4484 3480 4562; baseline 0.002 -20"><span class='ocrx_word' id='word_1_684' title='bbox 1897 4501 2023 4544; x_wconf 89' lang='lat' dir='ltr'><strong>nem</strong></span> <span class='ocrx_word' id='word_1_685' title='bbox 2069 4485 2356 4556; x_wconf 89' lang='lat' dir='ltr'><strong>recipinnt,</strong></span> <span class='ocrx_word' id='word_1_686' title='bbox 2407 4484 2446 4540; x_wconf 90' lang='lat' dir='ltr'><strong>ii</strong></span> <span class='ocrx_word' id='word_1_687' title='bbox 2473 4484 2761 4540; x_wconf 88' lang='lat' dir='ltr'><strong>scelestam</strong></span> <span class='ocrx_word' id='word_1_688' title='bbox 2789 4500 3007 4557; x_wconf 88' lang='lat' dir='ltr'><strong>quoque</strong></span> <span class='ocrx_word' id='word_1_689' title='bbox 3045 4488 3114 4543; x_wconf 84' lang='lat' dir='ltr'><strong>ad</strong></span> <span class='ocrx_word' id='word_1_690' title='bbox 3147 4488 3337 4544; x_wconf 72' lang='lat' dir='ltr'><strong>Marini</strong></span> <span class='ocrx_word' id='word_1_691' title='bbox 3369 4491 3480 4562; x_wconf 85' lang='lat' dir='ltr'><strong>epi-</strong></span> 
     </span>
    </p>
   </div>
   <div class='ocr_carea' id='block_1_94' title="bbox 1896 4576 3480 4651">
    <p class='ocr_par' dir='ltr' id='par_1_94' title="bbox 1896 4576 3480 4651">
     <span class='ocr_line' id='line_1_94' title="bbox 1896 4576 3480 4651; baseline 0.001 -17"><span class='ocrx_word' id='word_1_692' title='bbox 1896 4578 2115 4646; x_wconf 88' lang='lat' dir='ltr'><strong>stolam,</strong></span> <span class='ocrx_word' id='word_1_693' title='bbox 2139 4591 2261 4632; x_wconf 89' lang='lat' dir='ltr'><strong>cum</strong></span> <span class='ocrx_word' id='word_1_694' title='bbox 2297 4576 2363 4631; x_wconf 86' lang='lat' dir='ltr'><strong>iis</strong></span> <span class='ocrx_word' id='word_1_695' title='bbox 2387 4589 2510 4644; x_wconf 65' lang='lat' dir='ltr'><strong>quae</strong></span> <span class='ocrx_word' id='word_1_696' title='bbox 2537 4577 2962 4645; x_wconf 83' lang='lat' dir='ltr'><strong>percensuimus,</strong></span> <span class='ocrx_word' id='word_1_697' title='bbox 2992 4579 3214 4636; x_wconf 90' lang='lat' dir='ltr'><strong>omnino</strong></span> <span class='ocrx_word' id='word_1_698' title='bbox 3242 4595 3480 4651; x_wconf 79' lang='lat' dir='ltr'><strong>pugnan-</strong></span> 
     </span>
    </p>
   </div>
   <div class='ocr_carea' id='block_1_95' title="bbox 183 4647 1786 4746">
    <p class='ocr_par' dir='ltr' id='par_1_95' title="bbox 183 4672 1786 4745">
     <span class='ocr_line' id='line_1_95' title="bbox 183 4672 1786 4745; baseline -0.002 -12"><span class='ocrx_word' id='word_1_699' title='bbox 183 4681 312 4739; x_wconf 79' lang='grc' dir='ltr'>τούς</span> <span class='ocrx_word' id='word_1_700' title='bbox 335 4675 679 4740; x_wconf 80' lang='grc' dir='ltr'>διδασκάλους</span> <span class='ocrx_word' id='word_1_701' title='bbox 704 4686 796 4740; x_wconf 77' lang='grc' dir='ltr'>τῆς</span> <span class='ocrx_word' id='word_1_702' title='bbox 823 4677 1108 4745; x_wconf 76' lang='grc' dir='ltr'>ἐκκλησίας,</span> <span class='ocrx_word' id='word_1_703' title='bbox 1139 4679 1223 4732; x_wconf 82' lang='grc' dir='ltr'><strong>καί</strong></span> <span class='ocrx_word' id='word_1_704' title='bbox 1245 4677 1368 4737; x_wconf 84' lang='grc' dir='ltr'>τούς</span> <span class='ocrx_word' id='word_1_705' title='bbox 1393 4676 1460 4731; x_wconf 86' lang='grc' dir='ltr'><strong>τά</strong></span> <span class='ocrx_word' id='word_1_706' title='bbox 1487 4672 1687 4731; x_wconf 80' lang='grc' dir='ltr'>έναντία</span> <span class='ocrx_word' id='word_1_707' title='bbox 1715 4674 1786 4730; x_wconf 90' lang='grc' dir='ltr'>δι-</span> 
     </span>
    </p>
   </div>
   <div class='ocr_carea' id='block_1_96' title="bbox 1894 4647 3480 4746">
    <p class='ocr_par' dir='ltr' id='par_1_96' title="bbox 1896 4647 3480 4746">
     <span class='ocr_line' id='line_1_96' title="bbox 1896 4647 3480 4746; baseline 0.004 -22"><span class='ocrx_word' id='word_1_708' title='bbox 1896 4678 2003 4724; x_wconf 86' lang='lat' dir='ltr'><strong>tem</strong></span> <span class='ocrx_word' id='word_1_709' title='bbox 2034 4668 2336 4724; x_wconf 87' lang='lat' dir='ltr'><strong>admittant.</strong></span> <span class='ocrx_word' id='word_1_710' title='bbox 2379 4669 2514 4737; x_wconf 86' lang='lat' dir='ltr'><strong>Quis</strong></span> <span class='ocrx_word' id='word_1_711' title='bbox 2541 4670 2685 4726; x_wconf 82' lang='lat' dir='ltr'><strong>enim</strong></span> <span class='ocrx_word' id='word_1_712' title='bbox 2713 4670 2973 4728; x_wconf 68' lang='lat' dir='ltr'><strong>Ecclesiae</strong></span> <span class='ocrx_word' id='word_1_713' title='bbox 2999 4647 3287 4744; x_wconf 71' lang='lat' dir='ltr'><strong>magistros</strong></span> <span class='ocrx_word' id='word_1_714' title='bbox 3320 4647 3480 4746; x_wconf 72' lang='lat' dir='ltr'><strong>atquo</strong></span> 
     </span>
    </p>
   </div>
   <div class='ocr_carea' id='block_1_97' title="bbox 183 4769 1791 4848">
    <p class='ocr_par' dir='ltr' id='par_1_97' title="bbox 183 4769 1791 4848">
     <span class='ocr_line' id='line_1_97' title="bbox 183 4769 1791 4848; baseline -0.003 -20"><span class='ocrx_word' id='word_1_715' title='bbox 183 4771 518 4837; x_wconf 78' lang='grc' dir='ltr'>δάσκοντας,</span> <span class='ocrx_word' id='word_1_716' title='bbox 543 4771 574 4831; x_wconf 75' lang='grc' dir='ltr'><strong>ἦ</strong></span> <span class='ocrx_word' id='word_1_717' title='bbox 612 4775 735 4832; x_wconf 79' lang='grc' dir='ltr'>τούς</span> <span class='ocrx_word' id='word_1_718' title='bbox 761 4771 1091 4848; x_wconf 77' lang='grc' dir='ltr'>ὀρθοδόξους,</span> <span class='ocrx_word' id='word_1_719' title='bbox 1138 4773 1226 4828; x_wconf 82' lang='grc' dir='ltr'><strong>καί</strong></span> <span class='ocrx_word' id='word_1_720' title='bbox 1251 4772 1372 4831; x_wconf 85' lang='grc' dir='ltr'>τούς</span> <span class='ocrx_word' id='word_1_721' title='bbox 1408 4769 1727 4844; x_wconf 72' lang='grc' dir='ltr'>αίρπικούς,</span> <span class='ocrx_word' id='word_1_722' title='bbox 1759 4770 1791 4830; x_wconf 75' lang='grc' dir='ltr'><strong>ἦ</strong></span> 
     </span>
    </p>
   </div>
   <div class='ocr_carea' id='block_1_98' title="bbox 181 4861 1794 4942">
    <p class='ocr_par' dir='ltr' id='par_1_98' title="bbox 181 4861 1794 4942">
     <span class='ocr_line' id='line_1_98' title="bbox 181 4861 1794 4942; baseline -0.003 -18"><span class='ocrx_word' id='word_1_723' title='bbox 181 4867 308 4926; x_wconf 77' lang='grc' dir='ltr'>τοὺς</span> <span class='ocrx_word' id='word_1_724' title='bbox 342 4863 811 4930; x_wconf 81' lang='grc' dir='ltr'>καταδικάσαντας,</span> <span class='ocrx_word' id='word_1_725' title='bbox 833 4867 1058 4927; x_wconf 77' lang='grc' dir='ltr'>καὶτοὺς</span> <span class='ocrx_word' id='word_1_726' title='bbox 1077 4865 1472 4942; x_wconf 84' lang='grc' dir='ltr'>κατακριθέντας</span> <span class='ocrx_word' id='word_1_727' title='bbox 1492 4861 1618 4933; x_wconf 81' lang='grc' dir='ltr'>ὁμοῦ</span> <span class='ocrx_word' id='word_1_728' title='bbox 1639 4861 1794 4919; x_wconf 81' lang='grc' dir='ltr'>δύνα-</span> 
     </span>
    </p>
   </div>
   <div class='ocr_carea' id='block_1_99' title="bbox 181 4953 1785 5033">
    <p class='ocr_par' dir='ltr' id='par_1_99' title="bbox 181 4953 1785 5033">
     <span class='ocr_line' id='line_1_99' title="bbox 181 4953 1785 5033; baseline -0.002 -19"><span class='ocrx_word' id='word_1_729' title='bbox 181 4979 274 5014; x_wconf 88' lang='grc' dir='ltr'><strong>ται</strong></span> <span class='ocrx_word' id='word_1_730' title='bbox 300 4956 576 5022; x_wconf 79' lang='grc' dir='ltr'>δέξασθαις</span> <span class='ocrx_word' id='word_1_731' title='bbox 619 4955 730 5014; x_wconf 75' lang='grc' dir='ltr'>ἰνα</span> <span class='ocrx_word' id='word_1_732' title='bbox 762 4957 816 5014; x_wconf 77' lang='grc' dir='ltr'><strong>δέ</strong></span> <span class='ocrx_word' id='word_1_733' title='bbox 851 4959 1158 5033; x_wconf 85' lang='grc' dir='ltr'>τελειότερον</span> <span class='ocrx_word' id='word_1_734' title='bbox 1184 4959 1248 5014; x_wconf 84' lang='grc' dir='ltr'><strong>τά</strong></span> <span class='ocrx_word' id='word_1_735' title='bbox 1277 4955 1364 5014; x_wconf 87' lang='grc' dir='ltr'><strong>διά</strong></span> <span class='ocrx_word' id='word_1_736' title='bbox 1390 4953 1534 5012; x_wconf 79' lang='grc' dir='ltr'>ἰϐαν</span> <span class='ocrx_word' id='word_1_737' title='bbox 1561 4959 1644 5012; x_wconf 85' lang='grc' dir='ltr'><strong>καί</strong></span> <span class='ocrx_word' id='word_1_738' title='bbox 1669 4966 1785 5012; x_wconf 86' lang='grc' dir='ltr'>Θεο-</span> 
     </span>
    </p>
   </div>
   <div class='ocr_carea' id='block_1_100' title="bbox 181 5049 1792 5124">
    <p class='ocr_par' dir='ltr' id='par_1_100' title="bbox 181 5049 1792 5124">
     <span class='ocr_line' id='line_1_100' title="bbox 181 5049 1792 5124; baseline -0.002 -18"><span class='ocrx_word' id='word_1_739' title='bbox 181 5049 410 5122; x_wconf 82' lang='grc' dir='ltr'>δώριτον</span> <span class='ocrx_word' id='word_1_740' title='bbox 453 5053 751 5122; x_wconf 51' lang='grc' dir='ltr'>κεκινημνα</span> <span class='ocrx_word' id='word_1_741' title='bbox 804 5058 992 5124; x_wconf 73' lang='grc' dir='ltr'>γνῶτε,</span> <span class='ocrx_word' id='word_1_742' title='bbox 1041 5052 1310 5124; x_wconf 79' lang='grc' dir='ltr'>ἀναγκαῖον</span> <span class='ocrx_word' id='word_1_743' title='bbox 1358 5049 1663 5120; x_wconf 67' lang='grc' dir='ltr'>ἐνομίσαμεν</span> <span class='ocrx_word' id='word_1_744' title='bbox 1709 5049 1792 5103; x_wconf 73' lang='grc' dir='ltr'>καὶ</span> 
     </span>
    </p>
   </div>
   <div class='ocr_carea' id='block_1_101' title="bbox 183 5143 846 5220">
    <p class='ocr_par' dir='ltr' id='par_1_101' title="bbox 183 5143 846 5220">
     <span class='ocr_line' id='line_1_101' title="bbox 183 5143 846 5220; baseline 0 -21"><span class='ocrx_word' id='word_1_745' title='bbox 183 5148 361 5199; x_wconf 84' lang='grc' dir='ltr'>ταῦτα</span> <span class='ocrx_word' id='word_1_746' title='bbox 384 5143 510 5213; x_wconf 78' lang='grc' dir='ltr'>ύμῖν</span> <span class='ocrx_word' id='word_1_747' title='bbox 537 5151 846 5220; x_wconf 66' lang='grc' dir='ltr'>φανερῶσαι.</span> 
     </span>
    </p>
   </div>
   <div class='ocr_carea' id='block_1_102' title="bbox 254 5227 1788 5306">
    <p class='ocr_par' dir='ltr' id='par_1_102' title="bbox 254 5227 1788 5306">
     <span class='ocr_line' id='line_1_102' title="bbox 254 5227 1788 5306; baseline -0.002 -17"><span class='ocrx_word' id='word_1_748' title='bbox 254 5237 534 5290; x_wconf 77' lang='grc' dir='ltr'>Γινώσκετε</span> <span class='ocrx_word' id='word_1_749' title='bbox 569 5237 737 5290; x_wconf 83' lang='grc' dir='ltr'>τοίνυν</span> <span class='ocrx_word' id='word_1_750' title='bbox 762 5232 842 5292; x_wconf 84' lang='grc' dir='ltr'>ὅτι</span> <span class='ocrx_word' id='word_1_751' title='bbox 871 5235 1000 5289; x_wconf 74' lang='grc' dir='ltr'><strong>κατά</strong></span> <span class='ocrx_word' id='word_1_752' title='bbox 1031 5230 1301 5306; x_wconf 73' lang='grc' dir='ltr'>διαφόρους</span> <span class='ocrx_word' id='word_1_753' title='bbox 1330 5232 1542 5304; x_wconf 81' lang='grc' dir='ltr'>καιρούς</span> <span class='ocrx_word' id='word_1_754' title='bbox 1587 5227 1671 5286; x_wconf 79' lang='grc' dir='ltr'>διὰ</span> <span class='ocrx_word' id='word_1_755' title='bbox 1695 5234 1788 5289; x_wconf 73' lang='grc' dir='ltr'>τήν</span> 
     </span>
    </p>
   </div>
   <div class='ocr_carea' id='block_1_103' title="bbox 175 5320 1789 5397">
    <p class='ocr_par' dir='ltr' id='par_1_103' title="bbox 175 5320 1789 5397">
     <span class='ocr_line' id='line_1_103' title="bbox 175 5320 1789 5397; baseline -0.006 -15"><span class='ocrx_word' id='word_1_756' title='bbox 175 5324 430 5382; x_wconf 65' lang='grc' dir='ltr'>ἀσέϐειαν</span> <span class='ocrx_word' id='word_1_757' title='bbox 459 5323 724 5397; x_wconf 79' lang='grc' dir='ltr'>Θεοδώρου</span> <span class='ocrx_word' id='word_1_758' title='bbox 753 5327 835 5381; x_wconf 75' lang='grc' dir='ltr'><strong>καί</strong></span> <span class='ocrx_word' id='word_1_759' title='bbox 861 5327 1137 5396; x_wconf 79' lang='grc' dir='ltr'>Νεστορίου</span> <span class='ocrx_word' id='word_1_760' title='bbox 1173 5328 1264 5381; x_wconf 73' lang='grc' dir='ltr'>τήν</span> <span class='ocrx_word' id='word_1_761' title='bbox 1299 5329 1362 5397; x_wconf 75' lang='grc' dir='ltr'>τῇ</span> <span class='ocrx_word' id='word_1_762' title='bbox 1385 5323 1518 5396; x_wconf 73' lang='grc' dir='ltr'>αὐτῇ</span> <span class='ocrx_word' id='word_1_763' title='bbox 1549 5320 1789 5395; x_wconf 74' lang='grc' dir='ltr'>έπιστολῇ</span> 
     </span>
    </p>
   </div>
   <div class='ocr_carea' id='block_1_104' title="bbox 177 5409 1790 5492">
    <p class='ocr_par' dir='ltr' id='par_1_104' title="bbox 177 5409 1790 5492">
     <span class='ocr_line' id='line_1_104' title="bbox 177 5409 1790 5492; baseline -0.005 -20"><span class='ocrx_word' id='word_1_764' title='bbox 177 5417 585 5492; x_wconf 76' lang='grc' dir='ltr'>περιεχομένην.</span> <span class='ocrx_word' id='word_1_765' title='bbox 608 5417 694 5470; x_wconf 85' lang='grc' dir='ltr'><strong>καί</strong></span> <span class='ocrx_word' id='word_1_766' title='bbox 722 5413 808 5470; x_wconf 90' lang='grc' dir='ltr'><strong>διά</strong></span> <span class='ocrx_word' id='word_1_767' title='bbox 828 5417 923 5477; x_wconf 89' lang='grc' dir='ltr'><strong>τάς</strong></span> <span class='ocrx_word' id='word_1_768' title='bbox 952 5413 1124 5489; x_wconf 82' lang='grc' dir='ltr'>ὕϐρεις</span> <span class='ocrx_word' id='word_1_769' title='bbox 1154 5415 1249 5472; x_wconf 84' lang='grc' dir='ltr'>τὰς</span> <span class='ocrx_word' id='word_1_770' title='bbox 1271 5413 1408 5467; x_wconf 87' lang='grc' dir='ltr'><strong>κατά</strong></span> <span class='ocrx_word' id='word_1_771' title='bbox 1433 5417 1524 5466; x_wconf 88' lang='grc' dir='ltr'><strong>τοῦ</strong></span> <span class='ocrx_word' id='word_1_772' title='bbox 1549 5411 1598 5463; x_wconf 86' lang='grc' dir='ltr'><strong>έν</strong></span> <span class='ocrx_word' id='word_1_773' title='bbox 1626 5409 1790 5482; x_wconf 69' lang='grc' dir='ltr'>ἁγίοις</span> 
     </span>
    </p>
   </div>
   <div class='ocr_carea' id='block_1_105' title="bbox 177 5502 1780 5581">
    <p class='ocr_par' dir='ltr' id='par_1_105' title="bbox 177 5502 1780 5581">
     <span class='ocr_line' id='line_1_105' title="bbox 177 5502 1780 5581; baseline -0.004 -21"><span class='ocrx_word' id='word_1_774' title='bbox 177 5507 430 5581; x_wconf 73' lang='grc' dir='ltr'>κυρίλλου</span> <span class='ocrx_word' id='word_1_775' title='bbox 471 5509 560 5560; x_wconf 77' lang='grc' dir='ltr'><strong>καί</strong></span> <span class='ocrx_word' id='word_1_776' title='bbox 594 5514 695 5562; x_wconf 87' lang='grc' dir='ltr'><strong>τῶν</strong></span> <span class='ocrx_word' id='word_1_777' title='bbox 719 5507 876 5562; x_wconf 81' lang='grc' dir='ltr'>αὐτοῦ</span> <span class='ocrx_word' id='word_1_778' title='bbox 909 5505 1182 5576; x_wconf 69' lang='grc' dir='ltr'>κεφαλαίων</span> <span class='ocrx_word' id='word_1_779' title='bbox 1221 5502 1496 5574; x_wconf 81' lang='grc' dir='ltr'>λεχθείσας</span> <span class='ocrx_word' id='word_1_780' title='bbox 1512 5540 1523 5552; x_wconf 89' lang='grc'><strong>.</strong></span> <span class='ocrx_word' id='word_1_781' title='bbox 1565 5519 1780 5570; x_wconf 83' lang='grc' dir='ltr'>κατηγο-</span> 
     </span>
    </p>
   </div>
   <div class='ocr_carea' id='block_1_106' title="bbox 176 5590 1780 5673">
    <p class='ocr_par' dir='ltr' id='par_1_106' title="bbox 176 5590 1780 5673">
     <span class='ocr_line' id='line_1_106' title="bbox 176 5590 1780 5673; baseline -0.007 -19"><span class='ocrx_word' id='word_1_782' title='bbox 176 5601 422 5672; x_wconf 73' lang='grc' dir='ltr'>ρηθέντος</span> <span class='ocrx_word' id='word_1_783' title='bbox 443 5595 562 5654; x_wconf 84' lang='grc' dir='ltr'>Ἰϐα</span> <span class='ocrx_word' id='word_1_784' title='bbox 587 5599 736 5673; x_wconf 85' lang='grc' dir='ltr'><strong>παρά</strong></span> <span class='ocrx_word' id='word_1_785' title='bbox 769 5596 1024 5666; x_wconf 83' lang='grc' dir='ltr'>Θεοδοσίῳ</span> <span class='ocrx_word' id='word_1_786' title='bbox 1054 5603 1132 5669; x_wconf 84' lang='grc' dir='ltr'>τῷ</span> <span class='ocrx_word' id='word_1_787' title='bbox 1157 5602 1251 5656; x_wconf 77' lang='grc' dir='ltr'>τῆς</span> <span class='ocrx_word' id='word_1_788' title='bbox 1277 5592 1520 5651; x_wconf 78' lang='grc' dir='ltr'>εὐσεϐοῦς</span> <span class='ocrx_word' id='word_1_789' title='bbox 1547 5591 1733 5654; x_wconf 61' lang='grc' dir='ltr'>λήξεως</span> <span class='ocrx_word' id='word_1_790' title='bbox 1761 5590 1780 5621; x_wconf 72' lang='grc'>⁸</span> 
     </span>
    </p>
   </div>
   <div class='ocr_carea' id='block_1_107' title="bbox 175 5683 1781 5769">
    <p class='ocr_par' dir='ltr' id='par_1_107' title="bbox 175 5683 1781 5769">
     <span class='ocr_line' id='line_1_107' title="bbox 175 5683 1781 5769; baseline -0.008 -18"><span class='ocrx_word' id='word_1_791' title='bbox 175 5692 416 5756; x_wconf 72' lang='grc' dir='ltr'>ϐασιλεῖ.</span> <span class='ocrx_word' id='word_1_792' title='bbox 445 5694 534 5746; x_wconf 84' lang='grc' dir='ltr'><strong>καί</strong></span> <span class='ocrx_word' id='word_1_793' title='bbox 567 5692 712 5769; x_wconf 83' lang='grc' dir='ltr'><strong>παρά</strong></span> <span class='ocrx_word' id='word_1_794' title='bbox 749 5690 954 5766; x_wconf 82' lang='grc' dir='ltr'>Πρόκλῳ</span> <span class='ocrx_word' id='word_1_795' title='bbox 987 5697 1060 5759; x_wconf 85' lang='grc' dir='ltr'>τῷ</span> <span class='ocrx_word' id='word_1_796' title='bbox 1099 5691 1149 5743; x_wconf 84' lang='grc' dir='ltr'><strong>έν</strong></span> <span class='ocrx_word' id='word_1_797' title='bbox 1195 5687 1354 5758; x_wconf 85' lang='grc' dir='ltr'>ἁγίοις</span> <span class='ocrx_word' id='word_1_798' title='bbox 1381 5683 1781 5759; x_wconf 82' lang='grc' dir='ltr'>ἀρχιεπισκόπῳ</span> 
     </span>
    </p>
   </div>
   <div class='ocr_carea' id='block_1_108' title="bbox 267 5775 1522 5861">
    <p class='ocr_par' dir='ltr' id='par_1_108' title="bbox 267 5775 1522 5861">
     <span class='ocr_line' id='line_1_108' title="bbox 267 5775 1522 5861; baseline -0.01 -20"><span class='ocrx_word' id='word_1_799' title='bbox 267 5785 284 5817; x_wconf 80' lang='grc'>⁸</span> <span class='ocrx_word' id='word_1_800' title='bbox 326 5783 427 5840; x_wconf 69' lang='grc' dir='ltr'><strong>γει</strong></span> <span class='ocrx_word' id='word_1_801' title='bbox 454 5784 656 5850; x_wconf 78' lang='grc' dir='ltr'>λέξεως.</span> <span class='ocrx_word' id='word_1_802' title='bbox 681 5781 894 5861; x_wconf 69' lang='grc' dir='ltr'>Πρόκλος</span> <span class='ocrx_word' id='word_1_803' title='bbox 923 5795 1255 5837; x_wconf 74' lang='grc' dir='ltr'>κωνσταντιν.</span> <span class='ocrx_word' id='word_1_804' title='bbox 1279 5775 1522 5852; x_wconf 68' lang='grc' dir='ltr'>Ἄρχωνι.</span> 
     </span>
    </p>
   </div>
   <div class='ocr_carea' id='block_1_109' title="bbox 1894 4761 3476 4836">
    <p class='ocr_par' dir='ltr' id='par_1_109' title="bbox 1894 4761 3476 4836">
     <span class='ocr_line' id='line_1_109' title="bbox 1894 4761 3476 4836; baseline 0.004 -18"><span class='ocrx_word' id='word_1_805' title='bbox 1894 4761 2163 4818; x_wconf 86' lang='lat' dir='ltr'><strong>contraria</strong></span> <span class='ocrx_word' id='word_1_806' title='bbox 2193 4761 2452 4817; x_wconf 82' lang='lat' dir='ltr'><strong>docentes</strong></span> <span class='ocrx_word' id='word_1_807' title='bbox 2471 4761 2556 4817; x_wconf 90' lang='lat' dir='ltr'><strong>vel</strong></span> <span class='ocrx_word' id='word_1_808' title='bbox 2578 4762 2914 4820; x_wconf 81' lang='lat' dir='ltr'><strong>ortbodoxos</strong></span> <span class='ocrx_word' id='word_1_809' title='bbox 2939 4766 3097 4822; x_wconf 88' lang='lat' dir='ltr'><strong>simul</strong></span> <span class='ocrx_word' id='word_1_810' title='bbox 3121 4774 3285 4836; x_wconf 89' lang='lat' dir='ltr'><strong>atque</strong></span> <span class='ocrx_word' id='word_1_811' title='bbox 3314 4769 3476 4824; x_wconf 81' lang='lat' dir='ltr'><strong>haere-</strong></span> 
     </span>
    </p>
   </div>
   <div class='ocr_carea' id='block_1_110' title="bbox 1897 4851 3482 4919">
    <p class='ocr_par' dir='ltr' id='par_1_110' title="bbox 1897 4851 3482 4919">
     <span class='ocr_line' id='line_1_110' title="bbox 1897 4851 3482 4919; baseline 0.006 -12"><span class='ocrx_word' id='word_1_812' title='bbox 1897 4853 2051 4919; x_wconf 90' lang='lat' dir='ltr'><strong>ticos,</strong></span> <span class='ocrx_word' id='word_1_813' title='bbox 2099 4853 2188 4908; x_wconf 86' lang='lat' dir='ltr'><strong>vel</strong></span> <span class='ocrx_word' id='word_1_814' title='bbox 2234 4851 2624 4910; x_wconf 87' lang='lat' dir='ltr'><strong>condemnatos</strong></span> <span class='ocrx_word' id='word_1_815' title='bbox 2675 4870 2782 4910; x_wconf 87' lang='lat' dir='ltr'><strong>una</strong></span> <span class='ocrx_word' id='word_1_816' title='bbox 2831 4871 2953 4912; x_wconf 86' lang='lat' dir='ltr'><strong>cum</strong></span> <span class='ocrx_word' id='word_1_817' title='bbox 3000 4858 3482 4917; x_wconf 84' lang='lat' dir='ltr'><strong>condemnantibus</strong></span> 
     </span>
    </p>
   </div>
   <div class='ocr_carea' id='block_1_111' title="bbox 1893 4942 3480 5018">
    <p class='ocr_par' dir='ltr' id='par_1_111' title="bbox 1893 4942 3480 5018">
     <span class='ocr_line' id='line_1_111' title="bbox 1893 4942 3480 5018; baseline 0.006 -21"><span class='ocrx_word' id='word_1_818' title='bbox 1893 4943 2073 4998; x_wconf 80' lang='lat' dir='ltr'><strong>valeat</strong></span> <span class='ocrx_word' id='word_1_819' title='bbox 2090 4942 2375 5014; x_wconf 86' lang='lat' dir='ltr'><strong>amplecti?</strong></span> <span class='ocrx_word' id='word_1_820' title='bbox 2394 4942 2682 5012; x_wconf 63' lang='lat' dir='ltr'><strong>Caeterum,</strong></span> <span class='ocrx_word' id='word_1_821' title='bbox 2709 4954 2769 5000; x_wconf 91' lang='lat' dir='ltr'><strong>ut</strong></span> <span class='ocrx_word' id='word_1_822' title='bbox 2792 4946 3004 5017; x_wconf 87' lang='lat' dir='ltr'><strong>plenius</strong></span> <span class='ocrx_word' id='word_1_823' title='bbox 3021 4963 3085 5004; x_wconf 89' lang='lat' dir='ltr'><strong>ea</strong></span> <span class='ocrx_word' id='word_1_824' title='bbox 3104 4964 3224 5018; x_wconf 78' lang='lat' dir='ltr'><strong>qua:</strong></span> <span class='ocrx_word' id='word_1_825' title='bbox 3245 4966 3277 5004; x_wconf 86' lang='lat' dir='ltr'><strong>a</strong></span> <span class='ocrx_word' id='word_1_826' title='bbox 3299 4949 3480 5006; x_wconf 84' lang='lat' dir='ltr'><strong>Theo-</strong></span> 
     </span>
    </p>
   </div>
   <div class='ocr_carea' id='block_1_112' title="bbox 1894 5031 3484 5109">
    <p class='ocr_par' dir='ltr' id='par_1_112' title="bbox 1894 5031 3484 5109">
     <span class='ocr_line' id='line_1_112' title="bbox 1894 5031 3484 5109; baseline 0.004 -21"><span class='ocrx_word' id='word_1_827' title='bbox 1894 5032 2086 5090; x_wconf 90' lang='lat' dir='ltr'><strong>doreto</strong></span> <span class='ocrx_word' id='word_1_828' title='bbox 2115 5043 2173 5090; x_wconf 90' lang='lat' dir='ltr'><strong>et</strong></span> <span class='ocrx_word' id='word_1_829' title='bbox 2195 5031 2286 5088; x_wconf 88' lang='lat' dir='ltr'><strong>lba</strong></span> <span class='ocrx_word' id='word_1_830' title='bbox 2317 5035 2530 5089; x_wconf 85' lang='lat' dir='ltr'><strong>turbata</strong></span> <span class='ocrx_word' id='word_1_831' title='bbox 2560 5044 2683 5090; x_wconf 89' lang='lat' dir='ltr'><strong>sunt</strong></span> <span class='ocrx_word' id='word_1_832' title='bbox 2711 5037 3038 5106; x_wconf 70' lang='lat' dir='ltr'><strong>intelligetis,</strong></span> <span class='ocrx_word' id='word_1_833' title='bbox 3070 5039 3185 5094; x_wconf 63' lang='lat' dir='ltr'><strong>haec</strong></span> <span class='ocrx_word' id='word_1_834' title='bbox 3213 5039 3316 5094; x_wconf 87' lang='lat' dir='ltr'><strong>alia</strong></span> <span class='ocrx_word' id='word_1_835' title='bbox 3345 5056 3484 5109; x_wconf 84' lang='lat' dir='ltr'><strong>quo-</strong></span> 
     </span>
    </p>
   </div>
   <div class='ocr_carea' id='block_1_113' title="bbox 1896 5124 3478 5196">
    <p class='ocr_par' dir='ltr' id='par_1_113' title="bbox 1896 5124 3478 5196">
     <span class='ocr_line' id='line_1_113' title="bbox 1896 5124 3478 5196; baseline 0.001 -16"><span class='ocrx_word' id='word_1_836' title='bbox 1896 5138 2002 5194; x_wconf 89' lang='lat' dir='ltr'><strong>que</strong></span> <span class='ocrx_word' id='word_1_837' title='bbox 2031 5124 2182 5180; x_wconf 86' lang='lat' dir='ltr'><strong>vobis</strong></span> <span class='ocrx_word' id='word_1_838' title='bbox 2209 5138 2483 5194; x_wconf 81' lang='lat' dir='ltr'><strong>exponere</strong></span> <span class='ocrx_word' id='word_1_839' title='bbox 2523 5135 2732 5195; x_wconf 80' lang='lat' dir='ltr'><strong>operae&#39;</strong></span> <span class='ocrx_word' id='word_1_840' title='bbox 2754 5127 2988 5196; x_wconf 89' lang='lat' dir='ltr'><strong>pretium</strong></span> <span class='ocrx_word' id='word_1_841' title='bbox 3035 5127 3478 5182; x_wconf 82' lang='lat' dir='ltr'><strong>existimavimus.</strong></span> 
     </span>
    </p>
   </div>
   <div class='ocr_carea' id='block_1_114' title="bbox 1967 5213 3482 5286">
    <p class='ocr_par' dir='ltr' id='par_1_114' title="bbox 1967 5213 3482 5286">
     <span class='ocr_line' id='line_1_114' title="bbox 1967 5213 3482 5286; baseline 0.004 -18"><span class='ocrx_word' id='word_1_842' title='bbox 1967 5213 2234 5270; x_wconf 86' lang='lat' dir='ltr'><strong>Noveritis</strong></span> <span class='ocrx_word' id='word_1_843' title='bbox 2277 5215 2494 5284; x_wconf 84' lang='lat' dir='ltr'><strong>itaque,</strong></span> <span class='ocrx_word' id='word_1_844' title='bbox 2536 5214 2682 5286; x_wconf 86' lang='lat' dir='ltr'><strong>quod</strong></span> <span class='ocrx_word' id='word_1_845' title='bbox 2717 5229 2839 5270; x_wconf 88' lang='lat' dir='ltr'><strong>cum</strong></span> <span class='ocrx_word' id='word_1_846' title='bbox 2877 5215 3103 5273; x_wconf 81' lang='lat' dir='ltr'><strong>diversis</strong></span> <span class='ocrx_word' id='word_1_847' title='bbox 3149 5217 3482 5285; x_wconf 84' lang='lat' dir='ltr'><strong>temporibus</strong></span> 
     </span>
    </p>
   </div>
   <div class='ocr_carea' id='block_1_115' title="bbox 1895 5304 3481 5375">
    <p class='ocr_par' dir='ltr' id='par_1_115' title="bbox 1895 5304 3481 5375">
     <span class='ocr_line' id='line_1_115' title="bbox 1895 5304 3481 5375; baseline 0 -12"><span class='ocrx_word' id='word_1_848' title='bbox 1895 5316 2177 5363; x_wconf 88' lang='lat' dir='ltr'><strong>accusatus</strong></span> <span class='ocrx_word' id='word_1_849' title='bbox 2225 5313 2371 5360; x_wconf 88' lang='lat' dir='ltr'><strong>esset</strong></span> <span class='ocrx_word' id='word_1_850' title='bbox 2421 5305 2539 5360; x_wconf 86' lang='lat' dir='ltr'><strong>[bas</strong></span> <span class='ocrx_word' id='word_1_851' title='bbox 2591 5305 2734 5375; x_wconf 90' lang='lat' dir='ltr'><strong>apud</strong></span> <span class='ocrx_word' id='word_1_852' title='bbox 2787 5304 3042 5375; x_wconf 73' lang='lat' dir='ltr'><strong>piissinné</strong></span> <span class='ocrx_word' id='word_1_853' title='bbox 3091 5305 3481 5364; x_wconf 80' lang='lat' dir='ltr'><strong>recordationis</strong></span> 
     </span>
    </p>
   </div>
   <div class='ocr_carea' id='block_1_116' title="bbox 1894 5392 3480 5467">
    <p class='ocr_par' dir='ltr' id='par_1_116' title="bbox 1894 5392 3480 5467">
     <span class='ocr_line' id='line_1_116' title="bbox 1894 5392 3480 5467; baseline -0.001 -13"><span class='ocrx_word' id='word_1_854' title='bbox 1894 5412 2076 5467; x_wconf 80' lang='lat' dir='ltr'><strong>regem</strong></span> <span class='ocrx_word' id='word_1_855' title='bbox 2099 5392 2484 5464; x_wconf 84' lang='lat' dir='ltr'><strong>Theodosium,</strong></span> <span class='ocrx_word' id='word_1_856' title='bbox 2515 5397 2586 5453; x_wconf 93' lang='lat' dir='ltr'><strong>ob</strong></span> <span class='ocrx_word' id='word_1_857' title='bbox 2611 5396 2990 5454; x_wconf 83' lang='lat' dir='ltr'><strong>Nestorianam</strong></span> <span class='ocrx_word' id='word_1_858' title='bbox 3019 5395 3480 5453; x_wconf 84' lang='lat' dir='ltr'><strong>Theodorianam-</strong></span> 
     </span>
    </p>
   </div>
   <div class='ocr_carea' id='block_1_117' title="bbox 1894 5487 3481 5562">
    <p class='ocr_par' dir='ltr' id='par_1_117' title="bbox 1894 5487 3481 5562">
     <span class='ocr_line' id='line_1_117' title="bbox 1894 5487 3481 5562; baseline 0 -17"><span class='ocrx_word' id='word_1_859' title='bbox 1894 5507 2000 5562; x_wconf 90' lang='lat' dir='ltr'><strong>que</strong></span> <span class='ocrx_word' id='word_1_860' title='bbox 2034 5490 2366 5560; x_wconf 87' lang='lat' dir='ltr'><strong>impietatem</strong></span> <span class='ocrx_word' id='word_1_861' title='bbox 2403 5487 2458 5542; x_wconf 93' lang='lat' dir='ltr'><strong>in</strong></span> <span class='ocrx_word' id='word_1_862' title='bbox 2497 5503 2594 5543; x_wconf 87' lang='lat' dir='ltr'><strong>sua</strong></span> <span class='ocrx_word' id='word_1_863' title='bbox 2646 5503 2709 5542; x_wconf 89' lang='lat' dir='ltr'><strong>ea</strong></span> <span class='ocrx_word' id='word_1_864' title='bbox 2764 5487 2994 5558; x_wconf 87' lang='lat' dir='ltr'><strong>epistola</strong></span> <span class='ocrx_word' id='word_1_865' title='bbox 3039 5495 3368 5552; x_wconf 83' lang='lat' dir='ltr'><strong>contentam,</strong></span> <span class='ocrx_word' id='word_1_866' title='bbox 3415 5503 3481 5545; x_wconf 89' lang='lat' dir='ltr'><strong>ac</strong></span> 
     </span>
    </p>
   </div>
   <div class='ocr_carea' id='block_1_118' title="bbox 1888 5581 3480 5658">
    <p class='ocr_par' dir='ltr' id='par_1_118' title="bbox 1888 5581 3480 5658">
     <span class='ocr_line' id='line_1_118' title="bbox 1888 5581 3480 5658; baseline -0.002 -16"><span class='ocrx_word' id='word_1_867' title='bbox 1888 5594 2112 5658; x_wconf 88' lang='lat' dir='ltr'><strong>propter</strong></span> <span class='ocrx_word' id='word_1_868' title='bbox 2153 5582 2512 5639; x_wconf 87' lang='lat' dir='ltr'><strong>contumelias</strong></span> <span class='ocrx_word' id='word_1_869' title='bbox 2549 5581 2602 5636; x_wconf 91' lang='lat' dir='ltr'><strong>in</strong></span> <span class='ocrx_word' id='word_1_870' title='bbox 2653 5591 2896 5638; x_wconf 86' lang='lat' dir='ltr'><strong>sanctum</strong></span> <span class='ocrx_word' id='word_1_871' title='bbox 2943 5581 3203 5654; x_wconf 86' lang='lat' dir='ltr'><strong>Cyrillum</strong></span> <span class='ocrx_word' id='word_1_872' title='bbox 3253 5582 3480 5652; x_wconf 81' lang='lat' dir='ltr'><strong>ejusque</strong></span> 
     </span>
    </p>
   </div>
   <div class='ocr_carea' id='block_1_119' title="bbox 1889 5671 3474 5750">
    <p class='ocr_par' dir='ltr' id='par_1_119' title="bbox 1889 5671 3474 5750">
     <span class='ocr_line' id='line_1_119' title="bbox 1889 5671 3474 5750; baseline -0.002 -15"><span class='ocrx_word' id='word_1_873' title='bbox 1889 5677 2121 5750; x_wconf 83' lang='lat' dir='ltr'><strong>capitula</strong></span> <span class='ocrx_word' id='word_1_874' title='bbox 2167 5674 2424 5748; x_wconf 83' lang='lat' dir='ltr'><strong>prolatas,</strong></span> <span class='ocrx_word' id='word_1_875' title='bbox 2457 5683 2514 5732; x_wconf 86' lang='lat' dir='ltr'><strong>et</strong></span> <span class='ocrx_word' id='word_1_876' title='bbox 2551 5673 2693 5746; x_wconf 81' lang='lat' dir='ltr'><strong>apud</strong></span> <span class='ocrx_word' id='word_1_877' title='bbox 2742 5673 2989 5731; x_wconf 65' lang='lat' dir='ltr'><strong>Pt‘oclum</strong></span> <span class='ocrx_word' id='word_1_878' title='bbox 3037 5683 3286 5730; x_wconf 80' lang='lat' dir='ltr'><strong>sanctum</strong></span> <span class='ocrx_word' id='word_1_879' title='bbox 3324 5671 3474 5732; x_wconf 79' lang='lat' dir='ltr'><strong>Cou-</strong></span> 
     </span>
    </p>
   </div>
  </div>
