3952 6398
462 265 566 320 διε)

1831 265 2122 326 VlGlLlUS
2161 268 2355 326 ΡΑΡΑ.
2445 304 2458 310 -

3626 268 3737 326 5‘20

452 394 629 445 νοοῦσι
671 389 900 444 σκοτεινά
927 382 1054 443 εἶναι
1079 384 1218 442 δοκεῖ
1245 387 1309 442 τὰ
1331 387 1477 462 παρά
1514 390 1613 442 τῶν
1651 391 1741 445 τῆς
1770 385 2026 446 ἐκκλησίας

2139 385 2426 456 ligentibus
2451 397 2515 443 ea
2541 401 2662 458 quae
2691 387 2759 444 ab
2784 387 3043 444 Ecclesia:
3072 387 3340 458 magistris
3369 387 3563 446 tradita
3589 403 3738 461 sunt,

459 483 790 550 διδασκάλων,
808 487 890 538 καί
911 489 1012 539 τῶν
1033 483 1177 536 θείων
1196 492 1394 557 γραφῶν
1413 478 1741 552 ἔκτεθειμένα.
1767 481 1854 532 Καί
1876 485 2044 534 ταῦτα

454 579 548 644 μὲν
587 579 652 630 τά
697 578 814 652 περί
855 571 990 638 Ἵϐα,
1021 575 1108 629 καί
1159 581 1251 633 τῆς
1298 573 1520 634 ἀσεϐοῦς
1560 573 1744 632 ἐκείνης
1774 571 2042 632 ίπιστολῆς

459 669 590 722 οὕτω
607 668 1121 739 παρακολουθήσαντα
1147 663 1204 722 ἕν
1223 687 1330 722 τισι
1356 666 1567 737 βιϐλίοις
1596 666 1928 740 εὑρίσκονται.

524 757 713 811 Εἱδέναι
757 756 811 812 δέ
852 758 990 830 ὑμᾶς
1031 763 1140 833 χρὴ
1174 755 1251 814 ὅτι
1291 757 1358 812 τά
1397 759 1768 832 πεπραγμένα,
1805 757 1853 810 ἐν
1894 753 1967 818 οἷς
2009 757 2040 814 ἠ

457 850 647 909 ἀσεϐής
697 851 850 909 ἐκείνη
904 851 1142 910 ἐπιστολή
1187 853 1512 924 περιέχεται»
1543 853 1648 919 οὺχ
1696 850 2040 904 ὑποτέτακται

456 951 563 1004 τοῖς
587 944 911 1008 αὐθεντικοίς,
937 941 1010 1004 οἷς
1041 944 1086 997 oi
1127 945 1392 998 ἐπίσκοποι
1426 942 1749 1015 ὑπέγραψαν,
1779 939 1844 994 ὧν
1869 943 1951 994 καὶ
1976 941 2041 994 τά

459 1035 686 1090 ίσότυπα
714 1036 996 1098 αὐθεντικά,
1029 1033 1078 1089 ἕν
1098 1054 1154 1090 τε
1185 1041 1247 1108 τῇ
1273 1033 1531 1104 ἁγιωτάτῃ
1560 1031 1792 1105 ἐκκλησίᾳ
1817 1029 2036 1100 Ῥώμης,

457 1129 542 1182 καί
567 1127 618 1180 ίν
729 1127 1270 1191 Κωνσταντινουπόλει,
1302 1129 1382 1180 καὶ
1410 1126 1461 1178 ἐν
1501 1133 1576 1197 τῷ
1615 1125 1730 1196 θείῳ
1759 1126 1900 1194 ἡμῶν
1938 1143 2041 1177 πα-

456 1215 612 1288 λατίῳ
634 1215 1074 1289 παραδεδώκασιν.
1100 1217 1239 1272 Ἐπεί
1259 1223 1424 1271 τοίνυν
1444 1215 1697 1271 δείκνυται
1715 1214 2040 1284 πανταχόθεν

457 1309 630 1368 πάσης
673 1311 910 1370 ἀσεϐείας
935 1309 1304 1383 πεπληρωμένη
1334 1310 1365 1366 ἦ
1395 1309 1521 1366 αὕτη
1551 1306 1744 1366 ἀσεϐής
1773 1305 2035 1369 ἐπιστολὴ,

457 1402 536 1454 καί
563 1399 764 1456 ἐναντία
791 1395 926 1454 οὖσα
951 1409 1058 1462 τοῖς
1087 1399 1356 1476 ὁρισθεῖσιν
1381 1399 1482 1454 ὑπὸ
1507 1405 1599 1458 τῆς
1641 1397 1792 1470 ἁγίας
1820 1398 1869 1450 ίν
1905 1400 2039 1451 Χαλ-

457 1489 627 1548 κηδόνι
667 1491 901 1552 συνόδου,
929 1495 974 1545 οἱ
1014 1489 1208 1550 ταύτην
1249 1492 1476 1563 λέγοντες
1518 1489 1759 1563 δεδέχθαι
1803 1493 1904 1547 ὑπό
1948 1500 2040 1551 τῆς·

457 1579 605 1652 ἁγίας
629 1583 680 1635 ἐν
703 1580 975 1640 Χαλκηδόνι
1001 1582 1217 1638 συνόδου
1237 1625 1252 1648 ,
1284 1587 1344 1638 οὒ
1372 1583 1518 1653 μόνον
1544 1589 1636 1643 τήν
1664 1585 1849 1638 οἰκείαν
1888 1604 2040 1637 κακο-

457 1668 624 1735 δοξίαν
669 1671 1046 1737 σπουδάζουσιν
1091 1671 1315 1739 ίκδικεῖν,
1341 1675 1463 1728 άλλά
1488 1676 1575 1728 καί
1615 1673 1764 1750 ὕϐριν
1807 1681 1869 1748 τῇ
1911 1675 2038 1748 αὐτῇ

2143 487 2307 548 atque
2337 495 2406 535 ex
2433 480 2626 536 divinis
2672 481 2865 536 litteris
2905 482 3095 536 hausta
3125 485 3354 538 obscura
3385 500 3508 541 esse
3542 485 3740 543 viden-

2143 575 2248 624 tur.
2276 569 2451 638 Atque
2472 571 2584 625 base
2613 571 2828 640 quidem
2857 571 2924 626 de
2953 570 3044 626 lba
3065 580 3226 642 atque
3273 573 3438 644 impia
3485 575 3577 631 illa
3617 577 3739 650 epi-

2142 659 2278 713 stola
2305 659 2357 712 in
2390 660 2658 730 aliquibus
2688 661 2840 718 libris
2866 671 3201 732 perscrutata
3225 666 3590 736 reperiuntur.

2212 748 2454 819 Namque
2481 765 2660 820 operte
2689 751 2921 821 pretium
2961 762 3043 808 est
3085 763 3144 808 ut
3172 756 3359 811 sciatis
3404 769 3526 814 aeta
3569 773 3638 814 ea
3680 758 3737 814 in

2141 840 2334 911 quibus
2364 842 2526 912 impia
2558 843 2646 897 illa
2689 845 3000 899 continetur
3023 847 3272 917 epistola,
3314 849 3537 905 minime
3581 867 3738 906 com-

2140 931 2302 1002 plecti
2329 932 2382 986 in
2407 933 2734 988 authenticis
2769 935 2836 990 iis
2871 937 3067 1005 quibus
3114 939 3353 1009 episcopi
3399 941 3735 1012 subscripse-

2141 1031 2287 1090 runt,
2317 1040 2547 1094 quorum
2587 1026 2902 1080 authentica
2935 1030 3266 1098 exemplaria
3303 1031 3354 1085 in
3394 1035 3736 1090 sanctissima

2143 1113 2386 1170 Romana
2434 1114 2674 1170 Ecclesia
2712 1125 2769 1171 et
2814 1117 2868 1172 in
2912 1115 3536 1192 Constantinopolitana,
3571 1135 3739 1196 atque

2143 1206 2306 1260 etiam
2330 1207 2385 1260 in
2412 1221 2571 1262 sacro
2598 1215 2784 1264 nostro
2812 1207 3015 1278 palatio
3044 1219 3255 1265 servata
3283 1221 3426 1266 sunt.
3467 1213 3738 1280 Quoniam

2142 1295 2304 1365 igitur
2342 1296 2578 1367 undique
2607 1297 2948 1354 manifestum
2977 1310 3061 1356 est
3097 1301 3316 1372 impiam
3360 1319 3481 1358 eam
3528 1307 3738 1376 episto-

2143 1387 2248 1442 lam
2279 1388 2426 1442 omni
2455 1388 2738 1458 iniquitate
2765 1389 3018 1445 refertam
3047 1407 3185 1458 esse,
3217 1397 3530 1465 sanctisque
3565 1413 3740 1454 sacra:

2142 1476 2598 1533 Chalcedonensis
2625 1479 2815 1549 synodi
2844 1479 3244 1538 deﬁnitionibus
3283 1485 3582 1556 adversari,
3613 1489 3738 1544 reli-

2141 1583 2306 1638 quum
2335 1579 2416 1625 est
2445 1579 2502 1624 ut
2531 1571 2621 1639 qui
2649 1571 2883 1626 dixerint
2929 1573 3098 1644 ipsam
3134 1576 3188 1630 in
3223 1590 3408 1633 sancta
3435 1578 3739 1638 Chalcelo—

2143 1659 2295 1713 nensi
2317 1660 2522 1730 synodo
2552 1661 2838 1726 contineri,
2871 1663 2909 1718 ii
2939 1681 3046 1720 non
3077 1667 3238 1722 modo
3266 1671 3542 1740 prepriam
3572 1673 3737 1730 tutari

457 1762 581 1838 ἁγίᾳ
605 1763 803 1836 συνόδῳ
841 1767 1182 1842 προσάπτειν.
1209 1768 1284 1820 Τά
1310 1769 1409 1841 γὰρ
1435 1765 1686 1838 δεχθέντα
1707 1770 1790 1820 καί
1820 1767 2026 1836 βεϐαιω·

2146 1753 2406 1809 malitiam
2427 1757 2572 1810 omni
2603 1766 2802 1812 conatu
2837 1758 2970 1812 eniti
2996 1769 3358 1827 censeantur;
3395 1777 3584 1816 verum
3610 1763 3738 1817 insi-

457 1854 602 1909 θέντα
629 1858 773 1930 παρά
799 1865 890 1917 τῆς
917 1858 1342 1928 μνημονευθείσης
1363 1858 1512 1931 ἁγίας
1535 1857 1771 1923 συνόδου,
1796 1859 2042 1927 ὀνομαστί

457 1947 508 2000 ἰν
535 1954 608 2016 τῷ
633 1947 758 2023 παρ’
785 1949 942 2010 αὐτῆς
969 1947 1222 2020 δεδομένῳ
1249 1951 1366 2028 περί
1394 1959 1486 2010 τῆς
1509 1952 1734 2012 πίστεως
1760 1947 1861 2024 ὅρῳ
1900 1969 2040 2025 περιο

457 2037 642 2108 ἔχεται

527 2222 790 2275 Γινὼσκειν
829 2219 881 2276 δὲ
927 2223 1064 2292 ὑμᾶς
1104 2222 1384 2294 βουλόμεθα
1408 2264 1424 2289 ,
1470 2221 1553 2279 ὅτι
1585 2225 1668 2277 καί
1705 2221 2036 2300 Θεοδὼριτος,

455 2309 626 2370 ἔπειδή
649 2313 780 2366 κατὰ
803 2319 902 2368 τῶν
937 2311 1133 2369 δώδεκα
1173 2314 1445 2384 κεφαλαίων
1473 2320 1566 2368 τοῦ
1593 2314 1643 2367 ἐν
1673 2312 1835 2386 ἁγίοις
1863 2315 2035 2386 Ιίυρίλ-

455 2401 542 2458 λου
575 2402 796 2478 ἔγραψε,
827 2407 1128 2481 Νεστόριον,
1157 2409 1242 2462 καί
1270 2412 1361 2467 τήν
1393 2408 1548 2462 αὐτοῦ
1582 2407 1876 2472 κακοδοξίαν
1903 2407 2040 2463 ἐκδι-

453 2501 570 2554 κῶν.
601 2499 732 2568 μετά
773 2497 860 2552 τόν
908 2494 1026 2572 ὅρον
1069 2506 1161 2558 τῆς
1206 2497 1254 2551 ἐν
1300 2495 1579 2555 Χαλκηδόνι
1626 2496 1774 2570 ἁγίας
1820 2496 2036 2552 συνέδου

456 2588 712 2646 συνωθήθη
732 2628 747 2652 ,
787 2595 991 2659 πρῶτον
1027 2591 1116 2660 μὲν
1152 2589 1514 2660 άναθεματίσαι
1549 2591 1811 2661 Νεστόριον
1841 2592 1925 2642 καὶ
1949 2594 2038 2648 τήν

455 2677 694 2736 ἆσίξειαν
717 2681 808 2736 τήν
849 2680 1029 2743 αὑτοῦ,
1059 2681 1140 2732 καί
1169 2675 1480 2750 ὁμολογῆσαι
1521 2675 1746 2732 θεοτόκον
1774 2683 1863 2737 τήν
1891 2677 2039 2750 ἁγίαν

453 2764 648 2832 ἔνδοξον
697 2768 1019 2843 άειπάρθενον
1061 2769 1270 2838 Μαρίαν,
1315 2770 1400 2822 καί
1439 2767 1602 2828 οὕτως
1643 2766 1851 2838 ἐδέχθη.
1896 2764 2038 2821 Ὀθεν

454 2861 538 2916 καί
565 2855 710 2920 Ἴϐας
738 2863 824 2916 καί
872 2858 1181 2937 Θεοδὼριτος
1206 2863 1312 2932 οὺχ
1341 2862 1410 2921 ὡς
1448 2858 1740 2915 διδάσκαλοι
1773 2864 1854 2914 καί
1881 2863 2037 2917 πατέ-

452 2969 557 3026 ρες,
574 2950 679 3004 ἀλλ’
701 2951 770 3010 ὡς
793 2957 1174 3020 μετανοοῦντες,
1189 2953 1278 3007 καί
1300 2951 1752 3024 ἀναθεματίζοντες
1778 2958 1870 3012 την
1897 2973 2036 3008 κακο-

450 3039 636 3106 δοξίαν,
669 3042 800 3118 ὖπίρ
824 3039 884 3104 ἧς
910 3043 1345 3119 κατηγορήθησαν,
1369 3045 1452 3097 καί
1491 3041 1754 3114 δεξάμενοι
1793 3045 1883 3100 τόν
1915 3043 2034 3118 ὅρον

2143 1859 2302 1914 gnem
2331 1862 2548 1918 quoque
2573 1859 2758 1904 sancto
2786 1851 3018 1906 concilio
3049 1852 3249 1906 faciant
3279 1853 3553 1922 injuriam-.
3583 1856 3738 1921 Qum-

2143 1955 2356 2009 cunque
2398 1943 2541 1997 enim
2571 1946 2868 2014 approbata
2909 1955 3069 2016 atque
3097 1947 3414 2002 conﬁrmata
3456 1966 3485 2004 a
3528 1968 3736 2005 memo-

2142 2039 2257 2084 rata
2307 2043 2492 2087 sancta
2540 2036 2746 2105 synodo
2789 2045 2932 2102 sunt,
2979 2053 3043 2091 ea
3093 2040 3274 2093 omnia
3321 2042 3639 2096 nominatim
3686 2044 3737 2096 in

2145 2120 2262 2177 ﬁdei
2293 2123 2605 2181 deﬁnitione
2634 2128 2702 2182 ab
2729 2128 2842 2198 ipsa
2875 2129 3070 2184 tradita
3099 2132 3465 2187 continentur.

2213 2215 2470 2272 Volumus
2491 2229 2668 2273 autem
2692 2221 2842 2274 vobis
2870 2221 3026 2276 simul
3049 2232 3318 2289 constare,
3348 2223 3736 2279 Theodoritum

2140 2323 2373 2378 quoque,
2405 2319 2690 2382 postquam
2724 2313 2985 2370 adversus
3013 2315 3297 2370 duodecim
3336 2319 3509 2372 sancti
3551 2319 3736 2390 Cyl-illi

2140 2401 2318 2469 capita
2366 2402 2630 2457 calamum
2685 2406 3106 2474 perstrinxisset,
3159 2407 3462 2464 Nestorium
3511 2411 3736 2480 ejusque

2138 2492 2460 2560 pravitatem
2485 2493 2882 2559 defendentem,
2911 2506 3034 2566 post
3069 2508 3268 2554 sancta:
3308 2501 3496 2572 synodi
3541 2502 3736 2556 deﬁni-

2142 2581 2342 2634 tionem
2379 2581 2432 2636 id
2472 2577 2724 2640 lfabuisse
2766 2586 2819 2640 in
2847 2587 3134 2653 mandatis,
3186 2591 3361 2660 primo
3409 2593 3628 2661 quidem
3681 2604 3734 2648 ut

2139 2671 2618 2728 anathematizaret
2642 2674 2972 2745 Nestorium,
2997 2687 3346 2750 sanctamque
3369 2689 3422 2736 et
3443 2683 3627 2752 gloria
3649 2700 3735 2738 am

2138 2775 2355 2832 semper
2380 2764 2643 2833 virginem
2683 2764 2906 2823 Mariam
2946 2769 3228 2840 Deiparam
3272 2771 3644 2839 conﬁteretur,
3679 2785 3732 2831 et

2137 2851 2368 2922 idipsum
2425 2864 2713 2912 exsecutus
2759 2867 2860 2913 est.
2907 2859 3087 2926 Quare
3148 2861 3270 2919 [bas
3321 2865 3532 2934 pariter
3559 2877 3728 2936 atque

2139 2939 2516 3013 Theodoritus,
2553 2963 2661 3003 non
2695 2949 2861 3005 veluti
2883 2953 3126 3021 magistri
3169 2963 3264 3010 aut
3293 2954 3504 3024 Patres,
3533 2959 3631 3016 sed
3659 2969 3720 3016 ut

2137 3033 2481 3103 praenitentes,
2514 3045 2568 3092 et
2600 3039 2935 3108 perniciosas
2975 3045 3273 3101 sententias
3299 3045 3638 3108 detestantes
3665 3053 3731 3108 de

449 3138 540 3190 τῆς
567 3132 618 3184 ἐν
643 3129 916 3189 Χαλκηδόνι
955 3129 1197 3193 συνόδου,
1234 3135 1318 3187 καί
1357 3131 1748 3208 ὑπογράψαντες
1782 3135 1832 3186 ἐν
1857 3135 2024 3204 αὐτῷ,

2137 3123 2330 3191 quibus
2359 3125 2570 3182 fuerant
2593 3131 2854 3201 accusati,
2881 3143 3045 3206 atque
3086 3135 3456 3194 deﬁnitionem
3501 3140 3726 3198 Chalce-

448 3218 751 3290 ἐδέχθησαν.
788 3217 984 3281 Ἐπειδή
1023 3219 1134 3282 ἔθος
1176 3223 1314 3278 ἐστίν
1355 3225 1406 3276 ὲν
1430 3232 1493 3297 τῇ
1527 3225 1759 3298 καθολικῇ
1789 3225 2028 3301 ἐκκλησίᾳ

446 3309 678 3370 ἅπαντας
704 3311 826 3374 τούς
851 3313 1134 3387 αἱρετικούς
1155 3321 1246 3374 τῆς
1273 3316 1450 3372 οἰκείας
1479 3315 1670 3374 πὶάνης
1701 3317 2028 3392 ἀναχωροῦν-

446 3423 559 3462 τας,
580 3407 664 3457 καί
686 3404 814 3477 πρός
839 3408 930 3462 τήν
953 3403 1212 3480 ὀρθόδοξον
1236 3405 1530 3464 ίπανιόντας
1555 3409 1752 3471 πίστιν,
1779 3405 2026 3479 δεχθῆναι

445 3498 514 3556 είς
561 3499 838 3561 κοινωνίαν,
881 3499 944 3549 ου
989 3501 1086 3569 μὴν
1137 3499 1204 3556 ὡς
1251 3494 1586 3557 διδασκάλους
1635 3506 1750 3557 τοῖς
1792 3498 2025 3573 πατράσι

445 3591 870 3664 συναριθμεῖσθαι.
913 3586 1058 3644 Ὀθιν
1095 3592 1324 3651 καὶτοὺς
1361 3587 1539 3652 ἄλλους
1567 3593 1886 3653 άνατολικούς
1916 3595 2026 3650 ἐπι-

445 3681 704 3745 σκόπους,
749 3683 794 3744 οἳ
836 3701 968 3744 τινες
1011 3683 1279 3758 Νεστόριον
1321 3681 1630 3746 ίκδικοῦντες
1676 3687 1916 3741 ἀντεῖπον
1959 3696 2022 3762 τῇ

446 3773 622 3846 πρώτη
667 3779 715 3826 ίν
755 3771 940 3844 Ἐφέσῳ
985 3773 1208 3846 συνόδῳ,
1236 3779 1318 3831 καί
1363 3784 1437 3850 τῷ
1475 3778 1524 3830 ἐν
1571 3777 1732 3849 ἁγίοις
1777 3780 2019 3856 Κυρίλλῳ,

443 3862 616 3923 ἐπειδὴ
643 3867 772 3934 μετά
810 3874 978 3922 ταῦτα
1022 3869 1288 3943 Νεστόριον
1327 3872 1408 3924 καὶ
1467 3875 1553 3929 την
1581 3870 1871 3936 κακοδοξίαν
1897 3875 2018 3928 ἀνε-

442 3961 718 4030 9εμάτισαν
745 3967 834 4022 τήν
867 3963 1048 4027 αὐτοῦ,
1079 3963 1276 4028 ἐδέξατο
1303 3963 1329 4018 ὁ
1354 3966 1486 4020 κατά
1514 3963 1701 4033 Ῥώμην
1739 3967 2020 4022 ἀποστολι-

441 4051 525 4110 κὸς
551 4051 742 4126 Opinor,
768 4055 856 4107 καί
877 4051 903 4107 ό
935 4053 983 4107 ἐν
1011 4053 1173 4125 ἁγίοις
1197 4055 1451 4126 κύριλλος,
1477 4057 1560 4108 καί
1588 4053 1673 4111 διά
1701 4063 1854 4113 τοῦτο
1881 4060 1964 4114 καί
1989 4060 2021 4117 ἣ

438 4142 560 4215 ἁγία
584 4149 672 4202 τοῦ
701 4152 828 4200 Θεοῦ
859 4145 1100 4203 ίκκλησία
1122 4143 1335 4215 δέχεται
1362 4145 1569 4206 αὐτούς.

507 4415 598 4467 Καί
635 4420 786 4469 τοῦτο
831 4410 884 4468 δὲ
929 4418 1065 4486 ὑμᾶς
1101 4411 1280 4471 εἰδέναι
1317 4415 1608 4489 βουλόμεθα,
1635 4417 1714 4475 ὅτι
1758 4423 1818 4474 οὗ
1869 4423 2016 4494 μόνον

2131 3212 2386 3272 donensis
2425 3221 2617 3290 synodi
2663 3223 2919 3294 amplexi,
2964 3227 3173 3298 ipsique
3213 3231 3638 3301 subscribentes,
3671 3237 3724 3290 in

2128 3319 2194 3362 ea
2234 3311 2438 3380 recepti
2477 3321 2630 3380 sunt;
2661 3330 2784 3370 cum
2825 3317 2878 3371 in
2925 3316 3170 3376 Ecclesia
3220 3323 3488 3380 catholica
3535 3328 3607 3381 sit
3654 3328 3706 3382 in

2128 3412 2282 3454 more
2315 3401 2547 3470 positum
2588 3403 2874 3463 haereticos
2915 3410 3009 3480 qui
3051 3413 3334 3484 proprium
3373 3426 3727 3474 exsecrentur

2127 3504 2368 3546 errorem
2390 3494 2458 3548 ad
2481 3495 2950 3570 orthodoxamque
2970 3499 3128 3558 ﬁdem
3139 3514 3502 3575 revertantur,
3527 3510 3724 3581 suscifi

2127 3581 2180 3634 in
2211 3585 2671 3652 communionem,
2701 3604 2809 3644 non
2834 3600 3014 3647 autem
3044 3595 3209 3650 veluti
3235 3599 3522 3667 magistros
3548 3599 3724 3658 Patri-

2125 3671 2223 3727 bus
2253 3680 2648 3734 connumerari.
2672 3679 2860 3751 Itaque
2885 3684 3022 3741 alios
3064 3687 3227 3742 etiam
3271 3688 3571 3748 Orientales
3610 3694 3722 3764 epi-

2125 3780 2338 3834 scopos,
2369 3783 2598 3838 quorum
2629 3771 2846 3842 quidam
2883 3789 2912 3829 a
2957 3775 3188 3834 Nestorii
3217 3783 3462 3850 partibus
3490 3793 3718 3855 stantes,

2125 3857 2292 3926 priori
2314 3857 2599 3929 Ephesium
2639 3863 2847 3933 synodo
2887 3876 3182 3938 sanctoque
3210 3870 3414 3944 Cyrillo
3450 3877 3718 3932 contradi-

2126 3957 2336 4014 xerant,
2385 3965 2509 4006 cum
2557 3961 2747 4022 postea
2801 3957 3088 4014 anathema
3131 3960 3396 4019 dixissent
3449 3964 3718 4034 Nestoriu,

2123 4062 2495 4119 perversaque
2551 4051 2719 4121 ipsius
2772 4057 3079 4127 sententiae,
3121 4061 3718 4130 apostolica-Romana

2123 4139 2280 4196 sedes
2299 4150 2628 4213 sanctusque
2648 4141 2881 4226 Cyrillus
2921 4147 2974 4202 in
3013 4151 3450 4208 communionem
3493 4169 3718 4226 recepe-

2122 4240 2270 4297 runt,
2304 4241 2468 4303 atque
2491 4242 2780 4305 propterea
2805 4221 2878 4294 ab
2905 4248 3092 4296 sancta
3120 4239 3218 4298 Dei
3258 4241 3503 4300 Ecclesia
3529 4221 3717 4302 susce-

2122 4323 2201 4392 pti
2217 4323 2607 4394 intelliguntur.

2195 4413 2254 4470 ld
2282 4424 2462 4472 autem
2485 4431 2516 4472 a
2536 4417 2690 4474 vobis
2716 4419 2880 4474 etiam
2907 4421 3260 4480 animadverti
3288 4425 3558 4496 cupimus,
3606 4443 3715 4485 non

435 4502 580 4566 ἰϐας
633 4509 720 4561 καί
770 4502 1078 4580 Θεοδὼριτ-ος
1125 4506 1210 4564 διὰ
1256 4511 1316 4564 τό
1361 4510 1612 4565 ἀντειπεῖν
1657 4519 1764 4572 τοῖς
1827 4511 2024 4572 δώδεκα

2134 4504 2272 4560 [bam
2304 4516 2512 4562 tantum
2558 4515 2616 4564 et
2652 4506 3037 4566 Theodoritum
3066 4513 3138 4569 ob
3167 4524 3476 4586 oppugnata
3521 4519 3717 4575 duode

434 4595 716 4663 κεφαλαίοις
751 4601 839 4650 τοῦ
871 4596 918 4648 ἐν
953 4595 1116 4668 ἁγίοις
1161 4598 1398 4670 κυρίλ).ου
1420 4599 1750 4662 ἐξεϐλήθησαν
1785 4610 1878 4662 τῆς
1906 4604 2018 4658 ἑπι-

433 4696 649 4750 σκοπῆς,
689 4687 812 4741 ἀλλά
853 4691 937 4742 καί
961 4687 1198 4758 Δόμνοςὸ
1239 4687 1552 4761 Ἀντιοχείας
1599 4693 2016 4767 ἀρχιεπίσκοπος

430 4777 515 4833 διὰ
535 4785 687 4834 τοῦτο
713 4777 1067 4840 κατεδικάσθη,
1087 4783 1154 4840 ὡς
1177 4781 1384 4856 γράψας
1413 4783 1615 4855 ὀφείλειν
1640 4785 1789 4853 μόνον
1811 4805 2015 4844 σιωπη-

429 4874 570 4928 θῆναι
611 4873 679 4926 τά
721 4874 851 4926 αὐτά
891 4870 1083 4928 δώδεκα
1133 4875 1398 4948 κεφάλαια’
1445 4877 1504 4934 ἧν
1549 4898 1662 4931 τινα
1709 4877 2014 4954 κατάκρισιν

428 4966 558 5020 κατὰ
602 4964 790 5035 Δόμνου
839 4968 1120 5038 γινομένην,
1151 4972 1232 5025 καί
1271 4971 1406 5040 μετά
1451 4971 1660 5026 θάνατον
1705 4975 1866 5026 αὐτοῦ
1903 4975 1934 5032 ἦ
1961 4975 2012 5028 ἓν

426 5055 696 5116 Χαλκηδόνι
721 5057 934 5120 σύνοδος
977 5057 1180 5124 ίδίξατό
1220 5081 1274 5114 τε
1316 5065 1401 5115 καί
1441 5061 1764 5117 ἐϐεϐαίωσεν.
1813 5061 1930 5118 Ὀτι
1956 5061 2010 5119 δὲ

427 5155 578 5204 τοῦτο
605 5149 778 5209 ἀληθές
820 5150 952 5214 ἔστι,
979 5153 1062 5204 καί
1089 5151 1246 5210 αὐτὸς
1286 5149 1599 5227 Θεοδὼριτος
1636 5155 1766 5230 πρός
1791 5151 2010 5214 Ἰωάννην

425 5241 510 5297 τόν
534 5243 860 5322 Γερμανικίας
885 5243 1164 5298 ὶπίσκοπον
1184 5251 1438 5320 μαρτυρεῖ
1452 5245 1656 5320 γράφων
1684 5244 1871 5306 οὕτως⁶
1907 5262 1927 5298 ε
1950 5249 2010 5302 Τί

423 5327 611 5390 δήποτε
639 5335 726 5386 καί
756 5340 1026 5405 προφανῶς
1051 5331 1346 5405 ψεύδονται.
1371 5339 1455 5390 καί
1487 5355 1614 5408 φασι
1653 5334 1900 5407 μηδεμίαν
1926 5357 2008 5410 γε·

421 5425 658 5496 γενῆσθαι
698 5429 820 5502 περί
863 5424 1028 5500 δόγμα
1078 5432 1430 5502 καινοτομίανς
1482 5429 1566 5486 διὰ
1609 5436 1788 5494 ποίους
1831 5433 2008 5506 φόνους

423 5517 506 5570 καί
533 5519 766 5588 γοητείας
795 5517 1026 5581 ἐξηλάθην
1064 5519 1190 5591 ἕγώς
1219 5519 1246 5576 ό
1273 5519 1412 5576 δεῖνα
1434 5523 1570 5584 τίνας
1596 5526 1839 5594 μοιχείας
1869 5525 2004 5579 ἐτόλ-

424 5623 588 5677 μησες
619 5612 797 5670 ποίους
825 5608 850 5664 ό
875 5608 1006 5665 δεῖνα
1026 5609 1236 5685 διώρυξε
1262 5615 1476 5685 τάφους;
1499 5613 1644 5673 δῆλόν
1664 5617 1772 5671 ἐστι
1793 5619 1880 5670 καί
1901 5624 2005 5676 τοῖς

424 5694 726 5769 βαρϐάροιςο
758 5698 1035 5772 παρακαλῶ
1060 5697 1182 5770 (sic)
1207 5701 1273 5761 ὡς
1297 5699 1558 5772 δογμάτων
1588 5703 1744 5778 χάριν
1765 5706 1897 5775 κάμὲ
1921 5709 2002 5758 καί

424 5787 543 5844 τοὺς
567 5783 744 5848 ἄλλους
770 5789 1026 5853 ἐξήλασαν.
1056 5792 1146 5845 Καί
1179 5793 1278 5864 γάρ
1301 5793 1385 5848 τόν
1415 5795 1583 5868 κύριον
1613 5795 1810 5867 Δόμνον,
1843 5797 1908 5857 ὡς
1937 5798 2001 5851 τά

2125 4598 2230 4652 cim
2258 4612 2321 4652 ea
2345 4599 2517 4654 sancti
2551 4599 2738 4672 Cyrilli
2775 4603 2954 4674 capita
2981 4601 3145 4662 fuisse
3172 4605 3242 4662 ab
3267 4608 3586 4680 episcopatu
3616 4612 3714 4668 de-

2116 4691 2312 4760 jectos,
2336 4707 2522 4748 verum
2552 4693 2820 4750 Domuum
2847 4710 3063 4768 quoque
3089 4698 3510 4758 Antiochensem
3538 4705 3714 4760 archi-

2121 4792 2428 4864 episcopum
2473 4793 2935 4852 condemnationis
2987 4797 3216 4856 subiisse
3248 4799 3540 4870 judicium,
3583 4819 3713 4874 pro-

2120 4891 2311 4952 pterea
2357 4882 2506 4953 quod
2555 4885 2882 4954 scripsisset,
2927 4888 3184 4958 expedire
3213 4898 3272 4944 ut
3309 4890 3598 4948 duodecim
3649 4910 3712 4949 ea

2119 4973 2295 5042 capita
2323 4972 2536 5028 silentio
2557 4983 2954 5044 premerentur;
2994 4977 3138 5048 quod
3163 4978 3424 5048 judicium
3460 4983 3512 5037 in
3547 4984 3711 5040 Dom-

2119 5077 2249 5116 num
2279 5062 2602 5131 institutum,
2632 5065 2872 5137 synodus
2892 5065 3366 5137 Chalcedonensis,
3397 5087 3466 5127 eo
3492 5089 3712 5146 quoque

2117 5168 2150 5208 e
2197 5154 2332 5209 vivis
2371 5155 2604 5222 sublato,
2661 5158 2912 5227 probavit
2958 5168 3122 5231 atque
3176 5163 3532 5222 conﬁrmavit.
3581 5167 3710 5226 Πίος

2115 5259 2279 5314 porro
2329 5246 2606 5302 verissima
2651 5261 2801 5317 esse,
2847 5260 3010 5322 atque
3053 5253 3129 5309 ita
3167 5257 3624 5324 quemadmodum
3675 5279 3709 5320 a

2115 5335 2269 5391 nobis
2298 5337 2540 5406 exposita
2570 5348 2716 5405 sunt,
2759 5355 2819 5396 se
2846 5341 3046 5399 habere
3092 5345 3320 5416 ipsemet
3347 5346 3710 5410 Theodoritus

2121 5435 2346 5483 testatur
2373 5428 2426 5484 in
2451 5431 2678 5502 epistola
2707 5433 2774 5488 ad
2800 5432 3064 5492 Joannem
3099 5437 3454 5498 Germanicia:
3494 5445 3710 5515 episco-

2115 5535 2240 5590 pum
2265 5521 2377 5576 hznc
2397 5523 2665 5580 scribens:
2686 5543 2705 5576 ι
2725 5525 2863 5592 Quid
2883 5528 3027 5584 enim
3053 5530 3262 5600 profani
3285 5535 3622 5591 mentiuntur
3644 5553 3709 5594 ac

2113 5612 2318 5677 dicunt,
2360 5613 2560 5668 nullam
2597 5615 2743 5672 circa
2785 5615 3037 5687 dogmata
3078 5635 3277 5681 novam
3333 5625 3529 5681 factam
3585 5643 3711 5686 esse

2110 5702 2436 5762 sectionem?
2455 5713 2681 5775 propter
2707 5721 2843 5777 quas
2868 5711 3045 5768 aedes
3079 5713 3258 5782 igitur,
3289 5718 3402 5774 sive
3431 5720 3705 5792 prwstigin

2108 5795 2360 5865 expulsus
2406 5811 2507 5866 ego
2553 5800 2711 5855 sum?
2757 5816 3019 5871 quasnam
3061 5808 3323 5867 mmchias
3371 5816 3706 5882 perpetravit
