3952 6382
175 403 269 458 521

1365 406 1739 463 ίυειτῐΝἰΑῗκῚ
1776 407 1914 462 IMP.
1955 407 2306 465 EPISTULA.

3355 413 3459 469 32‘!

175 521 421 594 κεφάλαια
449 526 522 594 μή
565 521 825 594 δεξάμενον
859 526 1080 582 nemo;
1112 526 1158 581 οἱ
1187 525 1443 598 βέλτιστοι
1483 524 1786 597 πανεύφημα

1903 525 2197 594 quispiam?
2220 540 2464 593 quamam
2494 527 2614 597 quis
2634 527 2880 598 sepulcra
2919 521 3218 600 pervertit?
3243 530 3338 585 sed
3367 546 3468 588 ηο-

175 620 344 671 ταῡτα
372 613 710 680 καλέσαντες,
745 619 831 670 καί
853 614 1081 690 ἐμμένειν
1108 604 1308 678 τούτοίς
1351 615 1774 687 ὁμολογήσαντες.

178 700 298 776 Ἐγὼ
320 707 428 780 γὰρ
469 707 642 761 αὐτῶν
669 709 766 768 τὰς
793 710 1090 770 καταθέσεις
1121 711 1335 781 ἀνέγνων
1353 747 1368 773 ,
1397 709 1484 779 ίμὶ
1511 705 1565 763 δὲ
1590 709 1658 768 ὡς
1685 717 1776 770 τῆς

178 796 428 870 αἱρέσεως
445 795 678 875 ἔξαρχον
704 800 1045 876 ἀπεκήρυξαν.
1069 799 1150 856 Ἐκ
1171 803 1366 856 τούτων
1387 800 1557 856 τοίνυν
1578 799 1774 856 δείκνυ-

181 909 284 956 ται,
311 887 394 944 ὅτι
421 887 512 944 διά
539 891 606 946 τά
633 892 875 968 κεφάλαια
896 900 988 948 τοῦ
1016 893 1064 946 ἓν
1103 893 1266 968 ἁγίοις
1294 892 1529 969 κυρίλλον
1553 893 1619 947 τά
1646 895 1776 946 κατά

181 981 464 1052 Νεστορίου
495 982 827 1055 προτεθέντα,
857 987 940 1038 καί
983 983 1190 1058 Δόμνῖς,
1219 987 1304 1037 καί
1338 983 1497 1045 αὐτὸς
1531 981 1780 1056 Θεοδώρι-

182 1089 291 1132 τος,
333 1072 421 1125 καί
465 1067 636 1136 Ἴδας,
667 1075 754 1126 καί
801 1070 941 1128 ἄλλοι
983 1078 1112 1134 τινὲς
1156 1075 1510 1139 ἐξεϐλήθησαν
1549 1076 1635 1128 καί
1661 1081 1782 1128 Θεο-

182 1159 396 1228 δώριτον
443 1165 557 1236 μέν,
586 1167 674 1219 καί
705 1161 850 1220 ἰϐαν
890 1167 1344 1238 μεταμεληθέντας,
1375 1169 1460 1222 καί
1487 1164 1782 1237 δεξαμένους

184 1255 249 1308 τά
285 1255 696 1326 μνημονευθίντα
739 1257 998 1328 κεφάλαια,
1029 1260 1116 1312 καί
1154 1260 1220 1312 τά
1262 1254 1410 1317 ἄλλα.
1438 1254 1555 1311 δι’όὶ
1585 1255 1784 1320 £51611}-

185 1343 364 1407 θησαν,
393 1343 426 1401 ἠ
454 1341 578 1416 ἁγία
608 1343 818 1406 σύνοδος
843 1348 874 1404 ἡ
902 1347 952 1402 ἐν
978 1346 1255 1406 Χαλκηδόνι
1299 1346 1521 1412 ἐδέξατο.
1552 1347 1612 1401 Οί
1644 1344 1784 1402 ἄλλοι

186 1429 238 1486 δὲ
280 1433 328 1486 oi
369 1437 444 1504 μή
485 1436 910 1506 μεταμεληθέντες
952 1438 1044 1490 οὐκ
1078 1435 1402 1508 ἐδέχθησαν·
1431 1438 1462 1496 ἦ
1491 1435 1544 1493 δέ
1587 1437 1780 1508 Δόμνου

188 1526 490 1600 κατάκρισις
512 1527 598 1580 καὶ
623 1529 755 1597 μετά
781 1527 990 1583 θάνατον
1017 1529 1174 1582 αὐτοῦ
1195 1527 1496 1586 ἐϐεϐαιώθη.

1887 623 2000 670 tmn
2025 614 2156 687 ipsis
2181 629 2397 685 quoque
2426 614 2679 672 Barbaris
2699 625 2784 672 est
2806 626 2970 688 atque
2995 619 3361 690 perspicuum,
3383 637 3476 678 me

1885 716 2220 777 caaterosque
2259 707 2568 778 dogmatnm
2599 724 2762 766 causa
2801 708 2967 768 fuisse
3000 708 3262 780 dejectos.
3314 710 3470 767 Enim

1883 815 2015 854 vero
2061 798 2336 854 dominum
2383 799 2546 855 etiam
2595 799 2884 870 Domuum,
2933 809 3189 872 tanquam
3237 804 3472 874 capitula

1885 903 1996 943 non
2019 887 2388 944 admittentem
2417 891 2763 960 expulerunt,
2803 906 2868 946 ea
2897 893 3044 946 omni
3095 892 3252 948 laude
3287 893 3472 962 digna,

1888 978 2076 1048 optimi
2101 978 2176 1034 illi
2198 989 2477 1048 vocantes,
2498 995 2666 1050 seque
2698 981 2752 1036 in
2782 981 2868 1037 bis
2894 997 3274 1052 permansuros
3309 984 3475 1054 protl-

1889 1074 2082 1122 tentes.
2113 1065 2198 1123 Me
2240 1078 2419 1123 autem
2449 1069 2540 1138 qui
2572 1069 2812 1138 ipsorum
2861 1073 3275 1130 constitutiones
3321 1073 3472 1142 lege-

1887 1175 2038 1225 rem,
2095 1168 2158 1214 ut
2212 1160 2480 1216 haereseos
2535 1162 2834 1232 principem
2900 1163 3268 1228 .abdicarunt.
3313 1182 3334 1217 ι
3393 1164 3474 1220 Ex

1889 1250 2084 1320 quibus
2131 1259 2315 1321 aperte
2361 1250 2634 1320 colligitur
2695 1252 2768 1308 ob
2822 1253 2993 1309 sancti
3046 1252 3232 1326 Cyrilli
3295 1255 3470 1324 capita

1893 1341 2150 1396 adversus
2175 1340 2478 1396 Nestorium
2500 1343 2798 1413 proposita,
2815 1351 2871 1400 et
2890 1344 3154 1402 Domuum
3177 1388 3194 1413 ,
3225 1354 3281 1402 et
3305 1345 3474 1402 Theo-

1891 1430 2140 1486 doretum
2171 1430 2362 1500 ipsum,
2395 1439 2450 1486 et
2477 1429 2642 1497 lbam,
2673 1443 2728 1488 et
2765 1436 3051 1492 nonnullos
3089 1445 3351 1507 przeterea
3381 1437 3474 1492 de-

1892 1522 2134 1577 turbatos
2161 1522 2380 1577 sedibus
2401 1522 2514 1578 suis
2541 1521 2725 1591 fuisse,
2750 1541 2813 1580 ac
2833 1525 3231 1584 Theodoretum
3257 1528 3472 1598 quidem

1889 1623 1945 1670 et
2009 1613 2152 1670 Ibam
2207 1615 2627 1686 resipiscentes,
2675 1625 2839 1688 atque
2884 1628 3180 1676 memorata
3235 1622 3472 1692 capitula

187 1707 508 1784 probantes,
537 1723 603 1764 ac
619 1709 827 1779 reliqua
872 1710 1052 1766 omnia
1089 1725 1319 1782 quorum
1361 1724 1525 1768 causa
1570 1708 1690 1766 suis
1721 1706 1863 1781 pulsi
1899 1705 2115 1763 sedibus
2171 1704 2413 1773 fuerant,
2471 1721 2502 1761 a
2555 1717 2743 1763 sancta
2789 1708 3215 1768 Chalcedonensi
3267 1713 3476 1784 synodo

190 1800 357 1855 fuisse
399 1809 648 1870 receptos

191 1899 301 1945 tem
322 1890 445 1960 ejus
471 1889 636 1947 fuisse
664 1890 1052 1947 conﬁrmatam.

699 1818 713 1854 :
759 1801 980 1857 minime
1027 1818 1158 1858 vero
1209 1817 1306 1860 eos
1344 1803 1436 1874 qui
1476 1817 1588 1858 non
1637 1802 2018 1874 resipnerant:
2050 1798 2244 1854 Domni
2287 1815 2420 1856 vero
2460 1799 2968 1857 condemnationem
3002 1801 3164 1858 etiam
3185 1811 3308 1874 post
3329 1819 3476 1859 mor-

261 1979 474 2041 Ἐπειδὴ
499 1981 552 2038 δὲ
582 1981 860 2059 ἐγράψατε,
892 1981 969 2040 ὅτι
1008 1986 1104 2045 τὰς
1152 1982 1418 2060 Θεοδώρου
1463 1985 1789 2057 βλασφημίας

1967 1976 2102 2034 Cum
2123 1985 2303 2034 autem
2332 1977 2658 2048 scripseritis
2702 1978 2907 2050 pariter
2947 1980 3216 2036 exsecrari
3257 1995 3290 2036 a
3327 1981 3479 2039 vobis

191 2076 288 2135 τάς
336 2073 466 2150 παρ’
491 2075 631 2146 ήμῶν
665 2075 977 2146 πεμφθείσας
1005 2076 1123 2145 ύμῖν
1149 2077 1556 2146 ἀναθεματίζετε,
1577 2073 1628 2130 εἴ
1651 2095 1788 2138 τινος

194 2161 253 2219 ἂν
282 2159 434 2232 ὦσιν,
454 2165 607 2220 αὐτόν
627 2163 681 2220 δὲ
703 2164 962 2239 Θεόδωρον
983 2165 1296 2237 ἀμφεϐἀλετε
1319 2165 1682 2239 ἀναθεματίσαι
1702 2162 1788 2220 διὰ

193 2260 252 2315 τό
279 2257 379 2318 ήδη
404 2259 812 2334 προτελευτῆσαι
838 2258 985 2312 αὐτόν
1011 2259 1058 2311 ἕν
1091 2265 1154 2332 τῇ
1201 2261 1450 2332 κοινωνίᾳ,
1475 2260 1542 2319 ὡς
1570 2258 1784 2329 λέγεται,

193 2357 296 2404 τῶν
334 2349 631 2412 ἔκκλησιῶν,
657 2351 925 2421 γινώσκετε
950 2345 1040 2420 [F.
1063 2364 1215 2420 supp.
1249 2346 1350 2419 ὅτι]
1391 2349 1438 2404 οί
1465 2350 1690 2422 λέγοντες
1717 2353 1788 2423 μή

194 2440 299 2504 ἰξὸν
317 2435 447 2494 εἶναι
463 2437 719 2518 Θεόδωρον
736 2441 1210 2510 ἀναθεματίζεσθαι,
1225 2441 1346 2494 ἀλλά
1364 2448 1472 2502 τοῖς
1491 2439 1789 2504 ἐπισκόποις

197 2533 642 2607 συναριθμεῖσθαι,
673 2532 844 2591 ἐπειδὴ
871 2535 922 2586 ἐν
949 2540 1012 2609 τῇ
1050 2537 1300 2608 κοινωνίᾳ,
1329 2535 1489 2594 καθὼς
1532 2535 1786 2609 εἰρήκατε,

195 2632 290 2684 τῆς
341 2623 616 2684 ίκκλησίας
657 2623 1009 2690 ἐτελεύτησεν,
1041 2625 1318 2696 ὀφείλουσιν
1342 2628 1426 2680 καί
1464 2623 1656 2679 Ἰούδαν
1683 2631 1790 2686 τοῖς

194 2715 512 2778 ἀποστόλοις
556 2717 880 2791 συναριθμεῖν
931 2716 1016 2770 τόν
1061 2718 1129 2776 ὡς
1173 2716 1401 2786 ἐνόμισεν
1447 2716 1660 2771 λαθόντα
1705 2715 1790 2770 τὸν

195 2808 512 2879 γινώσκοντα
554 2807 621 2860 τὰ
663 2806 869 2880 κρυπτά
901 2815 1002 2860 τῶν
1048 2806 1322 2881 ἀνθρώπων
1367 2807 1509 2868 Θεὸν,
1534 2809 1620 2861 καί
1661 2801 1792 2880 μετά

195 2905 300 2954 τῶν
329 2896 494 2954 ἄλλων
521 2899 756 2970 μαθητῶν
781 2901 1034 2954 κοινωνίαν
1059 2897 1322 2969 δεξάμενον
1345 2901 1434 2954 ἀπ’
1455 2903 1634 2955 αὐτοῦ*
1669 2898 1790 2954 ὅσον

195 2994 298 3067 γὰρ
325 2989 444 3053 ἧκεν
469 2993 541 3051 είς
586 2993 708 3050 τούς
749 2997 920 3046 ταῦτα
959 2991 1218 3061 λέγοντας,
1243 2989 1484 3061 μέμψεώς
1511 2993 1637 3045 εἰσιν
1665 2989 1792 3055 ἄξιοι

195 3087 282 3140 καί
311 3083 360 3138 ei
387 3078 664 3138 ἀπόστολοι
690 3083 735 3136 οἱ
758 3084 889 3154 μετά
915 3084 1003 3139 τόν
1047 3085 1201 3139 αὐτοῦ
1239 3086 1444 3138 θάνατον
1477 3083 1638 3155 ψῆφον
1680 3083 1793 3139 κατ’

197 3177 369 3231 αὑτοῦ
400 3172 792 3248 προαγαγόντες,
816 3177 1202 3248 κατακρίναντες
1229 3175 1400 3237 αύτίν,
1425 3176 1513 3229 καί
1538 3176 1611 3234 είς
1638 3173 1792 3230 τόπον

197 3266 363 3320 αὐτοῦ
403 3260 551 3319 ἅ·.λον
594 3265 1071 3338 ἀντεισαγαγὸντες.
1112 3267 1203 3321 Kal
1234 3265 1385 3321 πάλιν
1412 3264 1585 3326 ἐπειδὴ
1609 3268 1662 3321 ίν
1685 3275 1793 3328 τοῖς

1889 2085 1985 2128 cas
2012 2067 2283 2124 Theodori
2305 2068 2692 2140 blasphemias,
2711 2085 2846 2140 quas
2870 2070 2938 2126 ad
2966 2087 3065 2128 vos
3091 2072 3191 2144 ipsi
3228 2074 3477 2128 transmis

1892 2161 2085 2224 simus,
2112 2159 2480 2229 cujuscunque
2509 2160 2613 2216 illae
2639 2159 2784 2216 sint:
2818 2161 3104 2220 Theodoro
3148 2179 3313 2234 porro
3347 2181 3476 2220 ana-

1890 2250 2069 2304 thema
2099 2250 2279 2304 dicere
2309 2249 2588 2317 dubitetis,
2617 2252 2765 2321 quod
2797 2251 2909 2322 jam
2936 2254 3050 2323 ipse
3077 2255 3150 2309 sit
3191 2256 3244 2310 in
3287 2254 3468 2313 Eccle.

1891 2339 2113 2405 siarum,
2145 2347 2207 2394 ut
2225 2339 2440 2408 dicitur,
2463 2343 2844 2399 communione
2867 2354 3219 2412 prmmortuus
3242 2364 3255 2399 :
3285 2347 3476 2404 scitote

1893 2443 2016 2484 eum
2039 2425 2130 2497 qui
2155 2427 2352 2483 dixerit
2381 2429 2604 2485 minime
2635 2429 2976 2488 Theodorum
3030 2435 3476 2493 anatbematizar:

1890 2517 2077 2586 licere,
2108 2517 2206 2574 sed
2244 2517 2513 2590 episcopis
2558 2535 2678 2577 esse
2722 2521 3204 2590 adnumerandum,
3247 2527 3318 2581 ob
3357 2542 3476 2586 eam

1892 2623 2132 2676 causam,
2161 2608 2326 2678 quod,
2365 2617 2424 2663 ut
2457 2610 2778 2678 asseruistis,
2828 2612 2882 2666 in
2931 2610 3183 2668 Ecclesia:
3235 2630 3476 2671 commu~

1893 2699 2056 2754 nione
2091 2697 2422 2765 decesserit,
2473 2715 2597 2756 eum
2634 2701 2836 2773 pariter
2886 2711 2942 2757 et
2985 2701 3176 2758 ludam
3217 2720 3376 2775 posse
3422 2707 3477 2768 in

1893 2787 2264 2859 apostolorum
2291 2804 2573 2845 numerum
2595 2791 2880 2856 asciscere,
2915 2793 3002 2862 qui
3030 2793 3222 2859 latens,
3247 2805 3304 2850 et
3325 2809 3481 2854 notus

1892 2881 2066 2938 solum
2087 2881 2447 2952 perscrutanti
2471 2881 2708 2939 humana
2739 2895 2950 2941 secreta
2984 2885 3114 2953 Deo,
3146 2886 3245 2943 fuit
3271 2889 3338 2942 ab
3365 2890 3481 2958 ipso

1893 2986 2018 3027 cum
2045 2971 2252 3026 ceteris
2272 2971 2548 3043 discipulis
2579 2972 2647 3028 ad
2691 2975 3128 3032 communionem
3177 2979 3480 3045 admissus;

1894 3077 2018 3116 nam
2051 3061 2206 3132 juxta
2245 3062 2298 3118 id
2325 3063 2472 3133 quod
2527 3065 2730 3120 sentire
2784 3065 2902 3122 haec
2947 3067 3156 3124 alentes
3207 3071 3478 3136 videntur,

1893 3152 2037 3222 digni
2059 3153 2480 3224 reprehensione
2507 3165 2634 3212 sunt
2667 3157 2898 3227 apostoli
2933 3172 3169 3229 quoque,
3211 3163 3302 3232 qui
3354 3173 3480 3234 post

1895 3251 2126 3298 mortem
2163 3244 2300 3314 ejus.
2347 3243 2603 3315 sull'ragio
2651 3247 2907 3303 adversus
2957 3248 3131 3319 ipsum
3175 3251 3306 3317 lato,
3357 3269 3480 3312 eum

199 3354 367 3428 ἀγίοις
407 3354 716 3428 εὐαγγελίοις
759 3355 818 3410 τὸ
865 3353 1024 3428 ὄνομα
1072 3358 1228 3412 αὐτοῦ
1265 3358 1455 3431 μεταξύ
1501 3365 1600 3412 τῶν
1635 3355 1794 3414 ἄλλων

1903 3331 2397 3388 condemnaverunt
2434 3333 2707 3404 aliumque
2749 3336 2803 3390 in
2844 3335 3020 3391 locum
3047 3337 3164 3408 cjus
3191 3341 3481 3398 substitue-

199 3447 504 3501 ἀποστόλων
531 3446 944 3520 ἀναγινώσκεται,
973 3451 1043 3518 μή
1087 3443 1188 3524 ἄρα
1227 3447 1282 3500 ἐκ
1311 3445 1498 3503 τούτου
1523 3447 1553 3507 ἣ
1577 3451 1644 3507 ὡς
1666 3449 1797 3515 ἀπρο

201 3536 386 3599 στολος
443 3534 688 3608 δέχεται,
737 3535 768 3596 ἣ
806 3544 898 3596 τῆς
943 3539 1298 3608 κατακρίσεως
1345 3545 1436 3594 τοῦ
1483 3540 1796 3612 ἀναθέματος

201 3628 408 3702 ὤφειλεν
456 3629 866 3694 ίλευθερωθῆναι.
923 3637 1212 3685 Κατανοεῖτε
1255 3633 1422 3686 τοίνυν
1471 3630 1553 3687 ὅτι
1613 3633 1797 3695 ἐκεῖνος

201 3724 413 3794 τελευτᾷ
463 3723 514 3778 ἐν
649 3725 876 3796 κοινωνίᾳ
901 3729 1003 3776 τῶν
1048 3722 1340 3789 ίκκλησιῶν,
1372 3723 1400 3779 ὅ
1422 3728 1513 3783 τήν
1541 3722 1796 3800 ὀρθόδοξον

203 3818 378 3870 πίστιν
405 3815 571 3888 μέχρι
599 3815 816 3888 πέρατος
843 3821 928 3874 τῆς
961 3815 1144 3875 οἰκείας
1174 3818 1306 3879 ζωῆς
1335 3815 1576 3888 φυλάξας.

273 4000 365 4050 Καὶ
387 3997 488 4070 γάρ
515 3997 559 4049 εί
583 3997 669 4050 καί
693 4003 1010 4067 Μανιχαῑος,
1041 3994 1071 4056 ἦ
1099 3995 1366 4072 ’Δρειανός,
1391 3996 1422 4057 ἦ
1441 3999 1796 4074 Νεστοριανές,

203 4089 229 4148 ἧ
259 4090 700 4158 Εύτυχεανιστής,
731 4087 762 4149 ἧ
789 4087 936 4150 ἄλλος
960 4086 1059 4152 οἷος
1084 4086 1170 4145 οὖν
1190 4092 1467 4166 αίρετικός,
1494 4092 1525 4151 ἦ
1555 4093 1799 4170 Ἑλληνικῇ

203 4186 361 4257 μανίᾳ
389 4182 733 4257 κρατούμενος
760 4181 881 4255 λάθῃ
903 4190 1142 4237 κοινωνῶν
1176 4191 1242 4258 τῇ
1281 4185 1539 4260 ἐκκλησίᾳ,
1565 4188 1645 4240 καί
1667 4184 1800 4242 οὕτω

205 4275 524 4346 τελευτήσῃ,
553 4275 640 4329 καί
678 4273 807 4348 μετά
851 4273 1060 4328 θάνατον
1088 4272 1119 4333 ἦ
1148 4274 1199 4328 ἐκ
1236 4281 1336 4328 τῶν
1383 4277 1804 4350 συγγραμμάτων

203 4369 384 4430 αὑτοῦ,
413 4365 445 4426 ἢ
473 4363 583 4420 καθ’
603 4365 772 4440 ἕτερον
820 4362 1012 4442 τρόπον
1051 4364 1306 4440 αἱρετικός
1334 4361 1460 4421 εἶναι
1482 4375 1631 4442 φανῇ,
1663 4363 1804 4439 ὅμως

205 4458 296 4510 οὐκ
337 4457 393 4510 ἐκ
430 4457 616 4510 τούτου
646 4457 676 4513 ἡ
705 4453 961 4529 ὀρθόδοξος
997 4455 1278 4530 βλάπτεται
1320 4457 1526 4520 πίστις,
1555 4456 1586 4515 ἦ
1613 4457 1804 4518 ἕκεῖνος

206 4547 562 4620 ἐλευθεροῦται
601 4552 696 4605 τῆς
735 4546 1098 4620 κατακρίσεως,
1131 4546 1176 4599 εί
1224 4543 1311 4616 [In
1340 4543 1464 4600 cod.
1571 4545 1620 4600 ἐν
1647 4551 1710 4621 τῇ
1729 4548 1810 4600 εί-

208 4643 334 4714 ρήνῃ
379 4643 484 4692 τῶν
527 4637 802 4696 ἐκκλησιῶν
857 4637 1058 4711 λέγεται
1104 4637 1433 4696 τελευτῆσαι*
1475 4639 1558 4692 καί
1595 4644 1806 4710 γενικῶς

1897 3429 2042 3476 runt.
2068 3420 2356 3488 Praeterea,
2387 3437 2510 3477 cum
2539 3439 2737 3479 nomen
2767 3424 2933 3496 ipsius
2971 3423 3026 3479 in
3062 3429 3264 3484 sanctis
3301 3429 3480 3485 Evan-

1897 3511 2050 3579 geliis
2070 3511 2280 3580 legatur
2307 3511 2449 3567 inter
2473 3521 2699 3569 cmteros
2727 3518 3028 3587 apostolos,
3055 3535 3161 3578 non
3193 3528 3374 3576 tamen
3401 3522 3480 3576 id-

1898 3603 2044 3659 circo
2061 3645 2077 3670 ,
2101 3604 2188 3658 vel
2216 3611 2276 3660 ut
2303 3605 2581 3676 apostolus
2599 3605 2883 3676 recipitur,
2908 3609 2997 3665 vel
3032 3611 3226 3666 exinde
3261 3613 3481 3668 anatltc-

1898 3696 2057 3751 matis
2079 3695 2282 3766 judicio
2311 3698 2487 3766 potuit
2514 3697 2748 3752 liberari.
2791 3697 2881 3756 Sic
2917 3701 3080 3770 igitur
3112 3702 3326 3768 habete,
3355 3719 3481 3760 eum

1899 3788 1954 3844 in
2005 3775 2373 3844 Ecclesiarnm
2425 3789 2806 3845 communione
2848 3789 3132 3859 decedere,
3181 3793 3274 3864 qui
3321 3793 3482 3850 ﬁdem

1901 3878 2225 3936 catholicam
2244 3879 2313 3934 ad
2335 3887 2564 3934 mortem
2591 3895 2766 3949 usque
2793 3881 3055 3938 illibatam
3072 3885 3408 3944 custodierit.

1969 3989 2282 4057 Enimvero,
2335 3991 2380 4046 si
2411 3989 2738 4048 Manicbmus
2781 3993 3066 4065 quispiam,
3106 3996 3194 4051 vel
3231 3996 3484 4066 Arianus,

1901 4085 2015 4142 sive
2038 4083 2408 4150 Nestorianus,
2453 4084 2536 4139 vel
2571 4083 2960 4157 Eutycbianus,
2988 4095 3082 4142 ant
3128 4088 3264 4144 alius
3303 4090 3484 4159 cujus.

1902 4192 2115 4248 cunque
2177 4177 2392 4245 generis
2439 4177 2725 4233 haereticus
2781 4178 2868 4234 vel
2919 4177 3230 4236 Grrccorum
3281 4183 3484 4239 insania

1903 4279 2123 4342 captus,
2176 4268 2430 4324 Ecclesia:
2467 4269 2874 4328 communicans
2911 4271 3137 4339 vixerit,
3183 4283 3344 4344 atque
3383 4275 3490 4333 hoc

1903 4363 2067 4420 modo
2096 4360 2409 4428 decesserit,
2431 4369 2556 4432 post
2576 4370 2805 4418 mortem
2835 4372 3015 4418 autem
3043 4365 3128 4420 vel
3169 4381 3238 4421 ex
3279 4368 3492 4438 scriptis

1906 4453 2046 4524 ejus,
2072 4453 2160 4508 vel
2187 4453 2291 4508 alia
2316 4452 2506 4521 quavis
2532 4453 2744 4509 ratione
2773 4453 3058 4510 hmreticus
3098 4454 3263 4513 fuisse
3300 4457 3494 4529 depre-

1906 4545 2202 4610 hendatur,
2269 4545 2401 4599 nihil
2457 4553 2638 4600 tamen
2689 4545 2955 4604 catholica
3007 4547 3140 4604 lich
3189 4549 3496 4610 detrimenti

1909 4637 2074 4708 capit,
2104 4651 2279 4706 neque
2303 4637 2416 4706 ipse
2438 4645 2728 4706 propterea
2755 4652 2786 4692 a
2825 4638 3275 4696 condemnatione
3303 4641 3498 4698 libera-

207 4728 386 4784 οὐδένα
405 4736 507 4784 τῶν
533 4729 798 4801 αἱρετικῶν
819 4729 1040 4796 θάνατος¹
1056 4730 1112 4782 ἐκ
1139 4737 1232 4789 τῆς
1260 4731 1380 4802 περί
1405 4735 1495 4789 τῆς
1514 4725 1795 4794 κακοδοξίας

1911 4738 2020 4796 tur,
2049 4727 2194 4798 quod
2223 4728 2277 4781 in
2303 4725 2664 4782 Ecclesiarum
2693 4742 2828 4797 pace
2852 4727 3064 4784 dicatur
3089 4729 3414 4799 decessisse;
3437 4746 3498 4788 ac

210 4821 372 4876 αὐτοῦ
412 4820 765 4893 κατακρίσεως
794 4819 1070 4892 ἐλευθεροῖ·
1102 4819 1287 4890 μᾶλλον
1315 4821 1405 4877 μὲν
1433 4813 1520 4874 οὖν
1547 4817 1631 4875 διὰ
1657 4827 1810 4878 τοῦτο

213 4911 558 4979 καταδικάζει,
586 4908 665 4966 ὅτι
691 4912 866 4980 ζῶνού
893 4912 1220 4984 μετεμελήθη.

283 5188 404 5247 Ὀτι
428 5188 482 5245 δί
515 5189 561 5244 oi
587 5190 830 5266 αίρετικοί
858 5189 905 5244 οἱ
935 5190 986 5245 ἕν
1011 5197 1074 5266 τῇ
1103 5193 1205 5262 ζωῇ
1247 5193 1410 5248 αὐτῶν
1437 5197 1507 5262 μή
1535 5191 1814 5264 μεταμελιο⁶

215 5287 406 5354 θέντες,
433 5287 674 5357 καὶμετά
709 5286 917 5342 θάνατον
964 5287 1352 5361 κατεκρίθησαν,
1381 5287 1434 5340 ἐκ
1477 5287 1675 5340 πολλῶν
1711 5283 1817 5340 δεί-

215 5397 421 5438 κνυται³
447 5383 532 5435 καί
550 5381 790 5450 Εύνόμιος
813 5385 938 5454 γὰρ,
965 5382 1048 5434 καί
1070 5377 1428 5452 Ἀπολινάμος,
1455 5382 1540 5434 καί
1559 5380 1810 5444 Βόνωσος,

214 5479 297 5531 γαί
336 5477 389 5531 ἔν
436 5481 546 5535 τοῖς
589 5475 953 5547 ἀρχαιοτέροις
979 5475 1188 5548 χρόνοις
1215 5471 1570 5536 Οὺαλιντῐνος,
1595 5471 1816 5526 Βασιλείο

217 5569 330 5632 8ης,
388 5569 658 5644 Μαρκίων,
707 5570 786 5622 καί
827 5569 1080 5644 Κήρινθος,
1131 5569 1218 5621 καί
1263 5563 1398 5620 ἄλλοι
1443 5566 1616 5620 πολλοί
1658 5568 1706 5620 ἐν
1753 5575 1814 5641 τῇ

218 5665 378 5735 οἰκεία
405 5665 512 5734 ζωῇ
546 5665 617 5730 μή
643 5660 1136 5730 ἀναθεματισθέντες,
1165 5661 1296 5730 μετά
1335 5661 1542 5714 θάνατον
1588 5664 1818 5732 κατεκρίο

217 5758 400 5820 θησαν,
425 5755 511 5808 καί
532 5753 635 5808 ύπό
657 5759 752 5813 τῆς
768 5751 1030 5812 καθολικῆς
1052 5751 1313 5812 ἐκκλησίας
1339 5753 1812 5822 ἀναθεματίζονται,

219 5843 394 5904 ἔπειδή
422 5845 472 5898 ἐν
501 5851 564 5919 τῇ
613 5845 770 5918 οἰκείᾳ
812 5844 975 5919 πλάνη
1017 5844 1348 5904 ἐτελεύτησαν
1392 5845 1568 5918 ὧσπερ
1597 5844 1645 5902 οἰ
1675 5845 1728 5899 ἓν
1751 5851 1815 5920 τῇ

219 5937 328 6016 ἰδίᾳ
357 5942 464 6016 ζωῇ
494 5935 683 6000 ἀδίκως
709 5937 1108 6014 κατακριθέντες,
1149 5938 1280 6009 μετά
1323 5937 1538 5994 θάνατον
1582 5937 1684 5996 ύπό
1723 5945 1814 6004 τῆς

1915 4834 2102 4877 revera
2133 4833 2469 4888 nequaquam
2500 4817 2752 4874 interitus
2795 4819 3084 4876 haereticos
3114 4835 3146 4875 a
3171 4822 3500 4878 condemna-

1917 4911 2078 4968 tionis
2100 4909 2324 4979 judicio,
2367 4909 2510 4978 quod
2535 4923 2789 4978 perversa
2823 4924 3014 4967 eorum
3054 4913 3372 4968 commerita
3419 4921 3500 4970 est

1917 5009 2175 5082 opinatio,
2210 5007 2422 5074 liberat,
2448 5007 2689 5077 quinimo
2718 5009 2898 5078 potius
2923 5010 3010 5065 vel
3051 5011 3122 5066 ob
3168 5011 3274 5067 hoc
3301 5013 3500 5084 ipsum,

1918 5099 2060 5172 quod
2073 5099 2316 5153 viventes
2329 5113 2436 5152 non
2464 5097 2809 5168 resipuerint,
2835 5100 3032 5168 justius
3049 5101 3501 5160 condemnamur.

1990 5189 2170 5246 Multis
2191 5196 2370 5244 autem
2400 5189 2452 5244 id
2481 5189 2655 5259 ipsum
2684 5189 2994 5246 conﬁrmari
3015 5201 3196 5262 potest
3219 5193 3503 5264 exemplis,

1919 5279 2206 5337 haereticos
2227 5276 2498 5344 videlicet,
2522 5279 2614 5348 qui
2641 5279 2769 5335 dum
2806 5279 3072 5346 viverent,
3114 5281 3182 5336 ad
3219 5283 3504 5338 sanitatem

1919 5371 2122 5428 reversi
2151 5384 2259 5424 non
2289 5376 2434 5437 sunt,
2463 5377 2586 5438 post
2611 5377 2844 5426 mortem
2887 5369 3054 5426 fuisse
3093 5372 3508 5430 condemnatos.

1921 5463 2218 5519 Eunomius
2247 5461 2414 5525 enim,
2441 5469 2496 5516 et
2523 5459 2906 5531 Apollinarius,
2949 5471 3004 5517 et
3028 5463 3298 5529 Bonosus,
3327 5480 3393 5521 ac
3413 5482 3502 5522 su-

1920 5565 2220 5638 perioribus
2242 5562 2570 5634 temporibus
2591 5560 2925 5628 Valentinus,
2945 5561 3224 5630 Basilides,
3249 5565 3506 5636 Marcion,

1925 5666 1982 5714 et
2022 5657 2332 5718 Cerinthus,
2373 5655 2572 5726 aliique
2619 5654 2892 5724 permulti,
2937 5657 3030 5726 qui
3079 5659 3507 5720 anathematibus

1923 5749 2050 5806 dum
2074 5749 2342 5817 viverent,
2388 5747 2616 5816 subjecti
2674 5762 2782 5802 non
2829 5746 3062 5814 fuerant,
3110 5758 3236 5820 post
3278 5763 3506 5813 mortem

1922 5838 2161 5894 damnati
2185 5845 2329 5905 sunt,
2358 5844 2522 5909 atque
2550 5838 2618 5892 ab
2637 5835 2885 5894 Ecclesia
2909 5839 3173 5896 catholica
3196 5843 3506 5902 anathema-

1923 5931 2176 5994 tizantur,
2197 5936 2488 6013 propterea
2507 5927 2654 6002 quod
2681 5928 2737 5986 in
2761 5929 2874 5989 suis
2896 5933 3174 5993 erroribus
3199 5932 3305 5993 vita
3333 5933 3501 5998 iuncti
