3952 6382
459 447 564 505 827

1621 431 1864 488 GILDAS
1901 429 2206 486 SAPIENS.
2252 428 2548 486 NOTlTlA.

3647 411 3752 468 53.8

456 558 658 619 πάντας
689 557 808 618 τοὺς
848 552 1022 625 ἁγίους
1059 545 1285 624 πατέρας
1315 545 1678 612 καταδικάσαι,
1720 549 1840 606 τοὺς
1885 567 2041 600 κατα·
2075 599 2077 604 .

2185 541 2607 611 Ὶιοοόοειιιιιῳιθ
2650 536 2936 594 limreticos
2986 533 3316 604 suscipiant,
3357 530 3757 598 universosque

459 655 726 729 κρίναντας
763 648 975 706 ἕκείνους
1008 665 1061 698 τε
1089 645 1170 696 καὶ
1196 645 1285 700 τὴν
1313 641 1475 694 αὐτῶν
1499 640 1784 702 ἀπιστίαν,
1809 640 1892 692 καὶ
1922 638 2050 709 πρὸς

457 727 655 802 τούτοις
679 740 729 805 ἐξ
757 739 937 809 ἑτέρας
971 732 1164 794 πλάνης
1187 735 1262 792 εἰς
1288 727 1438 788 ἄλλην
1469 735 1732 801 ἐμπεσεῖν,
1763 727 1908 784 ὁπότε
1939 731 2054 802 ἡμῖν

457 832 718 910 δγράψατε
764 828 1137 903 ἀποκρίνασθαι
1177 832 1281 884 τοῖς
1321 823 1560 881 ἐναντίοις
1609 828 1702 880 τῆς
1751 820 2052 883 ἐκκλησίας,

459 926 611 984 καλήν
632 926 715 978 καὶ
743 919 1003 994 ὀρθὸὂοξον
1029 913 1152 972 εἶναι
1171 920 1260 974 τήν
1289 913 1530 988 μυσαρᾶν
1549 915 1735 972 ἐκείνην
1763 910 2055 969 ἐπιστολήν.

533 1012 866 1071 Σπουδάσατε
897 1012 1066 1066 τοίνυν
1091 1015 1293 1084 πρῶτον
1335 1008 1426 1076 μὲν
1467 1006 1603 1074 ὑμᾶς
1641 1003 1824 1062 αὐτοὺς
1851 999 2060 1078 διορθώ-

469 1109 688 1168 σασθαι,
717 1108 802 1160 καὶ
827 1104 990 1165 οὕτως
1023 1100 1206 1164 ἄλλους
1235 1099 1454 1163 διδάξαι.
1487 1099 1552 1152 Εἴ
1581 1119 1662 1158 τις
1685 1099 1785 1171 γὰρ
1811 1102 1841 1156 ἣ
1866 1094 2062 1152 Θεόδω-

467 1218 582 1272 ρον.
613 1196 642 1256 ἢ
675 1202 766 1256 τήν
790 1195 1055 1266 λεγομένην
1079 1189 1195 1248 "ida:
1225 1192 1523 1253 ἐπιστολήν,
1571 1189 1602 1249 ἦ
1641 1191 1706 1244 τὰ
1744 1186 2062 1264 Θεοδωρίτου

469 1289 856 1365 συγγράμματα
883 1288 950 1340 τὰ
975 1285 1104 1339 κατὰ
1131 1293 1222 1344 τῆς
1261 1285 1408 1361 (If/iii;
1437 1284 1663 1341 πίστεως
1701 1281 1958 1336 ἐκτεθέντα
1988 1280 2066 1333 ἐκ-

468 1378 621 1442 δικεῐ,
675 1387 789 1438 τοῖς
850 1377 1118 1451 αἱρετικοῖς
1168 1376 1342 1431 ἑαυτὸν
1401 1374 1755 1448 συναριθμῶν,
1807 1372 2066 1448 ἀλλότριον

470 1471 650 1526 ἑαυτὸν
677 1477 818 1525 ποιεῖ
841 1477 933 1529 τῆς
973 1469 1236 1530 καθολικῆς
1273 1467 1558 1529 ἐκκλησίας,
1596 1464 1655 1528 ἧς
1697 1465 1879 1536 κεφαλή
1929 1467 2068 1521 ἐστιν

471 1561 496 1617 ὅ
521 1566 787 1634 μονογενής
809 1561 918 1622 υἱὸς
939 1567 1030 1616 τοῦ
1057 1567 1186 1614 Θεοῦ
1213 1559 1238 1612 ὁ
1260 1557 1433 1633 πόριος
1460 1561 1545 1612 καὶ
1566 1559 1691 1618 Θεὸς
1712 1559 1850 1628 ἡμῶν
1873 1554 2070 1618 Ἰησοῦς

472 1656 498 1710 ὁ
528 1656 769 1728 Χριστὸς,
802 1649 864 1707 οὗ
908 1671 1040 1711 τινος
1080 1653 1217 1721 ὑμᾶς
1252 1652 1436 1710 αὐτοὺς
1466 1653 1740 1724 χωρίζετι,
1781 1655 1871 1708 τήν
1909 1648 2070 1706 ἀσεϐῆ

473 1747 748 1804 ἐπιστολὴν
784 1746 867 1800 ναὶ
927 1742 1187 1818 Θεόδωρον
1245 1741 1589 1802 inducti-aur
1644 1744 1727 1796 καὶ
1785 1738 1870 1795 διὰ
1923 1746 2072 1794 τοῦτο

476 1836 727 1912 προσῆκόν
756 1836 894 1890 ἔστν
938 1835 1074 1902 ὑμᾶς
1102 1841 1193 1894 τῆς
1239 1833 1478 1894 ἀσεϐείας
1520 1839 1611 1892 τῆς
1652 1831 1950 1895 ἕπιστολῆς,
1988 1831 2073 1884 aui

2155 642 2376 690 sanctos
2409 632 2599 686 Patres
2631 628 2899 700 rejiciant,
2933 626 3026 696 qui
3057 626 3202 696 ipsos
3226 636 3526 691 eorumque
3556 616 3754 674 inﬁde-

2157 723 2362 778 litatcm
2385 722 2914 778 condemnaverunt:
2943 726 3106 787 atque
3131 715 3269 770 adeo
3291 729 3360 769 ex
3381 727 3492 767 uno
3511 711 3566 764 in
3591 709 3758 764 alium

2159 815 2400 870 incidant
2425 829 2668 868 errorem
2695 829 2709 879 ;
2751 827 2874 866 cum
2915 809 2983 863 ad
3013 824 3114 864 nos
3140 807 3440 863 scribentes
3469 811 3530 858 ut
3573 800 3755 858 hosti-

2159 907 2260 962 bus
2286 903 2536 960 Ecclesize
2564 901 3016 973 responderemus
3044 896 3462 953 abominabilcm
3491 908 3616 950 eam
3636 890 3762 962 epi-

2162 997 2355 1052 stolam
2381 995 2738 1050 orthodoxam
2767 993 3042 1065 appellare
3072 1007 3180 1046 non
3210 987 3612 1044 dubitavcritis.

2235 1088 2472 1142 Nitimini
2524 1087 2708 1157 itaque
2760 1085 2994 1156 primum
3043 1082 3409 1151 vosmetipsos
3456 1078 3759 1144 corrigere,

2163 1190 2290 1252 post
2318 1191 2498 1236 autem
2526 1188 2754 1235 caeteros
2777 1177 2978 1233 docere
3005 1193 3018 1230 :
3061 1178 3107 1231 si
3136 1176 3258 1246 quis
3287 1172 3431 1229 enim
3459 1171 3548 1227 vel
3575 1170 3761 1224 Theo.

2141 1280 2378 1345 .dorum,
2431 1277 2517 1333 vel
2564 1277 2761 1332 dictam
2791 1275 2896 1329 lba:
2935 1273 3246 1344 epistolam,
3297 1272 3381 1328 vel
3427 1267 3762 1326 Theodoreti

2167 1371 2367 1440 scripta
2414 1369 2670 1424 adversus
2719 1377 2923 1423 rectam
2968 1367 3124 1422 ﬁdem
3173 1365 3454 1436 proposita
3491 1360 3762 1423 defendit,

2169 1461 2442 1518 haereticis
2481 1461 2528 1517 is
2556 1469 2964 1524 annumeratur,
3013 1466 3070 1514 ct
3121 1459 3189 1513 ab
3217 1456 3460 1512 Ecclesia
3492 1452 3764 1508 catholica

2170 1553 2378 1608 alienus
2405 1549 2639 1606 eﬂicitur
2658 1589 2673 1612 ,
2721 1548 2875 1618 cujus
2895 1556 3058 1618 caput
3083 1554 3168 1602 est
3201 1545 3521 1614 Unigenitus
3547 1541 3643 1596 Dei
3674 1539 3765 1596 Fi—

2171 1645 2300 1709 lius,
2333 1645 2476 1698 Deus
2501 1651 2556 1697 et
2584 1641 2840 1696 Dominus
2871 1648 3054 1696 noster
3079 1637 3234 1693 Jesus
3260 1636 3530 1700 Christus,
3564 1633 3634 1687 ab
3664 1647 3766 1688 cu-

2166 1734 2256 1805 jus
2278 1733 2516 1790 Ecclesia
2543 1733 2706 1804 impia
2733 1747 2796 1785 ea
2821 1730 3048 1801 epistola
3080 1737 3380 1799 separatur,
3413 1734 3472 1781 et
3491 1721 3766 1779 Theodori

2171 1825 2622 1896 patrocinatores.
2664 1822 2848 1893 Itaque
2871 1821 3089 1890 expedit
3120 1819 3271 1874 vobis
3301 1818 3370 1872 ab
3404 1816 3581 1886 impia:
3622 1813 3766 1868 illius

475 1933 568 1983 τοῦ
599 1924 808 1981 ἓκδικεῖν
841 1923 1101 1999 Θεόδωρον
1138 1925 1224 1980 τὸν
1251 1925 1385 1980 οἷτω
1429 1929 1654 1995 προφανῆ
1679 1923 1922 1994 αἱρετικὸν
1948 1922 2074 1976 ἀπο-

2185 1917 2443 1988 epistolm,
2483 1913 2865 1982 Tbeodorique
2903 1911 3218 1968 defensione
3264 1923 3498 1964 cessare.
3533 1906 3592 1961 Si
3623 1905 3766 1960 enim

476 2019 722 2091 σχέσθαι.
769 2021 826 2072 Ei
870 2019 968 2092 γὰρ
1017 2015 1042 2071 ὁ
1099 2015 1241 2090 ἅγιος
1287 2015 1575 2074 ἀπόστολος
1621 2013 1816 2073 Παῦλος
1858 2011 2069 2076 κωλύει,

478 2119 627 2167 τοῦτο
653 2112 744 2181 μὲν
765 2110 816 2163 ἐκ
843 2116 934 2165 τοῦ
965 2106 1088 2162 ἰδίου
1121 2110 1397 2178 ὀνόματος,
1430 2112 1578 2160 τοῦτο
1601 2103 1655 2160 δέ
1683 2107 1734 2158 ἐκ
1758 2111 1857 2158 τῶν
1885 2104 2074 2157 λοιπῶν

478 2202 770 2257 ἀποστόλων
799 2202 1058 2256 καλεῖσθαὶ
1091 2221 1235 2266 τινα,
1274 2202 1362 2253 καί
1403 2199 1618 2268 ἐπιτιμᾷ
1659 2204 1768 2257 τοῖς
1818 2195 2072 2268 λέγουσιν,

479 2293 577 2368 ἐγὼ
606 2299 813 2366 μὲν.....

969 2385 1073 2438 Οὐκ
1097 2383 1240 2455 ὀλίγα
1271 2383 1578 2437 ἐλλείπουσι.

2177 2007 2374 2062 Paulus
2402 2004 2684 2076 apostolus
2709 2003 2958 2074 prohibet
2987 1999 3188 2070 aliquid
3219 2014 3341 2068 suo,
3369 1995 3574 2068 aliquid
3597 2002 3764 2050 Caete-

2179 2114 2361 2154 rorum
2391 2095 2760 2168 apostolorum
2792 2093 3008 2148 nomine
3031 2092 3236 2157 vocari,
3268 2105 3471 2158 eosque
3493 2087 3765 2156 objurgat,

2179 2193 2270 2262 qui
2299 2191 2550 2246 dicebant
2579 2207 2594 2243 :
2651 2207 2669 2241 ι
2697 2186 2811 2256 Ego
2839 2202 2958 2243 sum
2990 2185 3164 2254 Pauli,
3196 2199 3298 2255 ego
3339 2193 3524 2238 autem
3548 2178 3766 2250 Cepbte,

2181 2289 2286 2338 etc.
2320 2299 2339 2333 ι

2545 2372 2664 2426 Νοη
2693 2385 2859 2442 pauca
2889 2366 3262 2422 desiderantur.

3227 2558 3322 2569 ..ι-ιι

1801 2686 1972 2733 ANNO
2014 2685 2246 2732 DOMINI
2289 2685 2435 2728 DLVI
2447 2711 2462 2726 .

1083 2843 3172 3121 GILDAS—SAPIENS.

1723 3215 2001 3271 norma
2039 3214 2142 3288 (ex
2179 3209 2528 3284 Gallandio).

565 3376 604 3434 ι.
651 3375 837 3434 Gildas
879 3379 1237 3443 cognomento
1286 3368 1508 3444 Sapiens
1553 3375 1712 3425 natus
1757 3368 2075 3440 perhibetur
2104 3372 2150 3436 C
2179 3377 2308 3426 runt
2430 3366 2527 3424 sed
2559 3367 2704 3422 inter
2731 3365 3066 3424 obsidionem
3094 3373 3148 3422 et
3169 3366 3342 3438 ipsius
3361 3364 3613 3438 opusculi
3642 3367 3778 3424 scri-

491 3483 636 3525 anno
655 3464 852 3522 Christi
879 3462 1004 3517 495.
1033 3462 1110 3518 Eo
1135 3475 1366 3531 namque
1393 3473 1538 3514 anno
1559 3473 1619 3514 sc
1639 3455 1805 3513 fuisse
1825 3458 1881 3513 in
1911 3457 2086 3514 lucem

492 3561 694 3617 editum
724 3556 906 3629 prodit
951 3555 1178 3625 ipsemet
1222 3561 1411 3606 auctor
1436 3551 1523 3606 his
1561 3551 1740 3607 verbis
1771 3550 1847 3623 (a)
1875 3569 1888 3605 :
1914 3551 2001 3606 Ea:
2025 3569 2086 3608 eo

494 3659 722 3720 tempore
844 3661 1004 3715 usque
1023 3644 1093 3697 ad
1114 3659 1307 3696 annum
1328 3641 1638 3696 obsessionis
1658 3639 1916 3696 Badonici
1940 3659 2089 3696 mon-

497 3741 563 3795 tis
686 3737 872 3808 quique
915 3735 1342 3806 quadragesimus
1370 3741 1604 3804 quartus,
1644 3741 1702 3785 ut
1744 3733 1880 3795 novi,
1923 3733 2089 3788 oritur

497 3829 593 3903 [οι.
623 3823 849 3897 orditur]
893 3843 1082 3892 annus,
1125 3843 1301 3881 mense
1341 3828 1458 3898 jam
1506 3830 1674 3900 primo
1723 3844 1952 3894 emenso,
2001 3829 2088 3900 qui

499 3922 604 3997 jam
629 3929 680 3974 et
706 3935 832 3974 mete
871 3919 1156 3972 nativitatis
1195 3928 1292 3973 est.
1339 3918 1459 3986 Quo
1504 3934 1570 3974 ex
1600 3919 1723 3976 loco
1753 3919 1974 3976 Vossius
2001 3935 2090 3974 ar-

497 4009 609 4080 guit
639 4008 714 4082 (ὁ)
741 4017 917 4064 ortum
943 4009 1152 4064 Gildam
1183 4024 1249 4064 co
1295 4009 1411 4079 ipso
1439 4024 1583 4066 anno
1611 4025 1772 4079 quem
1813 4011 1976 4066 modo
2003 4011 2088 4066 in-

497 4101 729 4156 nuimus.
761 4098 1005 4154 Saxones
1044 4099 1209 4161 enim,
1259 4099 1452 4168 inquit,
1484 4114 1626 4155 anno
1667 4098 1794 4168 M9,
1826 4107 1962 4156 teste
1989 4101 2090 4157 Be-

497 4191 563 4246 da
593 4193 685 4263 (c),
719 4191 773 4246 in
818 4189 1150 4245 Britanniam
1197 4190 1506 4256 advenere,
1552 4206 1690 4260 quos
1736 4190 1976 4246 Britanni
2021 4192 2090 4248 ad

499 4280 825 4338 Badonicum
873 4289 1116 4336 montem
1163 4281 1536 4336 contriverunt
1577 4281 1872 4354 :adeoque
1916 4297 2090 4341 annus

497 4373 568 4428 44
587 4391 618 4430 a
639 4375 814 4446 primo
845 4372 1118 4428 Saxonum
1141 4371 1375 4428 adventu
1403 4375 1633 4444 assurgit
1653 4374 1720 4430 ad
1741 4391 1940 4432 annum
1959 4375 2088 4446 495,

498 4469 590 4539 qui
617 4467 785 4523 Gildze
812 4465 1108 4520 nativitatis
1136 4465 1315 4532 fuerit,
1341 4475 1400 4521 ut
1425 4465 1650 4537 ipsemet
1677 4469 1890 4524 asserit.
1915 4469 2090 4524 Aliam

499 4568 681 4614 tamen
712 4573 744 4612 a
767 4556 1028 4612 Vossiana
1074 4557 1577 4627 interpretationem
1606 4562 1894 4617 verborum
1923 4561 2092 4618 Gilda:

499 4649 702 4720 profert
729 4647 963 4703 Joannes
987 4646 1230 4704 Smitbus
1260 4648 1314 4703 in
1354 4649 1498 4705 notis
1527 4650 1597 4706 ad
1633 4667 1789 4707 suam
1831 4653 2090 4708 ecclesia-

2184 3461 2442 3532 ptionem.
2490 3458 2630 3514 Nam
2663 3458 2902 3528 loquitur
2940 3457 3009 3514 de
3035 3458 3188 3513 annis
3213 3471 3442 3529 quorum
3484 3465 3790 3524 extreums,

2185 3553 2313 3609 dum
2341 3551 2462 3608 haec
2482 3551 2771 3617 scriberet,
2801 3549 2978 3606 adhuc
3003 3550 3056 3604 in
3082 3548 3228 3605 lluxu
3265 3556 3386 3604 erat
3408 3566 3422 3602 :
3443 3548 3789 3621 quadragesi-

2186 3660 2302 3698 mus
2328 3652 2562 3716 quartus,
2615 3641 2809 3712 inquit,
2855 3641 3060 3696 orditur
3098 3657 3289 3703 annus,
3332 3657 3511 3694 mense
3522 3640 3645 3711 jam
3683 3656 3787 3696 uno

2187 3735 2386 3804 elapso.
2417 3751 2435 3785 ι
2472 3731 2602 3786 Hmc
2641 3732 2726 3787 vir
2753 3731 3116 3787 doctissimus.
3147 3729 3368 3796 Verum,
3400 3745 3525 3784 meo
3561 3728 3788 3801 quidem

2185 3824 2404 3896 judicio,
2439 3823 2816 3894 interpretatio
2837 3823 3102 3893 ejusmodi
3132 3822 3200 3877 ab
3229 3822 3396 3893 ipsius
3409 3819 3581 3875 Gildas
3601 3829 3791 3877 mente

2189 3916 2367 3970 aliena
2394 3930 2516 3970 esse
2560 3914 2810 3969 videtur:
2843 3929 2911 3969 eo
2939 3914 3202 3984 imprimis
3237 3913 3456 3968 nomine
3498 3912 3651 3982 quod
3692 3926 3786 3967 au-

2189 4014 2311 4061 ctor
2331 4005 2626 4062 Badonicus
2649 4005 2811 4060 etiam
2841 4005 3017 4061 dictus
3040 4005 3222 4074 fuerit,
3251 4021 3282 4060 a
3311 4004 3497 4077 praelia
3526 4004 3786 4060 adversus

2189 4097 2434 4154 Saxones
2479 4095 2622 4166 apud
2647 4095 2978 4151 Badonicum
3010 4104 3250 4151 montem
3274 4110 3305 4150 a
3335 4094 3612 4150 Britannis
3639 4110 3786 4150 com-

2190 4191 2392 4256 misso;
2440 4189 2745 4258 huiusmodi
2787 4189 3038 4244 nimirum
3087 4197 3508 4274 cognomentum
3537 4189 3786 4256 sortitus,

2191 4282 2336 4351 quod
2374 4279 2442 4338 e6
2485 4282 2604 4352 ipso
2647 4297 2789 4337 anno
2818 4282 3105 4339 Badonic'e
3135 4283 3465 4341 obsessionis
3507 4284 3563 4340 in
3611 4284 3786 4340 lucem

2192 4375 2366 4432 editus
2391 4373 2570 4432 fuerit.

2267 4467 2327 4521 ll.
2374 4467 2450 4522 De
2496 4466 2664 4522 Gilda:
2705 4469 2870 4537 gestis
2916 4469 3196 4538 complura
3239 4467 3545 4525 litterarum
3595 4484 3786 4525 monu-

2194 4559 2392 4612 mentis
2437 4557 2655 4612 tradidit
2717 4559 3016 4613 monachus
3063 4558 3329 4629 Ruyensis
3383 4573 3692 4631 auonymus
3735 4559 3786 4615 in

2195 4648 2318 4704 Vita
2345 4648 2586 4719 ejusdem
2614 4647 2801 4711 Gildas,
2852 4665 3014 4719 quam
3045 4649 3249 4719 primus
3289 4647 3527 4706 Joannes
3553 4666 3586 4704 a
3617 4651 3787 4706 Bosco

500 4741 649 4795 stica:
677 4737 925 4794 Historiae
954 4738 1109 4794 Bedze
1137 4739 1449 4810 praeclaram
1489 4741 1784 4800 editionem
1815 4745 1916 4816 (ά).
1960 4745 2088 4800 Exi-
2119 4760 2168 4818 υ
2194 4742 2438 4812 Lugduni
2465 4758 2608 4798 anno
2639 4741 2778 4796 1605
2799 4745 2889 4814 (ι’),
2916 4743 3111 4799 deinde
3134 4743 3426 4800 Bollandus
3453 4744 3556 4816 (g),
3579 4756 3784 4816 postre-

499 4831 682 4884 stimat
708 4829 850 4884 enim
880 4830 964 4885 vir
984 4831 1223 4888 eruditus
1251 4847 1513 4890 annorum
1545 4850 1828 4891 numerum
1870 4851 1901 4891 a
1929 4835 2087 4894 Gilda

501 4918 702 4973 editum
730 4919 1000 4974 scribendi
1027 4921 1206 4992 potius
1235 4929 1465 4994 tempus,
1493 4939 1656 4994 quam
1683 4925 1957 4982 Saxonum
1989 4928 2086 4983 ad-

500 5018 715 5064 ventum
739 5021 983 5082 spectare
1021 5029 1034 5066 :
1065 5014 1343 5085 scripsisse
1385 5017 1595 5072 scilicet
1619 5016 1829 5073 Gildam
1875 5035 2018 5075 anno
2056 5035 2088 5075 a

501 5115 676 5172 pugna
704 5100 972 5158 Badonica
1003 5103 1072 5156 44
1101 5120 1244 5161 anno
1287 5105 1390 5177 ipsi
1420 5107 1682 5177 imprimis
1710 5109 1952 5176 notabili,
2001 5111 2086 5164 cui

505 5200 560 5246 et
591 5193 864 5247 natalitius
891 5193 1007 5248 fuit.
1031 5193 1088 5248 ln
1111 5196 1355 5251 eamdem
1377 5197 1570 5252 Smitbi
1598 5201 1917 5254 sententiam
1942 5200 2093 5270 prmi-

505 5293 652 5338 verat
680 5284 1016 5342 Mabillonius
1043 5287 1124 5342 his
1169 5289 1350 5344 verbis
1378 5289 1448 5362 (ε)
1481 5309 1493 5344 :
1531 5308 1550 5342 ι
1581 5289 1822 5357 Quatuor
1868 5301 1922 5347 et
1950 5306 2084 5361 qua-

503 5375 742 5443 draginta
779 5377 903 5431 anni
931 5393 1068 5447 quos
1093 5377 1280 5436 Gildas
1307 5390 1571 5438 memorat
1615 5382 1755 5436 inter
1797 5383 2087 5437 adventum

503 5465 776 5520 Saxonum
803 5475 858 5522 et
886 5469 1221 5526 obsidionem
1250 5471 1575 5528 Badonicam
1606 5489 1713 5528 non
1759 5474 2084 5530 intercesse-

575 5688 650 5764 (ᾳ)
681 5690 821 5764 Qild.
854 5700 1003 5764 part.
1027 5711 1044 5748 ι
1071 5694 1229 5756 Hist.,
1260 5710 1378 5764 cap.
1410 5693 1500 5755 26,
1535 5691 1670 5746 infra
1701 5691 1802 5764 col.
1836 5689 1959 5764 367_.

577 5756 652 5831 (δ)
677 5760 835 5831 _V0ss.
858 5756 933 5818 'de
963 5763 1162 5819 liistor.
1195 5764 1308 5818 Lat.
1327 5756 1435 5818 'lib.
1468 5781 1526 5822 ιι,
1556 5778 1676 5831 cap.
1709 5760 1798 5827 2|,
1829 5777 1884 5829 p.
1915 5756 2040 5811 213.

578 5829 647 5903 (6,)
676 5829 803 5903 33d;
826 5831 964 5903 Hist-
999 5835 1130 5890 θεοὶ.
1165 5835 1252 5888 lib.
1284 5852 1321 5900 ι,
1354 5852 1472 5903 cap.
1507 5832 1592 5884 15.

577 5897 877 5970 (άλδιηιιιι.
917 5903 980 5954 ad
1014 5904 1138 5959 non.
1187 5897 1318 5959 Ilist.
1368 5897 1498 5961 θέοι.
1550 5903 1638 5956 lib.
1671 5917 1711 5969 ι,
1755 5915 1874 5970 cap.
1907 5897 1996 5964 ιϐ.
2023 5912 2078 5968 ι)-

509 5963 596 6028 55.
623 5968 752 6023 edit.
782 5969 1034 6026 Cantabr.
1064 5975 1212 6030 17-2-2.

2196 4847 2286 4888 mo
2315 4834 2660 4902 integriorem
2691 4833 2858 4888 edidit
2885 4833 3226 4889 Mabillouius
3256 4835 3356 4906 (Ii).
3387 4834 3468 4889 Ex
3497 4850 3564 4890 ea
3609 4837 3786 4905 itaque

2194 4926 2450 4981 discimus
2471 4934 2632 4993 gente
2652 4925 2964 4980 Britannum
2990 4924 3153 4980 fuisse
3175 4927 3496 4996 scriptorem
3518 4936 3787 4994 nostrum,

2194 5027 2250 5072 et
2274 5015 2477 5072 Hilduti
2503 5017 2854 5086 discipulum;
2884 5032 2914 5070 a
2945 5032 3053 5087 quo
3078 5034 3201 5072 cum
3229 5016 3547 5073 liberalibus
3571 5018 3787 5085 litteris,

2195 5120 2308 5164 tum
2323 5110 2620 5164 divinarqu
2638 5109 3034 5178 Scripturarum
3055 5110 3235 5164 studio
3257 5110 3484 5180 primum
3515 5111 3783 5178 excultus,

2193 5199 2389 5255 deinde
2430 5201 2600 5255 sacris
2628 5199 2904 5254 ordinibus
2930 5200 3189 5265 initiatus,
3239 5200 3594 5254 monasticam
3626 5201 3787 5256 vitam

2192 5298 2429 5344 sectatus
2475 5289 2654 5356 fuerit,
2701 5289 2886 5344 multis
2932 5289 3192 5343 virtutum
3233 5289 3532 5358 insignibus
3561 5290 3616 5343 in
3648 5290 3786 5344 Ban-

2191 5383 2440 5438 chorensi
2470 5384 2635 5438 nobili
2663 5381 2912 5438 cmnobio
2941 5381 3135 5436 clarus.
3169 5379 3375 5434 Floruit
3400 5394 3510 5449 quo
3543 5389 3787 5452 tempore

2191 5474 2426 5544 quinque
2453 5477 2623 5544 reguli
2651 5475 2893 5530 Britanni
2925 5475 3082 5530 terris
3119 5473 3346 5528 diversis
3375 5488 3559 5529 rerum
3607 5474 3786 5545 potic—

2265 5688 2566 5812 (fl-ollam".
2621 5690 2738 5743 Act.
2789 5687 2886 5744 SS.
2938 5688 3066 5742 0rd.
3114 5687 3248 5743 Ben.
3290 5703 3418 5744 saec.
3467 5705 3504 5756 ι,
3556 5697 3694 5748 ιοιιι.
3743 5687 3784 5753 ι,

2319 5779 2350 5812 0
2391 5800 2404 5812 .

2191 5776 2246 5830 Ρ.
2284 5776 2404 5830 που.

2266 5833 2332 5900 (f)
2364 5829 2517 5883 Bosc.
2548 5828 2680 5900 Bibl.
2708 5829 2962 5900 Floriac,,
2989 5842 3111 5898 pag.
3143 5827 3264 5900 426,

2264 5898 2341 5974 (9)
2371 5899 2611 5974 βρῃίὲξὲδο
2642 5899 2761 5974 Act.
2791 5900 2890 5955 SS.
2915 5898 3038 5955 Jan.
3065 5909 3196 5956 toni.
3225 5899 3285 5954 ll.
3321 5916 3376 5974 p.
3409 5901 3513 5959 958

2266 5968 2346 6041 qn
2378 5968 2652 6027 hiabillon.
2685 5970 2721 6026 l.
2754 5985 2807 6026 c.
3321 5968 3339 5974 '
3362 5995 3381 6011 -
