  <div class='ocr_page' id='page_1' title='image "/cluster/home/n/w/nwhite01/storage/ocr_20150623/69/umn.31951002477362u/174.png"; bbox 0 0 3952 6412; ppageno 0'>
   <div class='ocr_carea' id='block_1_1' title="bbox 195 337 292 402">
    <p class='ocr_par' dir='ltr' id='par_1_1' title="bbox 195 337 292 402">
     <span class='ocr_line' id='line_1_1' title="bbox 195 337 292 402; baseline 0.021 -2"><span class='ocrx_word' id='word_1_1' title='bbox 195 337 292 402; x_wconf 76' lang='grc'><strong>329</strong></span> 
     </span>
    </p>
   </div>
   <div class='ocr_carea' id='block_1_2' title="bbox 775 331 2930 403">
    <p class='ocr_par' dir='ltr' id='par_1_2' title="bbox 775 331 2930 403">
     <span class='ocr_line' id='line_1_2' title="bbox 775 331 2930 403; baseline -0.003 -7"><span class='ocrx_word' id='word_1_2' title='bbox 775 335 1004 396; x_wconf 71' lang='grc' dir='ltr'><strong>ϐιιῡίΕ</strong></span> <span class='ocrx_word' id='word_1_3' title='bbox 1041 334 1388 397; x_wconf 77' lang='lat' dir='ltr'><strong>SAPIENTIS</strong></span> <span class='ocrx_word' id='word_1_4' title='bbox 1429 333 1516 396; x_wconf 85' lang='lat' dir='ltr'><strong>DE</strong></span> <span class='ocrx_word' id='word_1_5' title='bbox 1555 334 1823 395; x_wconf 73' lang='lat' dir='ltr'><strong>EXCIDIO</strong></span> <span class='ocrx_word' id='word_1_6' title='bbox 1862 331 2257 394; x_wconf 70' lang='lat' dir='ltr'><strong>BRlTANNUE</strong></span> <span class='ocrx_word' id='word_1_7' title='bbox 2298 334 2498 390; x_wconf 70' lang='lat' dir='ltr'><strong>LlBER</strong></span> <span class='ocrx_word' id='word_1_8' title='bbox 2537 331 2930 403; x_wconf 79' lang='lat' dir='ltr'><strong>QUERULUS.</strong></span> 
     </span>
    </p>
   </div>
   <div class='ocr_carea' id='block_1_3' title="bbox 3363 335 3466 394">
    <p class='ocr_par' dir='ltr' id='par_1_3' title="bbox 3363 335 3466 394">
     <span class='ocr_line' id='line_1_3' title="bbox 3363 335 3466 394; baseline 0.029 -3"><span class='ocrx_word' id='word_1_9' title='bbox 3363 335 3466 394; x_wconf 76' lang='lat'><strong>5&#39;30</strong></span> 
     </span>
    </p>
   </div>
   <div class='ocr_carea' id='block_1_4' title="bbox 190 447 3472 525">
    <p class='ocr_par' dir='ltr' id='par_1_4' title="bbox 190 447 3472 525">
     <span class='ocr_line' id='line_1_4' title="bbox 190 447 3472 525; baseline -0.002 -10"><span class='ocrx_word' id='word_1_10' title='bbox 190 461 410 525; x_wconf 85' lang='lat' dir='ltr'><strong>bantur,</strong></span> <span class='ocrx_word' id='word_1_11' title='bbox 459 455 849 513; x_wconf 81' lang='lat' dir='ltr'><strong>Cmtstautinus</strong></span> <span class='ocrx_word' id='word_1_12' title='bbox 889 453 1163 522; x_wconf 75' lang='lat' dir='ltr'><strong>videlicet,</strong></span> <span class='ocrx_word' id='word_1_13' title='bbox 1209 453 1459 510; x_wconf 82' lang='lat' dir='ltr'><strong>Aurelius</strong></span> <span class='ocrx_word' id='word_1_14' title='bbox 1502 453 1779 518; x_wconf 86' lang='lat' dir='ltr'><strong>Conanus,</strong></span> <span class='ocrx_word' id='word_1_15' title='bbox 1814 457 1857 514; x_wconf 76' lang='grc' dir='ltr'><strong>Α</strong></span> <span class='ocrx_word' id='word_1_16' title='bbox 1884 465 1951 506; x_wconf 89' lang='lat' dir='ltr'><strong>ex</strong></span> <span class='ocrx_word' id='word_1_17' title='bbox 1977 466 2084 521; x_wconf 90' lang='lat' dir='ltr'><strong>quo</strong></span> <span class='ocrx_word' id='word_1_18' title='bbox 2103 459 2216 506; x_wconf 87' lang='lat' dir='ltr'><strong>tres</strong></span> <span class='ocrx_word' id='word_1_19' title='bbox 2243 449 2458 506; x_wconf 84' lang='lat' dir='ltr'><strong>conticti</strong></span> <span class='ocrx_word' id='word_1_20' title='bbox 2487 449 2750 504; x_wconf 76' lang='lat' dir='ltr'><strong>teruntur.</strong></span> <span class='ocrx_word' id='word_1_21' title='bbox 2780 449 2896 516; x_wconf 85' lang='lat' dir='ltr'><strong>Qua</strong></span> <span class='ocrx_word' id='word_1_22' title='bbox 2917 448 2985 504; x_wconf 87' lang='lat' dir='ltr'><strong>de</strong></span> <span class='ocrx_word' id='word_1_23' title='bbox 3013 464 3070 504; x_wconf 86' lang='lat' dir='ltr'><strong>re</strong></span> <span class='ocrx_word' id='word_1_24' title='bbox 3093 447 3334 520; x_wconf 84' lang='lat' dir='ltr'><strong>pluribus</strong></span> <span class='ocrx_word' id='word_1_25' title='bbox 3355 451 3472 508; x_wconf 84' lang='lat' dir='ltr'><strong>Bol-</strong></span> 
     </span>
    </p>
   </div>
   <div class='ocr_carea' id='block_1_5' title="bbox 190 543 1783 620">
    <p class='ocr_par' dir='ltr' id='par_1_5' title="bbox 190 543 1783 620">
     <span class='ocr_line' id='line_1_5' title="bbox 190 543 1783 620; baseline -0.004 -15"><span class='ocrx_word' id='word_1_26' title='bbox 190 543 554 620; x_wconf 81' lang='lat' dir='ltr'><strong>Vortiporius,</strong></span> <span class='ocrx_word' id='word_1_27' title='bbox 583 545 944 615; x_wconf 78' lang='lat' dir='ltr'><strong>Cuncglass‘us</strong></span> <span class='ocrx_word' id='word_1_28' title='bbox 965 554 1020 600; x_wconf 86' lang='lat' dir='ltr'><strong>et</strong></span> <span class='ocrx_word' id='word_1_29' title='bbox 1041 545 1403 613; x_wconf 78' lang='lat' dir='ltr'><strong>Maglocunus.</strong></span> <span class='ocrx_word' id='word_1_30' title='bbox 1426 543 1573 611; x_wconf 81' lang='lat' dir='ltr'><strong>Quos</strong></span> <span class='ocrx_word' id='word_1_31' title='bbox 1593 558 1783 599; x_wconf 86' lang='lat' dir='ltr'><strong>omnes</strong></span> 
     </span>
    </p>
   </div>
   <div class='ocr_carea' id='block_1_6' title="bbox 190 633 1784 706">
    <p class='ocr_par' dir='ltr' id='par_1_6' title="bbox 190 633 1784 706">
     <span class='ocr_line' id='line_1_6' title="bbox 190 633 1784 706; baseline -0.007 -10"><span class='ocrx_word' id='word_1_32' title='bbox 190 641 258 697; x_wconf 89' lang='lat' dir='ltr'><strong>ob</strong></span> <span class='ocrx_word' id='word_1_33' title='bbox 284 639 496 695; x_wconf 88' lang='lat' dir='ltr'><strong>scelera</strong></span> <span class='ocrx_word' id='word_1_34' title='bbox 526 636 996 706; x_wconf 84' lang='lat' dir='ltr'><strong>et-rempublicam</strong></span> <span class='ocrx_word' id='word_1_35' title='bbox 1025 635 1165 689; x_wconf 84' lang='lat' dir='ltr'><strong>male</strong></span> <span class='ocrx_word' id='word_1_36' title='bbox 1193 633 1637 698; x_wconf 71' lang='lat' dir='ltr'><strong>administratam,</strong></span> <span class='ocrx_word' id='word_1_37' title='bbox 1671 633 1784 702; x_wconf 81' lang='lat' dir='ltr'><strong>ipse</strong></span> 
     </span>
    </p>
   </div>
   <div class='ocr_carea' id='block_1_7' title="bbox 189 725 1784 795">
    <p class='ocr_par' dir='ltr' id='par_1_7' title="bbox 189 725 1784 795">
     <span class='ocr_line' id='line_1_7' title="bbox 189 725 1784 795; baseline -0.004 -11"><span class='ocrx_word' id='word_1_38' title='bbox 189 729 240 784; x_wconf 93' lang='lat' dir='ltr'><strong>iu</strong></span> <span class='ocrx_word' id='word_1_39' title='bbox 271 728 635 784; x_wconf 78' lang='lat' dir='ltr'><strong>transmarina</strong></span> <span class='ocrx_word' id='word_1_40' title='bbox 663 727 938 781; x_wconf 75' lang='lat' dir='ltr'><strong>Britannia</strong></span> <span class='ocrx_word' id='word_1_41' title='bbox 965 733 1118 780; x_wconf 81' lang='lat' dir='ltr'><strong>extra</strong></span> <span class='ocrx_word' id='word_1_42' title='bbox 1144 725 1440 795; x_wconf 90' lang='lat' dir='ltr'><strong>periculum</strong></span> <span class='ocrx_word' id='word_1_43' title='bbox 1463 726 1784 780; x_wconf 87' lang='lat' dir='ltr'><strong>constitutus</strong></span> 
     </span>
    </p>
   </div>
   <div class='ocr_carea' id='block_1_8' title="bbox 189 813 1782 888">
    <p class='ocr_par' dir='ltr' id='par_1_8' title="bbox 189 813 1782 888">
     <span class='ocr_line' id='line_1_8' title="bbox 189 813 1782 888; baseline -0.004 -14"><span class='ocrx_word' id='word_1_44' title='bbox 189 818 382 874; x_wconf 83' lang='lat' dir='ltr'><strong>acerbe</strong></span> <span class='ocrx_word' id='word_1_45' title='bbox 412 817 652 888; x_wconf 79' lang='lat' dir='ltr'><strong>exagitat</strong></span> <span class='ocrx_word' id='word_1_46' title='bbox 674 815 774 887; x_wconf 90' lang='lat' dir='ltr'><strong>(a).</strong></span> <span class='ocrx_word' id='word_1_47' title='bbox 813 834 832 868; x_wconf 80' lang='grc' dir='ltr'><strong>ι</strong></span> <span class='ocrx_word' id='word_1_48' title='bbox 863 814 1034 870; x_wconf 89' lang='lat' dir='ltr'><strong>Porro</strong></span> <span class='ocrx_word' id='word_1_49' title='bbox 1075 830 1238 870; x_wconf 91' lang='lat' dir='ltr'><strong>unum</strong></span> <span class='ocrx_word' id='word_1_50' title='bbox 1267 829 1336 869; x_wconf 84' lang='lat' dir='ltr'><strong>ex</strong></span> <span class='ocrx_word' id='word_1_51' title='bbox 1362 814 1446 882; x_wconf 86' lang='lat' dir='ltr'><strong>iis,</strong></span> <span class='ocrx_word' id='word_1_52' title='bbox 1476 814 1647 884; x_wconf 85' lang='lat' dir='ltr'><strong>inquit</strong></span> <span class='ocrx_word' id='word_1_53' title='bbox 1672 813 1782 868; x_wconf 86' lang='lat' dir='ltr'><strong>Ga-</strong></span> 
     </span>
    </p>
   </div>
   <div class='ocr_carea' id='block_1_9' title="bbox 191 909 1784 981">
    <p class='ocr_par' dir='ltr' id='par_1_9' title="bbox 191 909 1784 981">
     <span class='ocr_line' id='line_1_9' title="bbox 191 909 1784 981; baseline -0.004 -17"><span class='ocrx_word' id='word_1_54' title='bbox 191 911 303 966; x_wconf 90' lang='lat' dir='ltr'><strong>Icus</strong></span> <span class='ocrx_word' id='word_1_55' title='bbox 335 909 433 981; x_wconf 79' lang='lat' dir='ltr'><strong>(b),</strong></span> <span class='ocrx_word' id='word_1_56' title='bbox 477 909 547 964; x_wconf 85' lang='lat' dir='ltr'><strong>ad</strong></span> <span class='ocrx_word' id='word_1_57' title='bbox 575 923 762 964; x_wconf 85' lang='lat' dir='ltr'><strong>sanam</strong></span> <span class='ocrx_word' id='word_1_58' title='bbox 793 915 1029 962; x_wconf 85' lang='lat' dir='ltr'><strong>mentem</strong></span> <span class='ocrx_word' id='word_1_59' title='bbox 1070 912 1263 960; x_wconf 84' lang='lat' dir='ltr'><strong>auctor</strong></span> <span class='ocrx_word' id='word_1_60' title='bbox 1289 913 1475 960; x_wconf 79' lang='lat' dir='ltr'><strong>noster</strong></span> <span class='ocrx_word' id='word_1_61' title='bbox 1499 918 1784 958; x_wconf 81' lang='lat' dir='ltr'><strong>revocasse</strong></span> 
     </span>
    </p>
   </div>
   <div class='ocr_carea' id='block_1_10' title="bbox 189 992 1785 1068">
    <p class='ocr_par' dir='ltr' id='par_1_10' title="bbox 189 992 1785 1068">
     <span class='ocr_line' id='line_1_10' title="bbox 189 992 1785 1068; baseline -0.004 -14"><span class='ocrx_word' id='word_1_62' title='bbox 189 998 526 1068; x_wconf 89' lang='lat' dir='ltr'><strong>comperitur</strong></span> <span class='ocrx_word' id='word_1_63' title='bbox 550 1017 566 1054; x_wconf 84' lang='lat'><strong>;</strong></span> <span class='ocrx_word' id='word_1_64' title='bbox 599 1013 723 1054; x_wconf 89' lang='lat' dir='ltr'><strong>nam</strong></span> <span class='ocrx_word' id='word_1_65' title='bbox 752 997 804 1052; x_wconf 91' lang='lat' dir='ltr'><strong>in</strong></span> <span class='ocrx_word' id='word_1_66' title='bbox 834 995 1067 1066; x_wconf 89' lang='lat' dir='ltr'><strong>quodam</strong></span> <span class='ocrx_word' id='word_1_67' title='bbox 1089 995 1347 1052; x_wconf 81' lang='lat' dir='ltr'><strong>Chronico</strong></span> <span class='ocrx_word' id='word_1_68' title='bbox 1375 993 1658 1049; x_wconf 84' lang='lat' dir='ltr'><strong>Cambrico</strong></span> <span class='ocrx_word' id='word_1_69' title='bbox 1679 992 1785 1061; x_wconf 78' lang='lat' dir='ltr'><strong>legi</strong></span> 
     </span>
    </p>
   </div>
   <div class='ocr_carea' id='block_1_11' title="bbox 189 1081 1785 1155">
    <p class='ocr_par' dir='ltr' id='par_1_11' title="bbox 189 1081 1785 1155">
     <span class='ocr_line' id='line_1_11' title="bbox 189 1081 1785 1155; baseline -0.005 -9"><span class='ocrx_word' id='word_1_70' title='bbox 189 1091 256 1146; x_wconf 88' lang='lat' dir='ltr'><strong>de</strong></span> <span class='ocrx_word' id='word_1_71' title='bbox 294 1088 658 1146; x_wconf 87' lang='lat' dir='ltr'><strong>Constantino</strong></span> <span class='ocrx_word' id='word_1_72' title='bbox 705 1101 866 1155; x_wconf 84' lang='lat' dir='ltr'><strong>quem</strong></span> <span class='ocrx_word' id='word_1_73' title='bbox 912 1084 1097 1142; x_wconf 80' lang='lat' dir='ltr'><strong>Gildas</strong></span> <span class='ocrx_word' id='word_1_74' title='bbox 1140 1083 1407 1154; x_wconf 83' lang='lat' dir='ltr'><strong>increpuit</strong></span> <span class='ocrx_word' id='word_1_75' title='bbox 1449 1101 1464 1138; x_wconf 85' lang='lat'><strong>:</strong></span> <span class='ocrx_word' id='word_1_76' title='bbox 1505 1081 1785 1140; x_wconf 62' lang='lat' dir='ltr'><strong>Centenio</strong></span> 
     </span>
    </p>
   </div>
   <div class='ocr_carea' id='block_1_12' title="bbox 190 1177 1008 1237">
    <p class='ocr_par' dir='ltr' id='par_1_12' title="bbox 190 1177 1008 1237">
     <span class='ocr_line' id='line_1_12' title="bbox 190 1177 1008 1237; baseline -0.01 0"><span class='ocrx_word' id='word_1_77' title='bbox 190 1181 526 1237; x_wconf 74' lang='lat' dir='ltr'><strong>Constantini</strong></span> <span class='ocrx_word' id='word_1_78' title='bbox 552 1180 622 1234; x_wconf 84' lang='lat' dir='ltr'><strong>ad</strong></span> <span class='ocrx_word' id='word_1_79' title='bbox 655 1177 953 1233; x_wconf 77' lang='lat' dir='ltr'><strong>Dominum.</strong></span> <span class='ocrx_word' id='word_1_80' title='bbox 989 1196 1008 1229; x_wconf 73' lang='grc' dir='ltr'><strong>ι</strong></span> 
     </span>
    </p>
   </div>
   <div class='ocr_carea' id='block_1_13' title="bbox 257 1271 1787 1341">
    <p class='ocr_par' dir='ltr' id='par_1_13' title="bbox 257 1271 1787 1341">
     <span class='ocr_line' id='line_1_13' title="bbox 257 1271 1787 1341; baseline -0.005 -10"><span class='ocrx_word' id='word_1_81' title='bbox 257 1275 346 1331; x_wconf 84' lang='grc'>111.</span> <span class='ocrx_word' id='word_1_82' title='bbox 387 1275 458 1331; x_wconf 90' lang='lat' dir='ltr'><strong>Ut</strong></span> <span class='ocrx_word' id='word_1_83' title='bbox 487 1272 590 1329; x_wconf 84' lang='lat' dir='ltr'><strong>ﬁde</strong></span> <span class='ocrx_word' id='word_1_84' title='bbox 618 1290 681 1329; x_wconf 88' lang='lat' dir='ltr'><strong>ac</strong></span> <span class='ocrx_word' id='word_1_85' title='bbox 709 1271 1066 1328; x_wconf 75' lang='lat' dir='ltr'><strong>sanctimonia</strong></span> <span class='ocrx_word' id='word_1_86' title='bbox 1111 1279 1396 1341; x_wconf 65' lang='lat' dir='ltr'><strong>praestans,</strong></span> <span class='ocrx_word' id='word_1_87' title='bbox 1442 1271 1517 1325; x_wconf 89' lang='lat' dir='ltr'><strong>ita</strong></span> <span class='ocrx_word' id='word_1_88' title='bbox 1563 1279 1787 1324; x_wconf 66' lang='lat' dir='ltr'><strong>summm</strong></span> 
     </span>
    </p>
   </div>
   <div class='ocr_carea' id='block_1_14' title="bbox 189 1362 1789 1436">
    <p class='ocr_par' dir='ltr' id='par_1_14' title="bbox 189 1362 1789 1436">
     <span class='ocr_line' id='line_1_14' title="bbox 189 1362 1789 1436; baseline -0.006 -12"><span class='ocrx_word' id='word_1_89' title='bbox 189 1367 512 1424; x_wconf 73' lang='lat' dir='ltr'><strong>eruditionis</strong></span> <span class='ocrx_word' id='word_1_90' title='bbox 533 1366 633 1430; x_wconf 84' lang='lat' dir='ltr'><strong>vir,</strong></span> <span class='ocrx_word' id='word_1_91' title='bbox 680 1382 712 1418; x_wconf 90' lang='lat' dir='ltr'><strong>a</strong></span> <span class='ocrx_word' id='word_1_92' title='bbox 742 1363 994 1436; x_wconf 78' lang='lat' dir='ltr'><strong>fratribus</strong></span> <span class='ocrx_word' id='word_1_93' title='bbox 1036 1363 1295 1435; x_wconf 81' lang='lat' dir='ltr'><strong>religiosis</strong></span> <span class='ocrx_word' id='word_1_94' title='bbox 1339 1373 1551 1435; x_wconf 83' lang='lat' dir='ltr'><strong>rogatus</strong></span> <span class='ocrx_word' id='word_1_95' title='bbox 1599 1363 1686 1433; x_wconf 82' lang='lat' dir='ltr'><strong>qui</strong></span> <span class='ocrx_word' id='word_1_96' title='bbox 1717 1362 1789 1416; x_wconf 80' lang='lat' dir='ltr'><strong>ad</strong></span> 
     </span>
    </p>
   </div>
   <div class='ocr_carea' id='block_1_15' title="bbox 190 1459 1789 1529">
    <p class='ocr_par' dir='ltr' id='par_1_15' title="bbox 190 1459 1789 1529">
     <span class='ocr_line' id='line_1_15' title="bbox 190 1459 1789 1529; baseline -0.003 -13"><span class='ocrx_word' id='word_1_97' title='bbox 190 1477 302 1516; x_wconf 77' lang='lat' dir='ltr'><strong>eum</strong></span> <span class='ocrx_word' id='word_1_98' title='bbox 329 1477 359 1515; x_wconf 84' lang='lat' dir='ltr'><strong>e</strong></span> <span class='ocrx_word' id='word_1_99' title='bbox 389 1459 682 1514; x_wconf 76' lang='lat' dir='ltr'><strong>Britanniis</strong></span> <span class='ocrx_word' id='word_1_100' title='bbox 708 1467 972 1525; x_wconf 84' lang='lat' dir='ltr'><strong>venerant,</strong></span> <span class='ocrx_word' id='word_1_101' title='bbox 1022 1467 1139 1528; x_wconf 82' lang='lat' dir='ltr'><strong>post</strong></span> <span class='ocrx_word' id='word_1_102' title='bbox 1181 1459 1354 1513; x_wconf 85' lang='lat' dir='ltr'><strong>decem</strong></span> <span class='ocrx_word' id='word_1_103' title='bbox 1402 1475 1568 1513; x_wconf 82' lang='lat' dir='ltr'><strong>annos</strong></span> <span class='ocrx_word' id='word_1_104' title='bbox 1598 1475 1663 1513; x_wconf 80' lang='lat' dir='ltr'><strong>ea:</strong></span> <span class='ocrx_word' id='word_1_105' title='bbox 1689 1475 1789 1529; x_wconf 84' lang='lat' dir='ltr'><strong>quo</strong></span> 
     </span>
    </p>
   </div>
   <div class='ocr_carea' id='block_1_16' title="bbox 192 1550 1793 1622">
    <p class='ocr_par' dir='ltr' id='par_1_16' title="bbox 192 1550 1793 1622">
     <span class='ocr_line' id='line_1_16' title="bbox 192 1550 1793 1622; baseline -0.001 -15"><span class='ocrx_word' id='word_1_106' title='bbox 192 1553 313 1608; x_wconf 87' lang='lat' dir='ltr'><strong>inde</strong></span> <span class='ocrx_word' id='word_1_107' title='bbox 339 1552 572 1617; x_wconf 78' lang='lat' dir='ltr'><strong>recessit,</strong></span> <span class='ocrx_word' id='word_1_108' title='bbox 594 1551 806 1620; x_wconf 79' lang='lat' dir='ltr'><strong>scripsit</strong></span> <span class='ocrx_word' id='word_1_109' title='bbox 833 1551 1168 1622; x_wconf 69' lang='lat' dir='ltr'><strong>epistularem</strong></span> <span class='ocrx_word' id='word_1_110' title='bbox 1195 1550 1444 1604; x_wconf 74' lang='lat' dir='ltr'><strong>libeltm.</strong></span> <span class='ocrx_word' id='word_1_111' title='bbox 1470 1551 1644 1606; x_wconf 84' lang='lat' dir='ltr'><strong>Verba</strong></span> <span class='ocrx_word' id='word_1_112' title='bbox 1666 1561 1793 1607; x_wconf 87' lang='lat' dir='ltr'><strong>sunt</strong></span> 
     </span>
    </p>
   </div>
   <div class='ocr_carea' id='block_1_17' title="bbox 193 1639 1790 1713">
    <p class='ocr_par' dir='ltr' id='par_1_17' title="bbox 193 1639 1790 1713">
     <span class='ocr_line' id='line_1_17' title="bbox 193 1639 1790 1713; baseline 0 -16"><span class='ocrx_word' id='word_1_113' title='bbox 193 1641 446 1697; x_wconf 80' lang='lat' dir='ltr'><strong>monachi</strong></span> <span class='ocrx_word' id='word_1_114' title='bbox 479 1641 768 1712; x_wconf 82' lang='lat' dir='ltr'><strong>Ruyensis,</strong></span> <span class='ocrx_word' id='word_1_115' title='bbox 818 1641 909 1710; x_wconf 90' lang='lat' dir='ltr'><strong>qui</strong></span> <span class='ocrx_word' id='word_1_116' title='bbox 938 1639 1107 1695; x_wconf 79' lang='lat' dir='ltr'><strong>Gilda:</strong></span> <span class='ocrx_word' id='word_1_117' title='bbox 1147 1639 1325 1695; x_wconf 81' lang='lat' dir='ltr'><strong>Vitam</strong></span> <span class='ocrx_word' id='word_1_118' title='bbox 1373 1642 1656 1697; x_wconf 81' lang='lat' dir='ltr'><strong>contexuit</strong></span> <span class='ocrx_word' id='word_1_119' title='bbox 1697 1641 1790 1713; x_wconf 87' lang='lat' dir='ltr'><strong>(c).</strong></span> 
     </span>
    </p>
   </div>
   <div class='ocr_carea' id='block_1_18' title="bbox 193 1731 1797 1802">
    <p class='ocr_par' dir='ltr' id='par_1_18' title="bbox 193 1731 1797 1802">
     <span class='ocr_line' id='line_1_18' title="bbox 193 1731 1797 1802; baseline -0.001 -14"><span class='ocrx_word' id='word_1_120' title='bbox 193 1731 285 1789; x_wconf 86' lang='lat' dir='ltr'><strong>Sic</strong></span> <span class='ocrx_word' id='word_1_121' title='bbox 313 1741 498 1787; x_wconf 87' lang='lat' dir='ltr'><strong>autem</strong></span> <span class='ocrx_word' id='word_1_122' title='bbox 529 1731 792 1801; x_wconf 83' lang='lat' dir='ltr'><strong>ejusmodi</strong></span> <span class='ocrx_word' id='word_1_123' title='bbox 821 1747 958 1802; x_wconf 88' lang='lat' dir='ltr'><strong>opus</strong></span> <span class='ocrx_word' id='word_1_124' title='bbox 983 1731 1291 1788; x_wconf 85' lang='lat' dir='ltr'><strong>inscribitur</strong></span> <span class='ocrx_word' id='word_1_125' title='bbox 1314 1750 1327 1786; x_wconf 89' lang='lat'><strong>:</strong></span> <span class='ocrx_word' id='word_1_126' title='bbox 1355 1731 1430 1786; x_wconf 88' lang='lat' dir='ltr'><strong>De</strong></span> <span class='ocrx_word' id='word_1_127' title='bbox 1453 1734 1656 1788; x_wconf 79' lang='lat' dir='ltr'><strong>excidio</strong></span> <span class='ocrx_word' id='word_1_128' title='bbox 1685 1734 1797 1787; x_wconf 85' lang='lat' dir='ltr'><strong>Bri-</strong></span> 
     </span>
    </p>
   </div>
   <div class='ocr_carea' id='block_1_19' title="bbox 1882 539 3476 613">
    <p class='ocr_par' dir='ltr' id='par_1_19' title="bbox 1882 539 3476 613">
     <span class='ocr_line' id='line_1_19' title="bbox 1882 539 3476 613; baseline 0.001 -18"><span class='ocrx_word' id='word_1_129' title='bbox 1882 540 2075 596; x_wconf 88' lang='lat' dir='ltr'><strong>landus</strong></span> <span class='ocrx_word' id='word_1_130' title='bbox 2102 540 2205 613; x_wconf 79' lang='lat' dir='ltr'><strong>(k),</strong></span> <span class='ocrx_word' id='word_1_131' title='bbox 2253 539 2594 596; x_wconf 78' lang='lat' dir='ltr'><strong>Mabillonius</strong></span> <span class='ocrx_word' id='word_1_132' title='bbox 2624 540 2690 611; x_wconf 80' lang='grc' dir='ltr'><strong>(ι)</strong></span> <span class='ocrx_word' id='word_1_133' title='bbox 2719 548 2773 596; x_wconf 94' lang='lat' dir='ltr'><strong>et</strong></span> <span class='ocrx_word' id='word_1_134' title='bbox 2801 539 3076 596; x_wconf 74' lang='lat' dir='ltr'><strong>Fabricius</strong></span> <span class='ocrx_word' id='word_1_135' title='bbox 3106 540 3238 612; x_wconf 75' lang='lat' dir='ltr'><strong>(tu),</strong></span> <span class='ocrx_word' id='word_1_136' title='bbox 3286 549 3344 596; x_wconf 92' lang='lat' dir='ltr'><strong>ut</strong></span> <span class='ocrx_word' id='word_1_137' title='bbox 3370 547 3476 603; x_wconf 78' lang='lat' dir='ltr'><strong>Ca-</strong></span> 
     </span>
    </p>
   </div>
   <div class='ocr_carea' id='block_1_20' title="bbox 1883 632 2772 702">
    <p class='ocr_par' dir='ltr' id='par_1_20' title="bbox 1883 632 2772 702">
     <span class='ocr_line' id='line_1_20' title="bbox 1883 632 2772 702; baseline 0.004 -18"><span class='ocrx_word' id='word_1_138' title='bbox 1883 647 2042 688; x_wconf 83' lang='lat' dir='ltr'><strong>veum</strong></span> <span class='ocrx_word' id='word_1_139' title='bbox 2067 634 2146 702; x_wconf 74' lang='lat' dir='ltr'><strong>(n)</strong></span> <span class='ocrx_word' id='word_1_140' title='bbox 2176 633 2418 702; x_wconf 85' lang='lat' dir='ltr'><strong>aliosque</strong></span> <span class='ocrx_word' id='word_1_141' title='bbox 2446 632 2772 688; x_wconf 85' lang='lat' dir='ltr'><strong>omittamus.</strong></span> 
     </span>
    </p>
   </div>
   <div class='ocr_carea' id='block_1_21' title="bbox 1955 724 3474 793">
    <p class='ocr_par' dir='ltr' id='par_1_21' title="bbox 1955 724 3474 793">
     <span class='ocr_line' id='line_1_21' title="bbox 1955 724 3474 793; baseline 0.003 -14"><span class='ocrx_word' id='word_1_142' title='bbox 1955 724 2046 780; x_wconf 82' lang='lat' dir='ltr'><strong>IV.</strong></span> <span class='ocrx_word' id='word_1_143' title='bbox 2077 724 2288 780; x_wconf 84' lang='lat' dir='ltr'><strong>Prodiit</strong></span> <span class='ocrx_word' id='word_1_144' title='bbox 2327 724 2554 793; x_wconf 89' lang='lat' dir='ltr'><strong>primum</strong></span> <span class='ocrx_word' id='word_1_145' title='bbox 2583 724 2750 780; x_wconf 66' lang='lat' dir='ltr'><strong>Gildas</strong></span> <span class='ocrx_word' id='word_1_146' title='bbox 2797 725 3011 782; x_wconf 85' lang='lat' dir='ltr'><strong>libellus</strong></span> <span class='ocrx_word' id='word_1_147' title='bbox 3055 726 3284 782; x_wconf 86' lang='lat' dir='ltr'><strong>Londini</strong></span> <span class='ocrx_word' id='word_1_148' title='bbox 3331 743 3474 784; x_wconf 86' lang='lat' dir='ltr'><strong>anno</strong></span> 
     </span>
    </p>
   </div>
   <div class='ocr_carea' id='block_1_22' title="bbox 1887 814 3472 887">
    <p class='ocr_par' dir='ltr' id='par_1_22' title="bbox 1887 814 3472 887">
     <span class='ocr_line' id='line_1_22' title="bbox 1887 814 3472 887; baseline 0.001 -17"><span class='ocrx_word' id='word_1_149' title='bbox 1887 815 2045 880; x_wconf 85' lang='grc'><strong>1525,</strong></span> <span class='ocrx_word' id='word_1_150' title='bbox 2071 829 2200 870; x_wconf 87' lang='lat' dir='ltr'><strong>cura</strong></span> <span class='ocrx_word' id='word_1_151' title='bbox 2230 814 2482 887; x_wconf 83' lang='lat' dir='ltr'><strong>Polydori</strong></span> <span class='ocrx_word' id='word_1_152' title='bbox 2523 814 2759 884; x_wconf 80' lang='lat' dir='ltr'><strong>Virgilii;</strong></span> <span class='ocrx_word' id='word_1_153' title='bbox 2790 815 2944 885; x_wconf 85' lang='lat' dir='ltr'><strong>cujus</strong></span> <span class='ocrx_word' id='word_1_154' title='bbox 2971 824 3150 873; x_wconf 87' lang='lat' dir='ltr'><strong>tamen</strong></span> <span class='ocrx_word' id='word_1_155' title='bbox 3175 817 3472 887; x_wconf 81' lang='lat' dir='ltr'><strong>exemplar,</strong></span> 
     </span>
    </p>
   </div>
   <div class='ocr_carea' id='block_1_23' title="bbox 1885 905 3473 978">
    <p class='ocr_par' dir='ltr' id='par_1_23' title="bbox 1885 905 3473 978">
     <span class='ocr_line' id='line_1_23' title="bbox 1885 905 3473 978; baseline -0.001 -16"><span class='ocrx_word' id='word_1_156' title='bbox 1885 906 2060 976; x_wconf 86' lang='lat' dir='ltr'><strong>inquit</strong></span> <span class='ocrx_word' id='word_1_157' title='bbox 2081 905 2348 962; x_wconf 84' lang='lat' dir='ltr'><strong>Lelandus</strong></span> <span class='ocrx_word' id='word_1_158' title='bbox 2387 906 2485 978; x_wconf 85' lang='grc' dir='ltr'><strong>(ο),</strong></span> <span class='ocrx_word' id='word_1_159' title='bbox 2533 921 2809 973; x_wconf 83' lang='lat' dir='ltr'><strong>mancum,</strong></span> <span class='ocrx_word' id='word_1_160' title='bbox 2852 907 3094 962; x_wconf 87' lang='lat' dir='ltr'><strong>luxatum</strong></span> <span class='ocrx_word' id='word_1_161' title='bbox 3137 924 3202 964; x_wconf 90' lang='lat' dir='ltr'><strong>ac</strong></span> <span class='ocrx_word' id='word_1_162' title='bbox 3229 909 3473 963; x_wconf 88' lang='lat' dir='ltr'><strong>mutilum</strong></span> 
     </span>
    </p>
   </div>
   <div class='ocr_carea' id='block_1_24' title="bbox 1885 998 3474 1068">
    <p class='ocr_par' dir='ltr' id='par_1_24' title="bbox 1885 998 3474 1068">
     <span class='ocr_line' id='line_1_24' title="bbox 1885 998 3474 1068; baseline -0.001 -14"><span class='ocrx_word' id='word_1_163' title='bbox 1885 1006 2094 1066; x_wconf 78' lang='lat' dir='ltr'><strong>exstat;</strong></span> <span class='ocrx_word' id='word_1_164' title='bbox 2121 1011 2290 1068; x_wconf 86' lang='lat' dir='ltr'><strong>usque</strong></span> <span class='ocrx_word' id='word_1_165' title='bbox 2318 998 2456 1054; x_wconf 88' lang='lat' dir='ltr'><strong>adeo</strong></span> <span class='ocrx_word' id='word_1_166' title='bbox 2487 1007 2546 1053; x_wconf 91' lang='lat' dir='ltr'><strong>ut</strong></span> <span class='ocrx_word' id='word_1_167' title='bbox 2572 998 2620 1054; x_wconf 85' lang='lat' dir='ltr'><strong>si</strong></span> <span class='ocrx_word' id='word_1_168' title='bbox 2653 998 2764 1068; x_wconf 90' lang='lat' dir='ltr'><strong>jam</strong></span> <span class='ocrx_word' id='word_1_169' title='bbox 2793 1000 2918 1054; x_wconf 68' lang='lat' dir='ltr'><strong>vitae</strong></span> <span class='ocrx_word' id='word_1_170' title='bbox 2964 1001 3358 1066; x_wconf 87' lang='lat' dir='ltr'><strong>restitueretur,</strong></span> <span class='ocrx_word' id='word_1_171' title='bbox 3392 1000 3474 1053; x_wconf 84' lang='lat' dir='ltr'><strong>vix</strong></span> 
     </span>
    </p>
   </div>
   <div class='ocr_carea' id='block_1_25' title="bbox 1885 1089 3478 1163">
    <p class='ocr_par' dir='ltr' id='par_1_25' title="bbox 1885 1089 3478 1163">
     <span class='ocr_line' id='line_1_25' title="bbox 1885 1089 3478 1163; baseline 0.002 -19"><span class='ocrx_word' id='word_1_172' title='bbox 1885 1089 2055 1145; x_wconf 79' lang='lat' dir='ltr'><strong>fetum</strong></span> <span class='ocrx_word' id='word_1_173' title='bbox 2100 1097 2420 1160; x_wconf 84' lang='lat' dir='ltr'><strong>agnosceret</strong></span> <span class='ocrx_word' id='word_1_174' title='bbox 2446 1106 2661 1161; x_wconf 89' lang='lat' dir='ltr'><strong>parens.</strong></span> <span class='ocrx_word' id='word_1_175' title='bbox 2689 1091 2922 1147; x_wconf 86' lang='lat' dir='ltr'><strong>Gravem</strong></span> <span class='ocrx_word' id='word_1_176' title='bbox 2959 1092 3122 1162; x_wconf 81' lang='lat' dir='ltr'><strong>hujus</strong></span> <span class='ocrx_word' id='word_1_177' title='bbox 3149 1092 3278 1148; x_wconf 87' lang='lat' dir='ltr'><strong>editi</strong></span> <span class='ocrx_word' id='word_1_178' title='bbox 3309 1093 3478 1163; x_wconf 81' lang='lat' dir='ltr'><strong>Virgi-</strong></span> 
     </span>
    </p>
   </div>
   <div class='ocr_carea' id='block_1_26' title="bbox 1888 1180 3480 1240">
    <p class='ocr_par' dir='ltr' id='par_1_26' title="bbox 1888 1180 3480 1240">
     <span class='ocr_line' id='line_1_26' title="bbox 1888 1180 3480 1240; baseline 0.003 -5"><span class='ocrx_word' id='word_1_179' title='bbox 1888 1180 2016 1235; x_wconf 90' lang='lat' dir='ltr'><strong>liani</strong></span> <span class='ocrx_word' id='word_1_180' title='bbox 2047 1196 2330 1236; x_wconf 85' lang='lat' dir='ltr'><strong>censuram</strong></span> <span class='ocrx_word' id='word_1_181' title='bbox 2373 1182 2603 1236; x_wconf 86' lang='lat' dir='ltr'><strong>attexuit</strong></span> <span class='ocrx_word' id='word_1_182' title='bbox 2629 1181 2866 1239; x_wconf 80' lang='lat' dir='ltr'><strong>Joannes</strong></span> <span class='ocrx_word' id='word_1_183' title='bbox 2891 1182 3190 1240; x_wconf 79' lang='lat' dir='ltr'><strong>Josselinus</strong></span> <span class='ocrx_word' id='word_1_184' title='bbox 3233 1184 3303 1238; x_wconf 90' lang='lat' dir='ltr'><strong>ad</strong></span> <span class='ocrx_word' id='word_1_185' title='bbox 3331 1201 3480 1240; x_wconf 90' lang='lat' dir='ltr'><strong>suam</strong></span> 
     </span>
    </p>
   </div>
   <div class='ocr_carea' id='block_1_27' title="bbox 1889 1269 3480 1347">
    <p class='ocr_par' dir='ltr' id='par_1_27' title="bbox 1889 1269 3480 1347">
     <span class='ocr_line' id='line_1_27' title="bbox 1889 1269 3480 1347; baseline 0.004 -21"><span class='ocrx_word' id='word_1_186' title='bbox 1889 1269 2059 1326; x_wconf 58' lang='lat' dir='ltr'><strong>Gildas</strong></span> <span class='ocrx_word' id='word_1_187' title='bbox 2088 1271 2378 1327; x_wconf 84' lang='lat' dir='ltr'><strong>editionem</strong></span> <span class='ocrx_word' id='word_1_188' title='bbox 2407 1287 2550 1328; x_wconf 91' lang='lat' dir='ltr'><strong>anno</strong></span> <span class='ocrx_word' id='word_1_189' title='bbox 2601 1271 2741 1328; x_wconf 82' lang='grc'>1568</span> <span class='ocrx_word' id='word_1_190' title='bbox 2778 1273 3006 1331; x_wconf 83' lang='lat' dir='ltr'><strong>Loudini</strong></span> <span class='ocrx_word' id='word_1_191' title='bbox 3033 1276 3233 1347; x_wconf 86' lang='lat' dir='ltr'><strong>pariter</strong></span> <span class='ocrx_word' id='word_1_192' title='bbox 3260 1279 3480 1346; x_wconf 81' lang='lat' dir='ltr'><strong>evulga-</strong></span> 
     </span>
    </p>
   </div>
   <div class='ocr_carea' id='block_1_28' title="bbox 1893 1360 3483 1438">
    <p class='ocr_par' dir='ltr' id='par_1_28' title="bbox 1893 1360 3483 1438">
     <span class='ocr_line' id='line_1_28' title="bbox 1893 1360 3483 1438; baseline 0.008 -24"><span class='ocrx_word' id='word_1_193' title='bbox 1893 1369 2023 1416; x_wconf 88' lang='lat' dir='ltr'><strong>tam.</strong></span> <span class='ocrx_word' id='word_1_194' title='bbox 2049 1360 2291 1418; x_wconf 88' lang='lat' dir='ltr'><strong>Priorem</strong></span> <span class='ocrx_word' id='word_1_195' title='bbox 2325 1363 2574 1435; x_wconf 85' lang='lat' dir='ltr'><strong>Polydori</strong></span> <span class='ocrx_word' id='word_1_196' title='bbox 2602 1365 2861 1421; x_wconf 76' lang='lat' dir='ltr'><strong>exhibent</strong></span> <span class='ocrx_word' id='word_1_197' title='bbox 2889 1375 3117 1438; x_wconf 82' lang='lat' dir='ltr'><strong>utraque</strong></span> <span class='ocrx_word' id='word_1_198' title='bbox 3145 1367 3483 1426; x_wconf 87' lang='lat' dir='ltr'><strong>Orthodoxo-</strong></span> 
     </span>
    </p>
   </div>
   <div class='ocr_carea' id='block_1_29' title="bbox 1891 1452 3483 1524">
    <p class='ocr_par' dir='ltr' id='par_1_29' title="bbox 1891 1452 3483 1524">
     <span class='ocr_line' id='line_1_29' title="bbox 1891 1452 3483 1524; baseline 0.008 -20"><span class='ocrx_word' id='word_1_199' title='bbox 1891 1452 2094 1524; x_wconf 89' lang='lat' dir='ltr'><strong>grapha</strong></span> <span class='ocrx_word' id='word_1_200' title='bbox 2125 1452 2462 1522; x_wconf 89' lang='lat' dir='ltr'><strong>Basiliensia,</strong></span> <span class='ocrx_word' id='word_1_201' title='bbox 2509 1463 2566 1510; x_wconf 88' lang='lat' dir='ltr'><strong>et</strong></span> <span class='ocrx_word' id='word_1_202' title='bbox 2597 1455 2941 1513; x_wconf 77' lang='lat' dir='ltr'><strong>Bibliotheca:</strong></span> <span class='ocrx_word' id='word_1_203' title='bbox 2970 1456 3191 1513; x_wconf 84' lang='lat' dir='ltr'><strong>Patrum</strong></span> <span class='ocrx_word' id='word_1_204' title='bbox 3216 1458 3483 1517; x_wconf 87' lang='lat' dir='ltr'><strong>Parisien-</strong></span> 
     </span>
    </p>
   </div>
   <div class='ocr_carea' id='block_1_30' title="bbox 1893 1543 3484 1622">
    <p class='ocr_par' dir='ltr' id='par_1_30' title="bbox 1893 1543 3484 1622">
     <span class='ocr_line' id='line_1_30' title="bbox 1893 1543 3484 1622; baseline 0.006 -23"><span class='ocrx_word' id='word_1_205' title='bbox 1893 1543 1988 1608; x_wconf 83' lang='lat' dir='ltr'><strong>sis,</strong></span> <span class='ocrx_word' id='word_1_206' title='bbox 2007 1543 2348 1600; x_wconf 69' lang='lat' dir='ltr'><strong>Coloniensis</strong></span> <span class='ocrx_word' id='word_1_207' title='bbox 2370 1555 2424 1601; x_wconf 88' lang='lat' dir='ltr'><strong>et</strong></span> <span class='ocrx_word' id='word_1_208' title='bbox 2439 1545 2827 1617; x_wconf 73' lang='lat' dir='ltr'><strong>Lugdunensis.</strong></span> <span class='ocrx_word' id='word_1_209' title='bbox 2855 1548 3104 1605; x_wconf 81' lang='lat' dir='ltr'><strong>Josscliui</strong></span> <span class='ocrx_word' id='word_1_210' title='bbox 3129 1553 3484 1622; x_wconf 85' lang='lat' dir='ltr'><strong>posteriorem</strong></span> 
     </span>
    </p>
   </div>
   <div class='ocr_carea' id='block_1_31' title="bbox 1895 1635 3486 1710">
    <p class='ocr_par' dir='ltr' id='par_1_31' title="bbox 1895 1635 3486 1710">
     <span class='ocr_line' id='line_1_31' title="bbox 1895 1635 3486 1710; baseline 0.006 -20"><span class='ocrx_word' id='word_1_211' title='bbox 1895 1644 2112 1690; x_wconf 88' lang='lat' dir='ltr'><strong>secutus</strong></span> <span class='ocrx_word' id='word_1_212' title='bbox 2158 1644 2241 1692; x_wconf 87' lang='lat' dir='ltr'><strong>est</strong></span> <span class='ocrx_word' id='word_1_213' title='bbox 2265 1635 2632 1696; x_wconf 88' lang='lat' dir='ltr'><strong>Commclinus</strong></span> <span class='ocrx_word' id='word_1_214' title='bbox 2679 1639 2733 1695; x_wconf 92' lang='lat' dir='ltr'><strong>in</strong></span> <span class='ocrx_word' id='word_1_215' title='bbox 2769 1638 3106 1710; x_wconf 89' lang='lat' dir='ltr'><strong>Collectioue</strong></span> <span class='ocrx_word' id='word_1_216' title='bbox 3149 1641 3486 1700; x_wconf 71' lang='lat' dir='ltr'><strong>Britannico-</strong></span> 
     </span>
    </p>
   </div>
   <div class='ocr_carea' id='block_1_32' title="bbox 1897 1721 3485 1803">
    <p class='ocr_par' dir='ltr' id='par_1_32' title="bbox 1897 1721 3485 1803">
     <span class='ocr_line' id='line_1_32' title="bbox 1897 1721 3485 1803; baseline 0.004 -23"><span class='ocrx_word' id='word_1_217' title='bbox 1897 1740 2017 1780; x_wconf 88' lang='lat' dir='ltr'><strong>rum</strong></span> <span class='ocrx_word' id='word_1_218' title='bbox 2045 1726 2388 1796; x_wconf 79' lang='lat' dir='ltr'><strong>scriptorum.</strong></span> <span class='ocrx_word' id='word_1_219' title='bbox 2427 1746 2445 1779; x_wconf 79' lang='grc' dir='ltr'><strong>ι</strong></span> <span class='ocrx_word' id='word_1_220' title='bbox 2474 1721 2567 1782; x_wconf 79' lang='lat' dir='ltr'><strong>lla:</strong></span> <span class='ocrx_word' id='word_1_221' title='bbox 2611 1736 2790 1784; x_wconf 87' lang='lat' dir='ltr'><strong>tamen</strong></span> <span class='ocrx_word' id='word_1_222' title='bbox 2822 1729 2942 1785; x_wconf 65' lang='lat' dir='ltr'><strong>dum</strong></span> <span class='ocrx_word' id='word_1_223' title='bbox 2980 1731 3270 1797; x_wconf 76' lang='lat' dir='ltr'><strong>editiones,</strong></span> <span class='ocrx_word' id='word_1_224' title='bbox 3318 1734 3485 1803; x_wconf 83' lang='lat' dir='ltr'><strong>inquit</strong></span> 
     </span>
    </p>
   </div>
   <div class='ocr_carea' id='block_1_33' title="bbox 193 1816 3486 1894">
    <p class='ocr_par' dir='ltr' id='par_1_33' title="bbox 193 1816 3486 1894">
     <span class='ocr_line' id='line_1_33' title="bbox 193 1816 3486 1894; baseline 0.002 -22"><span class='ocrx_word' id='word_1_225' title='bbox 193 1824 397 1878; x_wconf 66' lang='lat' dir='ltr'><strong>tanaim</strong></span> <span class='ocrx_word' id='word_1_226' title='bbox 421 1822 553 1878; x_wconf 79' lang='lat' dir='ltr'><strong>liber</strong></span> <span class='ocrx_word' id='word_1_227' title='bbox 581 1824 841 1894; x_wconf 64' lang='lat' dir='ltr'><strong>quamius,</strong></span> <span class='ocrx_word' id='word_1_228' title='bbox 875 1831 984 1880; x_wconf 81' lang='lat' dir='ltr'><strong>tres</strong></span> <span class='ocrx_word' id='word_1_229' title='bbox 1012 1823 1065 1877; x_wconf 90' lang='lat' dir='ltr'><strong>in</strong></span> <span class='ocrx_word' id='word_1_230' title='bbox 1092 1831 1274 1892; x_wconf 68' lang='lat' dir='ltr'><strong>partes</strong></span> <span class='ocrx_word' id='word_1_231' title='bbox 1295 1823 1495 1879; x_wconf 85' lang='lat' dir='ltr'><strong>divisus</strong></span> <span class='ocrx_word' id='word_1_232' title='bbox 1520 1842 1533 1877; x_wconf 90' lang='lat'><strong>:</strong></span> <span class='ocrx_word' id='word_1_233' title='bbox 1556 1823 1596 1878; x_wconf 82' lang='grc' dir='ltr'>ι.</span> <span class='ocrx_word' id='word_1_234' title='bbox 1618 1823 1793 1878; x_wconf 72' lang='lat' dir='ltr'><strong>Himi-</strong></span> <span class='ocrx_word' id='word_1_235' title='bbox 1822 1825 1868 1884; x_wconf 83' lang='lat' dir='ltr'><strong>B</strong></span> <span class='ocrx_word' id='word_1_236' title='bbox 1895 1816 2094 1872; x_wconf 86' lang='lat' dir='ltr'><strong>Galcus</strong></span> <span class='ocrx_word' id='word_1_237' title='bbox 2123 1818 2223 1887; x_wconf 77' lang='grc' dir='ltr'><strong>(ρ),</strong></span> <span class='ocrx_word' id='word_1_238' title='bbox 2255 1818 2368 1873; x_wconf 84' lang='lat' dir='ltr'><strong>sive</strong></span> <span class='ocrx_word' id='word_1_239' title='bbox 2395 1816 2647 1890; x_wconf 78' lang='lat' dir='ltr'><strong>Polydori</strong></span> <span class='ocrx_word' id='word_1_240' title='bbox 2676 1819 2905 1888; x_wconf 79' lang='lat' dir='ltr'><strong>Virgilii,</strong></span> <span class='ocrx_word' id='word_1_241' title='bbox 2937 1820 3049 1876; x_wconf 83' lang='lat' dir='ltr'><strong>sive</strong></span> <span class='ocrx_word' id='word_1_242' title='bbox 3073 1820 3296 1877; x_wconf 76' lang='lat' dir='ltr'><strong>Joannis</strong></span> <span class='ocrx_word' id='word_1_243' title='bbox 3317 1821 3486 1879; x_wconf 64' lang='lat'><strong>10356</strong></span> 
     </span>
    </p>
   </div>
   <div class='ocr_carea' id='block_1_34' title="bbox 195 1913 1794 1986">
    <p class='ocr_par' dir='ltr' id='par_1_34' title="bbox 195 1913 1794 1986">
     <span class='ocr_line' id='line_1_34' title="bbox 195 1913 1794 1986; baseline 0.001 -15"><span class='ocrx_word' id='word_1_244' title='bbox 195 1917 300 1981; x_wconf 77' lang='lat' dir='ltr'><strong>ria,</strong></span> <span class='ocrx_word' id='word_1_245' title='bbox 331 1913 398 1969; x_wconf 82' lang='lat' dir='ltr'><strong>ll.</strong></span> <span class='ocrx_word' id='word_1_246' title='bbox 430 1913 694 1986; x_wconf 80' lang='lat' dir='ltr'><strong>Epistula,</strong></span> <span class='ocrx_word' id='word_1_247' title='bbox 740 1913 830 1968; x_wconf 78' lang='lat' dir='ltr'><strong>Ill.</strong></span> <span class='ocrx_word' id='word_1_248' title='bbox 864 1914 1164 1986; x_wconf 77' lang='lat' dir='ltr'><strong>Intrepatio</strong></span> <span class='ocrx_word' id='word_1_249' title='bbox 1188 1915 1243 1969; x_wconf 72' lang='lat' dir='ltr'><strong>in</strong></span> <span class='ocrx_word' id='word_1_250' title='bbox 1272 1915 1487 1971; x_wconf 79' lang='lat' dir='ltr'><strong>clerum.</strong></span> <span class='ocrx_word' id='word_1_251' title='bbox 1527 1915 1584 1970; x_wconf 87' lang='lat' dir='ltr'><strong>ln</strong></span> <span class='ocrx_word' id='word_1_252' title='bbox 1615 1915 1794 1973; x_wconf 79' lang='lat' dir='ltr'><strong>Histo-</strong></span> 
     </span>
    </p>
   </div>
   <div class='ocr_carea' id='block_1_35' title="bbox 193 2001 1796 2075">
    <p class='ocr_par' dir='ltr' id='par_1_35' title="bbox 193 2001 1796 2075">
     <span class='ocr_line' id='line_1_35' title="bbox 193 2001 1796 2075; baseline -0.001 -14"><span class='ocrx_word' id='word_1_253' title='bbox 193 2005 277 2061; x_wconf 79' lang='lat' dir='ltr'><strong>ria</strong></span> <span class='ocrx_word' id='word_1_254' title='bbox 307 2003 478 2058; x_wconf 87' lang='lat' dir='ltr'><strong>multa</strong></span> <span class='ocrx_word' id='word_1_255' title='bbox 510 2003 697 2074; x_wconf 83' lang='lat' dir='ltr'><strong>paucis</strong></span> <span class='ocrx_word' id='word_1_256' title='bbox 736 2003 1030 2059; x_wconf 83' lang='lat' dir='ltr'><strong>concludit.</strong></span> <span class='ocrx_word' id='word_1_257' title='bbox 1080 2001 1287 2058; x_wconf 80' lang='lat' dir='ltr'><strong>Exinde</strong></span> <span class='ocrx_word' id='word_1_258' title='bbox 1335 2001 1504 2059; x_wconf 77' lang='lat' dir='ltr'><strong>fusius</strong></span> <span class='ocrx_word' id='word_1_259' title='bbox 1548 2005 1796 2075; x_wconf 84' lang='lat' dir='ltr'><strong>procedit</strong></span> 
     </span>
    </p>
   </div>
   <div class='ocr_carea' id='block_1_36' title="bbox 195 2093 1793 2166">
    <p class='ocr_par' dir='ltr' id='par_1_36' title="bbox 195 2093 1793 2166">
     <span class='ocr_line' id='line_1_36' title="bbox 195 2093 1793 2166; baseline -0.003 -13"><span class='ocrx_word' id='word_1_260' title='bbox 195 2111 324 2154; x_wconf 86' lang='lat' dir='ltr'><strong>cum</strong></span> <span class='ocrx_word' id='word_1_261' title='bbox 354 2094 424 2151; x_wconf 88' lang='lat' dir='ltr'><strong>ad</strong></span> <span class='ocrx_word' id='word_1_262' title='bbox 453 2109 626 2166; x_wconf 84' lang='lat' dir='ltr'><strong>reges,</strong></span> <span class='ocrx_word' id='word_1_263' title='bbox 677 2105 788 2150; x_wconf 89' lang='lat' dir='ltr'><strong>tum</strong></span> <span class='ocrx_word' id='word_1_264' title='bbox 821 2095 890 2149; x_wconf 92' lang='lat' dir='ltr'><strong>ad</strong></span> <span class='ocrx_word' id='word_1_265' title='bbox 919 2093 1234 2150; x_wconf 85' lang='lat' dir='ltr'><strong>sacerdotes</strong></span> <span class='ocrx_word' id='word_1_266' title='bbox 1261 2094 1380 2166; x_wconf 89' lang='lat' dir='ltr'><strong>ejus</strong></span> <span class='ocrx_word' id='word_1_267' title='bbox 1421 2096 1682 2166; x_wconf 87' lang='lat' dir='ltr'><strong>temporis</strong></span> <span class='ocrx_word' id='word_1_268' title='bbox 1708 2096 1793 2150; x_wconf 88' lang='lat' dir='ltr'><strong>in-</strong></span> 
     </span>
    </p>
   </div>
   <div class='ocr_carea' id='block_1_37' title="bbox 194 2186 1796 2259">
    <p class='ocr_par' dir='ltr' id='par_1_37' title="bbox 194 2186 1796 2259">
     <span class='ocr_line' id='line_1_37' title="bbox 194 2186 1796 2259; baseline -0.002 -13"><span class='ocrx_word' id='word_1_269' title='bbox 194 2187 523 2259; x_wconf 81' lang='lat' dir='ltr'><strong>crepandos.</strong></span> <span class='ocrx_word' id='word_1_270' title='bbox 573 2186 690 2243; x_wconf 85' lang='lat' dir='ltr'><strong>l-loc</strong></span> <span class='ocrx_word' id='word_1_271' title='bbox 717 2195 895 2242; x_wconf 80' lang='lat' dir='ltr'><strong>autem</strong></span> <span class='ocrx_word' id='word_1_272' title='bbox 927 2186 1244 2256; x_wconf 86' lang='lat' dir='ltr'><strong>opusculum</strong></span> <span class='ocrx_word' id='word_1_273' title='bbox 1292 2195 1419 2258; x_wconf 90' lang='lat' dir='ltr'><strong>post</strong></span> <span class='ocrx_word' id='word_1_274' title='bbox 1461 2201 1660 2241; x_wconf 89' lang='lat' dir='ltr'><strong>annum</strong></span> <span class='ocrx_word' id='word_1_275' title='bbox 1689 2186 1796 2242; x_wconf 71' lang='grc'><strong>545</strong></span> 
     </span>
    </p>
   </div>
   <div class='ocr_carea' id='block_1_38' title="bbox 197 2275 1795 2348">
    <p class='ocr_par' dir='ltr' id='par_1_38' title="bbox 197 2275 1795 2348">
     <span class='ocr_line' id='line_1_38' title="bbox 197 2275 1795 2348; baseline 0.001 -16"><span class='ocrx_word' id='word_1_276' title='bbox 197 2277 484 2348; x_wconf 88' lang='lat' dir='ltr'><strong>scripsisse</strong></span> <span class='ocrx_word' id='word_1_277' title='bbox 511 2275 721 2337; x_wconf 79' lang='lat' dir='ltr'><strong>Gildam</strong></span> <span class='ocrx_word' id='word_1_278' title='bbox 770 2290 837 2331; x_wconf 89' lang='lat' dir='ltr'><strong>ex</strong></span> <span class='ocrx_word' id='word_1_279' title='bbox 889 2290 956 2331; x_wconf 88' lang='lat' dir='ltr'><strong>eo</strong></span> <span class='ocrx_word' id='word_1_280' title='bbox 1000 2276 1273 2345; x_wconf 69' lang='lat' dir='ltr'><strong>colligitur</strong></span> <span class='ocrx_word' id='word_1_281' title='bbox 1318 2276 1464 2346; x_wconf 88' lang='lat' dir='ltr'><strong>quod</strong></span> <span class='ocrx_word' id='word_1_282' title='bbox 1513 2286 1697 2332; x_wconf 90' lang='lat' dir='ltr'><strong>narrat</strong></span> <span class='ocrx_word' id='word_1_283' title='bbox 1726 2275 1795 2333; x_wconf 88' lang='lat' dir='ltr'><strong>de</strong></span> 
     </span>
    </p>
   </div>
   <div class='ocr_carea' id='block_1_39' title="bbox 193 2366 1790 2440">
    <p class='ocr_par' dir='ltr' id='par_1_39' title="bbox 193 2366 1790 2440">
     <span class='ocr_line' id='line_1_39' title="bbox 193 2366 1790 2440; baseline 0.001 -17"><span class='ocrx_word' id='word_1_284' title='bbox 193 2367 558 2424; x_wconf 83' lang='lat' dir='ltr'><strong>Constantino</strong></span> <span class='ocrx_word' id='word_1_285' title='bbox 600 2366 914 2422; x_wconf 80' lang='lat' dir='ltr'><strong>Damnonia:</strong></span> <span class='ocrx_word' id='word_1_286' title='bbox 935 2375 1166 2439; x_wconf 83' lang='lat' dir='ltr'><strong>tyranno</strong></span> <span class='ocrx_word' id='word_1_287' title='bbox 1190 2367 1305 2440; x_wconf 81' lang='lat' dir='ltr'><strong>(d);</strong></span> <span class='ocrx_word' id='word_1_288' title='bbox 1340 2369 1432 2437; x_wconf 90' lang='lat' dir='ltr'><strong>qui</strong></span> <span class='ocrx_word' id='word_1_289' title='bbox 1462 2367 1625 2423; x_wconf 90' lang='lat' dir='ltr'><strong>duum</strong></span> <span class='ocrx_word' id='word_1_290' title='bbox 1655 2383 1790 2440; x_wconf 87' lang='lat' dir='ltr'><strong>pue-</strong></span> 
     </span>
    </p>
   </div>
   <div class='ocr_carea' id='block_1_40' title="bbox 198 2456 1798 2527">
    <p class='ocr_par' dir='ltr' id='par_1_40' title="bbox 198 2456 1798 2527">
     <span class='ocr_line' id='line_1_40' title="bbox 198 2456 1798 2527; baseline 0.002 -16"><span class='ocrx_word' id='word_1_291' title='bbox 198 2473 386 2512; x_wconf 87' lang='lat' dir='ltr'><strong>rorum</strong></span> <span class='ocrx_word' id='word_1_292' title='bbox 428 2457 701 2526; x_wconf 79' lang='lat' dir='ltr'><strong>regiorum</strong></span> <span class='ocrx_word' id='word_1_293' title='bbox 744 2456 1074 2527; x_wconf 83' lang='lat' dir='ltr'><strong>totidemque</strong></span> <span class='ocrx_word' id='word_1_294' title='bbox 1103 2459 1428 2516; x_wconf 83' lang='lat' dir='ltr'><strong>nutritorum</strong></span> <span class='ocrx_word' id='word_1_295' title='bbox 1459 2459 1630 2514; x_wconf 83' lang='lat' dir='ltr'><strong>latera</strong></span> <span class='ocrx_word' id='word_1_296' title='bbox 1658 2459 1798 2514; x_wconf 79' lang='lat' dir='ltr'><strong>inter</strong></span> 
     </span>
    </p>
   </div>
   <div class='ocr_carea' id='block_1_41' title="bbox 195 2547 1798 2620">
    <p class='ocr_par' dir='ltr' id='par_1_41' title="bbox 195 2547 1798 2620">
     <span class='ocr_line' id='line_1_41' title="bbox 195 2547 1798 2620; baseline 0.001 -15"><span class='ocrx_word' id='word_1_297' title='bbox 195 2557 551 2605; x_wconf 77' lang='lat' dir='ltr'><strong>sacrosancta</strong></span> <span class='ocrx_word' id='word_1_298' title='bbox 580 2547 773 2603; x_wconf 87' lang='lat' dir='ltr'><strong>altaria</strong></span> <span class='ocrx_word' id='word_1_299' title='bbox 801 2563 932 2604; x_wconf 88' lang='lat' dir='ltr'><strong>ense</strong></span> <span class='ocrx_word' id='word_1_300' title='bbox 961 2549 1224 2618; x_wconf 82' lang='lat' dir='ltr'><strong>hastaque</strong></span> <span class='ocrx_word' id='word_1_301' title='bbox 1251 2565 1351 2620; x_wconf 89' lang='lat' dir='ltr'><strong>pro</strong></span> <span class='ocrx_word' id='word_1_302' title='bbox 1378 2550 1630 2606; x_wconf 87' lang='lat' dir='ltr'><strong>dentibus</strong></span> <span class='ocrx_word' id='word_1_303' title='bbox 1655 2551 1798 2607; x_wconf 77' lang='lat' dir='ltr'><strong>lace-</strong></span> 
     </span>
    </p>
   </div>
   <div class='ocr_carea' id='block_1_42' title="bbox 197 2637 1799 2710">
    <p class='ocr_par' dir='ltr' id='par_1_42' title="bbox 197 2637 1799 2710">
     <span class='ocr_line' id='line_1_42' title="bbox 197 2637 1799 2710; baseline 0.004 -18"><span class='ocrx_word' id='word_1_304' title='bbox 197 2639 378 2693; x_wconf 72' lang='lat' dir='ltr'><strong>ravit:</strong></span> <span class='ocrx_word' id='word_1_305' title='bbox 413 2639 555 2693; x_wconf 89' lang='lat' dir='ltr'><strong>idem</strong></span> <span class='ocrx_word' id='word_1_306' title='bbox 605 2639 748 2695; x_wconf 88' lang='lat' dir='ltr'><strong>enim</strong></span> <span class='ocrx_word' id='word_1_307' title='bbox 795 2653 939 2696; x_wconf 89' lang='lat' dir='ltr'><strong>anno</strong></span> <span class='ocrx_word' id='word_1_308' title='bbox 986 2637 1094 2694; x_wconf 71' lang='grc'><strong>545</strong></span> <span class='ocrx_word' id='word_1_309' title='bbox 1129 2640 1418 2710; x_wconf 84' lang='lat' dir='ltr'><strong>contigisse</strong></span> <span class='ocrx_word' id='word_1_310' title='bbox 1465 2641 1627 2697; x_wconf 89' lang='lat' dir='ltr'><strong>tradit</strong></span> <span class='ocrx_word' id='word_1_311' title='bbox 1665 2640 1799 2698; x_wconf 84' lang='lat' dir='ltr'><strong>Mat-</strong></span> 
     </span>
    </p>
   </div>
   <div class='ocr_carea' id='block_1_43' title="bbox 201 2718 1798 2789">
    <p class='ocr_par' dir='ltr' id='par_1_43' title="bbox 201 2718 1798 2789">
     <span class='ocr_line' id='line_1_43' title="bbox 201 2718 1798 2789; baseline 0.003 -5"><span class='ocrx_word' id='word_1_312' title='bbox 201 2727 375 2784; x_wconf 81' lang='lat' dir='ltr'><strong>tlueus</strong></span> <span class='ocrx_word' id='word_1_313' title='bbox 413 2718 1064 2785; x_wconf 37' lang='lat' dir='ltr'><strong>WestsMonastei&#39;iensis.</strong></span> <span class='ocrx_word' id='word_1_314' title='bbox 1114 2730 1173 2787; x_wconf 87' lang='lat' dir='ltr'><strong>Si</strong></span> <span class='ocrx_word' id='word_1_315' title='bbox 1220 2747 1352 2789; x_wconf 85' lang='lat' dir='ltr'><strong>vero</strong></span> <span class='ocrx_word' id='word_1_316' title='bbox 1385 2731 1656 2788; x_wconf 85' lang='lat' dir='ltr'><strong>Usscrium</strong></span> <span class='ocrx_word' id='word_1_317' title='bbox 1699 2750 1798 2789; x_wconf 91' lang='lat' dir='ltr'><strong>au-</strong></span> 
     </span>
    </p>
   </div>
   <div class='ocr_carea' id='block_1_44' title="bbox 199 2822 1800 2896">
    <p class='ocr_par' dir='ltr' id='par_1_44' title="bbox 199 2822 1800 2896">
     <span class='ocr_line' id='line_1_44' title="bbox 199 2822 1800 2896; baseline 0.002 -18"><span class='ocrx_word' id='word_1_318' title='bbox 199 2823 320 2878; x_wconf 87' lang='lat' dir='ltr'><strong>dias</strong></span> <span class='ocrx_word' id='word_1_319' title='bbox 349 2825 450 2892; x_wconf 77' lang='lat' dir='ltr'><strong>(e),</strong></span> <span class='ocrx_word' id='word_1_320' title='bbox 503 2823 766 2893; x_wconf 84' lang='lat' dir='ltr'><strong>scriptum</strong></span> <span class='ocrx_word' id='word_1_321' title='bbox 804 2823 970 2879; x_wconf 86' lang='lat' dir='ltr'><strong>edidit</strong></span> <span class='ocrx_word' id='word_1_322' title='bbox 996 2822 1180 2880; x_wconf 79' lang='lat' dir='ltr'><strong>Gildas</strong></span> <span class='ocrx_word' id='word_1_323' title='bbox 1204 2840 1348 2881; x_wconf 88' lang='lat' dir='ltr'><strong>anno</strong></span> <span class='ocrx_word' id='word_1_324' title='bbox 1377 2825 1504 2895; x_wconf 80' lang='lat' dir='ltr'><strong>56l,</strong></span> <span class='ocrx_word' id='word_1_325' title='bbox 1550 2826 1800 2896; x_wconf 84' lang='lat' dir='ltr'><strong>diemque</strong></span> 
     </span>
    </p>
   </div>
   <div class='ocr_carea' id='block_1_45' title="bbox 195 2912 1800 2984">
    <p class='ocr_par' dir='ltr' id='par_1_45' title="bbox 195 2912 1800 2984">
     <span class='ocr_line' id='line_1_45' title="bbox 195 2912 1800 2984; baseline 0.003 -16"><span class='ocrx_word' id='word_1_326' title='bbox 195 2928 515 2984; x_wconf 81' lang='lat' dir='ltr'><strong>supremum</strong></span> <span class='ocrx_word' id='word_1_327' title='bbox 558 2913 751 2968; x_wconf 84' lang='lat' dir='ltr'><strong>clausit</strong></span> <span class='ocrx_word' id='word_1_328' title='bbox 779 2928 922 2969; x_wconf 86' lang='lat' dir='ltr'><strong>anno</strong></span> <span class='ocrx_word' id='word_1_329' title='bbox 949 2912 1076 2969; x_wconf 80' lang='lat'><strong>570.</strong></span> <span class='ocrx_word' id='word_1_330' title='bbox 1129 2914 1301 2970; x_wconf 84' lang='lat' dir='ltr'><strong>Aliter</strong></span> <span class='ocrx_word' id='word_1_331' title='bbox 1329 2924 1506 2972; x_wconf 89' lang='lat' dir='ltr'><strong>tamen</strong></span> <span class='ocrx_word' id='word_1_332' title='bbox 1550 2915 1800 2973; x_wconf 79' lang='lat' dir='ltr'><strong>Mabillo-</strong></span> 
     </span>
    </p>
   </div>
   <div class='ocr_carea' id='block_1_46' title="bbox 198 3003 1802 3078">
    <p class='ocr_par' dir='ltr' id='par_1_46' title="bbox 198 3003 1802 3078">
     <span class='ocr_line' id='line_1_46' title="bbox 198 3003 1802 3078; baseline 0.002 -16"><span class='ocrx_word' id='word_1_333' title='bbox 198 3007 345 3072; x_wconf 85' lang='lat' dir='ltr'><strong>nius,</strong></span> <span class='ocrx_word' id='word_1_334' title='bbox 378 3007 470 3076; x_wconf 89' lang='lat' dir='ltr'><strong>qui</strong></span> <span class='ocrx_word' id='word_1_335' title='bbox 499 3003 710 3062; x_wconf 85' lang='lat' dir='ltr'><strong>Gildam</strong></span> <span class='ocrx_word' id='word_1_336' title='bbox 735 3006 847 3076; x_wconf 90' lang='lat' dir='ltr'><strong>jam</strong></span> <span class='ocrx_word' id='word_1_337' title='bbox 875 3009 1282 3078; x_wconf 80' lang='lat' dir='ltr'><strong>octogenarium</strong></span> <span class='ocrx_word' id='word_1_338' title='bbox 1313 3024 1457 3065; x_wconf 83' lang='lat' dir='ltr'><strong>anno</strong></span> <span class='ocrx_word' id='word_1_339' title='bbox 1484 3007 1588 3064; x_wconf 79' lang='lat'><strong>565</strong></span> <span class='ocrx_word' id='word_1_340' title='bbox 1614 3025 1646 3066; x_wconf 90' lang='lat' dir='ltr'><strong>e</strong></span> <span class='ocrx_word' id='word_1_341' title='bbox 1667 3010 1802 3066; x_wconf 83' lang='lat' dir='ltr'><strong>vivis</strong></span> 
     </span>
    </p>
   </div>
   <div class='ocr_carea' id='block_1_47' title="bbox 200 3097 1802 3170">
    <p class='ocr_par' dir='ltr' id='par_1_47' title="bbox 200 3097 1802 3170">
     <span class='ocr_line' id='line_1_47' title="bbox 200 3097 1802 3170; baseline 0.002 -17"><span class='ocrx_word' id='word_1_342' title='bbox 200 3098 503 3154; x_wconf 79' lang='lat' dir='ltr'><strong>excessisse</strong></span> <span class='ocrx_word' id='word_1_343' title='bbox 533 3097 786 3168; x_wconf 81' lang='lat' dir='ltr'><strong>Opinatur</strong></span> <span class='ocrx_word' id='word_1_344' title='bbox 815 3098 904 3170; x_wconf 71' lang='grc' dir='ltr'><strong>(ι’).</strong></span> <span class='ocrx_word' id='word_1_345' title='bbox 934 3097 1307 3154; x_wconf 74' lang='lat' dir='ltr'><strong>Mabillonium</strong></span> <span class='ocrx_word' id='word_1_346' title='bbox 1335 3108 1678 3156; x_wconf 85' lang='lat' dir='ltr'><strong>assectantur</strong></span> <span class='ocrx_word' id='word_1_347' title='bbox 1707 3099 1802 3156; x_wconf 86' lang='lat' dir='ltr'><strong>lli-</strong></span> 
     </span>
    </p>
   </div>
   <div class='ocr_carea' id='block_1_48' title="bbox 1895 1907 3489 1975">
    <p class='ocr_par' dir='ltr' id='par_1_48' title="bbox 1895 1907 3489 1975">
     <span class='ocr_line' id='line_1_48' title="bbox 1895 1907 3489 1975; baseline 0.003 -13"><span class='ocrx_word' id='word_1_348' title='bbox 1895 1907 2009 1972; x_wconf 91' lang='lat' dir='ltr'><strong>lini,</strong></span> <span class='ocrx_word' id='word_1_349' title='bbox 2056 1908 2192 1963; x_wconf 88' lang='lat' dir='ltr'><strong>adeo</strong></span> <span class='ocrx_word' id='word_1_350' title='bbox 2224 1909 2365 1963; x_wconf 89' lang='lat' dir='ltr'><strong>inter</strong></span> <span class='ocrx_word' id='word_1_351' title='bbox 2411 1924 2471 1964; x_wconf 90' lang='lat' dir='ltr'><strong>se</strong></span> <span class='ocrx_word' id='word_1_352' title='bbox 2515 1909 2916 1975; x_wconf 83' lang='lat' dir='ltr'><strong>discordabant,</strong></span> <span class='ocrx_word' id='word_1_353' title='bbox 2965 1920 3025 1965; x_wconf 89' lang='lat' dir='ltr'><strong>ut</strong></span> <span class='ocrx_word' id='word_1_354' title='bbox 3066 1927 3284 1970; x_wconf 86' lang='lat' dir='ltr'><strong>onmem</strong></span> <span class='ocrx_word' id='word_1_355' title='bbox 3332 1911 3489 1968; x_wconf 75' lang='lat' dir='ltr'><strong>[idem</strong></span> 
     </span>
    </p>
   </div>
   <div class='ocr_carea' id='block_1_49' title="bbox 1895 1999 3490 2063">
    <p class='ocr_par' dir='ltr' id='par_1_49' title="bbox 1895 1999 3490 2063">
     <span class='ocr_line' id='line_1_49' title="bbox 1895 1999 3490 2063; baseline 0.002 -9"><span class='ocrx_word' id='word_1_356' title='bbox 1895 1999 2104 2055; x_wconf 87' lang='lat' dir='ltr'><strong>auctori</strong></span> <span class='ocrx_word' id='word_1_357' title='bbox 2133 2014 2232 2055; x_wconf 90' lang='lat' dir='ltr'><strong>suo</strong></span> <span class='ocrx_word' id='word_1_358' title='bbox 2279 1999 2654 2063; x_wconf 87' lang='lat' dir='ltr'><strong>detraherent,</strong></span> <span class='ocrx_word' id='word_1_359' title='bbox 2705 2009 2760 2056; x_wconf 88' lang='lat' dir='ltr'><strong>et</strong></span> <span class='ocrx_word' id='word_1_360' title='bbox 2797 1999 3008 2056; x_wconf 62' lang='lat' dir='ltr'><strong>Gildas:</strong></span> <span class='ocrx_word' id='word_1_361' title='bbox 3049 2002 3104 2056; x_wconf 93' lang='lat' dir='ltr'><strong>in</strong></span> <span class='ocrx_word' id='word_1_362' title='bbox 3131 1999 3288 2056; x_wconf 77' lang='lat' dir='ltr'><strong>Gildo</strong></span> <span class='ocrx_word' id='word_1_363' title='bbox 3317 2003 3490 2058; x_wconf 89' lang='lat' dir='ltr'><strong>adhuc</strong></span> 
     </span>
    </p>
   </div>
   <div class='ocr_carea' id='block_1_50' title="bbox 1894 2090 3489 2160">
    <p class='ocr_par' dir='ltr' id='par_1_50' title="bbox 1894 2090 3489 2160">
     <span class='ocr_line' id='line_1_50' title="bbox 1894 2090 3489 2160; baseline 0.002 -14"><span class='ocrx_word' id='word_1_364' title='bbox 1894 2105 2184 2160; x_wconf 62' lang='lat' dir='ltr'><strong>quaereres.</strong></span> <span class='ocrx_word' id='word_1_365' title='bbox 2218 2090 2398 2158; x_wconf 85' lang='lat' dir='ltr'><strong>Quare</strong></span> <span class='ocrx_word' id='word_1_366' title='bbox 2424 2091 2882 2146; x_wconf 87' lang='lat' dir='ltr'><strong>consultissimum</strong></span> <span class='ocrx_word' id='word_1_367' title='bbox 2931 2093 3090 2148; x_wconf 82' lang='lat' dir='ltr'><strong>habui</strong></span> <span class='ocrx_word' id='word_1_368' title='bbox 3143 2109 3268 2148; x_wconf 88' lang='lat' dir='ltr'><strong>eum</strong></span> <span class='ocrx_word' id='word_1_369' title='bbox 3310 2093 3489 2149; x_wconf 88' lang='lat' dir='ltr'><strong>denuo</strong></span> 
     </span>
    </p>
   </div>
   <div class='ocr_carea' id='block_1_51' title="bbox 1895 2180 3490 2252">
    <p class='ocr_par' dir='ltr' id='par_1_51' title="bbox 1895 2180 3490 2252">
     <span class='ocr_line' id='line_1_51' title="bbox 1895 2180 3490 2252; baseline 0.001 -16"><span class='ocrx_word' id='word_1_370' title='bbox 1895 2181 2116 2249; x_wconf 90' lang='lat' dir='ltr'><strong>cudere,</strong></span> <span class='ocrx_word' id='word_1_371' title='bbox 2143 2182 2347 2251; x_wconf 90' lang='lat' dir='ltr'><strong>scripto</strong></span> <span class='ocrx_word' id='word_1_372' title='bbox 2373 2180 2562 2236; x_wconf 89' lang='lat' dir='ltr'><strong>codice</strong></span> <span class='ocrx_word' id='word_1_373' title='bbox 2601 2197 2729 2236; x_wconf 76' lang='lat' dir='ltr'><strong>usus</strong></span> <span class='ocrx_word' id='word_1_374' title='bbox 2754 2195 2914 2250; x_wconf 89' lang='lat' dir='ltr'><strong>quem</strong></span> <span class='ocrx_word' id='word_1_375' title='bbox 2945 2183 3186 2252; x_wconf 90' lang='lat' dir='ltr'><strong>priorum</strong></span> <span class='ocrx_word' id='word_1_376' title='bbox 3222 2183 3490 2238; x_wconf 73' lang='lat' dir='ltr'><strong>editorum</strong></span> 
     </span>
    </p>
   </div>
   <div class='ocr_carea' id='block_1_52' title="bbox 1897 2269 3489 2340">
    <p class='ocr_par' dir='ltr' id='par_1_52' title="bbox 1897 2269 3489 2340">
     <span class='ocr_line' id='line_1_52' title="bbox 1897 2269 3489 2340; baseline 0.002 -14"><span class='ocrx_word' id='word_1_377' title='bbox 1897 2279 2090 2326; x_wconf 89' lang='lat' dir='ltr'><strong>neuter</strong></span> <span class='ocrx_word' id='word_1_378' title='bbox 2119 2271 2448 2340; x_wconf 84' lang='lat' dir='ltr'><strong>inspexerat,</strong></span> <span class='ocrx_word' id='word_1_379' title='bbox 2494 2269 2695 2339; x_wconf 89' lang='lat' dir='ltr'><strong>quique</strong></span> <span class='ocrx_word' id='word_1_380' title='bbox 2725 2285 2890 2340; x_wconf 82' lang='lat' dir='ltr'><strong>purus</strong></span> <span class='ocrx_word' id='word_1_381' title='bbox 2913 2279 3058 2326; x_wconf 85' lang='lat' dir='ltr'><strong>esset</strong></span> <span class='ocrx_word' id='word_1_382' title='bbox 3085 2287 3116 2326; x_wconf 91' lang='lat' dir='ltr'><strong>a</strong></span> <span class='ocrx_word' id='word_1_383' title='bbox 3139 2271 3279 2328; x_wconf 76' lang='lat' dir='ltr'><strong>fmda</strong></span> <span class='ocrx_word' id='word_1_384' title='bbox 3309 2281 3365 2328; x_wconf 89' lang='lat' dir='ltr'><strong>et</strong></span> <span class='ocrx_word' id='word_1_385' title='bbox 3391 2273 3489 2329; x_wconf 89' lang='lat' dir='ltr'><strong>ab-</strong></span> 
     </span>
    </p>
   </div>
   <div class='ocr_carea' id='block_1_53' title="bbox 1896 2361 3490 2432">
    <p class='ocr_par' dir='ltr' id='par_1_53' title="bbox 1896 2361 3490 2432">
     <span class='ocr_line' id='line_1_53' title="bbox 1896 2361 3490 2432; baseline 0.003 -16"><span class='ocrx_word' id='word_1_386' title='bbox 1896 2363 2057 2416; x_wconf 87' lang='lat' dir='ltr'><strong>surda</strong></span> <span class='ocrx_word' id='word_1_387' title='bbox 2087 2361 2508 2432; x_wconf 83' lang='lat' dir='ltr'><strong>interpolatione</strong></span> <span class='ocrx_word' id='word_1_388' title='bbox 2536 2376 2656 2431; x_wconf 64' lang='lat' dir='ltr'><strong>qua</strong></span> <span class='ocrx_word' id='word_1_389' title='bbox 2685 2362 2788 2416; x_wconf 88' lang='lat' dir='ltr'><strong>alia</strong></span> <span class='ocrx_word' id='word_1_390' title='bbox 2819 2362 3149 2432; x_wconf 85' lang='lat' dir='ltr'><strong>exemplaria</strong></span> <span class='ocrx_word' id='word_1_391' title='bbox 3183 2363 3490 2422; x_wconf 77' lang='lat' dir='ltr'><strong>infamarat.</strong></span> 
     </span>
    </p>
   </div>
   <div class='ocr_carea' id='block_1_54' title="bbox 1897 2451 3488 2512">
    <p class='ocr_par' dir='ltr' id='par_1_54' title="bbox 1897 2451 3488 2512">
     <span class='ocr_line' id='line_1_54' title="bbox 1897 2451 3488 2512; baseline 0 -2"><span class='ocrx_word' id='word_1_392' title='bbox 1897 2454 2008 2510; x_wconf 75' lang='lat' dir='ltr'><strong>Nec</strong></span> <span class='ocrx_word' id='word_1_393' title='bbox 2038 2454 2127 2509; x_wconf 87' lang='lat' dir='ltr'><strong>uni</strong></span> <span class='ocrx_word' id='word_1_394' title='bbox 2157 2454 2258 2510; x_wconf 89' lang='lat' dir='ltr'><strong>soli</strong></span> <span class='ocrx_word' id='word_1_395' title='bbox 2288 2453 2342 2508; x_wconf 84' lang='lat' dir='ltr'><strong>in</strong></span> <span class='ocrx_word' id='word_1_396' title='bbox 2369 2453 2724 2510; x_wconf 88' lang='lat' dir='ltr'><strong>emaculando</strong></span> <span class='ocrx_word' id='word_1_397' title='bbox 2746 2451 2902 2508; x_wconf 87' lang='lat' dir='ltr'><strong>Gilda</strong></span> <span class='ocrx_word' id='word_1_398' title='bbox 2930 2454 3137 2510; x_wconf 88' lang='lat' dir='ltr'><strong>inuisus</strong></span> <span class='ocrx_word' id='word_1_399' title='bbox 3165 2470 3282 2511; x_wconf 90' lang='lat' dir='ltr'><strong>sum</strong></span> <span class='ocrx_word' id='word_1_400' title='bbox 3315 2455 3488 2512; x_wconf 88' lang='lat' dir='ltr'><strong>libro:</strong></span> 
     </span>
    </p>
   </div>
   <div class='ocr_carea' id='block_1_55' title="bbox 1899 2545 3488 2616">
    <p class='ocr_par' dir='ltr' id='par_1_55' title="bbox 1899 2545 3488 2616">
     <span class='ocr_line' id='line_1_55' title="bbox 1899 2545 3488 2616; baseline -0.001 -15"><span class='ocrx_word' id='word_1_401' title='bbox 1899 2546 2115 2603; x_wconf 80' lang='lat' dir='ltr'><strong>aliunde</strong></span> <span class='ocrx_word' id='word_1_402' title='bbox 2157 2547 2322 2602; x_wconf 90' lang='lat' dir='ltr'><strong>etiam</strong></span> <span class='ocrx_word' id='word_1_403' title='bbox 2369 2545 2438 2600; x_wconf 88' lang='lat' dir='ltr'><strong>ad</strong></span> <span class='ocrx_word' id='word_1_404' title='bbox 2484 2546 2627 2601; x_wconf 88' lang='lat' dir='ltr'><strong>hanc</strong></span> <span class='ocrx_word' id='word_1_405' title='bbox 2673 2561 2789 2602; x_wconf 89' lang='lat' dir='ltr'><strong>rem</strong></span> <span class='ocrx_word' id='word_1_406' title='bbox 2834 2546 3110 2616; x_wconf 86' lang='lat' dir='ltr'><strong>suppetias</strong></span> <span class='ocrx_word' id='word_1_407' title='bbox 3154 2547 3432 2603; x_wconf 86' lang='lat' dir='ltr'><strong>accersivi.</strong></span> <span class='ocrx_word' id='word_1_408' title='bbox 3468 2566 3488 2600; x_wconf 79' lang='grc' dir='ltr'><strong>ι</strong></span> 
     </span>
    </p>
   </div>
   <div class='ocr_carea' id='block_1_56' title="bbox 1900 2639 3492 2711">
    <p class='ocr_par' dir='ltr' id='par_1_56' title="bbox 1900 2639 3492 2711">
     <span class='ocr_line' id='line_1_56' title="bbox 1900 2639 3492 2711; baseline 0.004 -17"><span class='ocrx_word' id='word_1_409' title='bbox 1900 2639 2028 2695; x_wconf 69' lang='grc' dir='ltr'>11ωο</span> <span class='ocrx_word' id='word_1_410' title='bbox 2056 2640 2187 2695; x_wconf 88' lang='lat' dir='ltr'><strong>ille:</strong></span> <span class='ocrx_word' id='word_1_411' title='bbox 2221 2639 2311 2710; x_wconf 89' lang='lat' dir='ltr'><strong>qui</strong></span> <span class='ocrx_word' id='word_1_412' title='bbox 2358 2649 2566 2709; x_wconf 81' lang='lat' dir='ltr'><strong>partem</strong></span> <span class='ocrx_word' id='word_1_413' title='bbox 2595 2656 2613 2696; x_wconf 82' lang='grc' dir='ltr'><strong>ι</strong></span> <span class='ocrx_word' id='word_1_414' title='bbox 2643 2642 2887 2711; x_wconf 83' lang='lat' dir='ltr'><strong>opusculi</strong></span> <span class='ocrx_word' id='word_1_415' title='bbox 2933 2641 3120 2706; x_wconf 71' lang='lat' dir='ltr'><strong>Gildtc,</strong></span> <span class='ocrx_word' id='word_1_416' title='bbox 3171 2643 3284 2698; x_wconf 87' lang='lat' dir='ltr'><strong>sive</strong></span> <span class='ocrx_word' id='word_1_417' title='bbox 3317 2641 3492 2700; x_wconf 78' lang='lat' dir='ltr'><strong>[listo-</strong></span> 
     </span>
    </p>
   </div>
   <div class='ocr_carea' id='block_1_57' title="bbox 1901 2730 3492 2804">
    <p class='ocr_par' dir='ltr' id='par_1_57' title="bbox 1901 2730 3492 2804">
     <span class='ocr_line' id='line_1_57' title="bbox 1901 2730 3492 2804; baseline 0.002 -18"><span class='ocrx_word' id='word_1_418' title='bbox 1901 2732 2062 2798; x_wconf 84' lang='lat' dir='ltr'><strong>riam,</strong></span> <span class='ocrx_word' id='word_1_419' title='bbox 2087 2731 2154 2786; x_wconf 90' lang='lat' dir='ltr'><strong>ad</strong></span> <span class='ocrx_word' id='word_1_420' title='bbox 2176 2740 2444 2786; x_wconf 86' lang='lat' dir='ltr'><strong>vetustum</strong></span> <span class='ocrx_word' id='word_1_421' title='bbox 2473 2747 2576 2786; x_wconf 88' lang='lat' dir='ltr'><strong>ms.</strong></span> <span class='ocrx_word' id='word_1_422' title='bbox 2603 2731 2846 2788; x_wconf 86' lang='lat' dir='ltr'><strong>codicem</strong></span> <span class='ocrx_word' id='word_1_423' title='bbox 2865 2730 3374 2804; x_wconf 86' lang='lat' dir='ltr'><strong>Cantabrigeusem;</strong></span> <span class='ocrx_word' id='word_1_424' title='bbox 3408 2750 3492 2789; x_wconf 55' lang='lat' dir='ltr'><strong>re.</strong></span> 
     </span>
    </p>
   </div>
   <div class='ocr_carea' id='block_1_58' title="bbox 1901 2825 3492 2898">
    <p class='ocr_par' dir='ltr' id='par_1_58' title="bbox 1901 2825 3492 2898">
     <span class='ocr_line' id='line_1_58' title="bbox 1901 2825 3492 2898; baseline 0.001 -18"><span class='ocrx_word' id='word_1_425' title='bbox 1901 2825 2075 2896; x_wconf 80' lang='lat' dir='ltr'><strong>liquas</strong></span> <span class='ocrx_word' id='word_1_426' title='bbox 2095 2842 2226 2882; x_wconf 89' lang='lat' dir='ltr'><strong>vero</strong></span> <span class='ocrx_word' id='word_1_427' title='bbox 2247 2826 2403 2895; x_wconf 90' lang='lat' dir='ltr'><strong>duas,</strong></span> <span class='ocrx_word' id='word_1_428' title='bbox 2429 2825 2725 2896; x_wconf 82' lang='lat' dir='ltr'><strong>Epistulam</strong></span> <span class='ocrx_word' id='word_1_429' title='bbox 2755 2827 2960 2882; x_wconf 88' lang='lat' dir='ltr'><strong>scilicet</strong></span> <span class='ocrx_word' id='word_1_430' title='bbox 2983 2835 3040 2882; x_wconf 91' lang='lat' dir='ltr'><strong>et</strong></span> <span class='ocrx_word' id='word_1_431' title='bbox 3066 2826 3492 2898; x_wconf 80' lang='lat' dir='ltr'><strong>lucrepatiOuetn</strong></span> 
     </span>
    </p>
   </div>
   <div class='ocr_carea' id='block_1_59' title="bbox 1903 2915 3493 2987">
    <p class='ocr_par' dir='ltr' id='par_1_59' title="bbox 1903 2915 3493 2987">
     <span class='ocr_line' id='line_1_59' title="bbox 1903 2915 3493 2987; baseline 0.003 -17"><span class='ocrx_word' id='word_1_432' title='bbox 1903 2917 2206 2985; x_wconf 82' lang='lat' dir='ltr'><strong>inclerutn,</strong></span> <span class='ocrx_word' id='word_1_433' title='bbox 2255 2915 2325 2972; x_wconf 87' lang='lat' dir='ltr'><strong>ad</strong></span> <span class='ocrx_word' id='word_1_434' title='bbox 2373 2917 2617 2973; x_wconf 86' lang='lat' dir='ltr'><strong>codicem</strong></span> <span class='ocrx_word' id='word_1_435' title='bbox 2663 2915 3048 2974; x_wconf 83' lang='lat' dir='ltr'><strong>Cottouianum</strong></span> <span class='ocrx_word' id='word_1_436' title='bbox 3096 2921 3296 2987; x_wconf 83' lang='lat' dir='ltr'><strong>exegit.</strong></span> <span class='ocrx_word' id='word_1_437' title='bbox 3345 2918 3493 2974; x_wconf 86' lang='lat' dir='ltr'><strong>llanc</strong></span> 
     </span>
    </p>
   </div>
   <div class='ocr_carea' id='block_1_60' title="bbox 1903 3006 3494 3076">
    <p class='ocr_par' dir='ltr' id='par_1_60' title="bbox 1903 3006 3494 3076">
     <span class='ocr_line' id='line_1_60' title="bbox 1903 3006 3494 3076; baseline 0.003 -17"><span class='ocrx_word' id='word_1_438' title='bbox 1903 3006 2064 3074; x_wconf 82' lang='lat' dir='ltr'><strong>igitur</strong></span> <span class='ocrx_word' id='word_1_439' title='bbox 2089 3007 2381 3062; x_wconf 76' lang='lat' dir='ltr'><strong>editionem</strong></span> <span class='ocrx_word' id='word_1_440' title='bbox 2409 3021 2570 3075; x_wconf 81' lang='lat' dir='ltr'><strong>quam</strong></span> <span class='ocrx_word' id='word_1_441' title='bbox 2598 3008 2913 3076; x_wconf 81' lang='lat' dir='ltr'><strong>ignorarunt</strong></span> <span class='ocrx_word' id='word_1_442' title='bbox 2943 3007 3193 3063; x_wconf 77' lang='lat' dir='ltr'><strong>Historia:</strong></span> <span class='ocrx_word' id='word_1_443' title='bbox 3223 3009 3494 3064; x_wconf 68' lang='lat' dir='ltr'><strong>litterariat</strong></span> 
     </span>
    </p>
   </div>
   <div class='ocr_carea' id='block_1_61' title="bbox 1899 3096 3494 3170">
    <p class='ocr_par' dir='ltr' id='par_1_61' title="bbox 1899 3096 3494 3170">
     <span class='ocr_line' id='line_1_61' title="bbox 1899 3096 3494 3170; baseline 0.001 -18"><span class='ocrx_word' id='word_1_444' title='bbox 1899 3096 2121 3153; x_wconf 66' lang='lat' dir='ltr'><strong>Gallica)</strong></span> <span class='ocrx_word' id='word_1_445' title='bbox 2171 3105 2424 3153; x_wconf 86' lang='lat' dir='ltr'><strong>auctores</strong></span> <span class='ocrx_word' id='word_1_446' title='bbox 2471 3098 2634 3152; x_wconf 84' lang='lat' dir='ltr'><strong>modo</strong></span> <span class='ocrx_word' id='word_1_447' title='bbox 2682 3097 2882 3153; x_wconf 85' lang='lat' dir='ltr'><strong>laudati</strong></span> <span class='ocrx_word' id='word_1_448' title='bbox 2926 3100 3023 3170; x_wconf 68' lang='grc' dir='ltr'><strong>(ᾳ),</strong></span> <span class='ocrx_word' id='word_1_449' title='bbox 3077 3099 3318 3155; x_wconf 83' lang='grc' dir='ltr'>οιιιιιίιιιιι</span> <span class='ocrx_word' id='word_1_450' title='bbox 3364 3114 3494 3154; x_wconf 90' lang='lat' dir='ltr'><strong>sane</strong></span> 
     </span>
    </p>
   </div>
   <div class='ocr_carea' id='block_1_62' title="bbox 200 3187 3492 3272">
    <p class='ocr_par' dir='ltr' id='par_1_62' title="bbox 200 3187 3492 3272">
     <span class='ocr_line' id='line_1_62' title="bbox 200 3187 3492 3272; baseline -0.001 -27"><span class='ocrx_word' id='word_1_451' title='bbox 200 3188 389 3245; x_wconf 56' lang='lat' dir='ltr'><strong>storias</strong></span> <span class='ocrx_word' id='word_1_452' title='bbox 432 3188 707 3243; x_wconf 58' lang='lat' dir='ltr'><strong>litterariae</strong></span> <span class='ocrx_word' id='word_1_453' title='bbox 734 3189 952 3244; x_wconf 66' lang='lat' dir='ltr'><strong>Galliae</strong></span> <span class='ocrx_word' id='word_1_454' title='bbox 1000 3199 1249 3246; x_wconf 75' lang='lat' dir='ltr'><strong>auctores</strong></span> <span class='ocrx_word' id='word_1_455' title='bbox 1291 3191 1390 3262; x_wconf 54' lang='lat' dir='ltr'><strong>(gl.</strong></span> <span class='ocrx_word' id='word_1_456' title='bbox 1439 3189 1608 3248; x_wconf 86' lang='lat' dir='ltr'><strong>Porro</strong></span> <span class='ocrx_word' id='word_1_457' title='bbox 1635 3191 1802 3248; x_wconf 77' lang='lat' dir='ltr'><strong>Gllda:</strong></span> <span class='ocrx_word' id='word_1_458' title='bbox 1829 3210 1874 3272; x_wconf 73' lang='grc' dir='ltr'>ρ</span> <span class='ocrx_word' id='word_1_459' title='bbox 1907 3189 2165 3260; x_wconf 87' lang='lat' dir='ltr'><strong>optimam</strong></span> <span class='ocrx_word' id='word_1_460' title='bbox 2208 3196 2265 3244; x_wconf 92' lang='lat' dir='ltr'><strong>et</strong></span> <span class='ocrx_word' id='word_1_461' title='bbox 2296 3187 2775 3252; x_wconf 85' lang='lat' dir='ltr'><strong>accuratissimam,</strong></span> <span class='ocrx_word' id='word_1_462' title='bbox 2825 3203 2967 3242; x_wconf 85' lang='lat' dir='ltr'><strong>anno</strong></span> <span class='ocrx_word' id='word_1_463' title='bbox 3002 3188 3130 3243; x_wconf 83' lang='grc'>1691</span> <span class='ocrx_word' id='word_1_464' title='bbox 3178 3188 3400 3243; x_wconf 70' lang='lat' dir='ltr'><strong>Oxonia:</strong></span> <span class='ocrx_word' id='word_1_465' title='bbox 3441 3188 3492 3264; x_wconf 78' lang='lat' dir='ltr'><strong>in</strong></span> 
     </span>
    </p>
   </div>
   <div class='ocr_carea' id='block_1_63' title="bbox 196 3277 3494 3356">
    <p class='ocr_par' dir='ltr' id='par_1_63' title="bbox 196 3277 3494 3356">
     <span class='ocr_line' id='line_1_63' title="bbox 196 3277 3494 3356; baseline 0 -24"><span class='ocrx_word' id='word_1_466' title='bbox 196 3278 433 3347; x_wconf 78' lang='lat' dir='ltr'><strong>ejusque</strong></span> <span class='ocrx_word' id='word_1_467' title='bbox 460 3277 651 3348; x_wconf 68' lang='lat' dir='ltr'><strong>opella:</strong></span> <span class='ocrx_word' id='word_1_468' title='bbox 677 3279 973 3336; x_wconf 86' lang='lat' dir='ltr'><strong>meminere</strong></span> <span class='ocrx_word' id='word_1_469' title='bbox 1021 3297 1131 3352; x_wconf 77' lang='lat' dir='ltr'><strong>pra:</strong></span> <span class='ocrx_word' id='word_1_470' title='bbox 1165 3283 1374 3338; x_wconf 61' lang='lat' dir='ltr'><strong>caeteris</strong></span> <span class='ocrx_word' id='word_1_471' title='bbox 1416 3282 1560 3338; x_wconf 89' lang='lat' dir='ltr'><strong>Beda</strong></span> <span class='ocrx_word' id='word_1_472' title='bbox 1601 3282 1685 3356; x_wconf 75' lang='lat' dir='ltr'><strong>(ti)</strong></span> <span class='ocrx_word' id='word_1_473' title='bbox 1745 3295 1803 3342; x_wconf 81' lang='lat' dir='ltr'><strong>et</strong></span> <span class='ocrx_word' id='word_1_474' title='bbox 1907 3280 2081 3336; x_wconf 87' lang='lat' dir='ltr'><strong>lucem</strong></span> <span class='ocrx_word' id='word_1_475' title='bbox 2110 3279 2362 3335; x_wconf 86' lang='lat' dir='ltr'><strong>emissam</strong></span> <span class='ocrx_word' id='word_1_476' title='bbox 2387 3279 2567 3336; x_wconf 89' lang='lat' dir='ltr'><strong>studio</strong></span> <span class='ocrx_word' id='word_1_477' title='bbox 2597 3279 2818 3334; x_wconf 78' lang='lat' dir='ltr'><strong>Thoma:</strong></span> <span class='ocrx_word' id='word_1_478' title='bbox 2844 3278 2997 3334; x_wconf 86' lang='lat' dir='ltr'><strong>Galei</strong></span> <span class='ocrx_word' id='word_1_479' title='bbox 3027 3279 3078 3333; x_wconf 92' lang='lat' dir='ltr'><strong>iu</strong></span> <span class='ocrx_word' id='word_1_480' title='bbox 3109 3279 3291 3333; x_wconf 90' lang='lat' dir='ltr'><strong>limine</strong></span> <span class='ocrx_word' id='word_1_481' title='bbox 3319 3279 3494 3349; x_wconf 68' lang='lat' dir='ltr'><strong>aperis</strong></span> 
     </span>
    </p>
   </div>
   <div class='ocr_carea' id='block_1_64' title="bbox 203 3367 1801 3442">
    <p class='ocr_par' dir='ltr' id='par_1_64' title="bbox 203 3367 1801 3442">
     <span class='ocr_line' id='line_1_64' title="bbox 203 3367 1801 3442; baseline 0.006 -19"><span class='ocrx_word' id='word_1_482' title='bbox 203 3368 488 3439; x_wconf 88' lang='lat' dir='ltr'><strong>Alcuinus,</strong></span> <span class='ocrx_word' id='word_1_483' title='bbox 537 3369 629 3440; x_wconf 87' lang='lat' dir='ltr'><strong>qui</strong></span> <span class='ocrx_word' id='word_1_484' title='bbox 668 3367 877 3426; x_wconf 86' lang='lat' dir='ltr'><strong>Gildam</strong></span> <span class='ocrx_word' id='word_1_485' title='bbox 905 3371 1208 3428; x_wconf 78' lang='lat' dir='ltr'><strong>Brettonum</strong></span> <span class='ocrx_word' id='word_1_486' title='bbox 1235 3374 1675 3442; x_wconf 71' lang='lat' dir='ltr'><strong>sapientissimum</strong></span> <span class='ocrx_word' id='word_1_487' title='bbox 1703 3391 1801 3432; x_wconf 88' lang='lat' dir='ltr'><strong>vo-</strong></span> 
     </span>
    </p>
   </div>
   <div class='ocr_carea' id='block_1_65' title="bbox 200 3460 1804 3538">
    <p class='ocr_par' dir='ltr' id='par_1_65' title="bbox 200 3460 1804 3538">
     <span class='ocr_line' id='line_1_65' title="bbox 200 3460 1804 3538; baseline 0.005 -22"><span class='ocrx_word' id='word_1_488' title='bbox 200 3470 298 3516; x_wconf 80' lang='lat' dir='ltr'><strong>cat</strong></span> <span class='ocrx_word' id='word_1_489' title='bbox 333 3461 424 3532; x_wconf 79' lang='grc' dir='ltr'><strong>(ἱ).</strong></span> <span class='ocrx_word' id='word_1_490' title='bbox 454 3460 751 3527; x_wconf 68' lang='lat' dir='ltr'><strong>Craterum,</strong></span> <span class='ocrx_word' id='word_1_491' title='bbox 799 3471 860 3522; x_wconf 85' lang='lat' dir='ltr'><strong>ut</strong></span> <span class='ocrx_word' id='word_1_492' title='bbox 905 3463 1158 3519; x_wconf 85' lang='lat' dir='ltr'><strong>observat</strong></span> <span class='ocrx_word' id='word_1_493' title='bbox 1197 3464 1437 3520; x_wconf 87' lang='lat' dir='ltr'><strong>Smithus</strong></span> <span class='ocrx_word' id='word_1_494' title='bbox 1466 3467 1560 3538; x_wconf 84' lang='lat' dir='ltr'><strong>(j),</strong></span> <span class='ocrx_word' id='word_1_495' title='bbox 1618 3486 1636 3519; x_wconf 83' lang='grc' dir='ltr'><strong>ι</strong></span> <span class='ocrx_word' id='word_1_496' title='bbox 1666 3468 1804 3524; x_wconf 88' lang='lat' dir='ltr'><strong>liber</strong></span> 
     </span>
    </p>
   </div>
   <div class='ocr_carea' id='block_1_66' title="bbox 199 3550 1803 3619">
    <p class='ocr_par' dir='ltr' id='par_1_66' title="bbox 199 3550 1803 3619">
     <span class='ocr_line' id='line_1_66' title="bbox 199 3550 1803 3619; baseline 0.009 -15"><span class='ocrx_word' id='word_1_497' title='bbox 199 3550 378 3605; x_wconf 72' lang='lat' dir='ltr'><strong>Cildzc</strong></span> <span class='ocrx_word' id='word_1_498' title='bbox 406 3551 484 3606; x_wconf 90' lang='lat' dir='ltr'><strong>De</strong></span> <span class='ocrx_word' id='word_1_499' title='bbox 510 3550 734 3608; x_wconf 82' lang='lat' dir='ltr'><strong>Excidio</strong></span> <span class='ocrx_word' id='word_1_500' title='bbox 759 3552 1050 3609; x_wconf 78' lang='lat' dir='ltr'><strong>Britannia:</strong></span> <span class='ocrx_word' id='word_1_501' title='bbox 1071 3556 1203 3611; x_wconf 84' lang='lat' dir='ltr'><strong>satis</strong></span> <span class='ocrx_word' id='word_1_502' title='bbox 1230 3556 1388 3612; x_wconf 88' lang='lat' dir='ltr'><strong>hodie</strong></span> <span class='ocrx_word' id='word_1_503' title='bbox 1418 3569 1596 3613; x_wconf 90' lang='lat' dir='ltr'><strong>notus.</strong></span> <span class='ocrx_word' id='word_1_504' title='bbox 1621 3557 1803 3619; x_wconf 86' lang='lat' dir='ltr'><strong>Gildas</strong></span> 
     </span>
    </p>
   </div>
   <div class='ocr_carea' id='block_1_67' title="bbox 202 3643 1798 3715">
    <p class='ocr_par' dir='ltr' id='par_1_67' title="bbox 202 3643 1798 3715">
     <span class='ocr_line' id='line_1_67' title="bbox 202 3643 1798 3715; baseline 0.007 -19"><span class='ocrx_word' id='word_1_505' title='bbox 202 3651 402 3698; x_wconf 88' lang='lat' dir='ltr'><strong>auctor</strong></span> <span class='ocrx_word' id='word_1_506' title='bbox 446 3643 559 3698; x_wconf 80' lang='lat' dir='ltr'><strong>fere</strong></span> <span class='ocrx_word' id='word_1_507' title='bbox 604 3643 920 3715; x_wconf 81' lang='lat' dir='ltr'><strong>ignoratur,</strong></span> <span class='ocrx_word' id='word_1_508' title='bbox 972 3645 1135 3702; x_wconf 87' lang='lat' dir='ltr'><strong>nimia</strong></span> <span class='ocrx_word' id='word_1_509' title='bbox 1185 3647 1389 3704; x_wconf 87' lang='lat' dir='ltr'><strong>scilicet</strong></span> <span class='ocrx_word' id='word_1_510' title='bbox 1433 3647 1798 3707; x_wconf 81' lang='lat' dir='ltr'><strong>distinctione.</strong></span> 
     </span>
    </p>
   </div>
   <div class='ocr_carea' id='block_1_68' title="bbox 199 3732 1801 3810">
    <p class='ocr_par' dir='ltr' id='par_1_68' title="bbox 199 3732 1801 3810">
     <span class='ocr_line' id='line_1_68' title="bbox 199 3732 1801 3810; baseline 0.006 -23"><span class='ocrx_word' id='word_1_511' title='bbox 199 3732 346 3788; x_wconf 79' lang='lat' dir='ltr'><strong>llinc</strong></span> <span class='ocrx_word' id='word_1_512' title='bbox 379 3742 458 3788; x_wconf 94' lang='lat' dir='ltr'><strong>tot</strong></span> <span class='ocrx_word' id='word_1_513' title='bbox 500 3735 842 3804; x_wconf 82' lang='lat' dir='ltr'><strong>cognomina,</strong></span> <span class='ocrx_word' id='word_1_514' title='bbox 881 3737 1154 3803; x_wconf 82' lang='lat' dir='ltr'><strong>Albanius,</strong></span> <span class='ocrx_word' id='word_1_515' title='bbox 1187 3738 1434 3808; x_wconf 86' lang='lat' dir='ltr'><strong>Sapiens,</strong></span> <span class='ocrx_word' id='word_1_516' title='bbox 1477 3739 1801 3810; x_wconf 82' lang='lat' dir='ltr'><strong>Badonicus,</strong></span> 
     </span>
    </p>
   </div>
   <div class='ocr_carea' id='block_1_69' title="bbox 199 3823 1801 3902">
    <p class='ocr_par' dir='ltr' id='par_1_69' title="bbox 199 3823 1801 3902">
     <span class='ocr_line' id='line_1_69' title="bbox 199 3823 1801 3902; baseline 0.006 -22"><span class='ocrx_word' id='word_1_517' title='bbox 199 3823 537 3892; x_wconf 85' lang='lat' dir='ltr'><strong>llistoricus;</strong></span> <span class='ocrx_word' id='word_1_518' title='bbox 565 3840 690 3883; x_wconf 84' lang='lat' dir='ltr'><strong>cum</strong></span> <span class='ocrx_word' id='word_1_519' title='bbox 731 3843 922 3884; x_wconf 73' lang='lat' dir='ltr'><strong>revera</strong></span> <span class='ocrx_word' id='word_1_520' title='bbox 951 3845 1090 3885; x_wconf 81' lang='lat' dir='ltr'><strong>unus</strong></span> <span class='ocrx_word' id='word_1_521' title='bbox 1130 3839 1216 3886; x_wconf 91' lang='lat' dir='ltr'><strong>est</strong></span> <span class='ocrx_word' id='word_1_522' title='bbox 1243 3830 1493 3902; x_wconf 88' lang='lat' dir='ltr'><strong>idemque</strong></span> <span class='ocrx_word' id='word_1_523' title='bbox 1523 3829 1706 3890; x_wconf 85' lang='lat' dir='ltr'><strong>Gildas</strong></span> <span class='ocrx_word' id='word_1_524' title='bbox 1737 3853 1755 3886; x_wconf 77' lang='grc' dir='ltr'><strong>ι</strong></span> <span class='ocrx_word' id='word_1_525' title='bbox 1786 3853 1801 3890; x_wconf 87' lang='lat'><strong>:</strong></span> 
     </span>
    </p>
   </div>
   <div class='ocr_carea' id='block_1_70' title="bbox 277 3959 988 4032">
    <p class='ocr_par' dir='ltr' id='par_1_70' title="bbox 277 3959 988 4032">
     <span class='ocr_line' id='line_1_70' title="bbox 277 3959 988 4032; baseline 0.004 -20"><span class='ocrx_word' id='word_1_526' title='bbox 277 3959 362 4032; x_wconf 73' lang='grc' dir='ltr'><strong>(τι)</strong></span> <span class='ocrx_word' id='word_1_527' title='bbox 391 3960 534 4032; x_wconf 64' lang='grc' dir='ltr'><strong>(ξίιύ.</strong></span> <span class='ocrx_word' id='word_1_528' title='bbox 564 3969 705 4031; x_wconf 86' lang='lat' dir='ltr'><strong>part.</strong></span> <span class='ocrx_word' id='word_1_529' title='bbox 735 3978 794 4032; x_wconf 76' lang='lat' dir='ltr'><strong>tt,</strong></span> <span class='ocrx_word' id='word_1_530' title='bbox 820 3962 988 4032; x_wconf 82' lang='lat' dir='ltr'><strong>Epist.</strong></span> 
     </span>
    </p>
   </div>
   <div class='ocr_carea' id='block_1_71' title="bbox 280 4029 1684 4104">
    <p class='ocr_par' dir='ltr' id='par_1_71' title="bbox 280 4029 1684 4104">
     <span class='ocr_line' id='line_1_71' title="bbox 280 4029 1684 4104; baseline 0.006 -22"><span class='ocrx_word' id='word_1_531' title='bbox 280 4029 359 4102; x_wconf 69' lang='lat' dir='ltr'><strong>(ti)</strong></span> <span class='ocrx_word' id='word_1_532' title='bbox 393 4029 512 4104; x_wconf 79' lang='lat' dir='ltr'><strong>Gal.</strong></span> <span class='ocrx_word' id='word_1_533' title='bbox 538 4029 703 4104; x_wconf 31' lang='lat' dir='ltr'><strong>adﬂxv</strong></span> <span class='ocrx_word' id='word_1_534' title='bbox 730 4029 930 4104; x_wconf 48' lang='lat' dir='ltr'><strong>script.</strong></span> <span class='ocrx_word' id='word_1_535' title='bbox 961 4031 1098 4086; x_wconf 77' lang='lat' dir='ltr'><strong>Hist.</strong></span> <span class='ocrx_word' id='word_1_536' title='bbox 1122 4029 1254 4104; x_wconf 70' lang='lat' dir='ltr'><strong>Brit.</strong></span> <span class='ocrx_word' id='word_1_537' title='bbox 1286 4031 1516 4101; x_wconf 58' lang='lat' dir='ltr'><strong>praefat,</strong></span> <span class='ocrx_word' id='word_1_538' title='bbox 1544 4049 1598 4104; x_wconf 94' lang='lat' dir='ltr'><strong>p.</strong></span> <span class='ocrx_word' id='word_1_539' title='bbox 1629 4035 1684 4091; x_wconf 83' lang='lat'><strong>9.</strong></span> 
     </span>
    </p>
   </div>
   <div class='ocr_carea' id='block_1_72' title="bbox 280 4100 1209 4170">
    <p class='ocr_par' dir='ltr' id='par_1_72' title="bbox 280 4100 1209 4170">
     <span class='ocr_line' id='line_1_72' title="bbox 280 4100 1209 4170; baseline 0.003 -17"><span class='ocrx_word' id='word_1_540' title='bbox 280 4100 356 4170; x_wconf 79' lang='grc' dir='ltr'><strong>(ε)</strong></span> <span class='ocrx_word' id='word_1_541' title='bbox 387 4103 564 4156; x_wconf 77' lang='lat' dir='ltr'><strong>Anon.</strong></span> <span class='ocrx_word' id='word_1_542' title='bbox 593 4101 702 4156; x_wconf 83' lang='lat' dir='ltr'><strong>Vit.</strong></span> <span class='ocrx_word' id='word_1_543' title='bbox 733 4100 902 4169; x_wconf 58' lang='lat' dir='ltr'><strong>Gildl,</strong></span> <span class='ocrx_word' id='word_1_544' title='bbox 935 4117 1085 4157; x_wconf 89' lang='lat' dir='ltr'><strong>num.</strong></span> <span class='ocrx_word' id='word_1_545' title='bbox 1122 4101 1209 4156; x_wconf 87' lang='grc'><strong>19.</strong></span> 
     </span>
    </p>
   </div>
   <div class='ocr_carea' id='block_1_73' title="bbox 277 4171 1172 4244">
    <p class='ocr_par' dir='ltr' id='par_1_73' title="bbox 277 4171 1172 4244">
     <span class='ocr_line' id='line_1_73' title="bbox 277 4171 1172 4244; baseline 0 -20"><span class='ocrx_word' id='word_1_546' title='bbox 277 4171 364 4240; x_wconf 79' lang='lat' dir='ltr'><strong>(d)</strong></span> <span class='ocrx_word' id='word_1_547' title='bbox 390 4171 534 4244; x_wconf 66' lang='lat' dir='ltr'><strong>Qild.</strong></span> <span class='ocrx_word' id='word_1_548' title='bbox 566 4181 709 4244; x_wconf 75' lang='lat' dir='ltr'><strong>part.</strong></span> <span class='ocrx_word' id='word_1_549' title='bbox 738 4189 800 4236; x_wconf 82' lang='lat' dir='ltr'><strong>tt,</strong></span> <span class='ocrx_word' id='word_1_550' title='bbox 830 4171 1026 4242; x_wconf 84' lang='lat' dir='ltr'><strong>Epist.,</strong></span> <span class='ocrx_word' id='word_1_551' title='bbox 1060 4172 1087 4244; x_wconf 65' lang='grc' dir='ltr'><strong>ς</strong></span> <span class='ocrx_word' id='word_1_552' title='bbox 1118 4171 1172 4244; x_wconf 85' lang='grc'><strong>2.</strong></span> 
     </span>
    </p>
   </div>
   <div class='ocr_carea' id='block_1_74' title="bbox 278 4240 1806 4314">
    <p class='ocr_par' dir='ltr' id='par_1_74' title="bbox 278 4240 1806 4314">
     <span class='ocr_line' id='line_1_74' title="bbox 278 4240 1806 4314; baseline 0.005 -19"><span class='ocrx_word' id='word_1_553' title='bbox 278 4245 355 4314; x_wconf 73' lang='grc' dir='ltr'><strong>(ε)</strong></span> <span class='ocrx_word' id='word_1_554' title='bbox 377 4240 582 4314; x_wconf 16' lang='lat' dir='ltr'><strong>,Usser.’</strong></span> <span class='ocrx_word' id='word_1_555' title='bbox 602 4242 846 4298; x_wconf 53' lang='lat' dir='ltr'><strong>Britann.</strong></span> <span class='ocrx_word' id='word_1_556' title='bbox 873 4240 1006 4298; x_wconf 68' lang='lat' dir='ltr'><strong>sccl.</strong></span> <span class='ocrx_word' id='word_1_557' title='bbox 1039 4240 1269 4314; x_wconf 64' lang='lat' dir='ltr'><strong>autiqq.,</strong></span> <span class='ocrx_word' id='word_1_558' title='bbox 1297 4257 1419 4314; x_wconf 80' lang='lat' dir='ltr'><strong>pag.</strong></span> <span class='ocrx_word' id='word_1_559' title='bbox 1455 4243 1576 4314; x_wconf 72' lang='grc'><strong>532,</strong></span> <span class='ocrx_word' id='word_1_560' title='bbox 1605 4247 1734 4303; x_wconf 89' lang='lat' dir='ltr'><strong>edit.</strong></span> <span class='ocrx_word' id='word_1_561' title='bbox 1769 4247 1806 4302; x_wconf 98' lang='grc'><strong>2</strong></span> 
     </span>
    </p>
   </div>
   <div class='ocr_carea' id='block_1_75' title="bbox 205 4311 646 4369">
    <p class='ocr_par' dir='ltr' id='par_1_75' title="bbox 205 4311 646 4369">
     <span class='ocr_line' id='line_1_75' title="bbox 205 4311 646 4369; baseline -0.011 0"><span class='ocrx_word' id='word_1_562' title='bbox 205 4311 446 4369; x_wconf 81' lang='lat' dir='ltr'><strong>Londin.</strong></span> <span class='ocrx_word' id='word_1_563' title='bbox 482 4312 620 4366; x_wconf 82' lang='grc'>1687</span> <span class='ocrx_word' id='word_1_564' title='bbox 632 4351 646 4365; x_wconf 94' lang='grc'><strong>.</strong></span> 
     </span>
    </p>
   </div>
   <div class='ocr_carea' id='block_1_76' title="bbox 277 4380 1221 4454">
    <p class='ocr_par' dir='ltr' id='par_1_76' title="bbox 277 4380 1221 4454">
     <span class='ocr_line' id='line_1_76' title="bbox 277 4380 1221 4454; baseline -0.003 -13"><span class='ocrx_word' id='word_1_565' title='bbox 277 4385 352 4454; x_wconf 68' lang='lat' dir='ltr'><strong>(fi</strong></span> <span class='ocrx_word' id='word_1_566' title='bbox 383 4382 588 4454; x_wconf 60' lang='lat' dir='ltr'><strong>Mabill.</strong></span> <span class='ocrx_word' id='word_1_567' title='bbox 620 4383 657 4454; x_wconf 84' lang='grc' dir='ltr'><strong>Ι.</strong></span> <span class='ocrx_word' id='word_1_568' title='bbox 689 4398 764 4446; x_wconf 79' lang='lat' dir='ltr'><strong>c.,</strong></span> <span class='ocrx_word' id='word_1_569' title='bbox 786 4397 841 4453; x_wconf 86' lang='lat' dir='ltr'><strong>p.</strong></span> <span class='ocrx_word' id='word_1_570' title='bbox 876 4380 997 4454; x_wconf 50' lang='lat' dir='ltr'><strong>B58,</strong></span> <span class='ocrx_word' id='word_1_571' title='bbox 1029 4390 1143 4437; x_wconf 86' lang='lat' dir='ltr'><strong>not.</strong></span> <span class='ocrx_word' id='word_1_572' title='bbox 1171 4398 1221 4438; x_wconf 86' lang='lat' dir='ltr'><strong>a.</strong></span> 
     </span>
    </p>
   </div>
   <div class='ocr_carea' id='block_1_77' title="bbox 301 4452 1608 4526">
    <p class='ocr_par' dir='ltr' id='par_1_77' title="bbox 301 4452 1608 4526">
     <span class='ocr_line' id='line_1_77' title="bbox 301 4452 1608 4526; baseline -0.009 -8"><span class='ocrx_word' id='word_1_573' title='bbox 301 4452 359 4526; x_wconf 74' lang='grc'><strong>9)</strong></span> <span class='ocrx_word' id='word_1_574' title='bbox 385 4452 519 4526; x_wconf 59' lang='lat' dir='ltr'><strong>ﬂist.</strong></span> <span class='ocrx_word' id='word_1_575' title='bbox 546 4453 712 4526; x_wconf 82' lang='lat' dir='ltr'><strong>l_i_ttér.</strong></span> <span class='ocrx_word' id='word_1_576' title='bbox 740 4452 808 4508; x_wconf 80' lang='lat' dir='ltr'><strong>de</strong></span> <span class='ocrx_word' id='word_1_577' title='bbox 826 4454 879 4526; x_wconf 78' lang='lat' dir='ltr'><strong>la</strong></span> <span class='ocrx_word' id='word_1_578' title='bbox 909 4452 1100 4526; x_wconf 64' lang='lat' dir='ltr'><strong>Eranc.</strong></span> <span class='ocrx_word' id='word_1_579' title='bbox 1126 4455 1375 4526; x_wconf 21' lang='lat' dir='ltr'><strong>tomum,</strong></span> <span class='ocrx_word' id='word_1_580' title='bbox 1400 4472 1454 4526; x_wconf 89' lang='lat' dir='ltr'><strong>p.</strong></span> <span class='ocrx_word' id='word_1_581' title='bbox 1484 4455 1608 4512; x_wconf 75' lang='grc'><strong>280,</strong></span> 
     </span>
    </p>
   </div>
   <div class='ocr_carea' id='block_1_78' title="bbox 304 4521 1340 4593">
    <p class='ocr_par' dir='ltr' id='par_1_78' title="bbox 304 4521 1340 4593">
     <span class='ocr_line' id='line_1_78' title="bbox 304 4521 1340 4593; baseline 0.002 -16"><span class='ocrx_word' id='word_1_582' title='bbox 304 4521 362 4593; x_wconf 64' lang='grc' dir='ltr'><strong>ᾖ)</strong></span> <span class='ocrx_word' id='word_1_583' title='bbox 389 4521 524 4579; x_wconf 56' lang='grc' dir='ltr'>ΒαΙι.</span> <span class='ocrx_word' id='word_1_584' title='bbox 556 4522 695 4578; x_wconf 79' lang='lat' dir='ltr'><strong>llist.</strong></span> <span class='ocrx_word' id='word_1_585' title='bbox 727 4523 885 4584; x_wconf 81' lang='lat' dir='ltr'><strong>ech.</strong></span> <span class='ocrx_word' id='word_1_586' title='bbox 912 4523 1006 4593; x_wconf 80' lang='lat' dir='ltr'><strong>lib.</strong></span> <span class='ocrx_word' id='word_1_587' title='bbox 1039 4538 1075 4588; x_wconf 90' lang='grc' dir='ltr'>ι,</span> <span class='ocrx_word' id='word_1_588' title='bbox 1103 4538 1223 4593; x_wconf 81' lang='lat' dir='ltr'><strong>cap.</strong></span> <span class='ocrx_word' id='word_1_589' title='bbox 1252 4523 1340 4579; x_wconf 76' lang='grc'><strong>22.</strong></span> 
     </span>
    </p>
   </div>
   <div class='ocr_carea' id='block_1_79' title="bbox 273 4591 1341 4665">
    <p class='ocr_par' dir='ltr' id='par_1_79' title="bbox 273 4591 1341 4665">
     <span class='ocr_line' id='line_1_79' title="bbox 273 4591 1341 4665; baseline 0.001 -16"><span class='ocrx_word' id='word_1_590' title='bbox 273 4591 346 4665; x_wconf 68' lang='grc' dir='ltr'><strong>(ἱ)</strong></span> <span class='ocrx_word' id='word_1_591' title='bbox 371 4593 584 4651; x_wconf 76' lang='lat' dir='ltr'><strong>Alcuin.</strong></span> <span class='ocrx_word' id='word_1_592' title='bbox 615 4595 776 4664; x_wconf 78' lang='lat' dir='ltr'><strong>epist.</strong></span> <span class='ocrx_word' id='word_1_593' title='bbox 805 4593 878 4647; x_wconf 88' lang='grc'><strong>28</strong></span> <span class='ocrx_word' id='word_1_594' title='bbox 895 4591 1060 4664; x_wconf 85' lang='lat' dir='ltr'><strong>0pp.,</strong></span> <span class='ocrx_word' id='word_1_595' title='bbox 1093 4609 1148 4663; x_wconf 91' lang='lat' dir='ltr'><strong>p.</strong></span> <span class='ocrx_word' id='word_1_596' title='bbox 1173 4591 1341 4650; x_wconf 69' lang='grc'><strong>1555.</strong></span> 
     </span>
    </p>
   </div>
   <div class='ocr_carea' id='block_1_80' title="bbox 1903 3368 3490 3442">
    <p class='ocr_par' dir='ltr' id='par_1_80' title="bbox 1903 3368 3490 3442">
     <span class='ocr_line' id='line_1_80' title="bbox 1903 3368 3490 3442; baseline -0.001 -16"><span class='ocrx_word' id='word_1_597' title='bbox 1903 3372 1981 3427; x_wconf 87' lang='lat' dir='ltr'><strong>sic</strong></span> <span class='ocrx_word' id='word_1_598' title='bbox 2003 3371 2242 3441; x_wconf 85' lang='lat' dir='ltr'><strong>inscripti</strong></span> <span class='ocrx_word' id='word_1_599' title='bbox 2273 3388 2286 3423; x_wconf 93' lang='lat'><strong>:</strong></span> <span class='ocrx_word' id='word_1_600' title='bbox 2320 3368 2575 3425; x_wconf 79' lang='lat' dir='ltr'><strong>Historia:</strong></span> <span class='ocrx_word' id='word_1_601' title='bbox 2597 3369 2935 3434; x_wconf 70' lang='lat' dir='ltr'><strong>Britannicae,</strong></span> <span class='ocrx_word' id='word_1_602' title='bbox 2975 3369 3278 3438; x_wconf 68' lang='lat' dir='ltr'><strong>Saxonicw,</strong></span> <span class='ocrx_word' id='word_1_603' title='bbox 3303 3370 3490 3442; x_wconf 79' lang='lat' dir='ltr'><strong>Anglo-</strong></span> 
     </span>
    </p>
   </div>
   <div class='ocr_carea' id='block_1_81' title="bbox 1906 3463 3494 3534">
    <p class='ocr_par' dir='ltr' id='par_1_81' title="bbox 1906 3463 3494 3534">
     <span class='ocr_line' id='line_1_81' title="bbox 1906 3463 3494 3534; baseline -0.001 -16"><span class='ocrx_word' id='word_1_604' title='bbox 1906 3463 2126 3520; x_wconf 76' lang='lat' dir='ltr'><strong>Danica:</strong></span> <span class='ocrx_word' id='word_1_605' title='bbox 2165 3463 2461 3534; x_wconf 77' lang='lat' dir='ltr'><strong>Scriptores</strong></span> <span class='ocrx_word' id='word_1_606' title='bbox 2500 3479 2594 3533; x_wconf 86' lang='lat' dir='ltr'><strong>xv,</strong></span> <span class='ocrx_word' id='word_1_607' title='bbox 2635 3481 2701 3518; x_wconf 71' lang='lat' dir='ltr'><strong>ex</strong></span> <span class='ocrx_word' id='word_1_608' title='bbox 2740 3465 2950 3519; x_wconf 77' lang='lat' dir='ltr'><strong>vetustis</strong></span> <span class='ocrx_word' id='word_1_609' title='bbox 2998 3463 3150 3519; x_wconf 74' lang='lat' dir='ltr'><strong>codd.</strong></span> <span class='ocrx_word' id='word_1_610' title='bbox 3183 3480 3307 3518; x_wconf 84' lang='lat' dir='ltr'><strong>mss.</strong></span> <span class='ocrx_word' id='word_1_611' title='bbox 3351 3463 3494 3524; x_wconf 82' lang='lat' dir='ltr'><strong>editi,</strong></span> 
     </span>
    </p>
   </div>
   <div class='ocr_carea' id='block_1_82' title="bbox 1907 3553 3495 3627">
    <p class='ocr_par' dir='ltr' id='par_1_82' title="bbox 1907 3553 3495 3627">
     <span class='ocr_line' id='line_1_82' title="bbox 1907 3553 3495 3627; baseline 0.001 -18"><span class='ocrx_word' id='word_1_612' title='bbox 1907 3557 2048 3627; x_wconf 74' lang='lat' dir='ltr'><strong>typis</strong></span> <span class='ocrx_word' id='word_1_613' title='bbox 2073 3553 2444 3610; x_wconf 82' lang='lat' dir='ltr'><strong>cxcudeudam</strong></span> <span class='ocrx_word' id='word_1_614' title='bbox 2476 3554 2828 3621; x_wconf 85' lang='lat' dir='ltr'><strong>tradidimus;</strong></span> <span class='ocrx_word' id='word_1_615' title='bbox 2862 3555 3134 3610; x_wconf 89' lang='lat' dir='ltr'><strong>nonnullis</strong></span> <span class='ocrx_word' id='word_1_616' title='bbox 3163 3555 3269 3610; x_wconf 89' lang='lat' dir='ltr'><strong>huc</strong></span> <span class='ocrx_word' id='word_1_617' title='bbox 3295 3562 3352 3610; x_wconf 89' lang='lat' dir='ltr'><strong>et</strong></span> <span class='ocrx_word' id='word_1_618' title='bbox 3373 3554 3495 3610; x_wconf 72' lang='lat' dir='ltr'><strong>illuc</strong></span> 
     </span>
    </p>
   </div>
   <div class='ocr_carea' id='block_1_83' title="bbox 1907 3647 3494 3718">
    <p class='ocr_par' dir='ltr' id='par_1_83' title="bbox 1907 3647 3494 3718">
     <span class='ocr_line' id='line_1_83' title="bbox 1907 3647 3494 3718; baseline -0.004 -10"><span class='ocrx_word' id='word_1_619' title='bbox 1907 3647 2377 3708; x_wconf 83' lang='lat' dir='ltr'><strong>observationibus</strong></span> <span class='ocrx_word' id='word_1_620' title='bbox 2403 3656 2636 3713; x_wconf 81' lang='lat' dir='ltr'><strong>auctam,</strong></span> <span class='ocrx_word' id='word_1_621' title='bbox 2662 3661 2799 3718; x_wconf 81' lang='lat' dir='ltr'><strong>quas</strong></span> <span class='ocrx_word' id='word_1_622' title='bbox 2823 3648 2892 3703; x_wconf 92' lang='lat' dir='ltr'><strong>el.</strong></span> <span class='ocrx_word' id='word_1_623' title='bbox 2924 3649 3148 3704; x_wconf 85' lang='lat' dir='ltr'><strong>editoris</strong></span> <span class='ocrx_word' id='word_1_624' title='bbox 3177 3648 3321 3703; x_wconf 83' lang='lat' dir='ltr'><strong>notis</strong></span> <span class='ocrx_word' id='word_1_625' title='bbox 3344 3661 3494 3718; x_wconf 85' lang='lat' dir='ltr'><strong>sepa-</strong></span> 
     </span>
    </p>
   </div>
   <div class='ocr_carea' id='block_1_84' title="bbox 1908 3736 3299 3797">
    <p class='ocr_par' dir='ltr' id='par_1_84' title="bbox 1908 3736 3299 3797">
     <span class='ocr_line' id='line_1_84' title="bbox 1908 3736 3299 3797; baseline 0 -5"><span class='ocrx_word' id='word_1_626' title='bbox 1908 3737 2068 3792; x_wconf 83' lang='lat' dir='ltr'><strong>ratim</strong></span> <span class='ocrx_word' id='word_1_627' title='bbox 2096 3737 2330 3793; x_wconf 83' lang='lat' dir='ltr'><strong>intextas</strong></span> <span class='ocrx_word' id='word_1_628' title='bbox 2353 3736 2684 3793; x_wconf 85' lang='lat' dir='ltr'><strong>eruditorum</strong></span> <span class='ocrx_word' id='word_1_629' title='bbox 2715 3737 2938 3797; x_wconf 86' lang='lat' dir='ltr'><strong>arbitrio</strong></span> <span class='ocrx_word' id='word_1_630' title='bbox 2965 3737 3299 3796; x_wconf 86' lang='lat' dir='ltr'><strong>dimittimus.</strong></span> 
     </span>
    </p>
   </div>
   <div class='ocr_carea' id='block_1_85' title="bbox 1985 3959 3326 4036">
    <p class='ocr_par' dir='ltr' id='par_1_85' title="bbox 1985 3959 3326 4036">
     <span class='ocr_line' id='line_1_85' title="bbox 1985 3959 3326 4036; baseline 0.001 -18"><span class='ocrx_word' id='word_1_631' title='bbox 1985 3964 2052 4036; x_wconf 77' lang='grc' dir='ltr'><strong>υ)</strong></span> <span class='ocrx_word' id='word_1_632' title='bbox 2077 3961 2272 4036; x_wconf 56' lang='lat' dir='ltr'><strong>(inniti).</strong></span> <span class='ocrx_word' id='word_1_633' title='bbox 2301 3959 2532 4036; x_wconf 88' lang='lat' dir='ltr'><strong>_ad_Bed.</strong></span> <span class='ocrx_word' id='word_1_634' title='bbox 2563 3960 2699 4017; x_wconf 84' lang='lat' dir='ltr'><strong>Hist.</strong></span> <span class='ocrx_word' id='word_1_635' title='bbox 2727 3963 2864 4036; x_wconf 68' lang='lat' dir='ltr'><strong>geel.</strong></span> <span class='ocrx_word' id='word_1_636' title='bbox 2894 3963 2988 4019; x_wconf 90' lang='lat' dir='ltr'><strong>lib.</strong></span> <span class='ocrx_word' id='word_1_637' title='bbox 3021 3981 3058 4032; x_wconf 88' lang='lat' dir='ltr'><strong>t,</strong></span> <span class='ocrx_word' id='word_1_638' title='bbox 3085 3979 3207 4035; x_wconf 88' lang='lat' dir='ltr'><strong>cap.</strong></span> <span class='ocrx_word' id='word_1_639' title='bbox 3237 3963 3326 4020; x_wconf 81' lang='grc'><strong>22.</strong></span> 
     </span>
    </p>
   </div>
   <div class='ocr_carea' id='block_1_86' title="bbox 2009 4029 3004 4106">
    <p class='ocr_par' dir='ltr' id='par_1_86' title="bbox 2009 4029 3004 4106">
     <span class='ocr_line' id='line_1_86' title="bbox 2009 4029 3004 4106; baseline 0.005 -20"><span class='ocrx_word' id='word_1_640' title='bbox 2009 4029 2060 4106; x_wconf 58' lang='grc' dir='ltr'><strong>Κ)</strong></span> <span class='ocrx_word' id='word_1_641' title='bbox 2077 4030 2337 4106; x_wconf 69' lang='lat' dir='ltr'><strong>Bolland.</strong></span> <span class='ocrx_word' id='word_1_642' title='bbox 2370 4029 2407 4086; x_wconf 79' lang='lat' dir='ltr'><strong>l.</strong></span> <span class='ocrx_word' id='word_1_643' title='bbox 2435 4046 2510 4097; x_wconf 93' lang='lat' dir='ltr'><strong>c.,</strong></span> <span class='ocrx_word' id='word_1_644' title='bbox 2534 4047 2689 4103; x_wconf 78' lang='lat' dir='ltr'><strong>pagg.</strong></span> <span class='ocrx_word' id='word_1_645' title='bbox 2706 4032 2827 4106; x_wconf 44' lang='lat'><strong>£55</strong></span> <span class='ocrx_word' id='word_1_646' title='bbox 2853 4049 3004 4105; x_wconf 84' lang='lat' dir='ltr'><strong>seqq.</strong></span> 
     </span>
    </p>
   </div>
   <div class='ocr_carea' id='block_1_87' title="bbox 1985 4039 2903 4176">
    <p class='ocr_par' dir='ltr' id='par_1_87' title="bbox 1985 4039 2903 4176">
     <span class='ocr_line' id='line_1_87' title="bbox 2009 4039 2903 4106; baseline 0.002 -19"><span class='ocrx_word' id='word_1_647' title='bbox 2009 4039 2060 4106; x_wconf 66' lang='grc' dir='ltr'><strong>κ)</strong></span> <span class='ocrx_word' id='word_1_648' title='bbox 2091 4039 2337 4087; x_wconf 80' lang='lat' dir='ltr'><strong>Bolland.</strong></span> <span class='ocrx_word' id='word_1_649' title='bbox 2370 4039 2407 4086; x_wconf 73' lang='grc' dir='ltr'><strong>Ι.</strong></span> <span class='ocrx_word' id='word_1_650' title='bbox 2435 4046 2510 4097; x_wconf 93' lang='lat' dir='ltr'><strong>c.,</strong></span> <span class='ocrx_word' id='word_1_651' title='bbox 2534 4047 2689 4103; x_wconf 78' lang='lat' dir='ltr'><strong>pagg.</strong></span> <span class='ocrx_word' id='word_1_652' title='bbox 2722 4039 2827 4088; x_wconf 75' lang='lat'><strong>953</strong></span> <span class='ocrx_word' id='word_1_653' title='bbox 2853 4049 2903 4089; x_wconf 72' lang='lat' dir='ltr'><strong>se</strong></span> 
     </span>
     <span class='ocr_line' id='line_1_88' title="bbox 1985 4039 2903 4176; baseline 0.001 0"><span class='ocrx_word' id='word_1_654' title='bbox 1985 4039 2047 4176; x_wconf 64' lang='lat' dir='ltr'><strong>il)</strong></span> <span class='ocrx_word' id='word_1_655' title='bbox 2061 4103 2275 4176; x_wconf 53' lang='lat' dir='ltr'><strong>Mihi&quot;.-</strong></span> <span class='ocrx_word' id='word_1_656' title='bbox 2309 4099 2444 4176; x_wconf 51' lang='lat'><strong>1-9;-</strong></span> <span class='ocrx_word' id='word_1_657' title='bbox 2464 4101 2768 4176; x_wconf 59' lang='lat' dir='ltr'><strong>pass-ﬂﬁl</strong></span> <span class='ocrx_word' id='word_1_658' title='bbox 2788 4119 2903 4176; x_wconf 67' lang='grc' dir='ltr'><strong>δαι-</strong></span> 
     </span>
    </p>
   </div>
   <div class='ocr_carea' id='block_1_88' title="bbox 1982 4169 3498 4248">
    <p class='ocr_par' dir='ltr' id='par_1_88' title="bbox 1982 4169 3498 4248">
     <span class='ocr_line' id='line_1_89' title="bbox 1982 4169 3498 4248; baseline 0.003 -20"><span class='ocrx_word' id='word_1_659' title='bbox 1982 4169 2080 4248; x_wconf 77' lang='lat' dir='ltr'><strong>(m)</strong></span> <span class='ocrx_word' id='word_1_660' title='bbox 2111 4173 2326 4229; x_wconf 83' lang='lat' dir='ltr'><strong>Fabric.</strong></span> <span class='ocrx_word' id='word_1_661' title='bbox 2360 4169 2498 4228; x_wconf 71' lang='lat' dir='ltr'><strong>Bibl.</strong></span> <span class='ocrx_word' id='word_1_662' title='bbox 2541 4169 2684 4230; x_wconf 70' lang='lat' dir='ltr'><strong>died.</strong></span> <span class='ocrx_word' id='word_1_663' title='bbox 2715 4169 2893 4230; x_wconf 55' lang='lat' dir='ltr'><strong>Latiu&#39;.</strong></span> <span class='ocrx_word' id='word_1_664' title='bbox 2929 4183 3063 4232; x_wconf 76' lang='lat' dir='ltr'><strong>tom.</strong></span> <span class='ocrx_word' id='word_1_665' title='bbox 3093 4175 3180 4244; x_wconf 87' lang='grc' dir='ltr'>ιιι,</span> <span class='ocrx_word' id='word_1_666' title='bbox 3210 4189 3366 4248; x_wconf 78' lang='lat' dir='ltr'><strong>pagg.</strong></span> <span class='ocrx_word' id='word_1_667' title='bbox 3399 4174 3498 4234; x_wconf 68' lang='grc'>176</span> 
     </span>
    </p>
   </div>
   <div class='ocr_carea' id='block_1_89' title="bbox 1911 4260 3022 4397">
    <p class='ocr_par' dir='ltr' id='par_1_89' title="bbox 1911 4260 3022 4397">
     <span class='ocr_line' id='line_1_90' title="bbox 1911 4260 3022 4397; baseline -0.014 -11"><span class='ocrx_word' id='word_1_668' title='bbox 2091 4314 2222 4397; x_wconf 65' lang='grc' dir='ltr'><strong>ςὲιιγ.</strong></span> <span class='ocrx_word' id='word_1_669' title='bbox 2250 4313 2391 4397; x_wconf 60' lang='lat' dir='ltr'><strong>Hic!»</strong></span> <span class='ocrx_word' id='word_1_670' title='bbox 2423 4316 2552 4397; x_wconf 74' lang='lat' dir='ltr'><strong>litt.,</strong></span> <span class='ocrx_word' id='word_1_671' title='bbox 2581 4326 2717 4397; x_wconf 53' lang='lat' dir='ltr'><strong>tum:</strong></span> <span class='ocrx_word' id='word_1_672' title='bbox 2749 4316 2789 4397; x_wconf 72' lang='lat' dir='ltr'><strong>l,</strong></span> <span class='ocrx_word' id='word_1_673' title='bbox 2813 4332 2868 4387; x_wconf 92' lang='lat' dir='ltr'><strong>p.</strong></span> <span class='ocrx_word' id='word_1_674' title='bbox 2900 4315 3022 4372; x_wconf 77' lang='lat'><strong>5‘59.</strong></span> 
     </span>
    </p>
   </div>
   <div class='ocr_carea' id='block_1_90' title="bbox 2010 4385 3129 4458">
    <p class='ocr_par' dir='ltr' id='par_1_90' title="bbox 2010 4385 3129 4458">
     <span class='ocr_line' id='line_1_91' title="bbox 2010 4385 3129 4458; baseline -0.002 -17"><span class='ocrx_word' id='word_1_675' title='bbox 2010 4385 2062 4458; x_wconf 90' lang='grc' dir='ltr'>ο)</span> <span class='ocrx_word' id='word_1_676' title='bbox 2095 4385 2316 4458; x_wconf 75' lang='lat' dir='ltr'><strong>l_.eland.</strong></span> <span class='ocrx_word' id='word_1_677' title='bbox 2351 4387 2403 4458; x_wconf 89' lang='lat' dir='ltr'><strong>i_u</strong></span> <span class='ocrx_word' id='word_1_678' title='bbox 2435 4386 2643 4458; x_wconf 81' lang='lat' dir='ltr'><strong>Assert.</strong></span> <span class='ocrx_word' id='word_1_679' title='bbox 2677 4385 2854 4454; x_wconf 74' lang='lat' dir='ltr'><strong>Arth.,</strong></span> <span class='ocrx_word' id='word_1_680' title='bbox 2881 4401 3006 4458; x_wconf 72' lang='lat' dir='ltr'><strong>pag.</strong></span> <span class='ocrx_word' id='word_1_681' title='bbox 3038 4385 3129 4458; x_wconf 77' lang='grc'><strong>52.</strong></span> 
     </span>
    </p>
   </div>
   <div class='ocr_carea' id='block_1_91' title="bbox 2007 4454 3390 4529">
    <p class='ocr_par' dir='ltr' id='par_1_91' title="bbox 2007 4454 3390 4529">
     <span class='ocr_line' id='line_1_92' title="bbox 2007 4454 3390 4529; baseline 0.004 -21"><span class='ocrx_word' id='word_1_682' title='bbox 2007 4457 2061 4528; x_wconf 80' lang='grc' dir='ltr'><strong>ρ)</strong></span> <span class='ocrx_word' id='word_1_683' title='bbox 2086 4454 2210 4529; x_wconf 62' lang='lat' dir='ltr'><strong>gul.</strong></span> <span class='ocrx_word' id='word_1_684' title='bbox 2241 4455 2448 4529; x_wconf 63' lang='lat' dir='ltr'><strong>puniat.</strong></span> <span class='ocrx_word' id='word_1_685' title='bbox 2481 4457 2640 4529; x_wconf 11' lang='lat' dir='ltr'><strong>adﬁxv</strong></span> <span class='ocrx_word' id='word_1_686' title='bbox 2662 4459 2860 4529; x_wconf 87' lang='lat' dir='ltr'><strong>Script.</strong></span> <span class='ocrx_word' id='word_1_687' title='bbox 2882 4454 3031 4512; x_wconf 49' lang='lat' dir='ltr'><strong>lli—st.</strong></span> <span class='ocrx_word' id='word_1_688' title='bbox 3061 4457 3220 4529; x_wconf 75' lang='lat' dir='ltr'><strong>Brit.,</strong></span> <span class='ocrx_word' id='word_1_689' title='bbox 3246 4473 3303 4529; x_wconf 79' lang='grc' dir='ltr'><strong>ι).</strong></span> <span class='ocrx_word' id='word_1_690' title='bbox 3334 4458 3390 4514; x_wconf 70' lang='grc'><strong>4.</strong></span> 
     </span>
    </p>
   </div>
   <div class='ocr_carea' id='block_1_92' title="bbox 1981 4503 3201 4600">
    <p class='ocr_par' dir='ltr' id='par_1_92' title="bbox 1981 4503 3201 4600">
     <span class='ocr_line' id='line_1_93' title="bbox 1981 4503 3201 4600; baseline -0.016 3"><span class='ocrx_word' id='word_1_691' title='bbox 1981 4503 2061 4600; x_wconf 64' lang='grc' dir='ltr'><strong>(ὃς</strong></span> <span class='ocrx_word' id='word_1_692' title='bbox 2086 4503 2221 4581; x_wconf 55' lang='lat' dir='ltr'><strong>usti.</strong></span> <span class='ocrx_word' id='word_1_693' title='bbox 2242 4503 2450 4582; x_wconf 59' lang='lat' dir='ltr'><strong>iuta;</strong></span> <span class='ocrx_word' id='word_1_694' title='bbox 2480 4503 2860 4595; x_wconf 48' lang='lat' dir='ltr'><strong>iurassent</strong></span> <span class='ocrx_word' id='word_1_695' title='bbox 2883 4503 3043 4599; x_wconf 60' lang='grc' dir='ltr'><strong>δεῖ.</strong></span> <span class='ocrx_word' id='word_1_696' title='bbox 3067 4503 3201 4584; x_wconf 61' lang='lat' dir='ltr'><strong>“ass:</strong></span> 
     </span>
    </p>
   </div>
   <div class='ocr_carea' id='block_1_93' title="bbox 1016 4743 2674 4940">
    <p class='ocr_par' dir='ltr' id='par_1_93' title="bbox 1016 4743 2674 4940">
     <span class='ocr_line' id='line_1_94' title="bbox 1016 4743 2674 4940; baseline 0.001 -2"><span class='ocrx_word' id='word_1_697' title='bbox 1016 4743 1614 4938; x_wconf 66' lang='lat' dir='ltr'><strong>unum</strong></span> <span class='ocrx_word' id='word_1_698' title='bbox 1687 4822 2674 4940; x_wconf 77' lang='lat' dir='ltr'><strong>SAPIENTIS</strong></span> 
     </span>
    </p>
   </div>
   <div class='ocr_carea' id='block_1_94' title="bbox 913 5015 2818 5149">
    <p class='ocr_par' dir='ltr' id='par_1_94' title="bbox 913 5015 2818 5149">
     <span class='ocr_line' id='line_1_95' title="bbox 913 5015 2818 5149; baseline 0 -5"><span class='ocrx_word' id='word_1_699' title='bbox 913 5019 1111 5145; x_wconf 90' lang='lat' dir='ltr'><strong>DE</strong></span> <span class='ocrx_word' id='word_1_700' title='bbox 1189 5019 1830 5149; x_wconf 82' lang='lat' dir='ltr'><strong>EXCIDIO</strong></span> <span class='ocrx_word' id='word_1_701' title='bbox 1905 5015 2818 5146; x_wconf 60' lang='lat' dir='ltr'><strong>BRITANNIIE</strong></span> 
     </span>
    </p>
   </div>
   <div class='ocr_carea' id='block_1_95' title="bbox 1262 5235 2456 5420">
    <p class='ocr_par' dir='ltr' id='par_1_95' title="bbox 1262 5235 2456 5400">
     <span class='ocr_line' id='line_1_96' title="bbox 1262 5235 2456 5400; baseline 0.003 -63"><span class='ocrx_word' id='word_1_702' title='bbox 1262 5236 1645 5340; x_wconf 77' lang='lat' dir='ltr'><strong>LIBER</strong></span> <span class='ocrx_word' id='word_1_703' title='bbox 1721 5235 2456 5362; x_wconf 80' lang='lat' dir='ltr'><strong>QUERULUS.</strong></span> 
     </span>
    </p>
   </div>
   <div class='ocr_carea' id='block_1_96' title="bbox 1425 5489 2304 5554">
    <p class='ocr_par' dir='ltr' id='par_1_96' title="bbox 1425 5489 2304 5554">
     <span class='ocr_line' id='line_1_97' title="bbox 1425 5489 2304 5554; baseline 0 -3"><span class='ocrx_word' id='word_1_704' title='bbox 1425 5489 1852 5552; x_wconf 70' lang='lat' dir='ltr'><strong>PREFATIO</strong></span> <span class='ocrx_word' id='word_1_705' title='bbox 1895 5490 2304 5554; x_wconf 78' lang='lat' dir='ltr'><strong>AUCTORIS.</strong></span> 
     </span>
    </p>
   </div>
   <div class='ocr_carea' id='block_1_97' title="bbox 284 5628 3497 5703">
    <p class='ocr_par' dir='ltr' id='par_1_97' title="bbox 284 5628 3497 5703">
     <span class='ocr_line' id='line_1_98' title="bbox 284 5628 3497 5703; baseline 0.001 -15"><span class='ocrx_word' id='word_1_706' title='bbox 284 5635 339 5690; x_wconf 89' lang='lat' dir='ltr'><strong>In</strong></span> <span class='ocrx_word' id='word_1_707' title='bbox 383 5629 493 5687; x_wconf 84' lang='lat' dir='ltr'><strong>hoc</strong></span> <span class='ocrx_word' id='word_1_708' title='bbox 539 5629 682 5686; x_wconf 84' lang='lat' dir='ltr'><strong>libro</strong></span> <span class='ocrx_word' id='word_1_709' title='bbox 705 5638 731 5666; x_wconf 73' lang='grc'><em>³</em></span> <span class='ocrx_word' id='word_1_710' title='bbox 757 5628 1012 5700; x_wconf 85' lang='lat' dir='ltr'><strong>quidquid</strong></span> <span class='ocrx_word' id='word_1_711' title='bbox 1037 5629 1284 5686; x_wconf 81' lang='lat' dir='ltr'><strong>deﬂendo</strong></span> <span class='ocrx_word' id='word_1_712' title='bbox 1311 5631 1491 5700; x_wconf 88' lang='lat' dir='ltr'><strong>potius</strong></span> <span class='ocrx_word' id='word_1_713' title='bbox 1515 5646 1675 5701; x_wconf 87' lang='lat' dir='ltr'><strong>quam</strong></span> <span class='ocrx_word' id='word_1_714' title='bbox 1703 5633 1799 5690; x_wconf 86' lang='lat' dir='ltr'><strong>de-</strong></span> <span class='ocrx_word' id='word_1_715' title='bbox 1830 5641 1878 5700; x_wconf 85' lang='grc' dir='ltr'>ι)</span> <span class='ocrx_word' id='word_1_716' title='bbox 1903 5641 2138 5700; x_wconf 87' lang='lat' dir='ltr'><strong>secutus,</strong></span> <span class='ocrx_word' id='word_1_717' title='bbox 2163 5648 2234 5689; x_wconf 89' lang='lat' dir='ltr'><strong>ne</strong></span> <span class='ocrx_word' id='word_1_718' title='bbox 2260 5631 2381 5703; x_wconf 88' lang='lat' dir='ltr'><strong>quis</strong></span> <span class='ocrx_word' id='word_1_719' title='bbox 2408 5645 2495 5688; x_wconf 88' lang='lat' dir='ltr'><strong>me</strong></span> <span class='ocrx_word' id='word_1_720' title='bbox 2523 5628 2718 5688; x_wconf 82' lang='lat' dir='ltr'><strong>aﬂ&#39;ectu</strong></span> <span class='ocrx_word' id='word_1_721' title='bbox 2759 5637 2985 5688; x_wconf 88' lang='lat' dir='ltr'><strong>cunctos</strong></span> <span class='ocrx_word' id='word_1_722' title='bbox 3017 5631 3342 5702; x_wconf 84' lang='lat' dir='ltr'><strong>spernentis,</strong></span> <span class='ocrx_word' id='word_1_723' title='bbox 3375 5647 3497 5691; x_wconf 83' lang='lat' dir='ltr'><strong>om-</strong></span> 
     </span>
    </p>
   </div>
   <div class='ocr_carea' id='block_1_98' title="bbox 1595 5399 1886 5420">
    <p class='ocr_par' dir='ltr' id='par_1_98' title="bbox 1595 5399 1886 5420">
     <span class='ocr_line' id='line_1_99' title="bbox 1595 5399 1886 5420; baseline 0 0"><span class='ocrx_word' id='word_1_724' title='bbox 1595 5399 1886 5420; x_wconf 45' lang='grc' dir='ltr'><strong>*Ψ</strong></span> 
     </span>
    </p>
   </div>
   <div class='ocr_carea' id='block_1_99' title="bbox 208 5720 1798 5798">
    <p class='ocr_par' dir='ltr' id='par_1_99' title="bbox 208 5720 1798 5798">
     <span class='ocr_line' id='line_1_100' title="bbox 208 5720 1798 5798; baseline 0 -16"><span class='ocrx_word' id='word_1_725' title='bbox 208 5730 498 5782; x_wconf 73' lang='lat' dir='ltr'><strong>clamando</strong></span> <span class='ocrx_word' id='word_1_726' title='bbox 523 5721 642 5794; x_wconf 79' lang='lat' dir='ltr'><strong>(vili</strong></span> <span class='ocrx_word' id='word_1_727' title='bbox 672 5720 802 5777; x_wconf 79' lang='lat' dir='ltr'><strong>licet</strong></span> <span class='ocrx_word' id='word_1_728' title='bbox 828 5721 986 5792; x_wconf 83' lang='lat' dir='ltr'><strong>stylo,</strong></span> <span class='ocrx_word' id='word_1_729' title='bbox 1018 5731 1198 5779; x_wconf 88' lang='lat' dir='ltr'><strong>tamen</strong></span> <span class='ocrx_word' id='word_1_730' title='bbox 1226 5721 1478 5794; x_wconf 78' lang='lat' dir='ltr'><strong>benigno)</strong></span> <span class='ocrx_word' id='word_1_731' title='bbox 1503 5721 1654 5781; x_wconf 80' lang='lat' dir='ltr'><strong>fuero</strong></span> <span class='ocrx_word' id='word_1_732' title='bbox 1680 5741 1798 5798; x_wconf 87' lang='lat' dir='ltr'><strong>pro-</strong></span> 
     </span>
    </p>
   </div>
   <div class='ocr_carea' id='block_1_100' title="bbox 288 5872 922 5943">
    <p class='ocr_par' dir='ltr' id='par_1_100' title="bbox 288 5872 922 5943">
     <span class='ocr_line' id='line_1_101' title="bbox 288 5872 922 5943; baseline -0.005 -12"><span class='ocrx_word' id='word_1_733' title='bbox 288 5888 313 5913; x_wconf 79' lang='grc'><strong>⁸·</strong></span> <span class='ocrx_word' id='word_1_734' title='bbox 342 5872 510 5941; x_wconf 77' lang='lat' dir='ltr'><strong>Editi,</strong></span> <span class='ocrx_word' id='word_1_735' title='bbox 545 5875 644 5928; x_wconf 84' lang='lat' dir='ltr'><strong>hac</strong></span> <span class='ocrx_word' id='word_1_736' title='bbox 683 5874 922 5943; x_wconf 81' lang='lat' dir='ltr'><strong>epistola.</strong></span> 
     </span>
    </p>
   </div>
   <div class='ocr_carea' id='block_1_101' title="bbox 461 5965 1020 6029">
    <p class='ocr_par' dir='ltr' id='par_1_101' title="bbox 461 5965 1020 6029">
     <span class='ocr_line' id='line_1_102' title="bbox 461 5965 1020 6029; baseline 0 0"><span class='ocrx_word' id='word_1_737' title='bbox 461 5969 738 6029; x_wconf 66' lang='lat' dir='ltr'><strong>Pax-nos.</strong></span> <span class='ocrx_word' id='word_1_738' title='bbox 788 5965 1020 6028; x_wconf 77' lang='lat' dir='ltr'><strong>LXIX.</strong></span> 
     </span>
    </p>
   </div>
   <div class='ocr_carea' id='block_1_102' title="bbox 1906 5723 3494 5798">
    <p class='ocr_par' dir='ltr' id='par_1_102' title="bbox 1906 5723 3494 5798">
     <span class='ocr_line' id='line_1_103' title="bbox 1906 5723 3494 5798; baseline 0.001 -16"><span class='ocrx_word' id='word_1_739' title='bbox 1906 5726 2129 5782; x_wconf 87' lang='lat' dir='ltr'><strong>nihusve</strong></span> <span class='ocrx_word' id='word_1_740' title='bbox 2174 5724 2412 5782; x_wconf 87' lang='lat' dir='ltr'><strong>melioris</strong></span> <span class='ocrx_word' id='word_1_741' title='bbox 2463 5723 2688 5798; x_wconf 87' lang='lat' dir='ltr'><strong>(quippe</strong></span> <span class='ocrx_word' id='word_1_742' title='bbox 2736 5723 2833 5795; x_wconf 88' lang='lat' dir='ltr'><strong>qui</strong></span> <span class='ocrx_word' id='word_1_743' title='bbox 2883 5738 3172 5782; x_wconf 87' lang='lat' dir='ltr'><strong>commune</strong></span> <span class='ocrx_word' id='word_1_744' title='bbox 3225 5723 3494 5783; x_wconf 69' lang='lat' dir='ltr'><strong>honorum</strong></span> 
     </span>
    </p>
   </div>
   <div class='ocr_carea' id='block_1_103' title="bbox 2887 5992 2952 6050">
    <p class='ocr_par' dir='ltr' id='par_1_103' title="bbox 2887 5992 2952 6050">
     <span class='ocr_line' id='line_1_104' title="bbox 2887 5992 2952 6050; baseline -0.015 0"><span class='ocrx_word' id='word_1_745' title='bbox 2887 5992 2952 6050; x_wconf 74' lang='lat' dir='ltr'><strong>il</strong></span> 
     </span>
    </p>
   </div>
  </div>
