3952 6412
482 382 594 440 555

1378 381 1608 440 εςῐιῡΑῑ
1645 380 1993 441 SAPIENTIS
2036 379 2121 434 DE
2160 378 2430 438 EXClDlO
2469 380 2861 436 BlllTANNL'E

3647 391 3752 467 sse

491 505 690 564 mente,
719 511 784 551 ex
813 510 920 566 quo
949 494 1245 551 inhabitata
1277 504 1378 562 est,
1430 513 1574 554 nunc
1604 497 1714 554 Deo
1733 539 1750 564 .
1798 494 2066 552 interdum
2099 505 2142 558 Α
2171 494 2356 564 bella)
2400 493 2626 566 potioris
2656 492 2809 548 fama:
2838 493 3042 550 vicibus
3073 495 3406 567 firmassent,
3453 517 3564 558 non
3608 503 3747 561 acies

489 587 716 650 civibus,
747 598 1128 654 nonnunquam
1157 583 1320 647 etiam
1354 585 1724 640 transmarinis
1750 585 1984 654 regibus,
2014 593 2071 638 et

488 674 744 746 subjectis
789 673 1059 730 interdum
1092 683 1116 711 ι
1149 671 1360 746 ingrata
1397 676 1694 746 consurgit.
1740 675 1879 746 Quid
1925 677 2070 732 enim

487 765 809 830 deformius,
839 764 1079 836 quidque
1107 763 1340 836 iniquius
1367 775 1550 836 potest
1577 769 1824 824 humanis
1852 767 2071 824 ausibus

389 924 399 938 ι
487 859 571 914 vel
591 873 712 915 esse
739 859 823 916 vel
849 859 1136 916 intromitti
1161 860 1456 929 negotium,
1475 876 1635 931 quam
1657 859 1770 916 Deo
1796 859 2066 922 timorem,

487 950 643 1007 bonis
665 949 872 1008 civibus
893 951 1210 1008 charitatem
1226 995 1242 1021 ,
1272 953 1325 1007 in
1355 953 1547 1007 altiore
1568 951 1828 1021 dignitate
1855 965 2072 1021 compo-

487 1041 604 1098 sitis
629 1039 658 1081 ιν
687 1041 890 1112 absque
913 1041 1038 1100 fidei
1064 1041 1388 1099 detrimento
1416 1042 1658 1098 debitum
1679 1043 1951 1112 denegare
1977 1041 2072 1098 ho-

487 1147 696 1198 norem,
727 1141 783 1188 et
817 1131 1064 1202 frangere
1090 1131 1273 1188 divino
1297 1131 1478 1189 sensui
1508 1132 1864 1204 humanoque
1883 1130 2065 1200 fidem,

487 1229 543 1278 et
572 1220 784 1292 abiecto
811 1222 934 1280 coeli
962 1233 1020 1279 et
1049 1232 1206 1279 terra:
1233 1232 1409 1292 metu,
1459 1225 1694 1296 propriis
1721 1225 2064 1282 adinventio-

488 1311 645 1368 nibus
669 1309 906 1384 aliquem
927 1327 996 1370 ex
1022 1313 1332 1371 libidinibus
1365 1326 1388 1355 ε
1415 1317 1528 1386 regi
1543 1319 1568 1372 ἲ
1586 1316 1755 1388 lgitur
1777 1333 1884 1373 non
1909 1319 2071 1374 omit-

491 1411 610 1458 tens
634 1401 840 1472 priscos
867 1401 990 1459 illos
1016 1418 1438 1474 communesque
1467 1421 1590 1461 cum
1621 1407 1870 1462 omnibus
1897 1408 2072 1478 genti-

485 1491 587 1548 bus
623 1507 856 1561 errores,
887 1494 1081 1565 quibus
1120 1502 1246 1551 ante
1275 1495 1563 1551 adventum
1591 1495 1790 1552 Christi
1822 1499 1876 1553 in
1906 1513 2070 1554 carne

487 1607 649 1646 omne
684 1592 979 1648 humanum
1017 1607 1188 1665 genus
1229 1591 1572 1662 obligabatur
1609 1593 1918 1659 astrictum,
1969 1609 2070 1650 nec

487 1695 810 1738 enumerans
835 1683 1024 1754 patriae
1051 1690 1304 1756 portenta
1331 1684 1450 1754 ipsa
1475 1683 1760 1749 diabolica,
1786 1699 1924 1758 pene
1966 1701 2069 1740 nu-

489 1789 642 1830 mero
667 1773 942 1832 vincentia
969 1773 1294 1848 Egyptiaca
1323 1774 1348 1814 ά
1383 1775 1642 1846 (quorum
1671 1776 1952 1839 nonnulla,
1995 1775 2068 1830 1i-

491 1865 792 1922 neamentis
818 1866 994 1923 adhuc
1021 1866 1354 1926 deformibus
1386 1867 1528 1923 intra
1559 1866 1651 1924 vel”
1673 1877 1823 1924 extra
1854 1866 2068 1924 deserta

2175 1897 2298 1953 talia
2311 1898 2520 1954 senatui
2534 1899 2932 1966 nuntiarentur,

489 1954 688 2010 mmuia
729 1955 892 2012 solito
940 1970 1092 2012 more
1135 1957 1396 2028 rigentia,
1432 1957 1604 2013 torvis
1625 1957 1862 2013 vultibus
1891 1957 2069 2012 intue-

491 2043 666 2112 mur),
713 2059 890 2114 ncqne
930 2045 1250 2100 nominatim
1292 2047 1632 2102 inclamitans
1673 2055 1887 2102 montes
1927 2047 2071 2116 ipsos

486 2145 580 2191 aut
599 2137 768 2194 colles
792 2137 876 2192 vel
898 2136 1091 2194 ﬂuvios
1117 2137 1246 2193 olim
1269 2138 1536 2204 exitiales,
1561 2154 1705 2194 nunc
1730 2153 1860 2194 vero
1888 2137 2074 2195 buma-

485 2228 570 2284 nis
599 2228 780 2285 usibus
809 2227 998 2294 utiles,
1040 2229 1238 2299 quibus
1265 2229 1478 2285 divinus
1502 2229 1681 2284 honor
1709 2243 1739 2283 a
1767 2245 1910 2284 cmeo
1942 2237 2069 2284 tunc

484 2321 686 2392 populo
705 2322 1118 2390 cumulabatur;
1170 2331 1226 2378 et
1263 2331 1450 2380 tacens
1475 2329 1719 2380 vetustos
1756 2321 2068 2378 immanium

483 2419 834 2482 tyrannorum
863 2427 1034 2468 annos
1073 2413 1165 2484 qui
1195 2413 1247 2468 i‘n
1277 2411 1398 2468 aliis
1425 2412 1584 2482 longe
1609 2412 1803 2484 positis
1833 2410 2070 2480 regioni-

483 2501 584 2558 bus
620 2501 824 2571 vulgati
865 2509 992 2558 sunt
1043 2501 1158 2575 (ita
1207 2508 1270 2557 ut!
1310 2500 1641 2574 Porphyrius
1668 2501 1887 2557 rabidus
1920 2500 2070 2558 canis

482 2590 762 2651 orientalis
808 2578 1068 2648 adversus
1108 2589 1405 2648 Ecclesium
1441 2603 1463 2630 θ
1484 2633 1501 2658 ,
1553 2591 1838 2648 dementia:
1864 2607 1976 2647 sua:
2005 2607 2070 2649 ac

482 2685 736 2742 vanitatis
758 2683 898 2756 ston
918 2684 1024 2740 hoc
1053 2683 1216 2762 etiam
1245 2693 1561 2740 annecteret
1587 2703 1600 2738 :
1631 2683 1903 2740 Britannia
1923 2695 2000 2740 est
2021 2682 2068 2751 ί,

483 2773 758 2844 inquiens,
801 2773 986 2845 fertilis
1016 2774 1282 2846 provincia
1315 2774 1728 2846 tyrannorum),
1771 2775 1859 2830 illa
1887 2783 2067 2834 tamen

481 2864 724 2936 proferre
763 2865 1004 2922 conabor
1033 2865 1084 2922 in
1120 2867 1358 2924 medium
1386 2883 1503 2939 qua:
1532 2867 1860 2938 temporibus
1890 2867 2066 2940 impe-

481 2965 720 3016 ratorum
738 2953 1101 3014 Romanorum
1131 2967 1185 3015 et
1207 2974 1363 3030 passa
1392 2967 1502 3030 est,
1518 2967 1574 3016 et
1592 2961 1712 3016 aliis
1735 2961 1917 3016 intulit
1937 2961 2062 3017 civi-

481 3047 581 3102 bus
610 3047 770 3116 longe
798 3048 987 3119 positis
1019 3058 1045 3094 κ
1076 3049 1252 3118 mala;
1302 3060 1560 3122 quantum
1607 3060 1783 3108 tamen
1813 3058 2066 3121 potuero,

481 3154 587 3193 non
607 3145 714 3193 tam
742 3154 810 3195 ex
837 3138 1124 3210 scripturis
1134 3140 1319 3210 patriae
1341 3139 1732 3212 scriptorumve
1753 3155 2075 3196 monumen-

2171 586 2397 643 llamma:
2423 587 2822 658 quodammodo
2850 589 3006 658 rigidi
3039 592 3238 646 tenoris
3260 593 3276 624 ²
3307 593 3378 649 ad
3403 591 3743 656 Occidentem

2171 681 2400 737 etnruleo
2420 677 2620 736 Oceani
2649 689 2885 737 torrente
2911 682 2996 739 vel
3017 684 3260 740 cohiberi
3283 687 3459 756 potuit
3485 690 3531 753 l,
3558 689 3638 746 vel
3657 706 3748 746 ex-

2169 771 2367 840 stingui
2394 789 2409 824 :
2435 771 2528 826 sed
2555 772 2908 828 transfretans
2949 773 3136 829 insula:
3161 776 3385 846 parendi
3413 777 3562 848 leges
3605 780 3748 838 nullo

2171 861 2465 916 obsistente
2485 859 2724 926 advexit,
2757 860 3134 933 imbellemque
3153 865 3414 936 populum
3435 869 3536 924 sed
3559 869 3744 927 inﬁde-

2170 954 2310 1018 lem,
2343 967 2452 1008 non
2481 961 2589 1010 tam
2616 951 2760 1008 ferro
2789 960 2845 1008 et
2872 953 2982 1022 igni
3011 951 3036 990 ¹ι
3066 955 3473 1026 machinisque,
3521 967 3583 1014 ut
3624 960 3748 1019 alias

2169 1052 2380 1112 gentes,
2417 1056 2577 1114 quam
2620 1042 2750 1098 solis
2783 1043 2944 1100 minis
2977 1043 3064 1100 vel
3084 1041 3414 1112 iudiciorum
3440 1051 3747 1105 concussio-

2171 1133 2356 1198 nibus,
2389 1133 2442 1188 in
2471 1130 2756 1204 superficie
2785 1141 2966 1189 tamen
2995 1135 3206 1204 vultus,
3255 1151 3444 1208 presso
3485 1137 3544 1195 in
3587 1137 3752 1195 altum

2170 1223 2351 1278 cordis
2387 1221 2576 1278 dolore
2601 1263 2620 1290 ,
2666 1222 2747 1278 sui
2777 1221 3139 1278 obedientiam
3169 1224 3533 1295 proferentem
3560 1227 3752 1288 edictis

2171 1311 2496 1384 subiugavit.

2241 1445 2370 1502 Car.
2402 1461 2474 1500 ιν.
2506 1445 2586 1500 De
2611 1443 2906 1502 rebellione.
2937 1479 3012 1492 -—
3053 1447 3258 1515 Quibus
3291 1449 3474 1504 statim
3502 1449 3746 1509 Romam.

2171 1533 2240 1590 ob
2271 1535 2504 1604 inopiam
2527 1534 2766 1604 cespitis,
2795 1543 2854 1590 ut
2877 1536 3032 1592 aiunt
3051 1533 3095 1602 ι,
3128 1537 3510 1607 repedantibus
3547 1547 3602 1595 et
3623 1539 3756 1596 nihil

2171 1625 2238 1681 de
2263 1625 2556 1681 rebellione
2581 1625 3005 1696 suspicantibus,
3044 1636 3284 1684 rectores
3311 1629 3414 1684 sibi
3444 1629 3662 1686 relictos
3686 1631 3750 1686 ad

2170 1716 2493 1771 enuntianda
2509 1716 2716 1788 plenius
2731 1717 2813 1773 vel
2825 1719 3191 1774 confirmanda
3207 1719 3434 1775 Romani
3445 1721 3756 1790 regnimoli.

2171 1807 2315 1861 urina
2341 1806 2507 1861 leaena
2534 1806 2824 1862 trucidavit
2843 1808 3270 1876 dolosa.Quibus
3294 1809 3370 1865 ita
3390 1811 3557 1880 gestis
3573 1818 3611 1848 ³·
3632 1827 3749 1867 cum

2940 1907 2997 1956 et
3009 1915 3244 1971 propero
3253 1901 3498 1958 exercitu
3509 1902 3757 1973 nupeth

2171 1989 2238 2045 lis
2267 1991 2347 2060 (ut
2375 1988 2628 2060 tingebat)
2659 1989 2897 2047 subdolis
2909 1991 3138 2048 nulcisci
3157 1990 3604 2049 festinaretmon
3615 1993 3756 2048 mili-
3833 2037 3840 2046 .

2173 2079 2305 2134 laris
2334 2079 2386 2134 in
2414 2079 2550 2136 mari
2575 2079 2764 2136 classis
2791 2089 2979 2151 parata
3007 2080 3223 2138 fortiter
3248 2081 3507 2138 dimicare
3537 2099 3636 2156 pro
3657 2099 3749 2155 pa-

2171 2167 2292 2234 tria,
2325 2183 2499 2240 neque
2525 2168 2845 2239 quadratum
2887 2185 3117 2241 agmen,
3157 2186 3261 2228 nec
3283 2171 3536 2229 dextrum
3583 2189 3757 2231 cornu

2170 2259 2374 2316 aliusve
2399 2259 2528 2333 belli
2556 2268 2856 2332 apparatus
2887 2251 2945 2318 iu
2984 2261 3170 2318 littore
3191 2271 3219 2300 ο
3243 2301 3259 2328 ,
3304 2262 3403 2319 sed
3455 2271 3606 2336 terga
3653 2280 3752 2336 pro

2167 2351 2334 2407 scutis
2359 2349 2665 2420 fugantibus
2690 2349 2962 2408 dabantur
2987 2361 3015 2402 ν
3033 2393 3062 2422 ,
3083 2359 3141 2408 et
3165 2350 3305 2409 colla
3323 2351 3517 2422 gladiis
3547 2352 3758 2425 (gelido

2167 2458 2270 2515 per
2290 2457 2413 2499 ossa
2435 2451 2670 2500 tremore
2697 2441 2983 2513 currente)
2995 2455 3294 2512 manusque
3315 2441 3611 2498 vincienda:
3633 2459 3748 2500 mu-

2169 2535 2410 2600 liebriter
2437 2532 2875 2605 protenduntur:
2907 2533 2982 2588 ita
3013 2531 3158 2590 utin
3184 2533 3532 2618 proverbium
3557 2541 3615 2590 et
3656 2533 3748 2591 de-

2168 2627 2334 2686 risum
2381 2626 2785 2696 longclateque
2819 2624 3077 2682 efferatur
3098 2667 3124 2694 ,.
3163 2625 3312 2696 quod
3353 2640 3464 2680 non
3505 2623 3748 2683 Britanni

2169 2728 2296 2778 sunt
2319 2721 2344 2753 ⁸
2370 2719 2423 2774 in
2453 2718 2595 2776 bello
2625 2718 2812 2784 fortes,
2844 2733 2947 2774 nec
2965 2718 3021 2774 in
3047 2732 3183 2788 pace
3213 2716 3418 2774 fideles.

2238 2851 2367 2910 Car.
2397 2869 2448 2909 v.
2483 2851 2559 2909 De
2577 2852 2802 2908 secunda
2824 2851 3136 2924 subiectione
3159 2860 3208 2908 et
3224 2853 3356 2908 duro
3383 2853 3658 2925 famulatu.
3681 2885 3747 2897 -ο

2169 2947 2354 3019 itaque
2381 2947 2564 3004 multis
2607 2945 2836 3003 Romani
2867 2955 2900 2996 «ι
2927 2944 3248 3017 perfidorum
3280 2945 3451 3009 casis,
3482 2946 3750 3001 nonnullis

2168 3040 2236 3096 ad
2262 3039 2578 3096 servitutem
2607 3039 2627 3110 (
2641 3053 2708 3094 ne
2735 3047 2876 3094 terra
2902 3037 3116 3108 penitus
3145 3037 3196 3091 in
3228 3037 3573 3092 solitudinem
3603 3036 3747 3092 redi.

2167 3129 2422 3202 geretur)
2451 3129 2844 3201 mancipalibus
2867 3127 3172 3194 reservatis,
3205 3127 3378 3198 patria
3408 3127 3514 3182 vini
3538 3127 3753 3197 oleique

480 3223 550 3286 tis
576 3230 810 3302 (quippe
835 3244 986 3300 qum,
1019 3231 1102 3286 vel
1131 3231 1176 3286 si
1201 3245 1306 3301 qua
1334 3229 1560 3299 fuerint,
1589 3239 1682 3287 aut
1709 3231 1920 3301 ignibus
1961 3230 2065 3286 lto-
2096 3245 2146 3305 ι)
2167 3233 2391 3296 experte
2423 3233 2470 3290 ι’,
2502 3222 2710 3278 Italiam
2737 3229 2960 3293 petunt,
2975 3236 3300 3292 suorumque
3323 3220 3587 3292 quosdam
3616 3236 3746 3292 pne

479 3319 641 3378 stium
685 3327 896 3389 exusta,
929 3332 1023 3376 aut
1049 3321 1242 3377 civium
1275 3321 1450 3378 exsilii
1479 3319 1506 3358 ιι
1537 3320 1708 3377 classe
1737 3319 1946 3390 longius
1969 3321 2070 3376 de-
2172 3317 2378 3388 positos
2411 3314 2808 3386 relinquentes,
2849 3313 3220 3386 indigenarum
3249 3312 3425 3373 dorsis
3452 3313 3758 3383 mastigias,

405 3443 408 3446 ~
480 3419 732 3482 portata,
775 3427 884 3466 non
925 3411 1314 3481 compareant)
1344 3427 1504 3482 quam
1534 3411 1888 3466 transmarina
1917 3413 2059 3466 rela-
2165 3407 2462 3464 cervicibus
2500 3406 2686 3478 jugum
2712 3447 2744 3475 ,,
2775 3405 2893 3462 solo
2933 3421 3128 3462 nomen
3177 3403 3436 3461 Remane
3477 3405 3748 3461 servitutis

481 3503 663 3570 tione;
693 3517 813 3574 quae
839 3501 1043 3558 crebris
1073 3501 1277 3572 irrupta
1305 3499 1812 3572 intercapedinibus,
1841 3516 1949 3557 non
1973 3515 2062 3557 sa-

484 3593 552 3649 tis
579 3592 769 3649 claret.

544 3682 678 3738 Car.
707 3697 786 3740 ut.
818 3679 896 3736 De
916 3681 1252 3754 subjectionc.
1279 3680 1582 3740 --Eteuim
1603 3696 1758 3752 reges
1782 3681 2010 3740 Romani
2039 3682 2053 3722 ί

477 3789 600 3831 olim
619 3773 768 3828 orbis
797 3773 1079 3843 imperium
1105 3771 1484 3842 obtinuissent,
1509 3773 1921 3844 'subiugatisque
1947 3773 2069 3831 lini-

478 3863 624 3920 timis
651 3863 948 3935 quibusque
977 3863 1283 3934 regionibus
1314 3863 1399 3920 vel
1426 3864 1615 3922 insulis
1635 3864 1909 3923 Orientem
1937 3882 2058 3923 ver-

475 3969 597 4018 sus,
639 3952 810 4025 prima
841 3951 1163 4009 Parthorum
1195 3968 1327 4023 pace
1366 3952 1728 4026 Indorumque
1763 3955 2055 4012 confinium

475 4043 622 4114 (τίμια
663 4051 928 4115 peracta,
967 4043 1020 4098 in
1049 4043 1195 4099 omni
1243 4057 1382 4114 pene
1431 4052 1573 4099 terra
1623 4051 1736 4101 tum
1772 4059 2057 4103 cessavcre

546 4275 573 4304 ι
603 4265 767 4324 Deest
791 4265 920 4321 edit.
946 4281 1052 4320 vos
1076 4263 1351 4318 interdum.

543 4335 572 4374 δ
599 4334 769 4405 ﬁdit,
797 4335 1016 4405 positis.

545 4414 571 4445 θ
594 4403 757 4470 Edit.,
789 4402 839 4458 et
866 4403 958 4458 lib.
991 4437 1065 4448 —-.
1090 4403 1214 4459 Haec
1247 4419 1376 4458 vero
1417 4402 1578 4460 lectio
1619 4403 1888 4460 editorum
1935 4403 2046 4461 for-

474 4483 618 4546 tasse
647 4474 803 4530 alteri
834 4489 936 4546 ms.
967 4474 1168 4546 codicis
1198 4474 1545 4546 prmliarenda.
1576 4473 1699 4531 Mox
1723 4477 1811 4546 ubi
1836 4477 2064 4546 legitur,

479 4544 647 4617 igitur
675 4560 778 4617 non
807 4543 1077 4617 amittens,
1098 4543 1224 4617 _sive
1254 4544 1304 4598 in
1335 4557 1436 4599 ms.
1467 4545 1581 4599 sive
1623 4545 1675 4600 in
1705 4545 1864 4617 editis
1883 4543 1909 4612 ,'
1949 4546 2049 4617 de-

473 4613 628 4686 lenda
653 4613 866 4670 videtur
886 4614 1144 4686 particula
1170 4627 1463 4684 negansex
1489 4616 1879 4671 contextu..Sic
1904 4615 2056 4672 enim

473 4685 741 4756 deinceps,
789 4700 882 4740 nec
921 4699 1314 4756 enumerans...
1347 4701 1440 4740 nec
1469 4687 2050 4756 nominatimrinclami-

2162 3498 2369 3554 haerere
2415 3495 2653 3554 facturos
2676 3534 2692 3560 ,
2739 3510 2804 3550 ac
2838 3510 2947 3550 non
2978 3501 3087 3550 tam
3127 3494 3348 3550 militari
3377 3509 3540 3550 manu
3587 3510 3761 3566 quam.

2161 3587 2388 3656 ﬂagellis
2413 3594 2434 3624 ⁸
2467 3585 2715 3642 callidam
2741 3592 2957 3655 gentem
2985 3593 3392 3651 maceraturos;
3411 3591 3468 3640 et
3488 3585 3533 3640 si
3564 3600 3656 3640 res
3675 3586 3748 3640 sic

2161 3677 2572 3750 postulavisset,
2584 3691 2766 3732 ensem
2798 3677 2878 3748 (ut
2899 3675 3116 3734 dicitur)
3136 3676 3327 3746 vagina
3343 3691 3572 3732 vacuum
3592 3677 3747 3731 lateri

2160 3767 2276 3838 ejus
2303 3767 2529 3839 populit
2563 3766 3064 3824 accommodaturos
3089 3783 3102 3834 ;
3135 3771 3207 3821 ita
3237 3774 3294 3823 ut
3323 3783 3428 3822 non
3448 3765 3762 3837 Britannia,

2160 3860 2256 3916 sed
2281 3859 2524 3914 Romana
2547 3866 2577 3896 ι
2607 3857 2780 3916 insula
2806 3869 3150 3925 censeretur,
3179 3867 3234 3914 et
3261 3857 3520 3929 quidquid
3548 3857 3752 3915 habere

2159 3953 2432 4025 potuisset:
2450 3951 2592 4016 atris,
2621 3949 2830 4018 argenti
2859 3948 2944 4004 vel
2970 3949 3124 4018 auri,
3165 3948 3396 4018 imagine
3421 3945 3622 4004 Caesari
3654 3946 3752 4022 (Γ.

2160 4043 2410 4119 Caesaris]
2443 4051 2727 4101 notaretur

2157 4283 2405 4348 prospero
2433 4265 2660 4348 exercitu
2690 4262 3277 4348 vulpeculas_st_tbttoias,
3319 4262 3536 4320 omissis
3563 4273 3621 4318 ut
3643 4265 3750 4336 ﬁn-

2156 4333 2331 4408 gebat:
2355 4334 2620 4408 Caeterum
2642 4333 2812 4408 magis
2840 4335 3018 4408 placet
3045 4333 3206 4390 lectio
3235 4348 3334 4389 ms.
3363 4350 3608 4404 propero.

2235 4413 2260 4442 °
2291 4405 2434 4478 ﬁdit.
2451 4447 2466 4472 ,
2493 4421 2668 4478 neque
2693 4405 2745 4458 ά.
2775 4404 3093 4478 c.'atiine....
3119 4414 3482 4478 conseruntur.
3505 4435 3589 4478 _—-_
3607 4404 3761 4460 Bibl.

2158 4473 2263 4558 Pii.
2296 4475 2464 4530 Paris.
2493 4473 2657 4534 habet
2683 4476 3092 4545 cutspiciuntur.
3118 4473 3215 4531 sed
3245 4473 3382 4528 male
3411 4474 3617 4530 omittit
3649 4491 3748 4530 nec

2153 4562 2201 4601 Si
2209 4561 2269 4602 VB
2294 4563 2475 4602 neque.

2227 4564 2694 4683 ξίιῖῗῖἕῗεσυιο...
2726 4615 2935 4670 dantur.
2960 4615 3028 4670 Et
3047 4612 3208 4683 paulo
3229 4619 3352 4682 post
3375 4627 3472 4683 pro
3493 4613 3748 4683 eﬂ'emtur

2227 4630 2256 4666 ι»
2285 4630 2694 4683 ιιιιι.,.εσιιῑο...
2726 4630 2935 4670 aantur.
2961 4630 3208 4736 mgnum
3229 4630 3352 4682 pos:
3375 4630 3472 4682 pro
3493 4630 3748 4683 egemtur

2152 4685 2354 4742 habent
2389 4686 2680 4756 eﬂ’etyetur.
2711 4717 2786 4728 ——
2823 4683 2970 4756 Bibl.
2993 4683 3032 4738 P
3083 4723 3097 4756 τ
3143 4680 3346 4746 Paris.,
3376 4681 3636 4756 eﬂ‘ertnr;
3689 4694 3758 4738 (δι’

473 4753 682 4826 tunc";
707 4763 757 4826 et
779 4763 1000 4808 tacens“
1035 4794 1049 4808 .
1077 4754 1171 4809 illa
1189 4763 1358 4826 tamen
1381 4757 1616 4826 proferre
1642 4755 2056 4826 conabor,_etc.,.
2082 4756 2130 4816 D
2155 4756 2314 4826 paulo
2341 4753 2469 4826 ante
2492 4755 2576 4810 ita
2607 4771 2702 4826 pro
2731 4757 2806 4810 ita
2845 4763 2924 4826 ut.
2951 4753 3260 4826 Lectionem
3280 4767 3431 4826 _ve;'o
3463 4753 3758 4808 editormnx

474 4831 532 4879 ut
563 4823 786 4908 proinde
815 4831 1000 4895 pateat
1021 4823 1268 4896 superius
1296 4823 1696 4880 rescribendum
1722 4839 1842 4881 esse
1881 4824 2053 4898 Igitur.

472 4902 736 4950 amittens.

544 4965 571 5002 ά
601 4963 768 5036 Edita
794 4964 1114 5036 [Egyptiaca
1143 4965 1422 5020 vincentia.

424 5112 428 5116 .
518 5044 570 5118 ,ε
597 5033 742 5090 Edit.
761 5075 776 5104 ,
807 5033 1021 5091 rabidus
1060 5036 1332 5092 orientalis
1361 5042 1605 5090 adversus
1633 5034 1925 5090 Ecclesium
1963 5050 2061 5089 ca-

472 5120 578 5214 m?
595 5173 736 5232 Editi
765 5177 1022 5231 omittunt
1039 5183 1136 5230 est.

542 5253 568 5316 β
599 5244 766 5316 Edit,
797 5255 845 5300 et
869 5246 1014 5316 long.
1039 5261 1152 5316 pos.

541 5312 571 5387 ξ
597 5312 768 5387 gldiL,
796 5312 1051 5387 exsultim,
1081 5313 1228 5382 quod
1257 5313 1426 5384 magis
1451 5314 1646 5387 placet.

547 5381 568 5426 ι
596 5381 764 5454 13όίιᾴ
793 5381 1166 5440 Romanorum.

540 5455 558 5525 ξ
596 5453 762 5525 Edit.,
785 5456 1008 5510 cohiberi
1034 5455 1110 5510 vel
1129 5456 1314 5525 potuit.
1615 5513 1628 5522 ,

539 5523 566 5564 ι
593 5524 754 5581 Deest
781 5525 1090 5594 coniunctio
1118 5523 1248 5580 edit.
1270 5563 1288 5590 ,
1332 5533 1386 5582 et
1413 5526 1593 5582 statim
1623 5527 1872 5582 machinis
1903 5540 2042 5600 prte-

466 5593 664 5747 férlu
684 5661 926 5747 agebant,
953 5663 1206 5720 cosseiin.
1236 5681 1248 5717 :
1273 5664 1436 5723 male.
1459 5697 1530 5706 —
1557 5665 1694 5724 Bibl.
1719 5665 2035 5732 PP.l’aris.,

465 5743 522 5788 ut
541 5733 770 5789 aiebant.

527 5813 569 5842 ω
595 5801 697 5872 llic
723 5802 910 5872 incipit
936 5817 1060 5872 cap.
1085 5801 1118 5856 4
1147 5803 1200 5872 in
1225 5817 1326 5857 ms.
1354 5801 1609 5862 Cantabr.

534 5881 574 5912 ι
593 5871 707 5943 AL,
737 5871 1093 5944 vulpeculae...
1119 5871 1458 5929 subdolua.—
1481 5874 1616 5934 Bibl.
1643 5875 1744 5934 PP.
1771 5875 1965 5946 Paris,
1987 5885 2044 5931 ut

2153 4821 2348 4881 dantur
2372 4821 2652 4882 meliorem
2679 4840 2799 4880 esse
2843 4824 3016 4880 altera
3051 4839 3154 4879 ms.
3199 4821 3462 4878 dabantur
3486 4864 3503 4890 ,
3547 4826 3758 4879 suadet

2153 4909 2388 4965 sequens
2414 4897 2634 4951 verbum
2660 4894 3058 4965 protenduntur.

2226 4977 2254 5016 «ι
2282 4964 2448 5033 Edit.,
2473 4964 2697 5020 Romani
2719 4965 2914 5019 multis.

2229 5044 2251 5074 τ
2282 5034 2448 5095 Εέιίι..
2473 5044 2679 5117 experte
2704 5035 2919 5090 relicta-
2938 5032 3006 5088 Et
3043 5049 3168 5089 mox
3191 5074 3208 5100 ,
3249 5048 3542 5088 suorum...
3572 5037 3749 5090 reti-io

2155 5115 2363 5178 quentes
2389 5121 2496 5177 pra:
2533 5115 2710 5160 ostios.

2231 5183 2252 5210 ³
2287 5173 2326 5228 E
2347 5177 2450 5246 lit.,
2479 5122 2756 5246 iagrn._
2773 5173 2910 5229 Bibl.
2933 5170 3038 5246 PP.
3071 5171 3240 5246 Paris.
3267 5170 3428 5244 paulo
3451 5181 3604 5246 an_tc,
3623 5177 3742 5229 solo

2156 5247 2364 5300 nomine
2395 5241 2644 5300 Romani:
2668 5245 2924 5300 servitutis
2947 5243 3192 5298 honorem
3215 5241 3468 5314 facturos.
3499 5241 3566 5297 Et
3591 5262 3756 5304 ηψπ..

2153 5315 2400 5388 callidam
2439 5326 2639 5388 gentem
2681 5323 3087 5388 mercaturam...
3117 5316 3192 5368 ita
3214 5310 3398 5388 utnon
3428 5310 3750 5376 Britannia,

2151 5386 2243 5439 sed
2274 5382 2510 5440 Romana
2537 5395 2847 5440 censeretur.
2874 5382 3338 5441 Pessimeomnia.

2228 5457 2246 5492 ι
2275 5453 2438 5526 Qeest
2457 5456 2586 5526 edit.
2621 5471 2726 5510 vox
2755 5454 2950 5526 populi.

2221 5533 2248 5562 υ
2279 5524 2463 5596 Edit.,
2481 5524 2762 5580 Romania.

2223 5661 2324 5749 ³..¹¹¹
2341 5661 2490 5749 βίω·
2507 5663 2627 5749 ,ΡΡο
2654 5661 2829 5749 Pacis:
2857 5663 2893 5717 ι·
2925 5675 2977 5718 οη
3003 5674 3128 5734 pas.
3152 5659 3260 5719 ass
3285 5662 3522 5736 margini
3550 5665 3758 5720 auram.

2147 5735 2310 5792 lectio
2335 5737 2544 5790 terroris
2571 5735 2920 5804 conspicitur.
3422 5735 3429 5736 “

2155 5873 2176 5884 Δ
2219 5807 2240 5838 ³
2271 5803 2405 5859 Bibl.
2579 5801 2752 5860 Paris.
2777 5802 3024 5860 absolute
3066 5821 3080 5858 :
3128 5802 3370 5860 Britanni
3415 5819 3524 5862 non
3565 5813 3692 5860 sunt
3723 5817 3758 5857 τ’

2149 5873 2378 5932 [οι-ιαεδρ
2402 5873 2632 5931 rectius.
