3952 6382
217 295 316 352 557

1196 301 1403 359 LIBER
1442 302 1838 372 QUERULUS.
1885 305 2060 364 PARS
2099 309 2138 364 ι.
2185 310 2518 368 illSTURlA.

3385 317 3492 373 338

282 406 412 463 Car.
444 423 498 464 vt
523 417 573 464 ο.
630 409 706 466 De
731 409 993 486 religione.
1020 443 1093 454 --
1117 409 1328 469 Interea
1355 412 1566 482 glaciali
1596 413 1794 484 frigore
1824 420 1872 478 Α
1901 413 2196 488 Legionum
2221 421 2369 476 urbis
2391 420 2543 478 cives
2561 457 2578 488 ,
2621 429 2677 478 et
2699 431 2926 480 caeteros
2955 421 2977 462 ¹ι
3026 425 3302 496 utriusque
3331 443 3492 484 sexus

219 499 407 566 rigenti
438 499 656 568 insula),
704 509 760 558 et
786 501 954 557 veluti
995 502 1241 570 longiore
1275 512 1548 560 terrarum
1586 520 1800 561 secessu

214 591 312 646 soli
345 591 544 646 visibili
587 607 696 648 non
735 593 1018 664 proxima),
1047 610 1206 651 verus
1233 595 1326 651 ille
1349 595 1454 666 sol,
1479 612 1585 652 non
1615 597 1684 654 de
1710 597 1802 652 lir-

218 688 488 735 ntamento
516 681 802 751 temporali
827 680 880 752 ι’,
909 681 1004 738 sed
1030 682 1099 739 de
1124 697 1332 739 summa
1352 683 1520 740 etiam
1540 685 1802 742 caelorum

219 782 340 824 arce
381 777 629 840 tempora
659 782 850 827 cuncta
879 773 1208 840 excedente,
1240 775 1491 832 universo
1519 777 1636 833 orbi
1661 793 1799 848 pra:-

217 859 468 928 fulgidum
493 863 508 892 ¹
541 861 624 916 sui
649 877 935 919 coruscum
965 865 1288 933 ostendens;
1322 875 1566 938 tempore
1595 869 1675 940 (ut
1697 868 1803 924 sci-

215 951 352 1024 mus)
379 967 591 1008 summo
617 952 818 1010 Tiberii
847 954 1076 1012 Cmsaris
1107 958 1236 1028 (quo
1261 959 1467 1031 absque
1488 960 1600 1017 ullo
1630 962 1801 1033 impc-

214 1041 453 1099 dimento
481 1043 598 1114 ejus
624 1048 1028 1116 propagabatur
1063 1047 1286 1119 religio,
1317 1050 1666 1120 comminata,
1709 1068 1798 1109 se-

207 1141 340 1188 natu
369 1133 615 1200 nolente,
661 1149 694 1190 a
722 1136 965 1210 principe
1009 1147 1183 1196 morte
1209 1139 1542 1198 delatoribus
1568 1143 1798 1199 militum

209 1225 493 1298 ejusdem)
523 1227 704 1285 radios
733 1244 862 1286 suos
901 1231 1130 1302 primum
1165 1233 1442 1304 indulget,
1489 1234 1544 1290 id
1583 1243 1666 1292 est
1701 1251 1798 1294 sua

213 1327 482 1389 prmcepta
503 1317 769 1376 Christus.

281 1447 410 1504 Car.
441 1465 538 1505 vit.
577 1449 660 1506 De
691 1453 1069 1522 persecutione.
1099 1485 1170 1498 -ο
1197 1455 1326 1522 Qum
1353 1456 1480 1514 licet
1511 1457 1580 1514 ab
1604 1458 1798 1515 incolis

208 1538 392 1609 tepide
421 1547 675 1610 suscepta
702 1550 860 1609 sunt,
889 1541 1030 1612 apud
1058 1543 1324 1614 quosdam
1349 1554 1529 1602 tamen
1559 1547 1792 1618 integre,

210 1639 264 1682 et
290 1628 431 1685 alios
471 1628 681 1698 minus,
725 1645 896 1700 usque
921 1630 991 1688 ad
1020 1635 1447 1703 persecutionem
1479 1637 1794 1695 Diocletiani

211 1720 421 1791 tyranni
451 1726 756 1778 novennem
780 1739 794 1777 :
819 1722 876 1778 in
895 1737 1002 1792 qua
1031 1723 1304 1781 subversae
1331 1739 1429 1797 per
1452 1735 1624 1784 totum
1645 1743 1796 1784 mun-

1905 509 2134 567 diversis
2155 512 2210 568 in
2237 513 2372 568 locis
2391 527 2598 568 summa
2620 515 3058 586 magnanimitate
3083 517 3136 572 in
3164 518 3279 574 acie
3291 517 3489 576 Christi

1905 610 2210 674 perstantes
2247 603 2390 660 dico.
2431 603 2672 672 Quorum
2709 605 2858 678 prior
2894 615 3182 678 postquam
3210 608 3490 666 charitatis

1901 694 2074 764 gratia
2103 694 2469 752 confessorem
2510 697 2674 753 alium
2709 694 2726 734 ι
2779 699 3214 769 persecutoribus
3254 700 3488 757 insecta-

1904 792 2041 850 tum,
2058 793 2116 842 et
2129 785 2242 856 jam
2258 785 2478 856 jamque
2501 788 3064 860 comprehendendum
3085 791 3326 866 [imitans
3350 801 3408 850 et
3431 794 3488 852 in

1903 876 2008 933 hoc
2031 875 2302 932 Christum
2325 879 2557 934 animum
2583 897 2678 950 pro
2704 880 2880 935 ovibus
2915 890 3188 952 ponentem
3215 881 3398 955 (Joan.
3429 901 3486 952 ι,

1903 965 2040 1040 15)],
2070 967 2233 1023 domo
2253 968 2507 1038 primum,
2533 983 2600 1026 ac
2619 971 2840 1026 mutatis
2859 969 2986 1027 dein
3011 981 3200 1028 mutuo
3219 975 3483 1043 vestibus,

1900 1059 2156 1127 occuluit,
2179 1069 2236 1116 et
2259 1059 2553 1117 discrimini
2571 1071 2610 1098 α·
2631 1077 2694 1119 se
2719 1061 2901 1119 fratris
2927 1063 2982 1118 in
3009 1064 3304 1134 supradicti
3328 1067 3485 1124 vcsti-

1898 1153 2093 1209 mentis
2109 1152 2338 1209 libenter
2357 1153 2785 1224 persequendum
2803 1155 2985 1211 dedit:
3009 1157 3082 1211 ita
3099 1157 3210 1214 Deo
3220 1157 3483 1228 placensll

1897 1241 2042 1298 inter
2066 1257 2274 1299 sacram
2311 1243 2708 1302 conlessionem
2741 1261 3101 1317 cruoremque
3147 1263 3331 1304 coram
3377 1249 3484 1306 in»

1899 1330 2035 1402 piis,
2065 1331 2311 1390 Romana
2341 1342 2454 1388 tum
2497 1334 2749 1406 stigmata
2795 1350 2918 1394 cum
2965 1336 3212 1394 horribili
3247 1337 3478 1408 phanta—

1895 1432 2074 1478 smate
2103 1425 2123 1445 '
2153 1421 2564 1494 prmferentibus
2587 1424 2862 1494 signorum
2891 1436 2919 1476 ιι
2947 1426 3220 1482 miraculis
3259 1427 3482 1486 mirabi-

1896 1516 2022 1574 liter
2047 1517 2344 1574 adornatus
2364 1525 2470 1584 est,
2494 1525 2556 1574 ut
2579 1518 2825 1576 oratione
2851 1519 3100 1587 ferventi,
3131 1519 3206 1576 illi
3230 1519 3482 1578 lsraeliti-

1894 1622 1974 1666 cae
1993 1607 2166 1664 arenti
2193 1607 2295 1664 vim
2311 1608 2600 1680 minusque
2628 1607 2768 1664 tritas
2795 1607 2996 1682 (stante
3010 1608 3104 1666 diu
3128 1625 3278 1678 arca,
3308 1626 3480 1682 prope

1899 1697 2112 1768 glareas
2158 1699 2468 1754 testamenti
2494 1699 2552 1754 in
2577 1697 2755 1756 medio
2782 1689 3034 1756 Iordanis
3059 1700 3274 1773 canali)
3299 1702 3480 1758 simile

205 1781 334 1866 dum
361 1822 490 1869 sunt
514 1813 774 1877 ecclesim,
803 1822 862 1870 et
895 1779 1103 1871 cuncta)
1139 1779 1310 1873 sacrae
1825 1779 1870 1840 Β
1897 1787 2003 1890 ίξθξ
2031 1788 2298 1890 ίδξδοίυξην
2321 1795 2472 1892 mf?“
2491 1788 2689 1892 ηοδίιξθ
2715 1788 2864 1892 ίξυνίί
2887 1799 2916 1840 α
2937 1789 3310 1892 alveutumum
3334 1789 3480 1892 mille

209 1904 434 1962 inveniri
455 1913 768 1978 potuerunt,
799 1907 853 1963 in
882 1907 1075 1979 plateis
1101 1918 1325 1980 exusta},
1347 1919 1402 1969 et
1429 1912 1588 1969 electi
1608 1926 1792 1972 sacer-

209 1996 362 2052 dotes
384 1997 562 2067 gregis
587 1997 798 2054 Domini
830 2015 953 2057 cum
983 2000 1358 2058 innocentibus
1397 2003 1592 2059 ovibus
1619 2006 1791 2061 truci—

207 2086 314 2141 dati
343 2105 359 2140 :
392 2087 466 2143 ita
490 2099 548 2142 ut
575 2102 642 2144 ne
669 2088 953 2160 vestigium
981 2089 1200 2160 quidem
1249 2093 1332 2162 (si
1359 2090 1476 2150 ﬁeri
1505 2095 1790 2167 potuisset)

207 2175 258 2230 in
288 2177 562 2232 nonnullis
589 2179 883 2249 provinciis
917 2192 940 2221 ε
967 2180 1292 2240 Christianas
1319 2185 1596 2256 religionis
1619 2201 1790 2256 appa-

205 2275 369 2323 reret.
395 2265 749 2328 Permansere
767 2269 794 2310 δ
823 2281 949 2330 tunc
970 2282 1186 2344 quantae
1212 2273 1350 2346 fuga:
1366 2317 1384 2343 ,
1408 2286 1624 2348 quanta:
1651 2287 1792 2335 stra-

201 2373 326 2428 ges,
356 2367 574 2431 qnantae
593 2361 924 2422 diversarum
951 2367 1205 2422 mortium
1235 2382 1430 2438 pinnae,
1459 2377 1674 2437 quanun
1702 2385 1792 2426 re-

207 2450 417 2520 ligionis
447 2461 471 2490 ο
503 2461 873 2524 apostatarum
902 2457 1096 2526 ruina,
1128 2465 1344 2528 quantae
1369 2459 1788 2530 gloriosissimo-

205 2557 322 2597 rum
363 2551 662 2618 martyrum
687 2561 923 2615 coronas,
969 2548 1158 2618 quanti
1187 2558 1592 2620 persecuturum
1617 2550 1789 2606 rabidi

205 2633 413 2692 furores
436 2675 453 2702 ,
527 2625 744 2706 quanta:
793 2640 1102 2696 econtrario
1154 2648 1465 2698 sanctorum
1513 2641 1789 2714 patientia:

201 2723 354 2781 {uere
375 2767 394 2791 ,
436 2727 802 2785 ecclesiastica
829 2729 1052 2786 historia
1080 2739 1268 2787 narrat
1306 2748 1322 2786 :
1365 2731 1439 2787 ita
1471 2740 1530 2788 ut
1574 2733 1789 2802 agmine

201 2816 371 2872 denso
405 2818 674 2886 certatim,
701 2819 906 2877 relictis
927 2828 1054 2892 post
1073 2828 1284 2891 tergum
1311 2823 1675 2880 mundialibus
1701 2833 1787 2882 te-

201 2907 406 2978 nebris,
425 2909 494 2966 ad
517 2925 729 2967 ammon
743 2911 1006 2970 caelorum
1027 2926 1218 2983 regna,
1238 2915 1393 2986 quasi
1412 2915 1480 2971 ad
1509 2917 1785 2990 propriam

201 3003 406 3072 sedem,
437 3009 554 3060 tota
581 3003 862 3062 festinaret
881 3005 1142 3064 Ecclesia.

1894 1877 2023 1933 viris
2046 1877 2193 1934 sicco
2222 1877 2526 1947 ingrediens
2555 1876 2694 1948 pede
2723 1876 3022 1949 (suspensis
3048 1877 3301 1947 utrinque
3318 1878 3479 1936 modo

1893 1977 2288 2043 prmruptorum
2315 1967 2622 2027 ﬂuvialibus
2647 1969 2913 2026 montium
2937 1968 3298 2042 gurgitibus),
3346 1985 3478 2042 ape-

1894 2063 2048 2130 riret,
2075 2073 2130 2120 et
2155 2065 2393 2137 priorem
2423 2061 2732 2119 carniﬁcem
2757 2071 2910 2126 tanta
2945 2062 3188 2136 prodigia
3209 2062 3478 2122 videntem

1891 2155 1950 2210 in
1976 2169 2175 2226 agnum
2203 2169 2272 2212 ex
2300 2155 2428 2227 lupo
2451 2162 2708 2223 mutaret,
2737 2163 2794 2212 et
2831 2170 2940 2212 una
2963 2170 3146 2212 secum
3171 2155 3467 2226 triumpba'
3574 2155 3582 2163 '

1894 2247 1998 2304 lem
2027 2245 2271 2318 martyrii
2310 2245 2544 2317 palmam
2571 2245 2766 2302 sistere
2794 2245 2818 2270 '
2842 2245 3245 2311 vehementius,
3289 2256 3344 2302 et
3371 2263 3465 2302 ex-

1889 2335 2070 2406 cipere
2095 2334 2285 2390 fortius
2312 2333 2529 2390 faceret.
2575 2331 2768 2390 Caneri
2806 2348 2938 2390 vero
2962 2335 3042 2391 sic
3079 2335 3306 2392 diversis
3334 2351 3462 2392 cru-

1891 2427 2121 2484 ciatibus
2149 2425 2277 2482 torti
2303 2433 2460 2491 sunt,
2507 2433 2566 2482 et
2605 2423 2844 2482 inaudita
2871 2425 3235 2482 membrorum
3259 2425 3468 2482 discer-

1887 2517 2074 2590 ptione
2097 2516 2320 2572 lacerati
2343 2524 2469 2572 sunt
2494 2525 2542 2584 ⁸,
2574 2522 2638 2571 ut
2660 2517 2864 2588 absque
2891 2515 3236 2574 cunctamine
3253 2517 3471 2586 gloriosi

1890 2607 1945 2664 in
1969 2606 2200 2678 egregiis
2225 2605 2564 2662 Hierusalem
2590 2605 2758 2662 veluti
2785 2606 2958 2676 portis
2982 2606 3220 2678 martyrii
3251 2607 3334 2663 sui
3363 2615 3472 2664 tro-

1887 2710 2006 2766 paea
2044 2692 2360 2764 deligerent.
2394 2692 2529 2750 Nam
2552 2694 2646 2766 qui
2671 2691 3076 2768 superfuerant,
3109 2695 3261 2754 silvis
3281 2711 3346 2768 ac
3367 2691 3466 2752 de-

1887 2784 2049 2841 sertis
2069 2783 2374 2855 abditisque
2395 2783 2666 2855 speluncis
2687 2798 2748 2841 se
2767 2784 3132 2854 occultavere,
3159 2796 3464 2858 exspectan-

1888 2881 1971 2930 tes
1994 2889 2027 2929 a
2047 2872 2197 2944 justo
2222 2881 2435 2932 rectore
2463 2874 2703 2932 omnium
2741 2873 2854 2930 Deo
2895 2875 3234 2934 carniﬁcibus
3279 2887 3461 2934 severs

1885 2966 2211 3038 quandoque
2251 2966 2484 3038 judicia,
2523 2967 2622 3024 sibi
2650 2982 2781 3024 vero
2821 2967 3123 3025 animarum
3180 2969 3463 3026 tutamina.

1892 3059 1910 3096 ί
1943 3057 2108 3129 Igitur
2135 3057 2360 3116 bilustre
2381 3056 2674 3128 supradicti
2705 3056 2928 3114 turbinis
2972 3057 3200 3114 needqu
3227 3057 3296 3116 ad
3318 3060 3462 3115 inte-

267 3142 400 3200 CAP.
431 3159 544 3202 vui.
592 3144 672 3203 De
711 3146 904 3202 sanctis
930 3147 1270 3221 martyribus.
1306 3179 1380 3194 -—
1414 3146 1774 3220 Maguilicavit
1802 3163 1848 3226 ο
1875 3163 2030 3224 grum
2057 3148 2350 3220 adimpleto
2377 3157 2431 3213 ιι.
2463 3149 3058 3219 emarcesceutibusque
3083 3165 3216 3206 nece
3239 3165 3462 3207 suorum

199 3235 365 3305 igitur
388 3236 812 3296 misericordiam
841 3253 994 3294 suam
1023 3238 1166 3295 Deus
1203 3237 1483 3299 nobiscum
1514 3238 1571 3308 τ,
1603 3241 1779 3303 volens

193 3343 376 3383 omnes
405 3327 636 3383 homines
661 3327 831 3384 salvos
859 3328 977 3401 ﬁeri
1007 3326 1064 3401 (1
1093 3327 1231 3387 Tim.
1267 3345 1325 3396 tt,
1357 3327 1448 3403 4),
1495 3338 1551 3386 et
1591 3349 1782 3389 vocans

198 3433 309 3474 non
337 3419 520 3477 minus
557 3429 850 3492 peccatores
877 3435 1040 3491 quam
1067 3435 1164 3478 eos
1193 3421 1287 3494 qui
1334 3429 1527 3493 putant
1567 3439 1628 3479 se
1672 3436 1783 3482 esse

196 3513 365 3578 iustos
386 3521 414 3560 ς
438 3510 652 3584 (Matth.
676 3527 752 3577 tx,
784 3507 881 3578 13;
911 3510 1082 3567 Marc.
1105 3527 1164 3578 ιι,
1188 3510 1289 3579 l7;
1322 3510 1448 3568 Luc.
1473 3529 1524 3581 v,
1546 3511 1659 3586 52),
1689 3513 1782 3586 qui

195 3603 435 3674 gratuito
463 3619 684 3660 munere
710 3602 1042 3676 supradicto,
1077 3609 1136 3659 ut
1163 3603 1538 3673 cognoscimus
1565 3601 1624 3672 ιι,
1657 3621 1781 3675 per-

191 3695 493 3751 secutionis
514 3702 780 3765 tempore,
821 3708 890 3750 ne
925 3693 942 3732 ί
975 3707 1162 3750 crassa
1199 3701 1330 3750 atra
1359 3694 1534 3751 noctis
1555 3693 1784 3764 caligine

193 3786 476 3843 Britannia
497 3786 890 3854 obfuscaretnr,
913 3784 1238 3842 clarissimas
1264 3784 1541 3856 lampades
1567 3794 1786 3842 sancto-

192 3895 318 3936 rum
345 3887 640 3952 martyrum
668 3879 824 3936 nobis
847 3877 1116 3946 accendit,
1143 3891 1372 3948 quorum
1406 3893 1550 3932 nunc
1586 3891 1782 3948 corpo-

191 3986 318 4028 rum
366 3970 656 4044 sepulturte
703 3977 759 4028 et
805 3969 1116 4040 passionum
1144 3968 1295 4034 loca,
1343 3969 1388 4025 si
1435 3983 1543 4026 non
1571 3967 1783 4038 lugubri

192 4061 506 4118 divortione
539 4062 556 4112 l
595 4060 984 4124 barbarorum,
1036 4057 1429 4134 quamplurima
1457 4057 1528 4114 ob
1573 4057 1781 4114 scelera

192 4161 386 4208 nostra
415 4151 623 4207 civibus
650 4151 1047 4216 adimerentur,
1097 4163 1206 4205 non
1241 4147 1520 4204 minimum
1563 4149 1781 4204 intuen-

201 4245 340 4300 tium
367 4243 639 4299 mentibus
658 4242 907 4298 ardorem
935 4241 1129 4297 divinae
1153 4240 1434 4297 charitatis
1460 4239 1781 4296 incuterent.

188 4337 456 4394 Sanctum
481 4335 746 4392 Albanum
775 4332 1264 4402 Verolamiensem,
1293 4331 1474 4390 Aaron
1499 4339 1557 4388 et
1581 4331 1781 4389 iulium

267 4517 294 4579 ξι
324 4506 424 4579 llic
451 4508 639 4578 incipit
661 4515 827 4579 caput
852 4524 886 4564 ν
912 4508 967 4563 in
983 4523 1094 4579 ms.
1121 4507 1243 4566 cod.

264 4577 292 4616 δ
323 4575 471 4634 Edit.
499 4575 755 4636 omittunt
779 4579 879 4645 sol,
905 4578 1212 4648 habentque
1255 4577 1582 4648 ﬁrmamento
1609 4576 1776 4633 solum

183 4659 483 4801 ωὲρρἀίιη
511 4719 794 4801 praefigite.
808 4719 998 4801 loci8;,.
1067 4787 1102 4801 ..
1682 4786 1736 4801 ρ..

258 4785 287 4859 «ξ
313 4788 500 4859 Αῡεθξε
511 4785 656 4859 apud
681 4788 917 4859 Polidor.
936 4787 1124 4859 Virgil.
1139 4802 1244 4843 vox
1261 4786 1773 4859 pennansere.—Sic

182 4866 242 4912 et
260 4857 402 4914 Bibl.
417 4855 524 4913 PP.
539 4855 709 4914 Paris.
723 4865 780 4914 et
807 4857 945 4914 forte
963 4855 1180 4928 quidem
1202 4855 1405 4927 absque
1427 4857 1535 4928 ullo
1555 4856 1775 4927 dispen-

181 4929 279 4983 dio
305 4928 541 4999 :Jaucis
569 4929 714 4983 enim
743 4926 1038 4999 interiectis
1073 4926 1573 4999 negtrritverbum
1604 4926 1766 4999 fuere.

263 4997 483 5070 οᾲιὲἷίξίιζ
497 4997 667 5070 deest.
692 5012 820 5070 (vox
844 4997 1131 5070 religionis.
1155 4997 1224 5052 Et
1249 5013 1378 5056 mox
1405 4997 1769 5070 gloriosorum.

184 5097 248 5111 —
266 5067 422 5142 bibl.
452 5067 778 5142 PPA._P_aris.,
816 5067 1076 5142 gloriosas.

262 5138 282 5178 τ
311 5137 486 5207 Edit.,
517 5135 802 5210 Nobiscum
814 5135 1063 5210 fDeus.—_
1081 5137 1138 5194 ω
1159 5147 1269 5210 est,
1285 5136 1612 5210 Emmanuel,
1633 5139 1770 5210 quod

180 5217 260 5263 rat
287 5210 686 5278 interpretatum
712 5207 997 5264 Nobiscum
1028 5207 1188 5262 Deus.
1221 5207 1410 5262 Matth.
1439 5223 1478 5274 t,
1507 5207 1598 5264 ‘23.

255 5289 284 5325 ε
317 5277 483 5336 Edit..
515 5279 605 5336 cui
627 5295 686 5334 se
707 5289 892 5336 nutant
918 5280 1098 5336 iustos.

443 5317 483 5342 .,
515 5295 602 5347 qui
627 5295 686 5334 se
707 5295 892 5347 putant
908 5295 1098 5347 Justos.

255 5295 284 5325 Is
317 5295 483 5342 nant...
515 5295 602 5350 qui
627 5295 686 5334 se
707 5295 892 5347 putant
908 5297 936 5351 ι

250 5347 282 5424 1f
313 5345 482 5424 Edim
512 5347 838 5424 conﬁcimus.

261 5417 278 5500 ἓ
310 5417 482 5500 Et!!!”
512 5436 578 5500 ἐς
603 5417 827 5500 resim-

255 5487 274 5538 Ι
313 5487 479 5555 Edit.,
508 5487 748 5544 diuortio.

252 5557 279 5631 ξ
307 5556 476 5631 ﬁdit"
501 5569 838 5631 cqterosque.

258 5625 278 5667 ³
308 5625 473 5684 Deest
499 5627 632 5684 edit.
663 5625 768 5684 vo'x
797 5627 978 5697 alium.
1641 5680 1673 5697 _.

231 5707 291 5772 ,³³
317 5697 491 5778 Etim,
521 5711 574 5754 et
594 5715 651 5757 se
677 5693 966 5754 discrimini
993 5699 1049 5754 in
1077 5697 1260 5771 fratris
1289 5697 1594 5772 supradicti.
1639 5693 1765 5756 Pla-

1884 3249 2162 3298 auctorum
2197 3238 2416 3297 nefariis
2454 3239 2644 3297 edictis
2664 3248 2726 3306 ν,
2769 3237 2905 3295 lanis
2953 3239 3241 3299 luminibus
3269 3255 3462 3299 omnes

1881 3332 2082 3391 Christi
2129 3333 2372 3397 tirones,
2419 3331 2572 3402 quasi
2613 3338 2736 3402 post
2762 3331 3050 3386 hiemalem
3087 3345 3153 3387 ac
3195 3330 3462 3402 prolixam

1883 3435 2130 3492 noctem,
2175 3425 2496 3498 temperiem
2541 3425 2827 3496 lucemque
2850 3439 3098 3482 serenam
3125 3437 3269 3479 aura:
3296 3424 3462 3482 cmlc-

1883 3520 1981 3576 stis
2008 3517 2328 3590 excipiunt;
2372 3523 2638 3576 renovant
2674 3516 2931 3574 ecclesias
2969 3515 3037 3572 ad
3073 3514 3249 3572 solum
3291 3531 3464 3586 usque

1884 3609 2228 3676 destructas;
2273 3607 2528 3664 basilicas
2553 3615 2866 3664 sanctorum
2895 3615 3192 3679 martyrum
3219 3605 3462 3672 inlidant,

1884 3707 2232 3767 construunt,
2260 3697 2586 3769 perﬁciunt;
2616 3713 2682 3752 ac
2705 3697 2855 3754 velut
2880 3697 3124 3756 victricia
3151 3696 3303 3766 signa
3331 3712 3462 3768 pro-

1881 3789 2106 3860 palant;
2142 3789 2258 3846 dies
2282 3788 2450 3846 festos
2475 3789 2791 3855 celebrant;
2840 3796 3176 3846 sacramenta
3205 3797 3231 3824 ι
3259 3787 3462 3846 mundo

1881 3879 2046 3937 corde
2075 3893 2275 3950 oroque
2303 3875 2636 3946 coniiciunt;
2669 3893 2860 3936 omnes
2886 3878 3158 3936 exsultant
3188 3877 3312 3946 lilii,
3337 3893 3460 3950 gre-

1881 3971 1992 4026 mio
2019 3985 2086 4026 ac
2113 3969 2160 4026 si
2188 3968 2376 4028 tnatris
2405 3967 2660 4025 Ecclesiae
2688 3967 2913 4026 confoti.
3067 4033 3074 4040 .

1951 4060 2080 4116 Car.
2108 4077 2184 4117 ιι.
2227 4059 2306 4116 De
2335 4060 2550 4116 diversis
2576 4059 2874 4119 narratibus.
2901 4090 2974 4103 —-
3001 4058 3199 4115 Mansit
3223 4073 3458 4130 namque

1880 4152 1996 4208 haec
2039 4151 2225 4222 scripti
2269 4151 2460 4222 capitis
2509 4151 2982 4222 membrorumque
3020 4161 3048 4202 γ
3097 4151 3458 4208 consonantia

1879 4239 2089 4310 suavis,
2119 4241 2292 4299 donec
2319 4239 2516 4311 Ariana
2554 4239 2780 4316 perfidia
2802 4283 2820 4312 ,
2871 4250 3030 4298 atrox
3073 4255 3168 4298 seu
3196 4243 3216 4274 ²
3246 4241 3455 4310 anguis,

1881 4331 2239 4388 transmarina
2267 4329 2425 4387 nobis
2451 4346 2708 4388 evomens
2733 4345 2964 4397 venena,
2989 4329 3180 4386 fratres
3209 4329 3263 4386 in
3289 4345 3454 4384 unum

1950 4494 1978 4522 ⁸
2008 4486 2170 4560 Deest
2185 4489 2395 4560 placens
2410 4487 2792 4546 edit.——Habet
2809 4496 2988 4544 tamen
3009 4487 3142 4544 Bibl.
3157 4488 3261 4544 PP.
3281 4487 3454 4548 Paris.

1952 4563 1979 4592 °
2005 4556 2495 4630 Qdit.,'pltantasia.

1953 4637 1982 4702 Ρ
2009 4625 2173 4693 Edit.,
2200 4625 2416 4702 placens
2442 4632 2729 4702 signorum,
2745 4638 2972 4702 excepta
2983 4625 3240 4687 Bibl.PP.
3259 4627 3453 4697 Paris.,

1880 4697 1970 4752 ubi
1993 4711 2155 4770 supra
2177 4697 2278 4753 suo
2300 4697 2421 4770 loco
2434 4697 2616 4770 recte
2635 4698 2818 4755 habet.

1949 4778 1977 4819 ς
2003 4763 2175 4838 Elim,
2204 4777 2348 4824 trans
2379 4767 2666 4838 Tltamesis.

1953 4847 1974 4876 τ
2003 4835 2167 4905 Edit.,
2199 4839 2362 4892 sitire.
2392 4837 2561 4907 Magis
2585 4837 2779 4906 placet.

1955 4915 1976 4943 ε
2010 4907 2174 4964 Deest
2201 4909 2331 4964 edit.
2355 4923 2462 4962 vox
2489 4915 2630 4962 sunt.

1951 4978 1970 5013 ί
1997 4976 2096 5050 l_lic
2117 4977 2444 5050 incipitcap.
2475 4993 2546 5033 vn
2573 4978 2627 5033 in
2652 4992 2752 5035 ms.
2781 4976 3039 5038 Cantabr.

1945 5055 1970 5084 υ
2001 5047 2167 5118 δαίμ,
2195 5047 2417 5118 εᾶῖριειοζ

1942 5127 1970 5154 ν
1999 5115 2139 5172 Edit.
2151 5157 2168 5184 ,
2197 5115 2432 5172 decretis.

1942 5197 1968 5224 ι
1997 5186 2161 5250 Edit.,
2192 5203 2364 5241 sacra.

1939 5268 1967 5306 ι’
1994 5258 2153 5314 Deest
2170 5273 2266 5329 que
2287 5257 2420 5313 edit.

1951 5350 1967 5380 ¹
1997 5347 2131 5403 Bibl.
2157 5345 2262 5401 PP.
2288 5345 2487 5420 Paris,
2505 5349 2869 5420 prmfnlgidum
2891 5351 2970 5404 sui
2991 5349 3161 5404 lumen
3175 5348 3452 5420 ostendens

1773 5471 1780 5476 .
1879 5418 2275 5502 Citristus,suos
2289 5417 2488 5485 radios,
2502 5417 2558 5472 id
2578 5417 3053 5502 esnt'suafrgcepta
3072 5418 3311 5502 indulget
3325 5425 3452 5473 tem-

1875 5505 2018 5570 pore,
2042 5497 2099 5542 ut
2124 5489 2336 5570 scimus,
2373 5504 2573 5570 summo
2618 5485 2807 5544 Tiberii
2846 5485 3090 5573 Caesaris,
3257 5487 3450 5559 absque

1872 5558 1980 5640 ullo
1999 5558 2306 5640 impedimus
2314 5570 2390 5640 to,
2413 5575 2526 5640 ejus
2544 5569 2864 5640 propagatur
2879 5559 3079 5640 religio,
3116 5560 3313 5640 ξορρυπτ
3325 5595 3361 5640 ,.
3373 5571 3449 5612 se-

1872 5638 1998 5710 natu
2017 5628 2239 5710 nolente,
2258 5645 2292 5684 α
2310 5628 2541 5710 principe
2554 5628 2718 5684 morte
2735 5628 3054 5686 delatori6us
3071 5631 3287 5686 militum
3307 5630 3448 5699 ejus-

1871 5698 2008 5764 dem.
2038 5697 2252 5754 inversa
2281 5697 2482 5754 omnia.

1944 5769 1965 5801 ²
1994 5766 2176 5824 Malim
2205 5767 2454 5837 equidem
2479 5786 2589 5826 ceu.
