3952 6378
491 336 598 396 339

1369 330 1598 390 (Πωῶ
1635 329 1982 388 SAPIENTIS
2021 330 2106 385 DE
2145 329 2412 388 EXClDlO
2445 323 2830 386 ΒΜΤΛΝΝΙᾹΞ

3652 328 3762 386 510

493 453 799 510 habitantes
825 449 1096 509 exitiabile
1120 457 1147 488 ⁸
1176 447 1382 506 faceret
1407 447 1616 520 seiungi
1642 466 1658 516 ;
1711 465 1776 505 ac
1809 449 1889 505 sic
1914 449 2066 518 quasi
2100 455 2144 514 Α
2171 449 2468 513 destinatur
2493 449 2632 520 legio
2662 447 2916 518 przctcriti
2939 445 3064 506 mali
3095 443 3399 512 im:t.cmor,
3429 444 3760 502 sumcientcr

492 549 581 604 via
609 547 749 603 facta
779 555 927 601 trans
947 542 1224 602 Oceanum
1254 557 1444 600 omnes
1468 543 1690 599 omnino
1715 542 1900 597 bestia:
1943 541 2070 597 ferte

492 637 828 695 mortiferum
871 635 1160 706 cujuslibet
1199 633 1474 692 hatreseos
1519 635 1667 690 virus
1706 633 1928 702 horrido
1975 648 2071 688 ore

490 729 789 796 vibrantes,
813 725 1030 782 lethalia
1055 725 1294 782 dentium
1317 724 1544 780 vulnera
1567 723 1756 794 patria:
1783 722 1909 777 novi
1929 737 2073 777 sem-

489 832 590 890 per
601 817 804 889 aliquid
823 817 1012 872 audire
1032 813 1255 882 volenti,
1287 822 1344 870 et
1365 813 1496 868 nihil
1517 822 1666 870 certe
1684 811 1950 868 stabiliter
1969 812 2070 867 ob-

494 907 713 977 tinenti,
734 905 1048 976 inﬁgebant.

557 1001 694 1060 Car.
717 1019 754 1059 x
783 1003 833 1059 δ.
881 1000 962 1057 De
1000 995 1258 1074 tyrannis.
1280 1031 1352 1044 -
1373 998 1616 1070 Itemque
1644 996 1860 1052 tandem
1891 1004 2070 1068 tyran-

493 1109 687 1152 norum
710 1092 956 1164 virgultis
976 1091 1376 1159 crescentibus,
1405 1099 1461 1145 et
1487 1089 1542 1144 in
1567 1088 1856 1144 immanem
1882 1088 2072 1142 silvam

438 1189 442 1194 '
489 1184 598 1256 jam
625 1181 847 1254 jamque
871 1179 1296 1252 erumpentibus,
1325 1177 1497 1234 insula
1519 1191 1714 1233 nomen
1745 1175 2070 1239 Romanum,

492 1287 596 1330 nec
617 1279 798 1326 tamen
823 1283 1004 1326 mores
1026 1278 1051 1309 °
1078 1269 1361 1338 legemque
1389 1277 1596 1334 tenens,
1619 1267 1748 1335 quin
1780 1265 1959 1337 potius
1987 1264 2076 1320 ab.

489 1362 708 1433 jiciens,
733 1373 954 1432 germen
977 1373 1092 1416 suae
1118 1357 1468 1431 plantationis
1486 1358 1834 1412 amarissima:
1863 1357 1928 1412 ad
1949 1355 2074 1412 Gal-

493 1453 622 1520 lias,
672 1463 868 1520 magna
897 1449 1193 1506 comitante
1227 1447 1523 1504 satellitum
1550 1455 1766 1502 caterva
1791 1491 1806 1516 ,
1858 1447 2076 1518 insuper

493 1543 657 1598 etiam
702 1540 1047 1612 imperatoris
1075 1535 1102 1578 δ
1141 1538 1476 1608 insignibus,
1523 1553 1643 1608 quas
1683 1553 1784 1594 nec
1821 1537 2078 1593 decenter

493 1648 717 1704 usquam
747 1640 914 1703 gessit
941 1646 1043 1688 nec
1071 1616 1311 1700 legitime
1341 1639 1388 1695 ο,
1438 1629 1534 1686 sed
1573 1629 1679 1684 ritu
1713 1629 1992 1701 tyrannico
2021 1638 2078 1686 et

493 1726 855 1782 tumultuante
881 1723 1148 1780 initiatum
1190 1723 1360 1778 milite
1385 1721 1677 1777 Maximum
1715 1721 1900 1776 mittit.
1949 1719 2074 1788 Qui,

2171 541 2338 606 arntis
2371 540 2651 596 instructa.
2682 537 2813 605 Qua:
2845 537 3055 594 ratibus
3100 546 3246 591 trans
3269 534 3545 593 Oceanum
3575 536 3632 590 in
3661 550 3760 605 pa-

2173 631 2328 686 trium
2369 631 2621 696 advecta,
2667 640 2724 686 et
2770 629 3016 686 cominus
3065 644 3188 684 cum
3221 629 3470 697 gravibus
3513 629 3762 685 hostibus

2172 734 2480 788 congressa,
2495 735 2852 796 magnamque
2873 735 2940 775 ex
2955 720 3034 774 eis
3055 718 3450 776 multitudinem
3476 729 3724 780 sternens
3739 761 3758 784 .

2173 821 2228 868 et
2269 828 2458 867 omnes
2497 827 2528 868 e
2557 812 2748 866 ﬁnibus
2775 810 3012 881 depulit,
3056 819 3112 865 et
3151 810 3425 880 subjectos
3471 811 3621 868 cives
3648 818 3762 868 tam

2173 903 2342 958 atroci
2387 901 2777 957 dilaceratione
2803 917 2868 956 ex
2900 900 3200 955 imminenti
3226 901 3540 972 captivitate
3566 902 3763 961 libera-

2173 996 2251 1049 vit
2320 993 2466 1072 Quos
2507 993 2668 1069 jussit
2708 1000 3026 1047 construere
3069 990 3214 1046 inter
3258 991 3368 1046 duo
3411 992 3580 1050 maria
3613 1001 3764 1048 trans

2175 1088 2402 1148 insulam
2433 1103 2680 1153 murum,
2732 1097 2793 1141 ut
2830 1093 2974 1141 esset
3004 1083 3253 1140 arcendis
3280 1083 3524 1140 hostibus
3545 1084 3705 1144 turba
3735 1094 3762 1121 °

2177 1181 2466 1235 instructus
2511 1179 2742 1244 terrori,
2793 1177 3106 1246 civibusque
3135 1175 3402 1232 tutamini.
3458 1175 3562 1244 Qui
3602 1178 3764 1246 vulgo

2177 1269 2530 1324 irrationabili
2549 1267 2750 1335 absque
2776 1274 2988 1320 rectore
3004 1264 3198 1334 factus,
3221 1281 3330 1322 non
3351 1274 3462 1320 tam
3493 1265 3765 1336 lapidibus

2177 1373 2338 1429 quam
2368 1358 2678 1428 cespitibus,
2706 1371 2813 1412 non
2845 1355 3065 1426 profuit.

2246 1449 2378 1506 Car.
2421 1467 2535 1506 xm.
2586 1447 2666 1504 De
2687 1447 2918 1504 servanda
2945 1448 3252 1506 uastatione.
3301 1481 3374 1491 —
3415 1445 3510 1502 Illa
3547 1447 3764 1516 legione

2177 1557 2299 1610 cum
2330 1540 2604 1611 triumpho
2633 1553 2828 1608 magno
2849 1547 2903 1593 et
2931 1540 3127 1609 gaudio
3151 1538 3371 1594 domum
3399 1548 3682 1608 repetente
3713 1549 3758 1604 r,

2177 1631 2254 1686 illi
2285 1633 2494 1702 priores
2539 1631 2772 1694 inimici,
2816 1643 2881 1685 ac
2909 1630 3061 1699 quasi
3090 1639 3118 1680 ιι
3149 1628 3438 1685 ambrones
3477 1629 3592 1700 lupi
3631 1645 3764 1700 pro-

2180 1722 2342 1778 funda
2369 1721 2510 1778 fame
2535 1719 2719 1786 tabidi,
2751 1719 2910 1776 siccis
2937 1720 3178 1775 faucibus
3203 1721 3255 1773 in
3285 1719 3428 1776 ovile
3458 1720 3764 1774 transilien-

494 1815 690 1873 callida
718 1815 949 1886 primum
981 1821 1100 1869 arte
1123 1812 1306 1884 potius
1343 1827 1504 1882 quam
1541 1812 1770 1882 virtute,
1818 1810 2074 1866 ﬁnitimos
2106 1821 2148 1878 ιι
2177 1821 2278 1879 tes,
2297 1828 2403 1868 non
2425 1819 2773 1882 comparente
2793 1817 3030 1882 pastore,
3059 1810 3158 1866 alis
3187 1827 3460 1866 remorum
3484 1813 3764 1880 remigum-

493 1921 740 1978 quosque
765 1920 936 1977 pagos
963 1905 1049 1962 vel
1086 1905 1392 1976 provincias
1415 1911 1604 1976 contra
1631 1903 1932 1959 Romanum
1961 1910 2074 1958 sta-

495 2006 634 2066 tum,
665 2012 764 2068 per
797 1995 816 2036 ί
846 1995 982 2052 retia
1005 1993 1232 2066 periurii
1260 1994 1631 2064 mendaciique
1657 1994 1741 2050 sui
1771 1993 2077 2050 facinoroso

494 2102 662 2160 regno
687 2095 1004 2156 annectens,
1027 2095 1083 2142 et
1102 2099 1266 2141 unam
1293 2085 1500 2140 alarum
1524 2083 1591 2138 ad
1617 2082 1923 2154 Hispanias,
1951 2082 2076 2136 alte-

493 2192 612 2235 ram
655 2177 724 2235 ad
771 2177 978 2234 Italiam
1007 2175 1322 2254 extendens,
1369 2183 1426 2231 et
1463 2175 1716 2230 thrOnum
1759 2171 2077 2243 iniquissimi

499 2270 709 2344 imperii
735 2270 879 2342 apud
905 2269 1172 2327 Treveros
1193 2275 1452 2332 statuens,
1485 2275 1635 2322 tanta
1665 2263 1872 2321 insania
1899 2263 1952 2318 in
1981 2263 2076 2318 do-

497 2362 680 2420 minos
705 2361 1068 2418 debacchatus
1094 2369 1212 2428 est,
1257 2367 1319 2415 ut
1343 2358 1478 2416 duos
1506 2358 1862 2428 imperatores
1904 2355 2080 2424 legiti-

496 2467 641 2522 mos,
661 2465 829 2508 unum
851 2450 1049 2520 Roma,
1077 2450 1243 2505 alium
1267 2447 1676 2518 religiosissima
1695 2445 1807 2500 vita
1831 2444 2074 2516 pelleret.

501 2541 613 2601 Nec
639 2555 794 2598 mora
824 2558 841 2596 :
871 2549 984 2597 tam
1009 2533 1276 2596 fertilibus
1303 2548 1330 2588 I
1371 2536 1602 2593 vallatus
1640 2535 1908 2600 audaciis,
1937 2533 2080 2604 apud

496 2632 799 2707 Aquileiam
825 2633 1015 2688 urbem
1043 2629 1222 2705 capite
1249 2627 1482 2686 nefando
1510 2625 1753 2690 caeditur,
1783 2625 1876 2697 qui
1916 2624 2078 2680 deco-

497 2729 618 2778 rata
659 2724 826 2796 totius
865 2721 1016 2779 orbis
1042 2721 1222 2792 capita
1248 2717 1401 2790 regni
1423 2716 1824 2789 quodammodo
1851 2717 2078 2772 cervici-

497 2812 602 2872 bus
624 2809 654 2851 ³·
679 2811 975 2890 deiecerat.

567 2902 698 2960 Car.
713 2918 792 2961 ιι.
825 2903 900 2960 De
921 2903 1121 2959 duabus
1141 2901 1377 2976 gentibus
1401 2900 1714 2967 uictricibus,
1747 2909 1798 2957 et
1825 2901 1890 2956 de
1907 2902 2078 2974 prima

498 2991 808 3052 vastatione.
851 3027 926 3058 _—
967 2991 1103 3049 Exin
1151 2993 1428 3068 Britannia
1475 2991 1623 3048 omni
1661 2999 1872 3048 armato
1909 2991 2080 3048 milite

501 3083 930 3154 militaribusque
961 3083 976 3122 ί
1005 3084 1198 3155 copiis,
1226 3082 1530 3140 rectoribus
1557 3082 1818 3160 linquitur
1847 3080 1862 3134 i
1895 3081 2080 3136 imma-

2175 1920 2283 1976 que
2302 1904 2559 1974 brachiis,
2580 1919 2645 1959 ac
2665 1903 2800 1958 velis
2820 1911 2982 1957 vento
3003 1903 3230 1958 sinuatis
3252 1911 3275 1940 τ
3309 1903 3474 1970 vecti,
3505 1903 3764 1957 terminos

2177 2004 2473 2067 rumpunt,
2515 1996 2834 2066 caeduntque
2861 1994 3070 2056 omnia,
3102 2001 3158 2048 et
3185 2007 3412 2064 qumque
3440 1995 3622 2050 omnia
3651 2009 3765 2049 ma-

2179 2098 2354 2166 turam
2383 2103 2484 2144 ceu
2509 2095 2745 2155 segetem
2775 2093 3003 2148 metunt,
3031 2086 3270 2152 calcant,
3304 2096 3605 2143 transeunt.

2248 2177 2380 2235 Car.
2409 2193 2496 2233 xlv
2519 2186 2566 2234 ³.
2603 2176 2800 2232 Iterum
2829 2177 2892 2230 de
2914 2176 3097 2230 eadem
3125 2177 3765 2249 nuntiatae—itemque

2179 2269 2465 2324 mittuntur
2483 2267 2693 2337 queruli
2721 2265 2902 2337 legati,
2927 2265 3112 2321 scissis
3141 2265 3222 2338 (ut
3241 2266 3468 2338 dicitur)
3499 2269 3762 2332 vestibus,

2179 2357 2492 2428 opertisque
2518 2355 2742 2411 sablone
2761 2354 3047 2426 capitibus,
3071 2355 3423 2425 impetrantes
3443 2371 3474 2411 a
3505 2356 3766 2413 Romanis

2177 2449 2402 2513 auxilia,
2425 2463 2490 2504 ac
2507 2448 2674 2504 veluti
2697 2447 2869 2502 timidi
2887 2445 3016 2517 pulli
3037 2455 3251 2516 patrum
3274 2445 3598 2504 ﬁdelissimis
3622 2449 3641 2486 ί
3667 2449 3766 2504 alis

2177 2541 2616 2607 suceumbentes,
2652 2554 2723 2596 ne
2767 2541 2982 2611 penitus
3025 2541 3222 2598 misera
3263 2545 3439 2612 patria
3469 2541 3766 2612 deleretur,

2173 2649 2483 2704 nomenque
2513 2632 2816 2690 Romanum
2837 2641 2865 2671 ει
2892 2633 3038 2704 quod
3062 2634 3242 2690 verbis
3272 2641 3480 2690 tantum
3503 2635 3646 2706 apud
3670 2651 3768 2692 eos

2177 2727 2400 2782 auribus
2415 2726 2730 2791 resultabat,
2758 2725 2846 2781 vel
2867 2733 3178 2781 exterarum
3205 2726 3442 2796 gentium
3473 2727 3768 2797 opprobrio

2174 2817 2433 2873 obrosum
2462 2816 2763 2872 vilesceret.
2783 2817 2852 2871 At
2873 2815 2974 2886 illi,
2996 2825 3254 2885 quantum
3283 2816 3531 2871 humana:
3559 2828 3768 2875 natura

2176 2907 2433 2978 possibile
2459 2915 2561 2973 est,
2606 2907 2864 2962 commoti
2895 2915 3058 2960 tanta:
3082 2906 3306 2961 historia
3339 2907 3632 2976 tragtediae,
3664 2923 3768 2964 vo-

2179 2997 2319 3053 latus
2347 3012 2446 3052 ceu
2469 2997 2792 3067 aquilarum,
2823 2997 3064 3066 equitum
3105 2996 3158 3051 in
3188 3003 3330 3052 terra
3351 3038 3369 3065 ,
3399 3005 3684 3052 nautarum
3711 2998 3766 3053 in

2176 3087 2344 3154 mari,
2375 3101 2565 3142 cursus
2589 3085 2978 3150 accelerantes,
3013 3083 3322 3155 inopinatos
3350 3085 3615 3156 primum,
3640 3095 3766 3141 tan-

498 3178 674 3245 nibus,
731 3176 933 3256 ingenti
956 3175 1242 3251 iuventute
1271 3175 1500 3246 spoliata
1529 3175 1672 3248 (qua:
1699 3175 1956 3230 comitata
1984 3189 2078 3230 ve-
2103 3198 2148 3260 ς
2179 3178 2302 3234 dem
2334 3177 2603 3234 terribiles
2628 3177 2966 3235 inimicorum
2992 3191 3196 3246 ungues
3216 3177 3518 3233 cervicibus
3540 3175 3768 3247 inﬁgunt

497 3271 670 3342 stigiis
696 3269 990 3342 supradicti
1029 3271 1244 3342 tyranni
1272 3269 1491 3326 domum
1531 3283 1794 3338 nusquam
1823 3269 1960 3333 ultra
1988 3284 2075 3324 re-

497 3361 636 3433 diit)
662 3402 680 3430 ,
725 3353 780 3418 et
805 3361 984 3436 omnis
1009 3359 1136 3415 belli
1161 3375 1292 3415 usus
1319 3359 1502 3430 ignara
1529 3359 1744 3430 penitus
1772 3357 1796 3395 ¹ι
1813 3397 1829 3422 ,
1871 3357 2078 3413 duabus

501 3455 732 3524 primum
781 3454 1033 3527 gentibus
1083 3451 1458 3527 transmarinis
1503 3450 1855 3506 vehementer
1900 3449 2072 3516 saevis,

497 3545 782 3618 Scotorum
810 3558 844 3598 a
874 3543 1144 3610 circlone,
1190 3545 1460 3598 Pictorum
1505 3541 1573 3612 ab
1601 3541 1854 3612 aquilone
1894 3541 2074 3596 calca-

498 3635 622 3691 bilis
649 3635 849 3708 multos
868 3643 1049 3705 stupet
1075 3635 1348 3704 gemitque
1371 3649 1468 3704 per
1489 3649 1661 3690 annos
1695 3633 1737 3688 ι.

565 3723 696 3780 ϐων.
727 3739 820 3780 xu.
849 3723 928 3779 De
954 3713 1404 3796 defensione—'1l
1425 3721 1570 3779 Gens
1591 3723 1750 3795 igitur
1769 3724 2068 3795 Britonum,

497 3815 782 3890 Scotorum
814 3813 1192 3892 Pictorumque
1220 3829 1326 3870 non
1355 3813 1554 3888 ferens,
1581 3816 1652 3872 ob
1679 3831 1909 3886 quorum
1938 3826 1968 3856 ιι
1997 3819 2074 3873 ἰη-

497 3907 834 3963 testationem
856 3922 919 3964 ac
944 3907 1262 3963 dirissimam
1285 3907 1710 3978 oppressionem,
1739 3907 1945 3977 legatos
1969 3908 2074 3965 Ro-

497 4012 641 4052 mam
668 4012 792 4076 cum
818 3997 1060 4071 epistolis
1097 3997 1294 4070 mittit,
1347 3997 1631 4067 militarem
1661 4013 1876 4065 manum
1907 4000 1976 4054 ad
2015 4015 2075 4056 se

500 4089 871 4146 vindicandam
897 4089 1212 4166 lacrymosis
1239 4088 1692 4160 postulationibus
1717 4100 1946 4159 poscens
1963 4132 1980 4160 ,
2019 4099 2077 4148 et

497 4178 884 4256 subiectionem
900 4167 983 4236 sui
994 4178 1243 4235 Romano
1259 4177 1487 4249 imperio
1499 4179 1754 4236 continue
1770 4188 1884 4236 tota
1909 4181 2075 4237 animi

499 4269 716 4336 virtute,
739 4269 784 4324 si
813 4269 984 4326 hostis
1011 4269 1224 4340 longius
1250 4275 1547 4335 arceretur,
1571 4283 1791 4327 vovens.
1823 4267 1920 4328 Cui
1948 4287 2077 4329 mox

569 4435 596 4502 ξ
627 4424 794 4502 Edit.,
818 4427 1176 4482 exitiabiliter.

569 4491 600 4534 δ
623 4491 718 4550 vtit
746 4492 800 4551 in
821 4512 922 4551 ms.

571 4574 596 4636 ῗ
622 4563 765 4636 ﬁdi"
775 4603 796 4636 θ,
813 4582 1024 4636 more"!-

567 4632 596 4673 ⁴
620 4626 796 4702 Edit.,
815 4626 1179 4707 imperatoriis.

573 4712 598 4742 ε
625 4702 788 4762 Edit..
821 4723 924 4762 non
946 4707 1045 4762 lea.

753 4745 788 4768 η
821 4725 924 4763 non
946 4725 1045 4768 ιρῃ.

575 4724 598 4742 τ
625 4724 788 4768 ωιι..
821 4724 924 4763 non
946 4724 1045 4778 tog.

575 4771 596 4813 τ
628 4773 790 4847 Qeest
815 4793 910 4847 per
935 4779 1066 4834 edit.

573 4852 600 4916 β
628 4843 796 4916 Edit.,
815 4843 1088 4916 feralibus.

569 4909 600 4951 ιι
623 4909 788 4971 Deest
803 4909 1083 4984 cervicibus
1113 4918 1242 4982 edit.
1280 4915 1383 4976 Ubi
1403 4917 1566 4998 etiam
1589 4937 1746 4998 regno
1769 4937 1870 4993 pro
1907 4925 2074 4996 regni.

573 4981 591 5022 ί
622 4981 786 5041 Deest
809 5003 906 5044 aue
923 4987 1053 5044 edit.

669 4997 786 5041 eest
809 5003 906 5044 aue
923 4997 1053 5044 edit.

575 5003 591 5022 -
622 5003 786 5041 ueest
809 5003 906 5058 que
923 5003 960 5044 θ

575 5053 592 5124 l
627 5051 795 5124 Edit.,
823 5057 960 5114 licet.

568 5121 600 5204 ξ
625 5121 794 5204 [Edit.,
815 5143 912 5182 usu
937 5129 1138 5204 penitus
1165 5131 1371 5202 ignara.

578 5191 592 5234 -'
627 5191 790 5251 Deest
816 5213 907 5254 per
933 5191 1064 5254 edit.

578 5229 583 5234 -
627 5213 790 5251 ueest
933 5213 1064 5254 eun.

567 5274 610 5304 ω
637 5263 765 5346 ilice
790 5213 984 5323 «regnat
1007 5269 1136 5325 edit.
1160 5284 1333 5340 usque
1361 5269 1430 5326 ad
1459 5272 1653 5345 feretis.
1681 5271 1740 5328 In
1765 5287 1865 5346 ms.
1890 5280 2071 5344 autem

498 5337 603 5394 hoc
627 5343 896 5408 estcaput
913 5353 988 5394 rx.
1244 5337 1258 5352 τ

2185 3285 2503 3326 mucronum
2535 3276 2594 3334 ',
2627 3267 2944 3337 casibusque
2969 3266 3218 3323 foliorum
3249 3275 3493 3337 tempore
3517 3277 3670 3324 certo
3696 3269 3767 3325 ad

2183 3360 2536 3418 simulandam
2577 3361 2732 3416 istam
2761 3369 2786 3396 κ
2836 3368 3102 3434 peragunt
3139 3368 3371 3430 stragem
3403 3377 3419 3427 ;
3467 3376 3533 3424 ac
3573 3359 3670 3428 lit,
3719 3363 3766 3418 si

2184 3463 2472 3512 montanus
2488 3461 2698 3510 torrens
2721 3453 2922 3510 crebris
2948 3461 3324 3522 tempestatum
3341 3453 3527 3526 rivulis
3547 3465 3764 3521 auctus,

2183 3558 2553 3614 sonorosoque
2573 3551 2752 3598 meatu
2765 3543 2946 3598 alveos
2965 3542 3262 3609 exundans,
3279 3558 3344 3598 ac
3366 3543 3576 3614 sulcato
3599 3544 3766 3602 dorso

2186 3638 2472 3707 fronteque
2497 3652 2621 3692 acra
2643 3678 2660 3705 ,
2699 3635 2917 3699 erectis.
2957 3643 3018 3690 ut
3045 3635 3222 3702 aiunt,
3254 3635 3322 3692 ad
3350 3636 3573 3692 nebulas
3603 3636 3766 3692 undis

2188 3730 2482 3802 (luminum
2523 3729 2716 3799 quibus
2743 3729 2928 3800 pupilli
2957 3743 3197 3800 persaepe
3226 3728 3352 3784 licet
3380 3728 3766 3798 palpebrarum

2187 3821 2564 3882 convolutibus
2591 3831 2619 3870 γ
2650 3820 2908 3887 innovati,
2949 3819 3215 3889 adjunctis
3243 3819 3345 3874 sibi
3371 3819 3764 3882 minutissima-

2185 3929 2304 3968 rum
2343 3922 2587 3982 rotarum
2637 3910 2947 3978 tautonibus
2986 3910 3148 3978 veluti
3192 3909 3468 3984 fuscantur
3498 3909 3564 3980 ι)
3599 3911 3766 3986 mira-

2181 4003 2362 4060 biliter
2389 4017 2682 4073 spumans;
2714 4009 2800 4058 ast
2825 4015 2932 4056 uno
2957 4001 3183 4070 objectas
3211 3999 3312 4055 sibi
3343 4001 3530 4062 evincit
3559 4003 3766 4072 gurgite

2180 4095 2342 4150 moles
2369 4110 2388 4148 :
2413 4093 2486 4148 ita
2515 4091 2827 4147 aemulorum
2856 4090 3067 4160 agmina
3097 4089 3444 4144 auxiliatores
3465 4099 3522 4128 ιιι
3561 4091 3763 4160 egregii

2183 4185 2250 4256 (si
2277 4200 2384 4254 qua
2413 4191 2594 4238 tamen
2623 4173 2850 4238 evadere
2880 4181 3186 4252 potuerant)
3211 4197 3443 4252 propere
3470 4191 3619 4238 trans
3645 4199 3764 4239 ma-

2181 4274 2261 4330 ria
2290 4271 2626 4343 fugaverunt,
2651 4271 2775 4342 quia
2797 4270 3188 4326 anniversarias
3213 4269 3367 4326 avide
3387 4270 3594 4341 przedas
3613 4272 3764 4336 nullo

2178 4446 2384 4500 ηιωηέ..
2409 4437 2685 4500 repetente.

2249 4511 2276 4551 «ι
2305 4495 2476 4564 Edit.,
2494 4515 2555 4568 ac
2583 4499 2648 4568 si.
2675 4495 2818 4568 Mox.
2851 4497 3002 4568 ovile,
3039 4497 3424 4568 praepositione
3447 4496 3504 4550 in
3534 4495 3754 4564 omissa.

2107 4573 2158 4631 D
2181 4601 2254 4612 —
2281 4569 2420 4625 Bibl.
2441 4567 2554 4623 ‘PP.
2586 4565 2781 4633 Paris.,
2809 4567 2941 4620 ovile
2960 4565 3404 4622 circumsilientes.

2251 4639 2273 4664 ’
2301 4639 2465 4723 Edit.,
2487 4637 2791 4711 jueatis.—-
2813 4635 2952 4691 Bibl.
2978 4634 3087 4714 PP.
3116 4633 3312 4715 Paris.,
3336 4635 3460 4691 uelis
3489 4646 3756 4694 neruorum

2179 4709 2365 4861 783i:
2387 4791 2490 4833 ms.
2522 4795 2576 4861 ῃ.
2602 4776 2772 4861 initio
2787 4776 2966 4861 τῂρὶυὲ
2991 4791 3112 4860 cap.
3153 4791 3254 4849 pro
3299 4775 3533 4861 ζιενηφξε
3560 4776 3754 4861 “igitur

2183 4847 2475 4918 Iterumque
2521 4851 2573 4902 in
2602 4847 2738 4901 Bibl.
2787 4845 2892 4918 PP.
2924 4845 3093 4918 Paris.
3115 4887 3131 4912 ,
3156 4845 3323 4916 'quod
3349 4845 3523 4918 magis
3551 4845 3750 4915 placet.

2179 4917 2305 4974 Mox
2332 4915 2462 4988 vero
2487 4917 2618 4972 ibid.
2647 4917 2894 4988 sabulone
2919 4915 3561 4983 scribitur,’emendatius
3589 4933 3750 4988 quam

2181 4987 2235 5043 in
2261 4989 2392 5043 edit.
2417 4986 2590 5042 Oxon.
2621 4987 2848 5042 sablone.
3183 4992 3189 4997 ‘

2256 5060 2276 5096 ί
2309 5056 2472 5121 Edit.,
2491 5057 2873 5128 ﬁdissimis-1
2883 5055 3018 5111 Bibl.
3049 5055 3154 5128 BP.
3182 5055 3353 5110 Paris.
3371 5055 3500 5128 legit
3521 5066 3750 5128 matrum

2177 5128 2302 5185 loco
2306 5123 2538 5201 patrum
2557 5123 2658 5197 ῥά(
2679 5125 2810 5184 edit.
2839 5123 3040 5196 Oxon.,
3063 5125 3292 5201 fortasse
3319 5127 3531 5182 melius.
3743 5127 3748 5130 ’

2247 5206 2276 5236 ιι
2305 5197 2469 5259 Edit.,
2499 5197 2868 5252 Romanorum.

2245 5278 2273 5306 ν
2307 5267 2473 5332 Edit.,
2502 5267 2776 5322 cervicibus
2804 5266 3068 5336 inﬁngunt
3091 5281 3393 5336 mucronum
3417 5281 3642 5336 ungues.

2247 5347 2273 5377 κ
2295 5337 2463 5408 Edit.,
2493 5333 2899 5392 assimulandant
2918 5333 3119 5392 iisdem.
3144 5333 3208 5390 Et
3233 5351 3382 5407 mox,
3410 5352 3472 5390 ac
3495 5333 3544 5391 ii
3564 5352 3666 5407 pro
3685 5352 3751 5410 ac

566 5413 598 5444 ιι
625 5403 886 5482 E_dit.,'ob
912 5425 1164 5482 gnarum,
1195 5410 1379 5467 habito
1417 5411 1670 5482 nimirum
1705 5421 1954 5482 respectu
1998 5413 2065 5468 ad
2171 5410 2252 5480 ﬁt,
2281 5410 2348 5482 si.

495 5475 798 5560 superiora,
826 5491 861 5530 α
889 5475 1339 5560 ᾤιαῡμερήιῃαπι
1367 5481 1650 5560 gentibus:
1687 5475 1811 5560 qnze
1847 5481 2062 5560 quidem

499 5547 809 5628 prmpositio
828 5561 864 5600 α
888 5547 1048 5628 deest
1065 5547 1184 5605 sive
1203 5551 1263 5628 _in
1292 5547 1396 5628 ms'.
1427 5551 1682 5628 Cantabr.
1705 5547 1824 5628 sive
1847 5547 1900 5606 in
1922 5549 2070 5608 edito

497 5615 694 5676 0101)..
720 5615 814 5672 ubi
831 5630 903 5673 ex
927 5625 1184 5674 contextu
1197 5619 1338 5676 forte
1353 5620 1638 5689 legendum
1666 5620 1729 5684 ob
1749 5637 1946 5677 eorum.

571 5695 597 5722 ο
626 5683 793 5742 Edit..
819 5701 855 5740 α
881 5687 1054 5742 turba.

573 5765 599 5802 Ρ
1171 5774 1292 5830 gum
1308 5760 1572 5830 triumphe
1594 5776 1782 5830 magno
1806 5767 1857 5814 'et
1876 5761 2066 5830 gaudio

503 5825 796 5889 t‘t’pedante.
817 5854 890 5867 —
915 5825 983 5881 At
1012 5827 1146 5882 Bibl.
1171 5825 1274 5880 P'P.
1304 5825 1498 5896 l’arisf,
1527 5825 1750 5901 Legione
1779 5825 1944 5884 muEm
1971 5831 2063 5884 do-

2247 5489 2276 5530 !
2307 5477 2470 5546 Edit.,
2500 5476 2868 5533 convolatibus.

2249 5558 2272 5586 ι
2301 5545 2470 5618 Edit.,
2492 5546 3009 5618 radjunctissimarum
3036 5554 3268 5618 rotarum
3303 5545 3485 5618 rivnlis
3515 5547 3650 5617 fuse.
3675 5575 3750 5618 —_—

2176 5616 2313 5672 Bibl.
2352 5615 2462 5672 PP.
2485 5615 2653 5686 Paris.
2685 5624 2811 5686 post
2837 5630 3002 5684 voces
3029 5615 3200 5686 alveos
3225 5615 3531 5686 exundans,
3565 5615 3749 5685 omnia

2174 5689 2375 5770 omittit
2397 5684 2520 5770 qua}
2545 5684 3061 5770 sequungnrausque
3081 5684 3153 5770 ad
3165 5701 3283 5764 imo
3311 5684 3564 5770 egenas.
3636 5689 3644 5696 '

2245 5765 2304 5795 ιι
2331 5751 2473 5812 Edit.
2491 5751 2738 5829 (excepta
2759 5751 2989 5826 Paris),
3007 5755 3310 5811 auxiliares.
3340 5751 3408 5808 Et
3433 5771 3585 5825 mox,
3610 5770 3746 5830 prte-

2172 5844 2406 5898 propere.
