3952 6424
189 411 274 470 351

1111 395 1317 452 LIBER
1357 391 1750 464 QUERIJUJS.
1799 391 1973 448 PARS
2012 396 2049 448 l.
2097 394 2433 453 HISTORIA.

3321 383 3435 440 Eii

190 527 452 583 obsistente
497 527 642 572 trans
678 513 846 570 maria
889 515 1309 582 exaggerabaut.
1367 511 1588 579 lgitur'
1623 507 1733 562 Ro-
1767 512 1806 566 Α
1845 511 2104 564 nodorum
2157 510 2173 548 ι
2231 512 2337 565 tela
2385 509 2578 580 quibus
2629 505 2915 562 tttisCt'ritui
2963 507 3108 561 cives
3157 505 3222 560 de
3268 505 3439 560 muris

189 615 312 671 mani
340 611 501 684 patria
528 597 1148 674 reversi,denuntiantes
1178 616 1520 675 nequaquam
1547 616 1606 655 se
1635 609 1746 652 tam

192 705 446 764 laboriosis
474 699 902 774 expeditionibus
937 695 1106 768 posse
1153 695 1490 766 frequentius
1537 690 1745 756 vexari,

187 807 233 856 et
270 798 332 853 ob
375 791 609 850 imbelles
653 791 1026 863 erraticosque
1073 789 1450 856 latrunculos,
1499 786 1746 842 Romana

89 908 95 914 ·
187 891 428 958 stigmata,
459 892 662 941 tantum
696 881 964 951 talemque
989 881 1314 943 exercitum,
1343 887 1487 934 terra
1518 893 1584 933 ac
1611 876 1747 931 mari

185 980 374 1050 fatigari
401 995 414 1032 :
444 977 536 1034 sed
563 985 620 1032 ut
649 975 823 1030 insula
845 975 871 1012 ι’
904 973 1106 1046 potius,
1139 970 1554 1029 eonsuesccndo
1584 970 1748 1025 armis

190 1092 246 1130 ac
269 1072 481 1130 viriliter
505 1068 830 1135 dimicando,
875 1079 1111 1136 terram,
1139 1063 1573 1126 substantiolam,
1612 1080 1747 1120 eon-

183 1167 337 1237 jugcs,
359 1165 552 1220 liberos
579 1173 635 1218 et
665 1161 842 1234 (quod
870 1162 954 1217 his
983 1160 1156 1231 majus
1183 1160 1295 1229 est)
1327 1160 1632 1214 libertatem
1665 1157 1747 1212 vi-

189 1266 381 1326 tamque
408 1255 532 1312 totis
555 1254 760 1309 viribus
797 1251 1130 1318 vindicaret,
1181 1259 1238 1306 et
1265 1249 1512 1318 gentibus
1543 1262 1747 1316 nequa-

181 1363 323 1427 quam
349 1363 406 1407 se
441 1345 753 1402 fortioribus
793 1343 936 1418 (nisi
965 1344 1195 1412 segnitia
1224 1353 1278 1397 et
1306 1352 1526 1412 torpore
1557 1339 1753 1396 dissol-

185 1446 416 1498 verentur
459 1437 528 1506 ο)
585 1446 644 1493 ut
691 1436 929 1494 inermes
984 1434 1174 1490 vinclis
1234 1433 1546 1489 vinciendas
1598 1433 1748 1488 nullo

182 1533 352 1600 modo,
389 1531 484 1591 sed
527 1533 820 1592 instructas
859 1531 1052 1604 peltis,
1098 1531 1342 1594 ensibus,
1378 1529 1572 1594 hastis,
1601 1539 1656 1583 ct
1681 1528 1746 1582 ad

183 1623 360 1678 caedem
386 1631 661 1694 promptas
691 1620 1043 1692 protenderet
1059 1635 1266 1683 manus,
1291 1618 1578 1672 suadentes
1603 1617 1748 1686 (quia

181 1723 228 1770 et
251 1715 346 1769 hoc
373 1712 638 1784 putabant
675 1711 882 1779 aliquid
906 1708 1333 1780 derelinqucndo
1364 1707 1564 1779 populo
1595 1723 1747 1761 com-

181 1805 306 1862 modi
331 1805 674 1876 accrescere)
729 1819 972 1870 murum,
1016 1817 1122 1856 non
1165 1810 1220 1856 ut
1245 1799 1505 1865 alterum,
1534 1807 1748 1870 sumptu

1851 603 2005 656 tracd
2053 603 2169 656 solo
2217 602 2596 657 allidcbanlur.
2647 599 2762 655 Hoc
2789 599 2997 654 scilicet
3031 595 3108 654 eis
3139 599 3436 654 immatura-

1849 695 2038 749 mortis
2067 710 2148 762 su,
2172 695 2411 764 pliciuut,
2443 697 2534 762 qui
2569 693 2658 746 tali
2691 691 2874 747 funere
2905 691 3286 764 rapiebantur;
3328 689 3442 745 fri-

1849 795 1991 841 trum
2021 802 2128 855 quo
2151 788 2434 856 pignorum
2466 797 2502 822 ω
2534 803 2753 840 suc-rum
2787 782 3120 840 miserandas
3150 784 3440 840 imminen-

1852 885 1932 932 tes
1954 892 2142 947 pmnas
2163 878 2272 932 cito
2294 877 2440 934 exitu
2474 875 2805 932 devitabaut.
2831 875 2967 943 Quid
2995 871 3145 946 plura
3169 863 3360 946 loquar
3377 876 3437 930 ιιτ

1852 967 2076 1024 Relictis
2116 969 2424 1043 civitatibus
2462 983 2725 1038 muroque
2753 967 2920 1036 cclso,
2970 968 3162 1021 iterum
3201 967 3437 1036 quibus'

1851 1058 1988 1128 fugze
2030 1077 2043 1113 :
2088 1060 2282 1114 iterum
2339 1059 2702 1131 dispersiones
2750 1057 2912 1114 solito
2967 1058 3436 1128 despcrabiliores.

1849 1151 1982 1208 ltem
2007 1153 2072 1207 ab
2100 1153 2258 1210 hoste
2283 1153 2668 1208 insectationes
2696 1170 2709 1206 :
2743 1152 2868 1206 item
2897 1162 3103 1221 strages
3127 1152 3441 1208 accelerat:—

1851 1233 1938 1297 tur
1965 1245 2295 1300 crudeliores
2328 1263 2340 1298 :
2375 1253 2430 1300 et
2457 1245 2594 1299 sicut
2621 1243 2744 1312 agni
2777 1259 2808 1298 a
2837 1241 3176 1308 lanionibus,
3229 1242 3304 1300 ita
3347 1243 3436 1300 dc-

1852 1331 2016 1388 ﬂendi
2043 1335 2186 1389 cives
2213 1335 2280 1388 ab
2322 1334 2555 1390 inimicis
2583 1333 2986 1404 discerpuntur,
3020 1343 3078 1390 ut
3107 1349 3431 1390 commemo-

1851 1423 1991 1478 ratio
2018 1438 2202 1477 eorum
2235 1421 2466 1477 ferarum
2499 1423 2885 1478 assimilaretur
2913 1423 3222 1492 agrestium.

1924 1513 2052 1569 Car.
2080 1531 2187 1569 xvi.
2223 1513 2302 1568 De
2324 1517 2480 1588 fame.
2502 1547 2574 1556 —-
2604 1515 2734 1569 Nam
2759 1515 2966 1572 lauiunt
2993 1517 3203 1588 scipsos
3231 1525 3439 1584 mutuo,

1855 1619 1954 1660 nec
1984 1621 2081 1674 pro
2122 1605 2299 1674 exigui
2331 1606 2504 1660 victus
2532 1605 2682 1660 brevi
2711 1608 3082 1664 sustentaculo
3113 1607 3414 1667 miserrimo

1853 1711 1970 1749 rum
2001 1694 2198 1749 civium
2229 1694 2608 1749 latrocinando
2623 1706 2670 1760 r;
2698 1705 2754 1748 et
2776 1695 3109 1764 augebantur
3131 1681 3442 1752 extraucma

1853 1785 2036 1841 clades
2065 1784 2375 1841 domesticis
2407 1787 2641 1840 motibus
2675 1804 2686 1839 :
2719 1803 2826 1856 quo
2855 1795 2910 1841 et
2936 1787 3241 1856 bujusmodi
3273 1787 3292 1812 '
3337 1797 3442 1842 tam

180 1899 375 1970 [nmmo
421 1899 742 1983 privum“?
789 1896 1060 1967 adiunctis
1107 1912 1294 1952 secum
1350 1895 1746 1949 miserabilmus
1783 1888 1825 1949 Β
1853 1879 2052 1932 crebris
2084 1879 2476 1949 direptionibus
2513 1891 2840 1936 vacuaretur
2867 1881 3044 1936 omnis
3086 1882 3233 1950 regio
3278 1882 3444 1937 totius

179 1992 418 2061 indigenis
439 1992 604 2051 solito
631 2000 919 2047 structura:
941 2006 1112 2055 more,
1128 1990 1341 2045 tramite
1363 2005 1394 2043 a
1416 1989 1548 2042 mari
1579 2003 1749 2057 usque

175 2086 235 2148 ad
261 2101 402 2144 mare
426 2085 568 2142 inter
597 2085 762 2142 urbes
787 2099 907 2155 quae
937 2083 1135 2139 ibidem
1157 2083 1296 2138 forte
1321 2083 1392 2138 ob
1422 2090 1622 2138 metum
1651 2081 1750 2136 lto-

158 2179 320 2251 ‘stium
353 2179 632 2236 collocata:
657 2179 896 2242 fuerant,
924 2177 1134 2233 directo
1156 2175 1375 2242 librant,
1399 2176 1553 2231 fortia
1577 2174 1754 2229 forati-

162 2254 348 2328 dolosa
377 2272 580 2343 populo
599 2272 806 2328 monita
835 2269 1076 2338 tradunt,
1099 2270 1428 2340 exemplaria
1461 2269 1750 2324 instituen—

173 2361 347 2416 dorum
373 2378 654 2418 armorum
677 2363 1012 2434 relinquunt,
1031 2362 1084 2418 in
1107 2361 1290 2418 littore
1309 2377 1526 2434 quoque
1550 2361 1611 2416 Os
1631 2362 1753 2417 cani

172 2451 232 2505 ad
254 2453 604 2508 meridianam
626 2454 860 2524 plagam,
890 2469 998 2523 qua
1018 2449 1045 2490 δ
1079 2468 1242 2509 naves
1263 2468 1449 2509 eorum
1481 2453 1755 2510 habeban-

174 2551 278 2607 tur,
302 2551 354 2598 et
381 2543 504 2600 inde
547 2543 814 2601 barbariae
841 2551 865 2582 θ
892 2542 1018 2600 ferae
1045 2544 1230 2598 bestia:
1265 2543 1608 2610 timebantur,
1643 2553 1757 2600 tur--

173 2650 250 2692 res
274 2652 366 2706 per
404 2636 700 2694 intervalla
743 2635 813 2690 ad
853 2645 1202 2708 prospectum
1251 2637 1414 2692 maris
1463 2635 1752 2703 collocant,

170 2727 460 2790 valcdieunt
491 2726 510 2768 τ
551 2736 810 2800 tanquam
842 2728 984 2783 ultra
1014 2742 1124 2784 non
1155 2727 1444 2782 reversuri.

233 2823 360 2881 Car.
392 2841 461 2880 xv
492 2833 547 2882 ι.
607 2822 686 2878 De
713 2825 870 2880 tertia
894 2823 1202 2878 vastatione.
1240 2853 1314 2864 ——
1339 2820 1526 2891 itaque
1555 2820 1658 2876 illis
1689 2817 1758 2874 ad

167 2929 255 2970 sua
273 2915 670 2982 remeantibus,
685 2921 970 2984 emergunt
995 2910 1244 2968 certatim
1267 2910 1333 2970 de
1355 2905 1614 2986 euricish,
1639 2909 1776 2979 qni--

167 3003 258 3059 bus
278 3012 404 3060 sunt
433 3013 590 3060 trans
619 3002 888 3058 Tithicam
918 3001 1110 3057 vallem
1143 3000 1280 3055 vecti
1320 2997 1335 3037 ί
1368 2999 1546 3069 (quasi
1573 2997 1626 3052 in
1647 2999 1758 3054 alto

165 3093 344 3152 Titane
373 3095 857 3163 incalescenteque
901 3099 1154 3151 caumate
1197 3090 1266 3145 de
1295 3089 1572 3148 altissimis
1611 3087 1756 3144 fora-

167 3185 362 3240 minum
389 3181 706 3242 cavernulis
733 3182 870 3238 fusci
899 3167 1318 3239 vermiculorum
1351 3179 1506 3236 cenei
1531 3179 1546 3230 i
1574 3180 1592 3250 )
1633 3179 1760 3236 tetri

1854 1969 1958 2024 cibi
1987 1970 2205 2038 baculo,
2236 1980 2466 2041 excepto
2498 1971 2790 2028 venatoria:
2819 1973 2949 2028 artis
2973 1974 3188 2031 solatio.

1929 2082 2056 2140 Car.
2085 2099 2216 2138 xvu.
2245 2081 2324 2138 De
2344 2085 2674 2154 epistolia—
2691 2083 2857 2153 igitur
2884 2101 3096 2140 rursum
3126 2087 3339 2142 miserm
3359 2101 3444 2143 re-

1856 2177 2032 2246 liquim
2059 2176 2339 2232 mittentes
2364 2177 2623 2247 epistulas
2645 2185 2666 2226 .'
2699 2177 2767 2232 ad
2793 2178 3026 2248 Agitiutn
3058 2178 3313 2234 Romana:
3341 2195 3442 2250 po-

1858 2267 2067 2336 testatis
2095 2266 2272 2322 virum
2318 2264 2466 2339 (hoc
2506 2268 2670 2324 modo
2713 2268 3038 2341 loquentes)
3090 2270 3386 2342 inquiunt!
3423 2287 3441 2325 :

1855 2359 2030 2430 Agitio
2045 2367 2122 2414 ter
2145 2359 2344 2414 consuli
2367 2361 2584 2431 gemitus
2615 2359 3011 2417 Britannorum.
3037 2362 3107 2418 Et
3131 2372 3252 2432 post
3273 2378 3444 2433 pauca

1856 2458 1884 2486 ιι
1906 2451 2191 2522 loquentes
2225 2468 2238 2504 :
2273 2451 2551 2522 Repellunt
2577 2469 2671 2508 nos
2699 2450 2908 2508 barbari
2937 2453 3008 2508 ad
3035 2471 3199 2523 mare,
3244 2456 3449 2526 repellit

1858 2558 1951 2598 nos
1975 2551 2000 2579 '
2031 2558 2177 2596 mare
2198 2541 2270 2598 ad
2295 2540 2544 2598 barbaros
2573 2559 2592 2598 :
2622 2544 2757 2598 inter
2785 2545 2894 2599 haec
2919 2546 3158 2600 oriuntur
3181 2556 3206 2582 ι
3227 2545 3330 2602 duo
3351 2563 3444 2617 ge-

1857 2651 1986 2690 nera
2013 2637 2272 2707 funerum,
2297 2644 2392 2690 aut
2409 2637 2744 2709 jagulamar,
2768 2649 2860 2694 aut
2880 2640 3180 2710 mergimur.
3211 2638 3322 2696 Nec
3347 2655 3448 2710 pro

1858 2727 1939 2782 eis
1961 2727 2256 2797 quidquam
2283 2726 2542 2796 adjutorii
2573 2728 2794 2793 habent.
2823 2729 3034 2784 Interea
3061 2729 3224 2788 fames
3242 2729 3362 2790 dira
3381 2745 3452 2786 ac

1859 2816 2218 2873 famosissima
2245 2817 2396 2887 vagis
2417 2833 2490 2873 ac
2517 2819 2843 2876 nutabnndis
2884 2820 3082 2889 haeret,
3109 2835 3230 2891 quae
3250 2821 3451 2880 multos

1858 2922 2052 2966 eorum
2077 2910 2315 2965 cruentis
2339 2911 2668 2981 compellit!
2696 2911 3041 2981 prmdonihus
3053 2913 3172 2968 sine
3189 2911 3453 2970 dilatione

1859 3001 2026 3057 victas
2049 3001 2183 3058 dare
2228 3017 2460 3070 manus,
2504 3013 2566 3058 ut
2594 3002 2892 3073 pauxillum
2936 3003 3003 3058 ad
3031 3001 3448 3060 refocillandam

1859 3097 2091 3151 animam
2120 3095 2226 3152 cibi
2265 3103 2523 3166 caperent
2554 3111 2568 3148 :
2599 3095 2737 3150 alios
2763 3109 2896 3150 vero
2929 3109 3192 3164 nusquam
3225 3107 3249 3134 ι
3274 3115 3289 3164 ;
3319 3098 3449 3168 quin

1860 3187 2042 3259 potius
2061 3187 2130 3242 de
2149 3186 2282 3257 ipsis
2309 3184 2605 3251 montibus,
2632 3184 2906 3254 speluncis
2930 3199 2996 3240 ac
3015 3185 3258 3252 saltibus,
3277 3186 3454 3242 dumis

163 3275 444 3334 Scotorum
485 3277 878 3345 Pictorumque
923 3289 1117 3346 greges
1138 3314 1155 3339 ,
1211 3271 1452 3328 moribus
1499 3287 1572 3327 ex
1607 3279 1762 3343 parte
1790 3279 1836 3344 ρ
1865 3279 2135 3336 consertis
2161 3277 2422 3334 continue
2449 3276 2808 3332 rebellabant.

165 3368 498 3437 dissidentes,
530 3378 590 3426 et
613 3384 726 3425 una
749 3367 1052 3437 eademque
1068 3367 1346 3436 sanguinis
1365 3364 1622 3422 fundendi
1648 3367 1764 3421 avi-

163 3460 324 3518 ditate
361 3461 709 3525 concordes,
755 3458 1146 3530 furciferosque
1187 3459 1368 3527 magis
1403 3457 1581 3514 vultus
1619 3458 1762 3528 pilis,

164 3568 316 3622 quam
337 3570 639 3626 corporum
661 3552 912 3624 pudenda
940 3551 1309 3624 pudendisque
1331 3550 1574 3622 proxima
1599 3552 1763 3606 vcsti—

163 3645 255 3700 bus
295 3655 547 3717 tegentes
580 3665 594 3700 :
641 3645 970 3714 eoguitaque
998 3643 1410 3700 condebitorum
1447 3643 1762 3699 reversione

161 3748 216 3793 et
249 3741 460 3798 reditus
486 3739 882 3809 denegatione,
910 3737 1072 3793 solito
1101 3735 1458 3793 conﬁdentius
1485 3735 1512 3775 ιι
1542 3751 1759 3800 omnem

159 3833 528 3900 aquilonalem
557 3842 974 3902 extremamque
1003 3839 1161 3886 terrae
1183 3838 1392 3900 partem
1423 3846 1522 3902 pro
1551 3831 1762 3900 indige-

161 3919 237 3974 nis
260 3937 420 3978 muro
455 3931 620 3979 tenus
649 3929 960 3992 capessunt.
992 3919 1262 3976 Statuitur
1293 3921 1359 3976 ad
1389 3921 1506 3978 haec
1535 3922 1588 3976 in
1617 3921 1765 3984 edito

155 4014 292 4072 arcis
311 4017 468 4072 acies
497 4015 568 4071 ad
617 4029 876 4086 pugnam,
907 4014 1163 4070 inhabilis
1189 4013 1260 4070 ad
1288 4014 1490 4086 fugam,
1521 4025 1763 4088 tremen-

155 4103 294 4160 tibus
315 4106 646 4177 praecordiis
673 4106 878 4176 inepta,
906 4120 1030 4176 qua:
1057 4105 1248 4162 diebus
1275 4120 1344 4162 ac
1362 4107 1619 4164 noctibus
1645 4119 1762 4164 stu-

153 4195 274 4266 pido
299 4197 466 4254 sedili
493 4197 800 4254 marcebat.
857 4185 1069 4254 Interea
1097 4212 1209 4255 non
1249 4206 1468 4254 cessant
1509 4201 1760 4260 uncinata

223 4395 379 4470 Pilio
409 4397 609 4470 incipit
636 4413 756 4470 cap.
785 4415 837 4453 xl
866 4399 921 4470 in
948 4396 1334 4470 metti-nutabkr.

217 4467 246 4506 δ
276 4468 450 4525 Deest
469 4467 609 4524 edit.
633 4467 740 4524 vox
765 4469 1038 4524 insula.—
1056 4468 1196 4524 Bibl.
1229 4467 1330 4523 PP.
1353 4467 1552 4536 Paris.,
1583 4470 1675 4523 sed
1704 4479 1762 4524 ut

144 4538 318 4608 potius
339 4539 485 4612 sola.
505 4538 576 4593 Et
603 4539 938 4612 paulogante,
971 4539 1212 4596 Romana
1242 4539 1393 4610 signa
1421 4555 1521 4611 pro
1549 4538 1616 4592 Β.
1637 4541 1768 4612 stig-

145 4619 289 4664 mata
317 4627 337 4664 :
368 4609 618 4666 fortasse
646 4609 866 4666 rectius.
1292 4609 1305 4610 7
1423 4609 1438 4611 ί
1673 4669 1680 4678 .

171 4746 184 4758 .
215 4678 422 4804 allidit.
435 4719 453 4746 ,
477 4679 884 4748 dissolveretur;
908 4681 997 4736 ubi
1018 4688 1073 4736 et
1095 4679 1364 4736 omittitur
1380 4693 1613 4751 sequens
1631 4697 1758 4752 par-

171 4764 236 4804 tct
278 4765 310 4804 a
343 4767 380 4804 ιι
407 4793 426 4804 .
852 4784 860 4792 ~

145 4755 310 4804 ticula
343 4761 426 4808 ut.
852 4784 860 4792 ν

209 4819 416 4902 ﬁliam.
436 4863 454 4890 ,
481 4837 608 4894 quo.
638 4819 808 4878 Paulo
845 4829 973 4878 ante
998 4821 1138 4877 Bibl.
1174 4819 1281 4876 PP.
1311 4819 1516 4888 Paris.,
1562 4821 1759 4878 directo

143 4890 451 4962 a'diﬁcant.
497 4890 510 4894 ⁷

211 4959 462 5046 ἷὲἕεὲἓὲον
495 4961 1182 5046 φξίαεξίπάειξατὲαάςω·
1265 5034 1277 5046 .
1398 5035 1428 5046 _.
1548 5034 1578 5046 Α.
1703 5033 1717 5046 .

213 5029 235 5069 ί
267 5029 460 5102 Edit.,
509 5029 566 5088 'et
603 5035 916 5088 ualedicunt.
965 5033 1127 5092 Deest
1153 5034 1467 5094 coniunctio
1506 5034 1671 5090 etiam
1703 5033 1757 5090 in

137 5099 279 5158 Bibl.
311 5099 454 5160 PP.
470 5103 648 5159 Paris.

208 5181 237 5242 β
265 5174 409 5242 Ms.,
437 5189 544 5230 xu.
1060 5241 1078 5242 ί
1102 5203 1108 5211 ι

207 5241 238 5281 δ
264 5241 452 5312 Edit.,
486 5245 712 5299 carneis.
745 5244 884 5300 Bibl.
916 5243 1022 5298 PP.
1055 5241 1250 5308 Paris.,
1281 5246 1572 5300 carruchis.

215 5312 234 5353 ί
269 5313 456 5382 Edit.,
497 5312 849 5389 Styticam....
877 5315 1282 5371 evecti.-—-Bihl.
1315 5313 1417 5370 PP.
1435 5315 1603 5371 Paris.
1623 5317 1759 5389 Scy-

129 5388 378 5443 ticam...
392 5427 411 5442 .
445 5387 632 5441 evecti.

206 5459 226 5526 ἕ
266 5455 464 5526 ﬁdit,
502 5455 912 5511 caverniculis...
939 5457 1110 5512 cunei.

201 5525 230 5566 ι
260 5525 458 5592 Edit.,
475 5526 901 5592 conﬁdentiores.

203 5595 224 5637 ι
253 5595 452 5666 Edit.,
478 5595 764 5652 nudorum.
1177 5623 1184 5630 -

198 5677 242 5706 ιιι
262 5666 467 5740 Edita,
497 5683 596 5740 quo
617 5669 840 5740 fratrum
863 5669 1235 5740 pignorumque

196 5750 227 5777 ³
257 5737 452 5810 ρεθει
482 5737 628 5810 edit.
648 5753 753 5794 vos
773 5737 976 5810 loquar.

198 5819 226 5848 ⁸
262 5808 462 5874 Edit.,
493 5807 619 5863 illis.

196 5892 225 5932 ρ
255 5878 422 5936 Edit.
445 5917 464 5942 ,
514 5877 657 5933 Nam
695 5887 744 5934 et
783 5879 926 5948 ipsos
963 5888 1140 5933 mutuo
1179 5894 1271 5932 nec
1305 5881 1574 5950 ρει-δήριιὶ
1603 5883 1762 5935 victus

129 5956 272 6010 Lreul
302 5951 688 6008 sustentaculo
733 5952 1141 6006 miserrimorum
1171 5950 1352 6006 civium
1401 5953 1762 6008 latrocinando

1933 3369 2066 3428 Car.
2093 3385 2244 3426 xvnt.
2276 3369 2357 3424 De
2380 3371 2618 3426 uictoria.
2640 3401 2715 3412 —
2742 3369 2808 3424 Et
2831 3377 2940 3427 tum
2961 3370 3196 3442 primum
3223 3370 3456 3428 inimicis

1863 3481 1961 3537 per
1971 3463 2172 3520 multos
2186 3479 2357 3519 annos
2377 3463 2430 3519 in
2448 3471 2592 3520 terra
2604 3473 2662 3516 ea
2681 3465 2986 3532 agentibus,
3005 3473 3214 3534 strages
3234 3465 3431 3520 dabant
3441 3509 3456 3534 ,

1862 3573 1970 3614 non
1998 3556 2332 3614 conﬁdentes
2353 3555 2410 3596 Μ’
2442 3557 2496 3612 in
2525 3556 2765 3621 homine,
2797 3555 2894 3612 sed
2917 3556 2970 3610 in
3002 3555 3132 3622 Deo,
3162 3556 3456 3612 secundum

1863 3647 2026 3707 illude
2035 3648 2348 3720 xemplumc
2360 3659 2380 3684 ο
2401 3644 2646 3704 Philonis
2669 3663 2682 3702 :
2707 3644 3026 3702 Necesseest
3039 3648 3222 3703 adesse
3235 3649 3370 3704 divin
3377 3665 3459 3704 um

1863 3741 1952 3796 ubi
1965 3743 2250 3796 humanum
2269 3749 2438 3794 cessat
2454 3740 2733 3794 annalium.
2751 3739 3268 3812 Quievitparumpcr
3289 3743 3459 3797 inimi-

1865 3845 2052 3886 corum
2075 3830 2323 3893 audacia,
2351 3845 2451 3885 nec
2475 3838 2656 3896 tamen
2679 3839 2991 3886 nostrorum
3009 3831 3236 3887 malitia.
3265 3833 3460 3889 Reces-

1866 3932 2054 3979 serunt
2078 3923 2264 3978 hostes
2287 3938 2316 3976 a
2347 3922 2582 3986 civibus,
2633 3938 2734 3978 nec
2769 3923 2918 3979 cives
2944 3938 2975 3977 a
3003 3925 3118 3979 suis
3143 3925 3459 3982 sceleribus.

1939 4018 2071 4074 Car.
2104 4032 2214 4072 xxx.
2246 4015 2326 4072 De
2351 4014 2650 4071 sceleribus.
2671 4047 2746 4076 -τ-
2772 4013 2938 4072 Moris
2967 4022 3199 4086 namque
3219 4019 3458 4074 continui

1869 4119 1987 4168 erat
2007 4110 2158 4180 genti
2185 4110 2352 4180 (sicut
2377 4116 2433 4164 et
2461 4123 2608 4163 nunc
2625 4106 2750 4179 est),
2784 4115 2843 4162 ut
2871 4106 3080 4162 infirma
3109 4113 3254 4165 esset
3279 4109 3346 4163 ad
3369 4123 3462 4165 re-

1869 4201 2143 4262 tundenda
2165 4203 2404 4259 hostium
2429 4200 2536 4257 tela
2564 4209 2620 4257 et
2646 4198 2802 4256 fortis
2821 4205 2880 4256 et
2901 4200 3098 4257 invicta
3118 4195 3176 4239 δά
3199 4200 3266 4256 ad
3287 4201 3480 4258 civica-

1867 4399 2250 4472 temperabant.

1947 4470 1982 4522 εἰ
1999 4470 2166 4540 Edit.,
2195 4480 2448 4528 externae.

1953 4553 1973 4580 ι
2002 4539 2174 4614 ﬁdit”
2211 4543 2348 4614 quod
2371 4543 2598 4614 hujusm.
2689 4613 2694 4614 γ
2858 4612 2866 4614 _
2968 4613 2971 4614 ν
3331 4579 3347 4589 ‘

1947 4621 1981 4686 '_
2002 4611 2192 4686 Edit_.,g
2221 4611 2482 4668 mittentes
2507 4613 2756 4686 epistolas
2787 4612 3043 4686 reliquiae
3073 4647 3142 4659 —
3184 4617 3322 4674 Bibl.
3351 4617 3466 4675 PP.

1862 4683 2061 4759 Pa_ris.,
2085 4681 2282 4759 _lgitur
2307 4698 2514 4759 rursum
2537 4681 2743 4759 misera:
2772 4681 3040 4759 mittentes
3063 4689 3311 4759 epistolas
3337 4693 3460 4747 reli-

1861 4755 2003 4832 quire
2025 4753 2096 4807 ad
2121 4751 2328 4809 Aetium
2359 4753 2510 4832 llam.
2555 4753 2651 4832 bis.
2686 4753 2858 4832 codex
2888 4751 3147 4832 Cantabr.
3178 4771 3455 4832 corrupte,
3500 4795 3504 4799 -

1860 4823 2036 4896 Agitio
2061 4841 2092 4900 ε-
2111 4825 2457 4900 nequeenim
2491 4825 2546 4900 in
2581 4823 2756 4900 Fastis
2785 4825 3161 4900 consularibus
3189 4823 3458 4900 cemp'eril

1866 4893 1956 4949 tur
1977 4893 2377 4972 uspiamjtujus
2401 4894 2874 4972 nominisconsul.
2907 4893 3332 4972 Rescrihenduni
3361 4903 3458 4972 igi—

1864 4973 1952 5020 tur
1978 4964 2147 5036 Ae'tio.
2190 4965 2314 5036 Fuit
2351 4974 2532 5020 autem
2563 4966 2608 5020 is
2636 4964 2826 5036 Aetius
2854 4979 2963 5036 tu,
2989 4967 3104 5023 sive
3131 4975 3210 5024 ter
3253 4964 3454 5036 consul,

1861 5045 1922 5107 ut
1967 5037 2056 5107 ait
2097 5035 2304 5107 Gildas,
2337 5037 2606 5107 quiann.
2641 5035 2756 5107 «illi
2779 5035 3116 5107 consulatum
3139 5041 3308 5107 gessit
3333 5035 3457 5096 eum

1863 5105 1946 5182 Ωζ
1949 5105 2169 5182 Aurelio
2183 5104 2532 5182 Symmacho.
2565 5105 2699 5161 Vide
2727 5104 3022 5182 Baronium
3049 5107 3120 5162 ad
3147 5104 3290 5166 'ann.
3326 5109 3453 5182 Μαι,

1864 5175 1969 5248 §2,
1998 5178 2090 5248 ubi
2123 5174 2264 5248 hunc
2283 5174 2453 5231 Gildas
2483 5177 2660 5232 locum
2689 5175 2966 5232 exscribit.

1941 5249 1958 5283 ⁸
1995 5247 2157 5318 Qeest
2184 5247 2314 5302 edit.
2348 5261 2454 5300 vox
2481 5248 2740 5318 inquiunt.

1940 5326 1968 5355 ιι
1997 5317 2168 5388 Εᾱίιη
2196 5327 2485 5388 querentes.
2555 5317 2561 5318 7
2869 5345 2898 5362 δ

1937 5399 1964 5426 ν
1997 5385 2294 5458 Utrobique
2316 5387 2472 5444 deest
2495 5405 2589 5444 nos
2619 5389 2748 5443 edit.

1941 5468 1968 5496 ι
1997 5458 2161 5516 Deest
2187 5459 2320 5514 edit.
2349 5475 2456 5514 vox
2482 5461 2740 5515 oriuntur.

1935 5539 1966 5578 γ
1995 5529 2163 5598 Edit.,
2194 5532 2462 5600 compulit.

1940 5609 1964 5637 ι
1996 5600 2164 5672 Etim,
2194 5617 2480 5672 nunquam.

1935 5679 1995 5739 Ψ·
2025 5671 2189 5739 Edit.,
2221 5671 2426 5738 praedas
2454 5673 2530 5728 in.

1935 5737 1998 5780 δι’
2025 5737 2192 5813 _Edit.,
2223 5737 2460 5813 ﬁdentes.

1940 5822 1998 5882 ff
2023 5811 2185 5868 Deest
2213 5811 2348 5868 edit.
2388 5830 2492 5868 vox
2515 5815 2826 5882 exemplum.

1859 5893 1866 5900 ·
1938 5879 1995 5920 αδ
2025 5881 2190 5950 Edit.,
2221 5884 2374 5956 fortis
2396 5892 2547 5952 esset,
2572 5879 2792 5956 relfquis
2819 5883 3044 5945 omissis.
