3952 6432
513 341 617 396 543

1428 343 1659 400 suos:
1697 342 2047 402 SAPIENTIS
2076 344 2164 399 ne
2205 319 2477 408 exusto
2516 336 2914 405 Blit‘l‘ANNlAi

3668 345 3767 399 3H

511 456 740 526 tietta,et
760 454 830 510 ad
847 468 1013 510 onera
1038 462 1384 526 peccatorum
1404 455 1756 512 sustentanda
1786 464 1811 492 ι
1836 473 1850 509 :
1877 454 2086 515 infirma
2116 461 2167 518 Α
2191 456 2443 528 exemplo
2466 471 2587 513 esse
2613 454 2763 511 omni
2791 452 2936 525 plebi
2963 451 3270 518 debuerint,
3299 449 3563 506 ebrietate
3591 466 3767 522 qnam-

509 554 594 600 est
621 544 648 584 δ
678 547 697 615 (
713 554 771 601 ιιι
798 544 1040 617 inquam)
1091 544 1161 601 ad
1188 546 1532 617 exsequenda
1562 547 1717 620 pacis
1752 562 1819 604 ac
1846 547 2089 607 veritatis

510 634 757 704 insignia,
785 634 976 691 fortis°
1004 634 1073 691 ad
1099 635 1307 694 scelera
1333 643 1391 692 et
1414 637 1721 697 mendacia.
1747 637 1773 675 ά
1790 637 2088 694 Revertun~

508 731 599 778 tur
618 736 748 792 ergo
777 723 1119 796 impudentes
1129 733 1465 793 grassatores
1482 725 1551 781 ad
1564 725 1816 783 hibernas
1835 727 2025 784 domos
2038 738 2084 795 ο.

509 820 634 882 post
678 827 787 869 non
833 813 1064 870 multum
1093 815 1351 886 temporis
1378 814 1665 877 reversuri.
1714 816 1850 873 Picti
1892 818 1945 880 in
1991 833 2088 874 ex:

505 915 678 961 trema
700 913 857 977 parte
886 906 1073 965 insula:
1104 917 1232 963 tunc
1256 907 1485 979 primum
1512 916 1568 971 et
1593 907 1846 980 deinceps
1874 908 2088 981 requie-

505 1002 722 1062 verunt,
765 995 977 1068 praedas
1004 1006 1060 1052 et
1082 995 1437 1055 contritiones
1464 1012 1847 1070 nonnunquam
1888 996 2086 1053 facien-

505 1092 608 1141 tes.
654 1083 716 1140 ln
745 1086 939 1143 talibus
976 1087 1159 1159 itaque
1188 1087 1413 1147 induciis
1440 1087 1686 1151 desolato
1713 1089 1916 1160 populo
1944 1104 2085 1146 stcva

503 1173 729 1230 cicatrix
755 1174 1068 1242 obducitur,
1108 1176 1215 1232 alia
1242 1176 1595 1234 virulentiore
1631 1184 1813 1237 tactus.
1840 1177 1859 1216 τ
1904 1177 2083 1250 pullu-

504 1264 669 1320 tante.
712 1263 1036 1332 Quiescente
1063 1273 1244 1323 autem
1287 1267 1591 1327 vastatione
1615 1277 1641 1317 Β
1661 1310 1679 1339 ,
1724 1269 1889 1327 tantis
1915 1270 2085 1336 abun-

502 1353 810 1411 dantlarum
830 1357 1002 1427 copiis
1026 1357 1201 1413 insula
1229 1356 1517 1426 attinebat,
1551 1366 1611 1414 ut
1656 1359 1802 1427 nulla
1842 1359 2027 1417 haberi
2055 1359 2081 1398 δ

501 1444 638 1502 tales
663 1453 811 1502 retro
834 1454 969 1502 tetas
994 1448 1360 1519 meminisset,
1388 1463 1511 1505 cum
1538 1449 1733 1520 quibus
1760 1450 2083 1507 omnimodis

500 1545 556 1590 et
575 1535 784 1592 luxuria
799 1538 1014 1594 crescit.
1036 1538 1222 1595 Crevit
1246 1539 1445 1596 etenim
1464 1541 1707 1611 germine
1725 1541 2079 1612 praepollenti,

500 1627 572 1682 ita
599 1637 661 1684 ut
686 1629 876 1685 eodem
907 1641 1153 1702 tempore
1177 1631 1449 1690 diceretur
1479 1649 1494 1687 :
1528 1630 1755 1699 Omnino
1782 1635 1901 1690 tatis
1925 1636 2080 1690 audi-

499 1726 583 1771 tur
604 1719 903 1789 fornicatio,
932 1720 1102 1792 qualis
1143 1738 1237 1777 nec
1262 1722 1398 1783 inter
1424 1732 1602 1796 gentes
1632 1723 1695 1795 (1
1724 1723 1847 1781 Cor.
1872 1742 1941 1793 v,
1987 1724 2075 1797 1).

2192 548 2432 621 plurimi,
2474 548 2631 620 quasi
2680 546 2809 603 vino
2836 542 3039 601 madidi
3085 542 3377 613 torpebant
3421 542 3669 611 resoluti,
3714 555 3768 603 et

2189 638 2593 703 animositatem
2637 643 2880 702 tumore,
2911 633 3208 704 iurgiorum
3235 632 3603 701 contentione,
3633 633 3765 688 invi-

2188 726 2292 783 dia:
2333 727 2621 799 capacibus
2648 728 2667 761 ³
2709 724 2923 797 ungulis
2944 764 2961 790 ,
3011 721 3310 778 indiscreto
3357 722 3491 778 boni
3536 723 3766 794 malique

2181 816 2386 891 judicio
2413 816 2815 888 carpebantur;
2864 813 2941 878 ita
2973 819 3032 869 ut
3058 811 3364 884 perspicue,
3389 812 3529 869 sicut
3551 822 3608 868 et
3629 828 3766 875 nunc

2186 915 2302 975 est,
2341 906 2538 977 effundi
2566 904 2840 960 videretur
2863 902 3177 974 contemptio
3198 918 3355 973 super
3378 902 3640 973 principes
3656 940 3673 967 ,
3710 910 3764 964 et

2185 994 2360 1059 seduci
2385 995 2533 1049 uanis
2568 1008 2745 1049 eorum
2785 999 2835 1046 et
2855 1007 3031 1046 errore
3054 1000 3077 1026 ι
3097 1030 3113 1058 ,
3142 991 3198 1044 in
3226 990 3365 1045 invio
3393 998 3444 1046 et
3469 1007 3577 1048 non
3603 992 3658 1045 in
3684 991 3763 1047 uia

2187 1082 2361 1155 (Psal.
2387 1098 2494 1151 ενι,
2524 1081 2639 1153 i0).

2253 1172 2385 1242 Car.
2418 1189 2509 1229 xx.
2542 1172 2623 1229 De
2649 1162 2898 1237 nuntiatis
2925 1169 3093 1228 subita
3120 1169 3372 1232 hostibus.
3399 1202 3474 1213 —
3500 1179 3529 1220 ἵ
3554 1167 3761 1233 Interea

2183 1264 2406 1329 volente
2445 1264 2558 1326 Deo
2585 1278 2818 1337 purgare
2843 1262 3098 1327 familiam
3124 1277 3277 1318 suam
3294 1303 3311 1329 ,
3344 1270 3402 1318 et
3421 1269 3573 1318 tanta
3595 1263 3760 1319 malo-

2183 1373 2302 1413 rum
2329 1357 2452 1413 labe
2478 1356 2729 1423 infectam
2758 1355 2945 1412 auditu
2975 1362 3179 1415 tantum
3205 1354 3568 1411 tribulationis
3588 1369 3759 1410 emen-

2181 1450 2334 1518 dare,
2364 1464 2472 1511 non
2498 1447 2669 1518 ignoti
2705 1447 2936 1505 rumoris
2963 1445 3225 1517 penniger
3252 1460 3354 1501 ceu
3376 1444 3591 1501 volatus
3614 1460 3759 1509 arre-

2180 1551 2299 1599 ctas
2326 1542 2568 1598 omnium
2598 1547 2847 1612 penetrat
2875 1553 3066 1608 aures,
3110 1536 3224 1607 jam
3247 1537 3469 1608 jamque
3502 1537 3758 1593 adventus

2180 1642 2422 1689 veterum
2461 1631 2701 1697 hostium
2725 1629 3019 1687 volentium
3070 1629 3285 1700 penitus
3321 1635 3496 1690 totam
3527 1637 3550 1664 ι
3581 1627 3757 1687 delere

2180 1733 2238 1782 et
2264 1723 2566 1780 inhabitare
2593 1722 2754 1782 solito
2781 1736 2934 1779 more
2958 1735 2992 1779 a
3033 1718 3138 1787 line
3165 1733 3337 1789 usque
3364 1717 3433 1773 ad
3471 1718 3754 1785 terminum
3854 1756 3863 1764 .

500 1808 619 1865 Non
643 1810 819 1866 solum
842 1826 972 1868 vero
998 1812 1104 1868 hoc
1124 1812 1334 1883 vitium,
1356 1813 1451 1870 sed
1477 1813 1693 1870 fuerunt
1718 1814 1734 1853 ί
1760 1817 1940 1872 omnia
1958 1832 2078 1888 qua:
2108 1816 2156 1879 B
2181 1818 2477 1888 regionem.
2505 1815 2854 1887 Nequaquam
2882 1821 3064 1871 tamen
3092 1813 3165 1869 ob
3191 1811 3298 1869 hoc
3323 1808 3635 1881 proficiunt,
3664 1812 3757 1877 sed

499 1903 744 1959 humana:
770 1912 976 1960 natura:
994 1904 1287 1967 accederet
1315 1905 1510 1972 solent,
1533 1914 1590 1963 et
1615 1908 1885 1979 pracipue
1906 1907 2073 1980 (quod

497 2001 554 2046 ct
598 2007 744 2048 nunc
786 2006 1003 2065 quoque
1046 1994 1102 2062 in
1138 2009 1203 2051 ea
1250 1995 1415 2052 totius
1454 1997 1583 2052 boni
1611 1999 1806 2055 evertit
1831 2000 2074 2070 statum)

496 2082 678 2137 miiutn
691 2083 935 2140 veritatis
950 2083 1048 2139 fuit
1060 2100 1183 2149 cum
1197 2088 1557 2151 assertoribus
1571 2090 1684 2147 suis
1697 2087 1746 2156 ιτ,
1762 2104 1917 2146 amor
1923 2106 2076 2147 men-

494 2174 633 2230 dacii
652 2188 776 2230 eum
789 2176 901 2231 suis
921 2175 1348 2244 fabricator-ibus,
1362 2180 1632 2251 susceptio
1644 2180 1771 2236 mali
1794 2196 1893 2254 pro
1908 2182 2071 2249 bono,

495 2264 772 2320 veneratio
799 2266 1053 2336 nequitias
1090 2282 1191 2338 pro
1213 2267 1569 2339 benignitate,
1594 2268 1794 2341 cupido
1826 2272 2075 2327 tenebra-

494 2372 610 2412 rum
636 2373 738 2430 pro
766 2357 902 2422 sole.
932 2359 1181 2430 exceptio
1221 2359 1443 2417 Satanas
1468 2375 1569 2433 pro
1596 2361 1784 2433 angelo
1812 2361 1942 2421 lucis
1972 2359 2075 2434 (ff

490 2446 614 2504 Cor.
638 2464 724 2516 ιι,
755 2449 882 2521 14).
911 2447 1263 2522 Ungebantur
1288 2465 1445 2521 reges
1472 2459 1529 2506 et
1558 2449 1579 2490 ι
1613 2466 1720 2507 non
1759 2465 1858 2522 per
1880 2450 2070 2518 Deum,

490 2538 589 2596 sed
616 2539 707 2608 qui
732 2540 943 2596 caeteris
966 2540 1298 2599 crudeliores
1320 2548 1640 2609 exstarent;
1680 2548 1737 2597 et
1764 2540 1925 2611 paulo
1952 2550 2075 2612 post

494 2628 565 2683 ab
583 2629 900 2685 unctoribus
916 2644 1027 2685 non
1056 2644 1157 2701 pro
1174 2630 1292 2685 veri
1318 2630 1716 2687 examinatione
1741 2631 2077 2691 trucidaban-

495 2727 605 2784 tur,
635 2717 757 2773 aliis
783 2718 972 2779 electis
997 2719 1338 2777 trucioribus.
1374 2718 1437 2781 Si
1462 2720 1585 2791 quis
1609 2734 1742 2781 vero
1765 2736 1953 2777 eorum
1977 2723 2074 2778 mi-

499 2808 643 2876 tior,
683 2817 740 2865 et
765 2810 997 2873 veritate
1039 2809 1377 2883 aliquatenus
1422 2813 1647 2884 propior
1688 2813 1983 2879 videretur,
2015 2815 2069 2871 in

493 2903 636 2957 hunc
661 2899 951 2964 Britannia
986 2901 1140 2974 quasi
1166 2912 1208 2942 ³³
1238 2903 1612 2960 subversorem
1655 2905 1897 2961 omnium
1944 2906 2069 2967 odia

493 2988 709 3058 telaque
732 2990 852 3046 sine
878 2998 1131 3062 respectu
1159 2993 1551 3065 torquebantur
1576 3002 1625 3061 ιι,
1656 3002 1713 3051 et
1740 2994 1922 3050 omnia
1948 3009 2069 3065 qua:

487 3080 875 3150 «tispiicuerant
901 3082 1047 3149 Deo,
1092 3083 1516 3155 placuerantmte
1543 3087 1603 3152 ⁹,
1646 3086 1841 3156 aequali
1884 3087 2065 3142 saltim

2177 1908 2476 1980 comparati
2498 1906 2756 1978 iumentis
2782 1904 3175 1977 insipientibus,
3207 1901 3407 1959 strictis
3428 1900 3512 1976 (ut
3537 1900 3753 1972 dicitur)

2176 2000 2444 2057 morsibus
2470 1998 2698 2057 rationis
2726 1996 2936 2055 frenum
2959 1994 3332 2061 obfirmantes,
3361 2007 3461 2063 per
3479 1991 3644 2047 latam
3674 1991 3753 2049 (ιίτ

2174 2104 2455 2147 versorum
2484 2089 2759 2157 vitiorum,
2802 2086 3071 2157 mortique
3094 2093 3154 2122 ιιι
3189 2083 3428 2155 proclive
3470 2082 3750 2147 ducentem

2177 2181 2390 2252 (relicto
2417 2177 2672 2243 salutari,
2705 2177 2833 2233 licet
2855 2174 3246 2255 arcto,‘itin_ere
3267 2171 3287 2245 )
3308 2214 3325 2241 ,
3379 2171 3750 2239 discurrebant

2174 2285 2339 2326 vtam.

2243 2361 2377 2419 Car.
2407 2379 2518 2419 ιιι.
2560 2362 2641 2419 De
2668 2363 2871 2434 famosa
2892 2367 3051 2430 peste.
3073 2389 3145 2400 -—
3163 2355 3298 2410 Dum
3322 2366 3452 2423 ergo
3483 2352 3579 2427 (ut
3599 2353 3748 2410 Salo-

2173 2467 2301 2509 mon
2326 2451 2422 2525 ait)
2462 2468 2636 2508 seruus
2682 2451 2845 2507 durus
2873 2465 2977 2504 non
3003 2446 3308 2515 emendatur
3327 2444 3525 2509 verbis;
3568 2443 3747 2514 παρείη

2172 2545 2312 2601 tatur
2337 2545 2546 2612 stultus,
2566 2553 2618 2609 et
2637 2560 2741 2599 non
2763 2542 2920 2598 sentit
2950 2538 3131 2613 (Prov.
3161 2552 3313 2605 xxtx,
3338 2534 3429 2608 i9)
3455 2554 3469 2590 :
3500 2534 3745 2607 pestifera

2171 2649 2404 2705 namque
2429 2635 2547 2690 lues
2573 2632 2814 2693 feraliter
2848 2629 3123 2701 insipienti
3163 2627 3365 2700 populo
3395 2625 3641 2683 incubuit
3667 2624 3746 2693 Μ’,

2170 2738 2291 2797 quae
2321 2725 2376 2780 in
2404 2724 2554 2781 brevi
2590 2733 2838 2795 tempore
2868 2731 2925 2761 επ
2956 2728 3161 2775 tantam
3196 2718 3311 2789 ejus
3330 2716 3743 2782 multitudinem,

2170 2822 2382 2870 remoto
2412 2828 2690 2881 mucrone,
2739 2813 2953 2881 sternit,
3000 2820 3258 2882 quantam
3299 2824 3369 2865 ne
3394 2820 3619 2881 possent
3644 2810 3745 2865 vivi

2169 2903 2410 2961 humare.
2442 2903 2549 2962 Sed
2578 2918 2648 2959 ne
2686 2904 2787 2959 bac
2813 2903 3030 2972 quidem
3052 2900 3408 2957 emendantur
3429 2898 3511 2967 ἀει,
3540 2908 3601 2954 ut
3622 2899 3746 2961 illud

2165 2994 2314 3051 Isaia:
2348 2995 2628 3067 prophetae
2647 2995 2701 3050 in
2725 3009 2792 3050 eo
2817 3008 3033 3063 quoque
3052 2993 3251 3065 populo
3274 3001 3332 3031 θ’
3358 2992 3638 3063 impletum
3669 2991 3746 3047 di-

2166 3085 2338 3141 centis
2359 3084 2456 3139 :Et
2480 3087 2674 3143 vocavit
2698 3084 2837 3148 Deus
2853 3082 3132 3155 populumf
3146 3081 3163 3120 τ
3194 3082 3264 3137 ad
3291 3083 3579 3156 planctum,
3604 3092 3655 3137 et
3680 3083 3747 3153 ad

406 3210 407 3215 η
487 3169 642 3227 lance
662 3172 1055 3243 pendebantur,
1075 3175 1120 3230 si
1146 3190 1253 3231 non
1274 3177 1514 3245 gratiora
1536 3177 1763 3234 fuissent
1786 3178 2068 3249 displicen-
2094 3185 2138 3248 ί]
2169 3174 2447 3237 catvitium,
2465 3183 2516 3228 et
2533 3173 2603 3227 ad
2630 3172 2888 3246 cingulum
2910 3172 3048 3226 sacci
3068 3187 3088 3225 :
3116 3187 3231 3226 ecce
3252 3180 3513 3243 coeperunt
3533 3180 3592 3219 ss
3616 3172 3745 3225 eitu-

487 3258 559 3313 tia
589 3277 602 3313 :
634 3260 709 3316 ita
739 3268 799 3321 ut
825 3262 1021 3319 merito
1052 3263 1242 3334 patriae
1268 3264 1401 3325 illud
1432 3267 1742 3338 exemplum
1768 3275 1797 3318 ι
1839 3268 2067 3339 prophe-

484 3347 669 3417 ticum,
699 3350 844 3423 quod
868 3362 1126 3412 veterano
1154 3360 1184 3404 «ι
1208 3354 1289 3412 illi
1317 3355 1518 3427 populo
1542 3356 1916 3413 denuntiatum
1957 3365 2061 3425 est,

483 3443 717 3511 potuerit
742 3444 916 3516 aptari
941 3462 956 3499 :
986 3444 1140 3511 Filii,
1160 3445 1430 3516 inquiens,
1457 3448 1572 3508 sine
1592 3448 1701 3520 lege
1722 3449 2062 3520 dereliquistis

485 3527 764 3587 Dominum
783 3571 805 3606 ι
848 3541 900 3592 et
940 3536 1012 3587 ad
1034 3533 1173 3588 iram
1203 3544 1224 3572 ν
1252 3536 1571 3606 prouocastis
1596 3545 1834 3594 sanctum
1865 3536 2054 3595 Israel.

483 3615 621 3687 Quid
657 3612 827 3678 adhuc
854 3625 1255 3693 percunctemitti
1279 3634 1303 3663 ⁸
1334 3617 1651 3698 opponentes
1690 3626 2015 3701 iniquitatem
2034 3628 2062 3683 γ

481 3705 650 3765 Omne
666 3718 824 3781 caput
850 3711 1151 3783 (mg-ddum
1177 3722 1228 3768 et
1253 3731 1405 3771 omne
1429 3731 1521 3772 cor
1538 3731 1755 3777 atterens
1778 3732 1799 3771 :
1820 3734 1853 3772 α
1871 3718 2059 3790 planta

480 3799 623 3872 pedis
645 3816 805 3870 usque
830 3802 901 3872 ad
924 3804 1180 3869 uerticem.
1211 3822 1317 3865 non
1343 3814 1421 3862 est
1448 3807 1504 3862 in
1528 3823 1591 3863 eo
1618 3809 1821 3863 sanitas
1852 3806 1988 3881 (Isa.
2016 3825 2053 3877 ι,

479 3888 511 3944 ι
526 3890 644 3961 -6).
693 3889 893 3969 Sicque
917 3893 1220 3964 agebantur
1250 3896 1270 3933 ι
1303 3907 1496 3953 cuncta
1522 3910 1643 3967 qua:
1660 3896 1823 3953 saluti
1849 3905 2060 3955 contra-

478 3980 553 4041 ria
576 3980 795 4052 fuerint,
843 3999 911 4053 ac
936 3986 985 4048 si
1006 3983 1139 4043 nibil
1163 3986 1452 4058 largiretur
1476 3988 1681 4045 mundo
1713 3988 1993 4046 medicinae
2020 4005 2055 4051 a

476 4085 602 4132 vero
612 4075 852 4140 omnium
878 4076 1087 4139 medico
1097 4086 1148 4133 ιι.
1162 4071 1230 4134 Et
1264 4093 1376 4136 non
1396 4078 1575 4136 solum
1601 4079 1706 4135 hac
1721 4089 1747 4119 τ
1766 4079 2053 4137 εωωιπεε

474 4163 571 4220 viri
595 4202 613 4229 .
659 4166 839 4253 sedet
861 4167 978 4238 ipse
1002 4181 1137 4238 grex
1164 4167 1379 4235 Domini
1405 4168 1629 4248 ejusque
1655 4179 1929 4253 pastores,
1952 4172 2051 4245 qui

539 4417 565 4482 ζ·
595 4406 762 4482 Edin
788 4419 1115 4482 peccatorum
1137 4427 1296 4467 onera
1324 4411 1649 4469 sustinenda.

543 4475 570 4515 δ
600 4475 755 4534 Εόὶι.’
774 4475 1047 4536 omittunt.

544 4555 567 4633 :
597 4546 763 4633 εξειίιςυ
791 4559 840 4632 ςι
861 4550 1040 4633 tarm-

539 4613 564 4652 "
594 4615 699 4692 Ιξξς
716 4613 900 4692 incipit
922 4634 1042 4692 cap.
1074 4636 1165 4679 xiv
1193 4620 1246 4676 in
1276 4635 1376 4681 ms.
1411 4616 1569 4682 Cant.

495 4696 566 4765 ηε
611 4683 1078 4765 Ηίιιετηξᾷοηιὴιπ,
1102 4700 1218 4764 post
1249 4707 1352 4751 non
1381 4692 1613 4764 tangunt.
1643 4690 1784 4760 loss.
1814 4700 1871 4750 et
1896 4692 2045 4755 Beda

472 4753 566 4911 ubi
1061 4834 1284 4906 famis...
1304 4833 1524 4889 tacite...
1543 4829 1767 4889 Rectius
1788 4830 2039 4892 fortasse.

536 4902 566 4966 Ξ
597 4896 762 4966 Edit.,
787 4902 1045 4957 vastitate.
1061 4896 1073 4906 ’
1362 4930 1367 4933 ·

541 4962 759 5037 Pﬁdit.,
788 4970 995 5027 habere.

542 5044 561 5113 '_
591 5040 755 5113 ﬁdit"
785 5049 837 5094 et
860 5040 1091 5113 fuerunt.

541 5109 562 5158 ι
596 5106 760 5174 Edit.,
783 5106 1037 5166 accidere.

535 5174 562 5259 ξ
592 5176 797 5259 Qesunt
820 5181 951 5259 edit.
984 5183 1082 5253 fuit
1105 5190 1162 5237 et
1188 5181 1316 5241 suis.
1351 5179 1550 5252 Statim
1573 5197 1735 5255 vero,
1765 5200 2030 5259 amorque.

538 5243 555 5285 ¹
590 5246 754 5305 Deest
776 5258 826 5304 et
848 5251 976 5307 edit.

537 5326 575 5354 ιιι
590 5315 770 5391 _Edit.,
792 5320 939 5391 quasi
961 5320 1272 5379 Britannite.

530 5394 560 5422 ι·
589 5385 762 5463 54s..
781 5385 1266 5463 enumerantur.

533 5465 561 5493 °
586 5456 754 5535 Edim
782 5456 1390 5535 displicuerint_._Deoque
1411 5462 1720 5535 placuerint.

531 5535 560 5576 Ρ
586 5525 749 5599 Qeest
771 5525 1060 5599 exemplum
1083 5531 1214 5586 edit.

532 5604 561 5664 ξι
591 5595 755 5664 Edit.,
785 5595 963 5652 reteri.

779 5665 1012 5745 Deum...
1044 5669 1389 5745 iracundiam.

540 5742 562 5807 ξ
586 5732 762 5807 _l'_3t_l_it.',
792 5738 1166 5807 perculicmt'nt'.
1196 5738 1362 5795 Bene.

534 5804 552 5848 ⁸
584 5800 756 5872 Edim
783 5800 1023 5876 agebant.

2171 3264 2251 3319 los
2278 3264 2511 3329 occidere
2532 3271 2582 3318 et
2599 3263 2842 3336 jugulare
2868 3263 3089 3328 arietes;
3112 3277 3228 3317 ecce
3244 3261 3562 3315 manducare
3584 3272 3637 3315 et
3672 3260 3744 3314 bi-
3822 3327 3847 3335 -

2171 3352 2288 3409 bere
2312 3362 2363 3409 et
2389 3355 2560 3411 dicere
2597 3369 2619 3411 :
2655 3348 3029 3411 Manducemus
3067 3362 3118 3408 et
3160 3351 3424 3419 bibamus,
3456 3367 3574 3422 cras
3613 3352 3744 3421 enim

2168 3445 2449 3500 moriemur
2488 3443 2629 3518 (Iso.
2657 3459 2791 3513 xxn,
2817 3442 2907 3511 12,
2931 3441 3041 3516 i5).
3067 3442 3552 3514 Appropinquabat
3576 3442 3737 3514 siqui-

2166 3534 2290 3592 dem
2317 3543 2535 3606 tempus
2562 3549 2671 3606 quo
2696 3535 2813 3605 ejus
2841 3533 3174 3605 iniquitates,
3205 3541 3263 3588 ut
3283 3532 3743 3603 Amorrlueorum,

2165 3625 2585 3696 complerentur.

2229 3715 2509 3788 Camxxu.
2531 3717 2612 3772 De
2639 3716 2951 3776 σπάκα-
2966 3713 3139 3773 initur
3164 3729 3401 3785 namque
3425 3714 3743 3771 consilium:

2159 3807 2287 3877 quid
2319 3809 2605 3879 optimum,
2636 3808 2835 3877 quidve
2857 3806 3269 3877 saluberrimum
3294 3806 3362 3861 ad
3403 3805 3743 3877 repellendas

2156 3906 2267 3972 tam
2292 3900 2510 3956 crebras
2537 3908 2594 3965 et
2618 3908 2727 3954 tam
2750 3897 2947 3957 ferales
2965 3895 3027 3936 ιιι
3052 3898 3480 3969 supradictarum
3501 3897 3743 3968 gentium

2155 3989 2482 4065 irruptiones
2508 3991 2843 4062 praedasque,
2870 3989 3089 4053 decerni
3115 3989 3297 4060 potius
3335 3986 3380 4026 ίί
3413 3988 3663 4044 deberet.

2228 4081 2359 4149 Car.
2390 4097 2541 4153 xxtu.
2571 4080 2651 4137 De
2676 4080 2890 4136 amiare
2916 4081 3077 4135 multa
3098 4081 3280 4149 primis
3308 4079 3474 4136 hoste.
3500 4111 3577 4123 —
3603 4077 3740 4134 Tum

2156 4188 2345 4248 omnes
2381 4174 2673 4247 consiliarii
2711 4186 2820 4248 una
2851 4171 2899 4224 ti
2935 4187 3059 4252 eum
3078 4172 3313 4244 superbo
3341 4178 3575 4244 tyranno
3599 4171 3735 4228 Gur-

2073 4416 2124 4476 D
2192 4421 2248 4487 A“
2270 4415 2437 4487 Edit.,
2467 4419 2660 4480 mdo
2680 4419 2937 4479 medicina
2954 4435 2989 4475 a
3011 4434 3128 4479 vero
3148 4421 3385 4479 omnium
3410 4423 3617 4479 medico
3636 4424 3735 4479 (aﬂ-

2152 4494 2367 4554 giretur.
2964 4508 2972 4513 ‹

2221 4554 2731 4641 Igne/“9:-.-
2836 4629 2848 4641 .
2919 4629 2931 4641 .
3070 4628 3083 4641 .

2222 4634 2247 4663 ³
2277 4628 2483 4684 Desunt
2519 4628 2652 4689 edit.
2681 4636 2732 4691 et
2758 4629 2931 4685 seduci
2964 4628 3112 4689 uanis
3140 4643 3317 4695 eorum
3340 4636 3616 4689 etet-rore.
3663 4660 3734 4687 -γ

2146 4691 2283 4753 Bibl.
2311 4696 2413 4751 PP.
2438 4696 2635 4769 Paris,
2666 4715 2820 4769 super
2845 4698 3131 4769 principes,
3154 4691 3242 4767 qui
3268 4714 3356 4753 eos
3382 4703 3622 4769 facerm
3642 4718 3732 4763 er—

2145 4779 2266 4821 rare
2290 4769 2347 4822 in
2369 4768 2530 4833 invio,
2552 4778 2603 4822 et
2626 4768 2811 4827 nonin
2840 4771 2944 4829 vin.

2214 4845 2243 4886 γ
2272 4834 2373 4909 [lic
2395 4838 2587 4907 incipit
2610 4846 2774 4909 caput
2801 4854 2867 4893 xv
2893 4838 2950 4892 in
2978 4852 3079 4901 ms.
3111 4835 3271 4909 Cant.

2217 4914 2239 4942 ²
2268 4905 2429 4963 Deest
2457 4905 2620 4963 totam
2647 4905 2777 4963 edit.

2214 4984 2272 5012 “
2299 4975 2464 5044 Edit.,
2489 4977 2558 5030 ad
2587 4986 2825 5043 mortem.

2211 5044 2271 5087 ινδ
2295 5045 2457 5106 Edit..
2482 5046 2749 5101 incumbit.

2214 5125 2268 5190 ῗῗ
2298 5115 2462 5190 999⁸⁸
2483 5125 2711 5190 mpm."
2732 5117 2865 5190 edit!

2207 5182 2265 5222 ἀει
2295 5184 2461 5254 Edit.,
2487 5182 2811 5243 emendatur.
2856 5202 2859 5203 '

2208 5264 2267 5328 f‘.’
2288 5254 2459 5328 Ρθεει
2482 5256 2671 5328 Polluit)
2697 5256 2829 5328 odii.

2210 5323 2261 5381 Π
2286 5324 2447 5397 Deest
2472 5323 2717 5397 populum
2742 5326 2871 5397 edit.

2205 5403 2264 5466 βξ
2293 5395 2456 5466 Qeest
2484 5395 2745 5466 coeperunt
2772 5396 2904 5453 edit.

2202 5462 2263 5541 {ﬂ}
2285 5462 2460 5541 imit“
2492 5462 2807 5541 replicati“
2835 5475 2943 5521 tam
2970 5467 3163 5539 ferales.
3180 5476 3231 5538 α
3252 5478 3361 5541 ιω
3389 5471 3628 5541 πέρναι.

2209 5533 2254 5606 il
2285 5533 2444 5606 Qeest
2463 5533 2637 5606 potius
2667 5535 2798 5591 edit.
2970 5533 2981 5538 ’
3038 5536 3041 5539 λ
3160 5533 3163 5535 ’
3223 5535 3227 5538 ’
3336 5540 3339 5541 ⁷
3489 5533 3495 5537 ’
3553 5541 3556 5545 ’

2203 5604 2249 5654 tl
2289 5601 2596 5675 Edit.,'uno.
2627 5602 2637 5612 ³

2209 5744 2224 5774 ⁸
2257 5743 2341 5805 An
2372 5743 2689 5816 rapacibus?
