3952 6362
248 280 354 336 345

1232 281 1438 339 LIBER
1475 275 1868 350 queamus.
1912 276 2089 336 psus
2125 279 2167 335 ι.
2208 279 2553 341 HISTORIA.

3421 285 3527 340 3&6

254 394 530 463 thrigerno
551 391 933 451 Britannorum
958 394 1095 452 duce
1111 403 1137 432 ι
1164 404 1455 461 cmeantur,
1486 402 1542 450 et
1565 391 1593 431 δ
1620 393 1839 448 adinve-
1866 394 1916 450 Δ
1943 405 2207 465 agrosque
2224 396 2507 466 populans,
2537 397 2630 468 qui
2656 406 2679 434 ι
2706 412 2816 453 non
2831 396 3038 470 quievit
3061 412 3337 465 accensus,
3355 398 3530 456 donec

254 484 464 540 nientes
502 483 614 541 tale
660 485 983 557 prasidium.
1035 485 1145 542 imo
1188 485 1457 541 excidium
1505 484 1734 557 patriae,
1783 493 1843 540 ut

255 574 578 631 ferocissimi
617 575 694 631 illi
724 574 939 631 nefandi
968 575 1200 635 nominis
1226 575 1490 643 Saxones,
1525 575 1635 631 Deo
1664 575 1840 632 homi-

256 666 523 737 nibusque
550 665 727 734 invisi,
776 666 928 736 quasi
955 665 1220 721 in‘caulas
1248 667 1380 738 lupi,
1433 667 1486 721 in
1515 665 1746 731 insulam
1775 664 1843 721 ad

255 757 613 815 retrudendas
643 769 665 799 ε
719 759 1053 829 aquilonales
1098 768 1287 829 gentes
1333 761 1842 819 intromitterentur.

257 849 377 917 Quo
402 849 591 919 utique
622 849 754 905 nihil
777 851 826 905 ei
858 864 1083 920 usquam
1112 850 1489 922 perniciosius,
1532 852 1663 906 nihil
1692 867 1845 908 ama-

222 964 228 977 δ
257 944 371 1001 rius
399 942 605 997 factum
647 949 748 998 est.
794 939 839 998 Ο
866 942 1183 999 altissimam
1220 958 1409 999 sensus
1438 943 1724 1013 caliginem
1744 984 1761 1013 ,
1812 962 1847 1002 ο

258 1036 657 1110 desperabilem
680 1035 1009 1106 erudamque
1037 1036 1233 1092 mentis
1264 1036 1673 1093 hebetudinem!
1699 1035 1848 1104 Quos

258 1128 587 1203 propensius
616 1136 811 1197 morte,
844 1145 966 1186 cum
994 1128 1269 1200 abessent,
1300 1130 1623 1197 tremebant,
1653 1139 1849 1202 sponte

261 1223 279 1291 (
306 1230 365 1276 ut
406 1221 482 1275 ita
510 1219 720 1291 dicam)
757 1221 857 1275 sub
884 1221 1043 1277 unius
1073 1222 1200 1277 tecti
1230 1220 1467 1278 culmine
1495 1220 1797 1278 invitabant
1831 1240 1844 1276 :

260 1311 426 1367 Stulti
454 1320 575 1366 sunt
599 1308 626 1348 ἀ
655 1312 916 1383 principes
965 1312 985 1384 (
1008 1319 1066 1366 ut
1092 1311 1295 1368 dictum
1327 1320 1410 1369 est
1435 1312 1454 1379 )
1506 1311 1767 1387 Thafneos
1797 1326 1846 1383 ⁸,

260 1404 447 1459 dantes
478 1402 775 1458 Pharaonis
804 1403 1075 1459 consilium
1100 1403 1400 1476 insipienti‘
1434 1403 1698 1478 (Isa.xtx,
1732 1404 1844 1478 ll).

262 1495 401 1550 Tum
430 1509 723 1567 erumpens
743 1508 873 1564 grex
906 1495 1209 1551 catulorum
1239 1496 1306 1552 de
1328 1497 1489 1553 cubili
1521 1496 1704 1552 leaena:
1726 1496 1851 1552 bar-

263 1586 432 1641 baria:
447 1587 621 1641 tribus
648 1586 726 1659 (ut
748 1586 930 1657 lingua
946 1585 1064 1658 ejus
1084 1588 1423 1659 exprimitur)
1447 1587 1646 1661 Cyulis,
1667 1599 1851 1647 nostra

263 1679 445 1748 lingua
471 1688 498 1727 tt
525 1677 702 1749 longis
731 1678 957 1734 navibus
978 1721 994 1744 ,
1043 1680 1293 1735 secundis
1331 1680 1464 1736 velis
1490 1723 1507 1749 ,
1552 1681 1790 1739 secundo
1822 1679 1850 1721 ’³

1945 492 2139 540 cuncta
2213 501 2353 556 pene
2403 502 2635 543 exurens
2697 488 2884 544 insula:
2958 490 3299 561 superﬁciem
3366 490 3531 546 rubra

1945 575 2334 632 occidentalem
2381 579 2622 649 trucique
2662 576 2933 634 Oceanum
2968 580 3144 650 lingua
3173 580 3528 639 delamheret.

1945 666 2003 721 la
2031 669 2135 723 hoc
2163 681 2293 736 ergo
2323 668 2526 740 impetu
2555 668 2805 742 Assyrio,
2855 670 2983 726 olim
3034 679 3092 726 ut
3136 672 3189 726 in
3236 670 3473 727 Judatam
3505 675 3524 709 ι

1946 757 2331 829 comparando,
2377 760 2667 831 completur
2705 777 2921 831 quoque
2968 763 3019 816 in
3051 763 3205 817 nobis
3232 760 3530 819 secundum

1946 849 2321 918 historiam,ut
2349 850 2544 907 dicitur
2567 862 2628 905 ιιι
2662 851 3011 909 Incenderunt
3040 855 3146 926 igni
3175 855 3533 909 sanctuarium

1950 949 2090 995 tuum
2113 983 2128 1008 ,
2180 942 2233 995 in
2278 952 2416 997 terra
2452 944 2746 1013 polluerunt
2789 944 3175 999 tabernaculum
3204 947 3427 1001 nominis
3457 946 3534 1002 tui

1951 1033 2125 1103 (Psal.
2155 1052 2349 1102 Lxxm,
2378 1034 2458 1109 7).
2510 1035 2575 1091 Et
2604 1037 2795 1092 iterum
2827 1037 2956 1093 dicit
2980 1049 3002 1074 ν
3043 1056 3055 1093 :
3097 1037 3254 1101 Deus,
3287 1045 3533 1094 venerunt

1948 1137 2127 1199 gentes
2148 1129 2202 1183 in
2226 1128 2579 1184 hatreditatem
2610 1140 2780 1198 tuam,
2825 1130 3117 1201 polluerunt
3141 1130 3383 1200 templum
3404 1147 3533 1184 san-

1949 1228 2086 1273 ctum
2119 1230 2258 1275 tuum
2288 1219 2458 1295 (Psal.
2491 1238 2713 1286 Lxxvm,
2741 1221 2821 1294 1),
2851 1231 2957 1279 etc.
3013 1221 3090 1277 lta
3120 1230 3180 1276 ut
3206 1230 3413 1278 cuncta:
3441 1239 3536 1280 co-

1950 1309 2146 1366 lumna:
2174 1321 2198 1348 ι
2246 1312 2449 1368 crebris
2493 1313 2789 1378 arietibus,
2845 1328 3139 1382 omnesque
3176 1313 3356 1368 coloni
3412 1328 3534 1369 eum

1952 1404 2255 1476 przepositis
2284 1404 2567 1467 ecclesiae,
2618 1420 2739 1459 eum
2787 1403 3157 1459 sacerdotibus
3202 1418 3266 1458 ac
3311 1403 3534 1474 populo,

1953 1494 2300 1550 mucronibus
2329 1494 2563 1564 undique
2583 1494 2905 1549 micantibus
2926 1509 2990 1550 ac
3016 1491 3243 1549 llammis
3270 1494 3536 1564 crepitan-

1954 1588 2117 1651 tibus.
2148 1586 2306 1641 simul
2334 1586 2454 1641 solo
2483 1592 2874 1650 sternerentur,
2908 1594 2963 1639 et
2991 1584 3283 1640 miserabili
3311 1584 3452 1649 visu,
3483 1583 3537 1640 in

1956 1677 2134 1733 medio
2152 1677 2451 1749 platearum
2470 1717 2485 1744 ,
2517 1690 2623 1729 una
2655 1675 2880 1729 turrium
2910 1673 3057 1729 edito
3086 1674 3303 1729 cardine
3328 1674 3536 1728 evulsa-

263 1770 448 1829 omine
474 1770 817 1840 auguriisque
841 1786 857 1838 ;
888 1770 1082 1841 quibus
1109 1771 1506 1827 vaticinabatur
1527 1782 1677 1829 certo
1701 1773 1845 1846 apud
1879 1763 1927 1824 B
1952 1785 2072 1824 rum
2100 1779 2129 1818 γ
2146 1811 2162 1837 ,
2211 1781 2598 1837 murorumque
2626 1766 2893 1820 celsorum
2920 1780 3073 1831 saxa,
3125 1779 3276 1818 sacra
3326 1764 3537 1828 altaria,

263 1880 392 1923 eum
416 1863 705 1935 prtesagio,
752 1862 897 1935 quod
943 1870 1027 1919 ter
1052 1872 1268 1920 centum
1298 1865 1454 1919 annis
1478 1874 1676 1921 terram
1714 1865 1727 1904 ί
1764 1868 1852 1923 cui

264 1968 460 2026 proras
487 1953 710 2008 librarat
742 1953 757 2004 ὅ
785 1994 802 2020 ,
848 1952 1108 2008 insideret
1136 1970 1149 2007 :
1181 1962 1396 2009 centum
1426 1970 1556 2010 vero
1582 1956 1852 2027 quinqua-

265 2045 447 2117 ginta,
480 2046 588 2102 hoc
624 2053 705 2101 est
732 2044 965 2102 demidio
996 2044 1022 2083 ιτ
1058 2046 1317 2117 temporis
1358 2048 1554 2119 saepius
1580 2063 1797 2120 quoque
1828 2045 1846 2086 ι

265 2145 529 2193 vastaret.
554 2134 789 2193 Evectus
827 2137 1003 2208 primo
1048 2137 1101 2192 in
1146 2138 1395 2195 orientali
1441 2147 1595 2210 parte
1644 2137 1850 2205 insulas,

267 2228 489 2300 iubente
517 2237 766 2301 tyranno,
800 2229 1065 2293 terribiles
1094 2229 1266 2287 inlixit
1303 2245 1541 2301 ungues,
1574 2232 1729 2301 quasi
1754 2246 1853 2303 pro

265 2321 443 2390 patria
474 2328 804 2391 pugnaturus
827 2359 843 2384 ,
894 2320 991 2377 sed
1022 2337 1141 2379 eam
1179 2323 1379 2380 certius
1423 2324 1850 2396 impugnaturus.

268 2406 370 2466 Cui
394 2409 703 2482 supradicta
732 2411 966 2482 genitrix
997 2414 1195 2484 (primo
1223 2416 1564 2485 comperiens
1590 2418 1790 2487 agmini
1812 2428 1852 2456 ω

269 2502 437 2558 fuisse
462 2503 859 2574 prosperatum)
884 2503 1011 2559 item
1045 2504 1207 2561 mittit
1234 2505 1524 2562 satellitum
1553 2522 1855 2584 canumque

268 2593 618 2665 prolixiorem
656 2602 917 2649 catastam
949 2595 964 2626 ι
982 2636 998 2664 ,
1021 2609 1141 2665 qum
1170 2595 1373 2652 ratibus
1395 2596 1618 2664 advecta
1644 2598 1855 2654 aduna-

191 2718 204 2729 ο
269 2693 359 2739 tur
386 2699 512 2740 cum
541 2684 965 2754 manipularibus
988 2685 1205 2756 spuriis.
1248 2685 1380 2743 lnde
1402 2701 1624 2757 germen
1653 2689 1855 2761 iniqui-

270 2775 421 2839 tatis,
453 2774 603 2829 radix
632 2774 1027 2845 amaritudinis,
1069 2776 1335 2835 virulenta
1363 2779 1627 2849 plautatio
1655 2783 1857 2841 nostris

268 2865 536 2935 condigna
564 2866 793 2934 meritis,
824 2863 880 2922 i'n
907 2875 1094 2923 nostro
1122 2869 1343 2938 eeSpite,
1369 2868 1640 2928 ferocibus
1666 2872 1859 2942 palmi-

270 2959 418 3015 tibus
445 2959 820 3031 pampinisque
847 2960 1146 3030 pullulabat
1176 2969 1226 3023 ι’.
1280 2960 1446 3031 Igitur
1473 2963 1771 3021 intromissi
1802 2967 1856 3022 in

266 3050 504 3108 insulam
529 3051 766 3119 barbari,
789 3054 957 3109 veluti
984 3052 1259 3118 militibus,
1291 3064 1345 3110 et
1375 3071 1566 3126 magna
1589 3057 1671 3128 (ut
1698 3074 1855 3115 men-

270 3144 565 3216 tiebantur)
587 3160 685 3217 pro
707 3145 863 3201 bonis
882 3145 1189 3203 discrimina
1203 3148 1505 3220 hospitibus
1524 3159 1548 3187 °
1577 3150 1855 3219 subituris,

271 3237 567 3309 impetrant
610 3238 714 3295 sibi
764 3252 1008 3296 annonas
1048 3238 1186 3295 dari.
1235 3239 1366 3308 Quae
1396 3241 1566 3297 multo
1612 3249 1857 3313 tempore

270 3330 562 3402 impertita:
584 3329 895 3387 claruerunt
928 3329 1013 3400 (ut
1038 3329 1259 3402 dicitur)
1298 3330 1448 3387 cauis
1474 3330 1692 3388 famem.
1719 3331 1857 3388 Item

269 3423 574 3494 queruntur
603 3433 630 3472 ι)
656 3436 766 3478 non
793 3420 1080 3481 afﬂuenter
1114 3421 1216 3477 sibi
1254 3422 1519 3493 epimenia
1563 3423 1855 3491 contribui,

271 3512 589 3575 occasiones
601 3513 670 3569 de
695 3512 957 3569 industria
982 3511 1309 3579 colorantes;
1334 3522 1389 3569 et
1408 3511 1512 3573 nisi
1534 3522 1560 3562 ιι
1587 3511 1859 3585 profusior

269 3602 352 3659 eis
375 3602 743 3659 muniﬁcentia
763 3601 1148 3668 cumularetur,
1179 3608 1445 3660 testantur
1470 3617 1531 3659 se
1558 3610 1750 3665 cuneta
1783 3603 1860 3658 im

269 3690 407 3749 stulte
434 3699 592 3762 rupto
621 3691 822 3748 findere
848 3690 1288 3771 depopulaturos.
1319 3691 1431 3747 Nec
1457 3708 1610 3750 mora
1634 3734 1649 3760 ,
1682 3696 1858 3753 minas

270 3780 556 3837 effectibus
583 3791 1005 3853 prosequuntur.

346 3870 478 3928 Car.
501 3887 645 3927 xxiv.
677 3870 757 3927 De
782 3870 986 3929 urbium
1010 3870 1437 3929 ’.ὀπτῆσαι-ιε
1456 3871 1857 3935 Coufovebatur

269 3975 510 4030 namque
530 3960 749 4016 ultionis
762 3959 920 4029 justte
938 3959 1355 4031 przecedentium
1374 3963 1641 4020 scelerttm
1666 3979 1851 4034 causa.

268 4053 340 4109 de
368 4053 505 4109 mari
532 4065 707 4121 usque
723 4050 795 4105 ad
828 4065 977 4107 mare
1020 4051 1157 4121 ignis
1202 4051 1480 4117 orientalis
1511 4064 1534 4093 ι’
1564 4056 1855 4128 sacrilego.

268 4160 390 4201 rum
414 4159 579 4203 manu
598 4150 971 4212 exaggeratos,
993 4150 1049 4200 et
1071 4141 1324 4199 finitimas
1343 4157 1584 4221 quasque
1608 4148 1853 4213 civitates

343 4335 369 4364 ι
404 4326 549 4388 “me,
569 4323 942 4396 Curtltrigerno
957 4319 1330 4396 Britannorum
1345 4321 1489 4389 duce,
1509 4322 1704 4385 desunt
1718 4328 1847 4391 edit.

342 4396 371 4436 ι’
398 4396 723 4466 Conjunctio
751 4392 803 4466 et
823 4392 978 4466 deest
1000 4392 1132 4453 edit,

343 4478 367 4507 ο
402 4461 573 4532 Edit.,
595 4461 963 4521 retundendus.

340 4545 365 4575 σ
392 4537 558 4594 Deest
583 4547 703 4591 sunt
732 4536 861 4592 edit.

344 4623 366 4645 τ
396 4607 564 4674 Edit.,
599 4607 820 4662 Taneos.

347 4677 366 4717 ί
401 4677 568 4744 Edit.,
594 4678 869 4748 insipiens.

342 4758 368 4820 β
396 4748 559 4820 Deest
583 4747 915 4820 linguaedit.

341 4817 366 4856 ιι
400 4819 560 4874 Deest
584 4817 807 4873 secundo
834 4818 963 4875 edit.

346 4889 358 4928 ί
397 4888 567 4960 ﬁdit"
598 4890 844 4960 patriam.

343 4963 358 5015 i
392 4958 563 5027 Εῶιη
592 4957 838 5015 librabat.

340 5032 365 5071 Ιι
394 5028 564 5098 Εόὶεη
592 5030 832 5089 dimidio.

344 5100 360 5141 1
400 5101 567 5173 Deest
593 5116 789 5173 quoque
817 5099 948 5157 edit.

338 5183 380 5211 ω
401 5169 574 5244 Edit.,
604 5169 926 5243 comperiens
953 5171 1127 5244 primo
1144 5172 1365 5243 agmini.

334 5254 367 5286 ιι
396 5243 561 5309 Edit.,
590 5244 831 5313 pullulat.

340 5316 363 5339 ⁸
391 5314 561 5379 Edit.,
592 5312 911 5369 Discrimina
936 5330 1033 5384 pro
1054 5312 1204 5384 (fanis
1229 5312 1534 5383 hospitibus.

340 5396 369 5509 ξ
574 5386 821 5469 (excepta
849 5380 986 5441 Bibl.
1017 5382 1120 5441 PP.
1150 5380 1369 5454 Paris.),
1400 5396 1720 5461 queruntur,

482 5476 492 5510 ι
524 5495 564 5511 ..
593 5472 667 5510 ni.

337 5467 367 5509 ιι
399 5457 564 5523 Edit.,
593 5457 667 5510 ni.

347 5539 364 5565 τ
400 5526 569 5593 Edit.,
597 5526 859 5587 orientali.

341 5605 365 5639 ⁸
398 5598 560 5669 Deest
583 5599 671 5669 qui
692 5597 823 5669 edit.

342 5666 819 5745 t_Edi_t.,_'Ju_dam.
845 5699 921 5710 —
962 5666 1123 5724 Addit
1147 5669 1286 5739 {acto
1326 5684 1428 5742 pro
1467 5671 1843 5745 comparando,

260 5737 535 5817 Bibl.“
559 5736 734 5817 Paris.

340 5821 367 5849 ιι
394 5808 557 5881 ﬁdit"
585 5812 724 5883 quod
744 5812 995 5880 prop/tela
1015 5810 1292 5884 deplorans
1311 5812 1408 5880 ait.

1951 1862 2273 1919 cadaverum
2306 1859 2470 1915 frusta
2493 1900 2508 1925 ,
2557 1858 2752 1914 crustis
2779 1872 2843 1913 ac
2884 1846 3185 1926 gelantibus
3216 1864 3238 1891 ε
3281 1855 3538 1925 purpurei

1952 1954 2159 2010 cruoris
2186 1961 2364 2021 tecta,
2414 1951 2561 2008 velut
2604 1951 2658 2006 in
2703 1948 2934 2020 quodam
2966 1946 3235 2004 horrendo
3286 1946 3539 2003 torculari

1952 2046 2119 2101 mixta
2147 2044 2492 2111 viderentur,
2541 2051 2599 2098 et
2645 2043 2790 2097 nulla
2821 2050 2966 2096 esset
2995 2040 3319 2095 omnimodis
3349 2048 3541 2109 prmter

1954 2136 2243 2195 horribiles
2272 2145 2328 2173 υ·
2365 2134 2648 2191 domorum
2677 2134 2882 2199 ruinas,
2909 2133 3203 2188 bestiarum
3235 2132 3541 2186 volucrum-

1953 2246 2060 2302 que
2091 2238 2306 2285 ventres
2338 2231 2390 2283 in
2442 2227 2620 2285 medio
2667 2226 2984 2297 sepultura,
3033 2224 3183 2280 salva
3232 2231 3540 2280 sanctarum

1954 2322 2254 2378 animarum
2285 2318 2589 2375 reverentia
2614 2335 2630 2384 ;
2680 2318 2726 2374 si
2756 2325 2934 2370 tamen
2968 2314 3409 2373 multatinventae
3433 2310 3539 2367 sint

1955 2427 2074 2484 qua:
2101 2411 2282 2470 arduis
2311 2409 2432 2467 coeli
2474 2425 2571 2480 per
2599 2408 2650 2463 id
2680 2406 2738 2446 ων
2769 2406 3026 2477 temporis
3054 2420 3083 2459 a
3117 2404 3317 2461 sanctis
3339 2402 3541 2472 angelis

1957 2505 2290 2561 vehebantur
2307 2512 2382 2556 τε.
2406 2500 2482 2557 lta
2509 2500 2650 2555 enim
2676 2499 3096 2568 degeneraverat
3121 2497 3277 2552 vinea
3305 2495 3393 2549 illa
3414 2493 3541 2549 olim

1956 2600 2099 2656 bona
2127 2600 2182 2655 in
2215 2596 2629 2655 amaritudinem
2655 2609 2811 2650 versa
2839 2589 2898 2630 ἀει
2919 2633 2935 2659 ,
2968 2592 3046 2647 uti
3094 2606 3217 2646 raro
3248 2588 3541 2645 secundum

1958 2692 2280 2765 prophetam
2333 2687 2610 2745 videretur
2665 2695 2782 2758 post
2847 2696 3049 2757 tergum
3113 2681 3541 2737 vindemiatorum

1961 2785 2148 2856 (Mica.
2178 2800 2268 2847 vn,
2304 2781 2356 2853 l)
2387 2788 2482 2836 aut
2510 2793 2810 2835 messorum
2841 2791 3087 2833 racemus
3114 2774 3201 2829 vel
3230 2774 3363 2842 ipsa.

2030 2874 2159 2931 Car.
2187 2888 2311 2929 xxv.
2346 2870 2428 2928 De
2455 2870 2706 2942 reliquiis.
2736 2900 2809 2910 —
2837 2866 3023 2935 itaque
3051 2864 3295 2920 nonnulli
3324 2861 3542 2917 misera-

1959 2982 2080 3023 rum
2108 2964 2455 3036 reliquiarum
2486 2961 2537 3015 in
2569 2958 2843 3014 montibus
2887 2955 3211 3027 deprehensi
3252 2952 3542 3010 acervatim

1955 3056 2339 3128 jugulabantur
2371 3069 2384 3105 :
2416 3051 2506 3105 alii
2535 3050 2674 3103 fame
2700 3047 2930 3103 confecti
2959 3047 3298 3111 accedentes,
3350 3058 3542 3099 manus

1884 3146 1934 3213 C
1962 3148 2204 3203 hostibus
2231 3144 2428 3200 dabant
2458 3141 2510 3195 in
2535 3154 2706 3195 aevum
2729 3137 2979 3193 servituri
3006 3146 3060 3176 ο·
3092 3153 3105 3189 :
3131 3135 3177 3189 si
3216 3144 3395 3189 tamen
3435 3149 3542 3189 non

1958 3238 2217 3301 continuo
2245 3231 2683 3301 trucidarentur;
2713 3225 2857 3299 quod
2892 3224 3164 3282 altissimae
3204 3222 3389 3292 gratiae
3424 3228 3541 3276 sta-

1958 3328 2053 3385 bat
2080 3327 2133 3382 in
2162 3325 2284 3381 loco
2317 3322 2369 3363 ”
2402 3340 2417 3376 :
2449 3320 2539 3377 alii
2583 3317 2967 3375 transmarinas
2996 3313 3253 3386 petebant
3298 3311 3543 3380 regiones

1959 3434 2082 3481 cum
2099 3417 2306 3476 ululatu
2331 3426 2551 3483 magno.
2579 3423 2677 3467 seu
2701 3405 3076 3465 celeusmatis'
3103 3404 3242 3469 vice,
3260 3402 3365 3459 hoc
3384 3399 3544 3456 modo

1960 3512 2061 3570 sub
2085 3510 2327 3567 velorum
2358 3505 2563 3565 sinibus
2590 3507 2873 3559 cantantes
2903 3515 2919 3551 :
2952 3495 3153 3552 Dedisti
3173 3510 3268 3549 nos
3299 3500 3547 3563 tanquam

1960 3622 2077 3665 oues
2105 3616 2360 3667 «carent,
2390 3608 2441 3654 et
2462 3598 2519 3652 in
2562 3594 2798 3669 gentibus
2828 3590 3119 3663 dispersisti
3157 3604 3272 3653 nos,
3306 3583 3446 3640 Deus
3477 3592 3536 3631 η

1962 3696 2134 3773 (Psat.
2149 3710 2297 3758 mn,
2320 3690 2409 3761 ii)
2425 3708 2438 3745 :
2456 3688 2546 3744 alii
2562 3684 2665 3742 ab“
2679 3684 2950 3742 montanis
2972 3680 3223 3745 collibus,
3248 3676 3549 3773 minacibus

1956 3770 2241 3863 praeruptis
2262 3781 2446 3838 vallati
2473 3788 2530 3835 et
2568 3776 2898 3836 densissimis
2940 3773 3166 3829 saltibus
3205 3770 3537 3863 marinisqne

1958 3860 2201 3951 rupibus,
2231 3876 2400 3932 vitam
2426 3877 2675 3942 suspecta
2705 3882 2918 3938 semper
2948 3872 3129 3920 mente
3157 3863 3463 3932 credentes,
3486 3860 3544 3917 in

1957 3972 2135 4046 patria
2163 3969 2290 4024 licet
2316 3963 2512 4035 trepidi
2538 3959 2870 4034 perstabant,
2909 3955 3245 4025 “Tempore
3274 3955 3436 4024 igitur
3464 3954 3541 4009 in-

1963 4064 2315 4124 terveniente,
2345 4058 2620 4127 aliquanto
2644 4068 2766 4109 eum
2793 4049 3148 4107 recessissent
3170 4046 3389 4105 domum
3412 4060 3542 4100 cru-

1958 4157 2216 4221 delissimi
2243 4152 2521 4227 praedones
2543 4191 2559 4219 ,
2600 4148 2871 4203 roborata:
2900 4159 2932 4199 a
2957 4140 3186 4198 Domino
3219 4138 3264 4192 ti
3302 4137 3544 4208 reliquiae

2035 4344 2059 4372 ν
2089 4332 2253 4388 Deest
2279 4329 2407 4385 edit.

2028 4413 2055 4442 ι
2085 4402 2253 4469 Edit.,
2278 4398 2519 4454 coloniat.
2638 4463 2650 4470 Δ
2939 4457 3052 4470 Μ,
3092 4454 3176 4470 ,η
3222 4454 3258 4470 ,,
3326 4455 3339 4468 .

2025 4484 2055 4524 r
2083 4454 2253 4539 idib;
2281 4470 2506 4525 redito...
2531 4463 2923 4539 avulsarum—
2939 4457 3075 4513 Bibl.
3092 4454 3197 4511 PP.
3220 4454 3414 4519 Paris.,
3438 4470 3544 4509 una

1880 4512 1930 4575 υ
1955 4512 2178 4601 ταινίῖῆ
2205 4512 2421 4596 cardine
2454 4538 2653 4591 avulso.

2032 4596 2221 4668 i‘Edit.
2241 4654 2257 4677 ,
2298 4606 2667 4681 sigittantibus.
2690 4635 2771 4681 _——
2795 4599 2931 4655 Bibl.
2965 4597 3069 4655 PP.
3101 4596 3269 4654 Paris.
3291 4636 3309 4662 ,
3357 4597 3543 4652 crustis

1957 4702 2150 4761 pure,“
2160 4673 2500 4761 interm'edi'ins.
2509 4673 2753 4761 ‘omislsi‘s.

2029 4744 2088 4793 κά
2119 4744 2276 4808 Deest
2306 4747 2579 4805 horribiles
2605 4744 2735 4800 edit.

2025 4824 2087 4865 ιδ
2112 4820 2553 4893 Prmpositionem
2574 4815 2841 4893 omittunt
2850 4812 2985 4893 _edit_.
2999 4809 3251 4893 TPaulo
3265 4817 3391 4866 ante
3402 4808 3540 4877 Bibl,

1956 4893 2060 4956 PP.
2094 4882 2291 4961 Parii,
2313 4905 2429 4961 qua:
2456 4888 2526 4941 ad
2554 4885 2722 4940 ardua
2748 4882 2863 4939 cudi
2884 4899 2902 4937 :
2927 4882 3147 4938 clarius.

2031 4977 2088 5005 ω
2120 4963 2288 5029 Edit.,
2314 4960 2639 5029 veherentur.

2026 5034 2083 5082 dd
2111 5028 2281 5099 Deest
2298 5047 2448 5087 versa
2472 5028 2643 5099 edith
2667 5074 2693 5099 ,ι

2031 5117 2085 5143 τε
2114 5089 2260 5174 Εάίι.
2287 5104 2537 5174 (excepta
2561 5092 2844 5174 ,Βίῳ-ιιι».
2872 5091 3090 5162 Paris.),
3117 5089 3411 5147 servaturi..

2031 5175 2049 5215 ι
2064 5175 2081 5214 τ
2114 5172 2276 5240 Deest
2294 5164 2612 5240 'pmp'ositio
2638 5164 2771 5221 edit.

2025 5256 2082 5295 ss
2112 5238 2274 5306 Deest
2294 5238 2435 5300 Deus
2457 5240 2588 5295 edit.

2026 5315 2081 5354 ιλιι
2108 5300 2551 5383 Prmpmitionem
2602 5310 2860 5369 omittunt
2886 5303 3039 5369 edit.,
3070 5312 3125 5358 et
3172 5317 3298 5357 mox
3334 5300 3543 5373 vallati}

1952 5387 2157 5455 habent
2183 5382 2283 5455 pro
2310 5382 2507 5455 satiati.

2030 5457 2079 5504 ti
2114 5442 2215 5511 Hic
2239 5452 2427 5522 incipit
2454 5457 2618 5522 caput
2644 5463 2773 5505 xvm
2801 5446 2854 5501 in
2880 5459 2984 5499 ms.
3012 5442 3170 5496 Cant.

2026 5527 2072 5579 ii
2104 5525 2275 5592 Edit.,
2298 5541 2332 5578 a
2354 5521 2492 5580 Deo.

2026 5668 2043 5699 ⁸
2072 5664 2210 5721 Bibl.
2241 5662 2348 5719 PP.
2380 5662 2575 5726 Paris.,
2603 5668 2890 5715 catervam.

2024 5739 2047 5769 '
2104 5733 2528 5793 Rescribcndum
2562 5723 2672 5787 Vceu
2712 5727 3040 5785 celeusntatis
3087 5741 3211 5783 cum
3246 5725 3384 5782 Bibl.
3434 5723 3537 5801 PP.

1955 5804 2127 5871 Paris.
