3952 6384
405 339 513 394 547

1285 335 1512 391 cuna:
1551 333 1902 394 SAPlEN’l‘lS
1939 334 2026 391 DE
2067 334 2336 390 excipio
2373 321 2782 390 narramus“

3572 333 3676 390 543

407 451 629 522 {quibus
649 452 959 521 confugiunt
984 445 1220 519 undique
1247 446 1474 504 diversis
1496 446 1550 500 in
1577 446 1711 502 locis
1741 455 1766 483 ἰ
1798 445 1990 500 miser-
2017 450 2064 507 Α
2093 444 2217 499 blici
2259 445 2560 514 privatique
2589 454 2628 481 ιη
2647 484 2664 511 ,
2716 443 3027 500 sacerdotes
3079 443 3435 500 ecclesiastici
3466 461 3622 502 sutun
3653 458 3680 485 ιι

408 543 530 598 rimi
557 545 730 608 cives,
780 551 886 595 tam
915 539 1070 594 avide
1105 553 1268 608 quam
1307 552 1440 608 apes
1483 536 1705 592 alvearii
1751 534 1988 607 procella

409 631 756 702 numinente)
777 673 794 700 ,
841 629 1002 684 simul
1039 628 1396 700 deprecantes
1425 641 1551 682 eum
1578 633 1694 681 toto
1723 625 1908 690 corde,
1937 631 1994 679 et

410 723 495 795 (ut
522 723 733 794 dicitur)
765 723 1053 776 innumeris
1076 728 1350 776 onerantes
1379 719 1576 774 tet/tera
1616 719 1778 785 votis,
1829 732 1898 770 ne
1925 715 2016 769 ad'

410 815 834 870 internecionem
879 815 953 870 ita
994 827 1380 883 usquequaque
1409 809 1436 850 δ
1467 808 1812 873 delerentur,
1856 809 1995 862 duce

412 907 699 964 Ambrosio
727 907 1020 962 Aureliano
1045 906 1163 961 viro
1193 903 1441 960 modesto
1471 897 1753 975 (qui‘solus
1781 899 1882 955 fuit
1910 915 1999 954 co-

411 1013 528 1054 mes
557 995 754 1063 tidelis,
785 997 960 1062 tortis,
992 1011 1266 1065 veraxque
1296 1005 1319 1034 ο
1349 991 1490 1050 forte
1512 992 1770 1048 Romanae
1799 991 1996 1060 gentis,

411 1087 505 1156 qui
530 1086 556 1123 ά
589 1096 750 1142 tanta:
775 1086 1113 1158 tempestatis
1135 1085 1416 1140 collisione
1439 1121 1456 1147 ,
1504 1082 1699 1138 occisis
1726 1081 1781 1136 in
1807 1079 1997 1135 eadem

410 1177 729 1248 parentibus
773 1192 1010 1249 purpura
1051 1176 1300 1232 nimirum
1331 1173 1530 1228 indutis
1561 1175 1600 1238 ',
1632 1169 1998 1240 superfuerat,

411 1266 565 1336 cujus
602 1284 744 1324 nunc
779 1267 1114 1338 temporibus
1161 1266 1362 1322 nostris
1407 1265 1624 1320 soboles
1669 1275 2000 1330 magnopere

413 1358 558 1412 avita
588 1357 831 1412 bonitate
852 1356 1222 1427 degeneravit)
1254 1356 1396 1410 vires
1422 1360 1737 1424 capessunt,
1769 1351 2002 1404 victores

415 1455 776 1516 provocantes
823 1446 888 1500 ad
941 1446 1202 1516 pnelium,
1255 1445 1410 1515 queis
1450 1443 1710 1507 victoria,
1763 1440 1875 1495 Deo
1905 1455 2004 1492 an-

413 1545 616 1592 nuente
649 1547 698 1602 ο,
729 1553 798 1592 ex
829 1545 956 1592 voto
987 1536 1166 1592 cessit.

483 1625 612 1680 Car.
645 1641 791 1680 xxvn.
823 1623 901 1678 De
932 1635 1189 1691 postrema
1220 1641 1348 1695 pace
1377 1640 1393 1676 :
1425 1639 1540 1692 qua:
1566 1633 1822 1691 postrema
1843 1623 2006 1676 victo-

412 1719 493 1772 ria
523 1718 836 1788 temporibus
867 1717 1058 1772 nostris
1088 1713 1185 1769 Dei
1231 1725 1356 1768 nutu
1381 1715 1576 1769 donata
1606 1723 1701 1768 est.
1733 1747 1806 1758 —-
1839 1713 1904 1766 Et
1933 1729 2002 1768 ex

2093 536 2335 592 ordinem
2351 546 2650 592 servarunt.
2681 539 2750 592 At
2779 539 2882 594 illis
2899 537 3304 608 decedentibus,
3325 555 3447 594 cum
3465 557 3684 598 succes-

2093 629 2253 690 sisset
2271 637 2403 682 :etas
2430 629 2764 699 tempestatis
2789 629 2930 685 illius
2952 629 3153 698 nescia,
3179 639 3236 685 et
3259 633 3541 701 prmsentis
3562 640 3684 688 tan-

2095 731 2207 776 tum
2235 722 2540 778 serenitatis
2568 732 2825 793 experta,
2875 724 2948 778 ita
2979 734 3175 780 cuncta
3213 725 3460 780 veritatis
3503 740 3568 780 ac
3592 724 3684 794 ju-

2095 809 2256 868 stitim
2301 813 2667 870 moderamina
2698 829 2956 869 concussa
2989 830 3056 870 ac
3102 815 3358 870 subversa
3409 821 3571 881 sunt,
3626 822 3690 870 ut

2096 919 2283 959 eorum
2307 913 2356 971 ο,
2390 920 2496 960 non
2525 903 2699 960 dicam
2729 906 3034 974 vestigium,
3065 906 3161 960 sed
3197 921 3265 966 ne
3294 908 3688 962 monimentum

2099 993 2318 1065 quidem
2350 996 2403 1050 in
2433 996 2758 1066 supradictis
2786 996 3175 1068 propemodum
3214 996 3492 1051 ordinibus
3519 1010 3691 1066 appa—

2099 1095 2236 1154 reat,
2271 1088 2516 1157 exceptis
2543 1087 2746 1157 paucis,
2779 1094 2837 1142 et
2875 1087 3029 1142 valde
3055 1088 3260 1158 paucis,
3289 1088 3383 1157 qui
3424 1087 3495 1143 ob
3524 1087 3694 1142 amis-

2098 1177 2308 1232 sionem
2339 1185 2498 1231 tanta:
2526 1177 2901 1242 multitudinis,
2925 1192 3044 1247 qum
3071 1177 3312 1244 quotidie
3340 1191 3513 1247 prona
3534 1174 3636 1230 fuit
3663 1187 3692 1226 ν

2101 1267 2168 1322 ad
2199 1275 2398 1322 tartara
2424 1307 2440 1332 ,
2490 1278 2598 1322 tam
2629 1267 2808 1322 brevis
2855 1268 3060 1322 numeri
3092 1279 3119 1318 ς
3149 1268 3439 1340 habentur,
3487 1278 3548 1323 ut
3593 1283 3694 1324 eos

2101 1358 2501 1430 quodammodo
2539 1358 2866 1413 venerabilis
2888 1367 3060 1412 mater
3089 1357 3331 1413 Ecclesia
3359 1366 3420 1412 ut
3449 1369 3470 1396 τ
3505 1358 3560 1413 in
3590 1370 3692 1414 suo

2103 1451 2223 1506 sinu
2269 1453 2645 1508 recumbentes
2689 1467 2795 1507 non
2835 1451 3053 1518 videat,
3104 1467 3242 1521 quos
3288 1451 3436 1506 solos
3463 1467 3626 1506 veros
3668 1460 3688 1487 ι

2103 1542 2285 1598 habet.
2332 1543 2570 1609 Quorum
2601 1558 2669 1597 ne
2697 1543 2818 1612 quis
2847 1559 2933 1598 me
2972 1543 3242 1611 egregiam
3270 1543 3432 1597 vitam
3457 1541 3692 1598 homini-

2103 1637 2208 1691 bus
2237 1640 2256 1674 ί
2287 1635 2678 1698 admirabilem,
2711 1634 2930 1704 Deoque
2958 1633 3244 1688 amabilem
3291 1649 3517 1703 carpere
3543 1641 3694 1703 putet

2107 1727 2321 1796 (quibus
2351 1733 2532 1780 nostra
2566 1726 2844 1780 inlirmitas
2870 1726 3043 1781 sacris
3066 1735 3090 1762 ιι
3123 1725 3479 1788 orationibus,
3506 1734 3564 1779 ut
3586 1741 3695 1779 non

413 1825 482 1864 eo
513 1819 759 1878 ιοιιιροτθ
803 1823 946 1863 “Illic
973 1809 1147 1872 είνεεν
1201 1822 1343 1862 nunc
1389 1807 1570 1862 hostes
1606 1805 1914 1868 Vincebant.
1943 1813 2002 1857 ιιι
2037 1815 2074 1872 Β
2105 1816 2318 1886 penitus
2345 1817 2662 1880 collabatur,
2685 1817 2838 1886 quasi
2862 1816 3127 1870 columnis
3153 1816 3472 1886 quibusdam
3501 1832 3565 1870 ac
3595 1815 3697 1869 ful-

419 1899 474 1954 in
505 1899 604 1954 ista
635 1906 796 1966 gente
825 1898 1162 1967 experiretur
1205 1897 1462 1951 Dominus
1491 1895 1650 1949 solito
1682 1909 1832 1948 niore
1860 1908 2000 1962 prm-

303 2033 318 2050 .
415 1999 620 2045 sentem
642 1988 891 2044 lsraelem
909 1995 1083 2042 utrum
1099 1987 1282 2055 diligat
1304 2002 1424 2040 eum
1439 1984 1694 2039 Dominus
1710 1983 1753 2050 τ,
1772 1999 1839 2038 an
1853 1999 1960 2037 non
1983 1999 1998 2035 :

414 2095 584 2150 usque
624 2082 689 2134 a.l
731 2095 930 2132 annum
978 2078 1306 2133 obsessionis
1337 2076 1593 2130 Badonici
1623 2074 1861 2136 montis,
1909 2071 2001 2140 qui

417 2185 586 2242 prope
633 2169 919 2225 Sabrinam
965 2172 1160 2224 ostium
1207 2168 1436 2223 habetur
1469 2176 1534 2232 ε,
1587 2165 2003 2231 novissimmque

417 2262 584 2318 ferme
613 2262 680 2316 de
709 2261 976 2318 furciferis
1005 2277 1112 2316 non
1148 2261 1366 2315 minime
1395 2260 1609 2328 stragis,
1639 2257 1840 2326 quique
1866 2272 2002 2324 qua-

415 2353 748 2422 dragesimus
776 2360 1002 2422 quartus
1031 2353 1110 2423 (ut
1137 2351 1284 2421 novi)
1315 2350 1487 2406 oritur
1517 2347 1543 2384 ιλ
1576 2363 1748 2401 annus
1769 2385 1782 2409 ,
1818 2360 2004 2400 mense

415 2445 527 2514 jam
559 2444 733 2514 primo
771 2441 786 2480 ί
818 2459 1060 2508 emenso,
1113 2443 1203 2511 qui
1229 2441 1338 2510 jam
1373 2444 1387 2491 ι
1437 2448 1491 2494 et
1521 2454 1657 2494 mea:
1707 2435 2006 2491 nativitatis

415 2545 520 2589 est.
547 2533 656 2590 Sed
689 2549 759 2589 ne
789 2549 934 2589 nunc
961 2533 1200 2602 quidem.
1231 2539 1288 2586 ut
1317 2541 1498 2594 antea,
1530 2530 1778 2585 civitates
1807 2527 2009 2582 inhabi-

419 2632 603 2679 tantur
632 2624 654 2662 ιι
675 2667 690 2690 ,
739 2624 836 2679 sed
863 2625 1092 2678 deserta:
1119 2623 1418 2690 dirutazque
1448 2623 1707 2676 hactenus
1734 2619 2006 2689 squalent,

415 2717 752 2770 cessantibus
778 2715 900 2769 licet
923 2714 1164 2769 externis
1194 2713 1370 2778 bellis,
1399 2711 1493 2766 sed
1529 2728 1637 2766 non
1667 2719 1845 2764 tamen
1876 2707 1894 2747 ι
1928 2710 2007 2764 ci-

419 2805 631 2860 vilibus.
659 2805 826 2858 llaasit
854 2804 996 2858 enim
1029 2810 1136 2863 tam
1165 2800 1433 2870 desperati
1457 2801 1644 2854 insula:
1672 2799 1888 2862 excidii,
1917 2799 2004 2851 in—

417 2897 727 2966 speratique
740 2895 942 2950 mentio
959 2894 1144 2948 auxilii
1173 2909 1366 2948 memo:
1383 2893 1446 2946 im
1472 2889 1790 2958 eorum,qui
1815 2889 2006 2945 utrius-

418 3003 526 3062 que
554 2987 799 3042 miraculi
843 2995 1009 3042 testes
1037 2986 1329 3053 exstitere;
1359 2994 1415 3040 et
1455 2984 1526 3039 ob
1555 2982 1659 3038 hoc
1686 2996 1860 3052 reges,
1894 2997 1998 3052 pu-

491 3134 518 3164 ι
545 3123 708 3192 Edit.,
737 3125 816 3178 De
840 3125 1055 3180 diuersis
1085 3125 1231 3179 locis.

492 3195 518 3234 δ
547 3195 706 3266 Edit.,
729 3197 1145 3266 internecionem
1160 3211 1334 3266 usque.

493 3276 526 3337 εξ,
551 3257 812 3337 Hmc,fuit
831 3282 998 3337 comes
1019 3265 1212 3336 ﬁdelis,
1229 3257 1378 3336 fortis
1400 3278 1674 3333 veramque,
1691 3261 1887 3317 desunt
1912 3257 2002 3314 ed.

489 3333 516 3373 δ
547 3333 818 3408 Deest'qai
845 3336 977 3408 edit.

492 3416 518 3444 ο
547 3405 710 3472 Edit.,
743 3405 970 3461 Domino
1001 3421 1128 3458 ann.

496 3474 515 3514 ί
545 3467 706 3532 Deest
749 3476 1006 3530 Dominus
1048 3474 1176 3528 edit.
1211 3472 1276 3528 Et
1319 3481 1470 3528 recte
1517 3471 1755 3543 quidem.
1781 3467 2010 3543 Mthuid

419 3547 563 3602 enim
611 3547 948 3614 experiretur
977 3544 1253 3609 Dominus,
1297 3552 1473 3597 utrum
1504 3542 1732 3612 ipsemet
1761 3542 2013 3614 diligeret

421 3609 716 3671 lsraelem"?
747 3615 812 3668 At
870 3614 1126 3668 Dominus
1170 3609 1566 3682 experiebatur,
1623 3621 1802 3666 utrum
1847 3609 2012 3666 lsrael

422 3685 672 3756 diligeret
710 3699 818 3740 eun
849 3684 1169 3756 (Dominum
1185 3685 1435 3756 scilicet).

458 3751 694 3881 diuite,
724 3756 809 3826 qui
834 3751 994 3825 prope
1017 3753 1295 3808 Sabrinam
1330 3755 1519 3809 ostium
1551 3751 1788 3817 habetur,
1811 3751 2012 3805 desunt

498 3842 508 3878 l
543 3867 554 3878 .

423 3825 554 3882 edit.

495 3894 524 3932 ¹ι
555 3893 720 3963 Edit.,
745 3897 964 3951 orditur.

505 3963 519 4003 ί
552 3965 714 4030 Edit.,
745 3982 868 4021 uno.

495 4040 511 4106 ῃ
543 4036 713 4106 pecs:
723 4037 840 4106 jam
867 4035 998 4092 edit.

493 4104 706 4177 ξεΕιΙίιη
725 4104 964 4160 ὶὶυίιαιεδ
992 4106 1181 4177 patriae
1207 4104 1318 4158 inh.

499 4174 516 4214 ι
547 4175 711 4242 Deest
739 4185 911 4229 tamen
947 4174 1078 4230 edit.

491 4256 530 4284 ιιι
554 4245 720 4309 Edit.,
745 4245 954 4314 privati.

491 4325 519 4352 ³³
548 4315 714 4382 Edit.,
737 4330 886 4368 suum
910 4315 1114 4384 quique.

2031 3118 2080 3184 C

2107 1908 2214 1962 cris
2243 1905 2609 1960 saluberrimis
2633 1914 2966 1960 sustentatur
2991 1909 3040 1974 ),
3071 1907 3181 1960 dixi
3214 1917 3238 1941 ν
3268 1905 3313 1960 si
3341 1921 3444 1975 qua
3478 1906 3696 1960 liberius

2106 1995 2174 2052 de
2201 1997 2304 2062 his,
2337 1996 2444 2050 imo
2469 1996 2775 2064 lugubrius,
2819 1996 3035 2050 cumulo
3065 1995 3326 2060 malarum
3357 1995 3693 2064 cmupulsus,

2107 2087 2200 2158 qui
2245 2086 2489 2140 serviunt
2515 2102 2622 2140 non
2653 2087 2826 2140 solum
2869 2086 3084 2148 ventri,
3133 2087 3228 2140 sed
3267 2087 3484 2141 diabolo
3518 2087 3698 2154 potius

2107 2191 2269 2246 quam
2299 2175 2536 2238 Christo,
2569 2177 2656 2246 qui
2680 2185 2755 2229 est
2777 2175 3069 2230 benedictus
3098 2193 3251 2246 super
3275 2178 3453 2230 onmia
3487 2175 3624 2230 Dcus
3645 2179 3700 2231 in

2107 2266 2300 2320 secula
2325 2275 2348 2302 ι
2380 2265 2560 2335 (Rom.
2587 2283 2662 2331 Ix,
2693 2266 2783 2335 5),
2836 2284 2940 2322 non
2985 2276 3094 2322 tam
3127 2268 3506 2338 disceptavero
3537 2285 3701 2337 quam

2107 2355 2398 2442 deﬂevere.
2448 2357 2658 2428 Quippe
2684 2359 2814 2428 quid
2845 2368 2874 2406 θ’
2920 2359 3175 2414 cclabunt
3223 2361 3369 2414 cives
3414 2359 3703 2429 quodnon

2107 2447 2283 2502 solum
2336 2452 2534 2500 norunt
2560 2457 2581 2483 ι
2607 2485 2624 2512 ,
2679 2447 2774 2502 sed
2818 2449 3146 2520 exprobrant
3175 2451 3226 2504 in
3253 2450 3479 2505 circuitu
3513 2460 3568 2486 ι·
3603 2467 3702 2503 na-

2112 2540 2323 2595 tiones?

2115 2701 2407 2756 Historiam
2437 2700 2605 2757 Gilda:
2631 2699 2850 2756 Cormac
2877 2703 2952 2756 sic
2981 2703 3182 2772 perlege
3211 2705 3456 2774 scriptam

2113 2794 2354 2850 Doctoris
2383 2795 2582 2864 digitis,
2606 2811 2758 2848 sensu
2789 2795 3025 2865 cultuque
3053 2797 3339 2849 redactam.

2113 2885 2244 2940 Han:
2272 2896 2446 2940 tenues
2475 2894 2701 2956 superat,
2725 2887 2912 2939 multos
2941 2888 3205 2957 carpitque
3233 2885 3478 2957 superbos
3509 2889 3548 2945 '.

2185 3125 2210 3153 ο
2263 3114 2444 3182 Edit.,
2491 3132 2688 3171 earum.
2735 3113 2942 3181 Recte,
2992 3115 3223 3168 veritatis
3263 3131 3457 3186 nempe
3505 3132 3572 3170 ac
3615 3116 3706 3184 ju-

2113 3196 2292 3242 πίητε.

2183 3267 2212 3308 ιι
2234 3256 2553 3336 sur-aruit-
2588 3254 2795 3336 Melies:

2184 3338 2212 3377 ιι
2236 3326 2376 3396 Edit.
2409 3327 2658 3396 (excepta
2687 3325 2822 3379 Bibl.
2857 3323 2958 3378 PP.
2988 3323 3207 3394 Paris.),
3236 3341 3504 3381 nun-aras.

2189 3407 2210 3434 τ
2245 3395 2492 3452 Βεθειω
2521 3397 2654 3450 edit.

2187 3465 2211 3534 Ψ
2243 3466 2410 3529 Edit.,
2442 3482 2586 3520 veros
2599 3465 2772 3534 ﬁlios.

2191 3533 2209 3566 ί
2246 3535 2385 3590 Edit.
2398 3577 2413 3603 ,
2444 3533 2699 3590 omnibus.

2185 3610 2214 3639 ’³
2245 3605 2413 3671 Edit.,
2437 3607 2492 3658 in
2519 3606 2704 3659 sacris.

2190 3683 2211 3710 "
2248 3677 2411 3732 Deest
2437 3676 2548 3729 dixi
2576 3675 2708 3728 edit.

2157 3805 2170 3822 ι
2189 3753 2214 3780 ³
2246 3745 2414 3822 _l:_]d_it.,
2463 3746 2516 3798 in
2546 3745 2738 3822 sarcula
2769 3745 2927 3802 Deus.

2184 3825 2214 3864 1
2240 3815 2538 3878 Enimvero,
2570 3814 2784 3882 Fragm.

2188 3894 2212 3922 ⁸
2243 3885 2382 3958 Egit.
2409 3886 2659 3958 (excepta
2689 3885 2960 3958 Biblrl’P.
2991 3885 3212 3958 Paris),
3239 3896 3566 3946 nostrorum.

2187 3965 2243 3994 ι·
2275 3955 2536 4020 Cercuitu,
2567 3970 2668 4009 ms.
2700 3973 2716 4009 :
2745 3957 2908 4012 male.

2187 4098 2204 4170 ξ
2235 4091 2724 4170 Bibl._Pl_’._Paris.,
2757 4047 2998 4170 indutus:
3025 4097 3166 4170 quod
3197 4099 3368 4166 magis
3394 4097 3597 4170 placet.

2181 4169 2204 4200 ⁸
2233 4166 2332 4222 Hic
2359 4165 2558 4239 desinit
2576 4165 2747 4239 codex
2768 4165 2925 4239 Cant.
2956 4165 3056 4239 ms.
3081 4167 3211 4232 Qua:
3231 4165 3362 4224 vero
3383 4165 3703 4239 sequuntur,

2111 4244 2305 4294 exacta
2325 4244 2454 4292 sunt
2480 4233 2546 4289 ad
2567 4233 2814 4292 codicem
2842 4237 3246 4292 Cottoniauum.

439 4429 2854 4456 mm

1647 4531 1932 4605 PARS
1983 4531 2501 4605 SECUNDA.

1470 4677 2647 4858 EPISTMILDIE.

488 4958 669 5013 Cseur
713 4972 933 5012 Pliillil.
966 4953 1264 5028 Increpatio
1307 4955 1363 5010 in
1386 4951 1806 5008 Constantinum.
1842 4979 1914 4992 —-
1943 4947 1998 5002 i.
2033 4955 2086 5013 ι)
2107 4948 2376 5018 iurantes;
2409 4956 2690 5012 voventes,
2714 4955 2771 5004 et
2817 4948 3076 5004 continuo
3120 4950 3520 5021 propemodum
3551 4969 3705 5009 luen-

416 5047 770 5118 Regeshabet
788 5047 1064 5102 Britannia
1089 5047 1244 5114 -,sed
1274 5055 1560 5119 tyrannos;
1579 5043 1790 5111 iudices
1816 5041 2002 5108 habet,
2108 5039 2347 5104 tientes;
2397 5037 2776 5106 belligerantes
2801 5081 2818 5106 ,
2865 5039 2960 5094 sed
2996 5040 3178 5096 civilia
3218 5047 3272 5096 et
3299 5041 3516 5110 'injusta
3563 5043 3706 5100 bella

415 5139 510 5196 sed
539 5139 750 5208 impios,
779 5153 922 5208 smpe
944 5136 1247 5208 prmdantes
1274 5144 1330 5190 et
1375 5134 1770 5200 concutientes,
1797 5132 1894 5186 sed
1924 5131 2006 5184 in—
2109 5139 2359 5202 agentes;
2390 5145 2487 5200 per
2514 5131 2743 5201 patriam
2767 5143 2789 5171 ο
2819 5131 3035 5202 quidem
3066 5132 3233 5190 fures-
3257 5147 3596 5204 magnopere
3621 5136 3708 5190 in-

418 5241 716 5297 nocentes;
745 5232 1080 5288 vindicantes
1106 5238 1164 5286 et
1215 5229 1639 5299 patrocinantes,
1681 5226 1777 5282 sed
1801 5241 1927 5280 reos
1952 5231 2010 5280 et
2107 5229 2400 5287 sectantes,
2433 5227 2490 5276 et
2525 5237 2622 5276 eos
2648 5223 2742 5291 qui
2784 5237 2967 5276 secum
2996 5221 3065 5276 ad
3105 5237 3349 5277 mensam
3377 5223 3594 5290 sedent,
3627 5223 3709 5280 la-

416 5321 694 5388 latmnes;
742 5321 1166 5392 quamplurimas
1217 5319 1476 5388 coniuges
1529 5317 1794 5373 habentes
1831 5361 1845 5385 ,
1912 5314 2009 5370 sed
2109 5324 2294 5371 trones
2327 5311 2353 5350 ἀ
2392 5329 2498 5369 non
2540 5315 2716 5369 solum
2745 5321 3013 5379 amantes,
3045 5312 3140 5369 sed
3163 5322 3224 5368 et
3259 5323 3615 5370 munerantes
3645 5325 3705 5381 ις

415 5419 719 5468 scortantes
744 5412 771 5450 ιθ
792 5421 848 5467 et
863 5411 1226 5468 adulterantes
1243 5428 1258 5478 ;
1277 5411 1469 5466 crebro
1489 5406 1865 5480 jurantes,scd
1888 5421 2007 5478 per-
2109 5407 2483 5479 eleemosynas
2520 5406 2742 5476 largiter
2791 5405 3001 5473 dantes,
3026 5406 3120 5463 sed
3149 5423 3181 5464 e
3201 5408 3429 5477 regione
3476 5409 3708 5464 immen-

490 5577 516 5607 ι
541 5567 814 5624 Enimvero
845 5566 994 5621 habet
1024 5566 1301 5621 Britannia
1327 5581 1494 5635 reges,
1518 5563 1732 5635 Fragm.

489 5636 519 5676 δ
549 5637 756 5700 Scorta,
787 5636 924 5692 Joss.
954 5636 1140 5692 Scorta
1169 5645 1218 5690 et
1241 5633 1525 5702 adulteras,
1553 5633 1762 5700 Fragm.

495 5717 520 5776 ε
555 5707 638 5776 At.
667 5707 945 5776 regionem.

493 5773 521 5813 ιι
575 5773 682 5830 Eos
724 5769 906 5830 'autcm
961 5777 1044 5845 qui
1103 5779 1172 5830 ad
1228 5790 1459 5831 mensam
1517 5772 1693 5827 sedent
1749 5769 2006 5838 latrones,

2347 5561 2512 5619 Deest
2537 5580 2668 5621 vero
2695 5566 2928 5622 latrones
2955 5565 3182 5622 Joss.—
3211 5565 3303 5624 Sic
3325 5573 3382 5622 et
3409 5565 3560 5628 Bibl.
3590 5564 3704 5628 PP.

2181 5711 2205 5741 ε
2231 5701 2409 5759 Etiam
2441 5721 2606 5774 mum,
2631 5704 2850 5776 Fragm.
