3952 6394
226 331 331 390 349

1212 335 1414 392 unua
1451 336 1845 405 uuenuws.
1886 337 2063 397 rans
2097 339 2163 396 ιι.
2204 294 2562 397 anisum.

3409 354 3518 412 350

225 463 346 506 smn
372 455 619 506 montem
641 449 908 508 scelerum
925 458 1338 522 exaggerantes;
1360 451 1414 506 in
1441 450 1572 508 sede
1591 450 1822 506 arbitra-
1849 454 1898 512 Α
1924 452 2065 506 solos
2091 450 2374 506 secundum
2400 452 2710 524 prophetam
2738 456 2945 512 uincula
2979 456 3102 514 com
3147 460 3243 528 tui,
3283 462 3362 533 ﬁli
3384 464 3518 524 sta.

227 541 334 596 turi
361 549 392 578 ι
413 541 694 608 sedentes,
719 541 818 598 sed
845 558 972 599 raro
1009 543 1146 611 recti
1177 541 1368 612 iudicii
1411 542 1654 612 regulam
1681 557 1828 614 qua:-

227 639 445 696 rentes;
475 631 731 688 innoxios
751 632 1098 706 humilesque
1121 632 1514 705 despicientcs;
1535 633 1826 704 sanguina-

227 723 362 792 rios,
383 724 671 794 superbos,
704 723 1017 794 parricidas,
1035 723 1523 796 commanipulares
1542 724 1569 762 1³
1593 734 1648 780 et
1675 725 1830 782 adul-

227 823 376 872 teres
405 815 502 870 Dei
526 800 796 882 inimicos,
827 815 872 870 si
907 831 1028 872 sors
1058 813 1140 889 (ut
1167 815 1388 886 dicitur)
1418 816 1621 882 tulerit,
1651 816 1767 887 (qui
1800 827 1824 856 ο

225 921 351 963 cum
383 906 504 976 ipso
540 907 764 964 nomine
791 908 1042 962 certatim
1063 905 1087 944 ἀ
1117 906 1330 964 delendi
1358 909 1537 978 erant)
1559 909 1626 964 ad
1649 907 1827 966 sidera

227 1006 394 1069 prout
413 1005 665 1069 possunt,
706 996 1022 1061 efferentes;
1055 998 1270 1054 vinctos
1297 997 1479 1068 plures
1513 998 1566 1052 in
1587 998 1826 1055 carceri-

225 1089 330 1146 bus
349 1089 639 1156 habentes,
663 1105 802 1160 quos
823 1089 950 1146 dolo
975 1089 1058 1148 sui
1088 1090 1269 1160 potius
1295 1104 1458 1160 quam
1479 1089 1675 1145 merito
1695 1105 1826 1162 pro-

199 1171 416 1238 terunt
449 1191 499 1251 ο,
539 1181 749 1238 catenis
777 1189 1070 1237 onerantes
1100 1197 1114 1234 :
1158 1181 1301 1236 inter
1328 1181 1520 1236 altaria
1536 1180 1768 1250 iurando
1801 1179 1822 1220 ί

225 1261 600 1340 demorantes,
628 1279 684 1327 et
709 1271 826 1328 haec
847 1272 1039 1327 eadem
1069 1287 1135 1327 ac
1155 1272 1199 1328 si
1223 1271 1484 1328 lutulenta
1515 1273 1676 1343 paulo
1705 1281 1829 1346 post

226 1379 360 1420 saxa
391 1374 419 1414 ε
449 1365 832 1436 despicientes.
865 1363 1032 1434 Cujus
1059 1373 1170 1420 tam
1199 1363 1416 1421 nefandi
1464 1364 1663 1437 piaculi
1717 1383 1826 1422 non

227 1455 451 1525 ignarus
479 1462 564 1510 est
587 1455 878 1510 immundae
903 1455 1087 1510 lemma
1112 1453 1424 1512 Damnonite
1451 1457 1468 1490 ⁸
1516 1457 1830 1530 tyrannicus

229 1546 448 1603 catuhts
477 1543 886 1603 Constantinus.

300 1642 356 1696 Ξ.
413 1640 530 1698 lloc
571 1655 716 1696 anno
745 1648 872 1712 post
910 1640 1171 1697 horribile
1193 1641 1488 1713 juramenti
1516 1657 1830 1698 sacramen-

230 1742 368 1803 tum,
397 1747 508 1803 quo
537 1749 597 1790 se
623 1733 866 1789 devinxit
895 1747 1237 1804 nequaquam
1269 1734 1425 1790 dolos
1453 1734 1663 1790 civibus
1689 1735 1824 1806 (Deo

1930 541 2176 613 (lsa.u1,
2197 541 2277 612 2).
2293 542 2451 609 Redi,
2474 556 2626 612 rogo,
2645 557 2678 598 e
2698 543 3002 614 longinquis
3022 547 3148 604 licet
3168 563 3520 624 peccatorum

1923 636 2228 692 recessibus
2249 635 2316 692 ad
2346 636 2640 706 piissimum
2668 645 2902 708 patrem,
2931 642 3026 710 qui
3053 642 3368 714 despicienti
3393 667 3522 722 por-

1926 743 2113 784 corum
2158 727 2406 784 sordidos
2447 729 2598 785 cibos
2649 744 2714 786 ac
2760 731 3163 800 pertimescenti
3200 737 3331 794 dira:
3358 741 3519 800 famis

1927 833 2160 881 mortem
2190 831 2246 880 et
2272 823 2568 880 revertenti
2621 824 2746 890 sibi,
2776 824 2932 880 laetus
2959 827 3208 885 occidere
3235 836 3520 893 consuevit

1924 914 2140 972 vitulum
2187 912 2298 969 ﬁlio
2322 916 2638 986 saginatum,
2669 922 2724 969 et
2774 913 3020 984 proferre
3046 919 3270 988 primum
3312 925 3518 982 erranti

1925 1005 2114 1060 stolam
2141 1013 2198 1060 et
2218 1005 2426 1074 regium
2446 1005 2698 1059 annulum
2729 1002 2882 1074 (Luc.
2912 1021 3001 1072 xv,
3029 1005 3143 1078 15);
3170 1017 3226 1064 et
3255 1021 3381 1068 tunc
3399 1015 3518 1084 spei

1926 1095 2164 1151 cmlestis
2191 1109 2256 1150 ac
2309 1094 2356 1149 si
2402 1108 2654 1164 saporem
2701 1102 3063 1164 praegustans,
3116 1099 3318 1156 senties
3360 1120 3518 1175 quam

1926 1185 2096 1240 suavis
2123 1193 2200 1238 est
2243 1182 2498 1238 Dominus
2541 1183 2713 1254 (Psal.
2757 1201 2966 1252 χχχιιι,
3009 1185 3089 1258 9).
3136 1187 3272 1244 Nam
3313 1193 3358 1247 si
3403 1194 3518 1254 haec

1927 1279 2318 1348 contempseris
2345 1318 2361 1345 ,
2412 1279 2552 1335 scias
2617 1289 2672 1334 te
2740 1280 3200 1341 inextricabilibus
3267 1289 3517 1346 tenebro-

1927 1372 2111 1440 sisque
2159 1369 2360 1438 ignium
2417 1371 2746 1426 torrentibus
2792 1371 2906 1442 jam
2947 1374 3168 1446 jamque
3227 1378 3518 1435 rotandum

1931 1462 2323 1532 urendumque.

2000 1553 2129 1609 Car.
2155 1570 2210 1608 ιι.
2249 1551 2548 1624 Increpatio
2576 1555 2626 1609 in
2646 1555 3084 1612 Aurelium—4.
3127 1558 3266 1628 Quid
3292 1569 3348 1616 tu
3376 1578 3516 1634 quo-

1929 1659 2054 1714 que,
2079 1651 2138 1699 ut
2162 1644 2426 1714 propheta
2456 1645 2534 1698 ait
2577 1644 2750 1714 (Psal.
2793 1662 2901 1712 xvi,
2932 1646 3044 1717 l2),
3067 1649 3248 1706 catule
3279 1650 3515 1718 leonina,

1930 1733 2116 1790 Aureli
2142 1734 2362 1790 Conane
2385 1732 2436 1800 ιι,
2469 1735 2630 1803 agis?
2660 1734 2848 1792 Nonne
2898 1737 3088 1794 eodem
3117 1754 3226 1810 quo
3273 1742 3517 1811 supradi-

228 1827 464 1896 primnm
481 1825 712 1896 jureque
735 1825 988 1895 jurando,
1020 1834 1336 1882 sanctorum
1375 1827 1592 1882 demum
1643 1828 1824 1882 choris
1855 1825 1898 1886 Β
1928 1836 2065 1893 ctus,
2093 1828 2140 1882 si
2180 1843 2286 1882 non
2317 1827 2698 1894 exitiabiliore,
2728 1829 3159 1900 parricidiorum,
3205 1831 3516 1892 fornicatio-

227 1925 284 1981 et
311 1914 578 1990 genitrice
605 1919 990 1975 comitantibus
1021 1919 1193 1990 fretis)
1219 1921 1503 1986 facturum,
1518 1921 1571 1975 in
1597 1921 1824 1976 duarum

227 2008 557 2070 venerandis
606 2020 839 2066 matrum
884 2009 1132 2078 sinibus,
1185 2011 1442 2067 Ecclesia:
1486 2012 1828 2081 carnalisquo

229 2101 332 2156 sub
363 2101 539 2156 sancti
589 2100 802 2158 abbatis
856 2101 1188 2171 amphibalo,
1237 2101 1406 2156 latera
1443 2101 1715 2170 regiorum
1745 2109 1827 2156 te-

230 2193 468 2255 nerrima
496 2207 813 2263 puerorum,
865 2193 956 2248 vel
998 2192 1296 2263 praecordia
1345 2193 1636 2249 crudeliter
1661 2192 1825 2248 duum

233 2283 572 2354 tetidemque
599 2284 825 2340 nutritor
837 2298 924 2338 um
955 2283 1206 2354 (quorum
1233 2283 1458 2339 brachia
1483 2297 1824 2353 nequaquam

231 2373 418 2442 armis,
443 2390 564 2444 quae
589 2374 765 2430 nullus
788 2389 925 2445 pene
946 2373 1224 2428 hominum
1253 2372 1442 2428 fortius
1471 2373 1576 2429 hoc
1599 2373 1678 2428 eis
1701 2383 1830 2428 tem-

231 2479 366 2536 pore
391 2465 675 2534 tractabat,
705 2467 800 2522 sed
829 2465 941 2524 Deo
970 2465 1236 2534 altarique
1265 2471 1534 2537 protenta,
1556 2464 1608 2520 iu
1638 2463 1725 2519 die
1747 2463 1830 2533 ju-

230 2557 355 2613 dicii
384 2557 453 2612 ad
494 2565 599 2612 tua:
638 2557 871 2613 civitatis
899 2566 1105 2628 portas,
1127 2555 1360 2625 Christe,
1395 2555 1702 2612 veneranda
1730 2571 1824 2624 pa-

231 2649 437 2706 tientia:
465 2665 531 2706 ac
557 2650 680 2706 fidei
701 2664 812 2705 suae
833 2649 1030 2704 vexilla
1057 2646 1408 2728 suspendeat)
1438 2647 1579 2702 inter
1604 2647 1736 2717 ipsa,
1768 2653 1828 2700 ut

231 2743 362 2808 dixi,
393 2750 742 2799 sacrosancta
789 2742 980 2799 altaria
1011 2740 1242 2797 netando
1279 2756 1410 2797 ense
1443 2741 1704 2809 hastaque
1730 2754 1828 2809 pro

231 2832 484 2890 dentibus
526 2833 807 2902 laceravit,
851 2835 926 2890 ita
975 2841 1034 2888 ut
1077 2832 1326 2889 sacrificii
1373 2832 1610 2888 ccelestis
1645 2830 1826 2886 sedem

233 2940 504 2996 purpurea
525 2941 589 2982 ac
616 2925 662 2981 si
689 2926 962 2996 coagulati
989 2926 1198 2986 cruoris
1217 2925 1379 2997 pallia
1401 2925 1746 2994 attingerent.
1761 2922 1830 2979 Et

234 3021 338 3076 hoc
360 3035 430 3076 ne
459 3006 581 3091 post
613 3020 880 3076 laudanda
911 3021 1127 3090 quidem
1157 3019 1350 3076 merita
1379 3019 1508 3088 egit.
1533 3019 1666 3073 Nam
1692 3017 1832 3072 mul-

235 3111 304 3166 tis
332 3117 463 3166 aute
491 3111 648 3166 annis
677 3110 881 3167 crebris
909 3111 1299 3180 alternatisque
1327 3109 1588 3166 fetoribus
1617 3108 1829 3166 adulte-

1927 1935 2054 1974 num
2075 1917 2572 1990 adulteriorumque
2590 1919 2930 1987 coeno,velut
2955 1921 3274 1990 quibusdam
3295 1925 3516 1982 marinis

1927 2009 2258 2065 irruentibus
2287 2008 2380 2063 tibi
2407 2009 2612 2064 voraris
2639 2007 2880 2065 feraliter
2901 2009 3091 2066 undis?
3112 2011 3302 2069 Nonne
3329 2029 3517 2084 pacem

1926 2101 2116 2173 patria:
2154 2099 2490 2154 mortiferum
2515 2115 2616 2156 ceu
2663 2108 2970 2172 serpentem
2997 2101 3207 2171 odiens,
3233 2103 3518 2174 civiliaque

1938 2192 2074 2246 bella
2090 2203 2144 2248 et
2158 2196 2374 2248 crebras
2392 2193 2589 2262 injuste
2607 2196 2817 2264 praedas
2835 2195 3252 2261 sitiens,aninne
3275 2208 3380 2250 tuae
3399 2215 3508 2249 eue-

1937 2285 2126 2341 lestem
2143 2296 2348 2355 portam
2367 2289 2511 2358 pacis
2529 2299 2594 2341 ac
2613 2284 2876 2357 refrigerii
2893 2289 3215 2358 praeludis?
3239 2289 3509 2343 Re‘ltctus.

1929 2387 2133 2442 qureso,
2159 2370 2272 2441 jam
2325 2369 2473 2425 solus
2500 2384 2565 2424 ac
2605 2369 2651 2423 si
2676 2369 2838 2424 arbor
2871 2369 2924 2422 in
2962 2369 3142 2424 medio
3179 2385 3372 2439 campo
3399 2384 3518 2425 are-

1927 2479 2106 2530 scens,
2126 2460 2416 2518 recordare
2443 2468 2656 2531 patrum
2687 2459 3020 2529 fratrumque
3049 2467 3262 2514 tuorum
3288 2459 3517 2530 phanta-

1929 2554 2086 2615 siam,
2113 2550 2407 2622 iuvenilem
2455 2550 2906 2620 immaturamque
2933 2557 3186 2608 mortem.
3213 2549 3351 2604 Nunt
3391 2565 3518 2606 ceu-
3562 2543 3568 2552 ’

1931 2643 2110 2699 tennis
2138 2651 2197 2698 tu
2235 2641 2306 2697 ob
2335 2641 2586 2709 religiosa
2613 2639 2826 2702 merita,
2848 2639 2936 2694 vel
2967 2655 3179 2696 comvus
3207 2639 3518 2696 Mathusalae

1930 2742 2190 2804 exceptus
2218 2747 2357 2802 pene
2385 2731 2532 2787 omni
2589 2731 2739 2800 prole
2767 2731 3068 2787 servaberis
3093 2731 3116 2785 ?
3144 2730 3514 2802 Nequaquam.

1930 2825 2039 2880 Sed
2058 2825 2160 2878 uisi
2189 2823 2365 2888 citius,
2393 2831 2452 2877 ut
2482 2821 2765 2877 Psalmista
2810 2821 2886 2875 ait
2918 2821 3090 2892 (Psal.
3121 2839 3214 2887 vn,
3247 2823 3358 2894 15),
3385 2837 3530 2879 com.

1929 2936 2118 2977 versus
2146 2919 2309 2973 fueris
2352 2917 2419 2972 ad
2460 2917 2766 2980 Dominum,
2810 2933 2986 2972 ensem
3041 2915 3094 2971 in
3142 2915 3438 2970 tevibrabit
3463 2917 3517 2970 in

1932 3011 2083 3067 brevi
2111 3025 2259 3064 suum
2286 3007 2403 3063 Rex
2432 3008 2522 3062 ille
2542 3007 2632 3076 qui
2658 3022 2754 3077 per
2777 3007 3097 3078 prophetam
3120 3023 3135 3060 :
3160 3004 3298 3077 Ego,
3323 3005 3518 3076 inquit,

1931 3102 2186 3165 occidam,
2216 3108 2265 3155 et
2293 3115 2386 3171 ego
2417 3100 2582 3154 virere
2611 3099 2832 3170 faciam;
2865 3097 3166 3164 percutiam,
3198 3105 3249 3149 et
3286 3111 3379 3166 ego
3425 3112 3514 3150 sa-

235 3201 443 3256 riorum
472 3201 666 3263 victus.
707 3200 947 3270 legitima
977 3216 1149 3257 uxore
1174 3209 1367 3258 contra
1400 3199 1600 3256 Christi
1629 3198 1823 3267 Magis-
1845 3200 1894 3264 C
1924 3195 2090 3258 nubo;
2121 3203 2169 3248 et
2190 3208 2289 3246 non
2315 3199 2392 3246 est
2410 3190 2496 3262 qui
2535 3190 2598 3244 de
2624 3204 2781 3243 manu
2807 3203 2921 3241 mea
2948 3187 3110 3258 possit
3131 3201 3311 3240 eruere
3339 3183 3516 3257 (Deut.

237 3290 415 3365 trique
437 3291 680 3359 gentium
709 3291 1056 3346 interdictum
1086 3291 1300 3362 repulsa
1321 3289 1646 3347 dicentium:
1679 3286 1832 3355 Quod

239 3381 380 3443 Deus
423 3383 716 3456 conjunxit,
752 3386 905 3439 homo
952 3401 1056 3439 non
1096 3391 1304 3455 separet
1358 3382 1572 3456 (Matth.
1605 3397 1720 3447 χιχ,
1765 3379 1830 3447 6;

239 3473 413 3540 Παῖς.
431 3489 490 3544 χ,
511 3473 589 3546 9);
613 3483 668 3530 et
687 3493 712 3529 ει
732 3473 864 3541 Viri,
889 3475 1090 3546 diligite
1110 3491 1299 3531 uxores
1320 3482 1510 3530 vestras
1539 3471 1736 3545 (Calas.
1754 3483 1831 3537 m,‘

239 3564 352 3636 l9).
381 3565 792 3622 Amarissimam
822 3567 968 3622 enim
1015 3565 1283 3636 quoddam
1325 3565 1393 3621 de
1429 3564 1540 3620 vite
1567 3564 1838 3620 Sodomo—

239 3670 360 3710 rum
379 3655 435 3710 in
459 3655 640 3712 cordis
661 3655 746 3710 sui
774 3653 1104 3712 infructuosa
1120 3653 1265 3710 bono
1291 3653 1482 3709 semini
1511 3653 1688 3723 gleba,
1716 3667 1836 3708 sur-

135 3819 148 3830 .
240 3745 492 3801 culamen
548 3745 942 3803 incredulitatis
992 3753 1049 3801 et
1100 3745 1422 3816 insipientia
1464 3744 1832 3816 plantaverat,

240 3837 388 3912 φιοά
415 3837 646 3909 vulgatis
673 3837 1092 3906 domesticisque
1137 3835 1506 3908 impietatibus
1531 3835 1679 3890 velut
1712 3833 1804 3903 qui
1855 3889 1861 3896 ,

241 3929 470 3998 busdam
496 3928 780 3984 venenatis
817 3925 1080 3984 imbribus
1119 3927 1420 3994 irrigatum,
1449 3931 1505 3980 et
1533 3924 1598 3979 ad
1628 3923 1722 3979 Dei
1751 3923 1836 3980 of-

242 4015 451 4075 fensam
479 4017 690 4073 avidius
709 4032 772 4072 se
796 4017 1012 4086 erigens
1037 4015 1306 4087 parricidii
1331 4013 1708 4083 sacrilegiique
1727 4013 1836 4068 cri-

241 4127 370 4169 men
389 4110 646 4184 produxit
675 4111 730 4166 in
752 4109 1006 4166 medium.
1031 4108 1139 4165 Sed
1165 4123 1268 4164 nec
1291 4107 1464 4163 adhuc
1487 4105 1726 4178 priorum
1753 4119 1840 4160 re-

245 4209 394 4267 tibus
442 4207 711 4268 malorum
763 4206 1047 4278 expeditus
1068 4246 1084 4273 ,
1140 4203 1333 4276 priscis
1385 4202 1628 4260 recentia
1679 4207 1842 4271 auget

245 4301 427 4357 malis.

318 4391 377 4450 3.
408 4391 522 4463 Age
556 4391 670 4462 jam
697 4390 852 4460 quasi
893 4395 1216 4460 prmsentem
1255 4399 1446 4457 arguo,
1475 4399 1636 4456 quem
1664 4383 1842 4440 adhuc

245 4498 535 4557 superesse
580 4497 690 4538 non
742 4480 947 4535 nescio.
985 4477 1123 4546 Quid
1152 4485 1338 4547 stupes
1384 4475 1575 4531 animae
1603 4473 1842 4530 carnifex

1931 3301 2100 3350 χχχιι,
2123 3280 2234 3352 59).
2263 3280 2624 3349 Quamobrem
2655 3286 2894 3334 excutere
2920 3276 2986 3330 de
3009 3275 3175 3332 fetido
3200 3275 3404 3346 pulvere
3425 3284 3518 3331 tuo

1934 3377 2070 3448 (Ita.
2103 3391 2195 3441 su,
2226 3371 2308 3444 Ξ),
2344 3380 2400 3428 et
2446 3379 2768 3428 convertere
2820 3369 2888 3422 ad
2917 3383 3039 3423 eum
3068 3375 3186 3422 toto
3231 3368 3398 3422 corde
3425 3368 3517 3436 qui

1932 3466 2137 3523 creavit
2167 3473 2220 3520 te
2249 3471 2328 3532 ut,
2359 3478 2474 3516 cum
2512 3460 2764 3516 exarserit
2803 3463 2860 3513 in
2890 3457 3028 3513 brevi
3061 3459 3145 3512 ira
3173 3457 3309 3530 ejus,
3337 3457 3516 3512 beatus

1933 3559 2006 3614 sis
2029 3571 2248 3627 sperans
2277 3555 2331 3608 in
2359 3569 2476 3608 eum
2507 3551 2682 3624 (Psal.
2713 3567 2774 3617 ιι,
2798 3549 2910 3620 12);
2937 3550 3020 3605 sin
3046 3549 3200 3618 alias,
3226 3557 3441 3603 :eterna:
3470 3557 3522 3604 te

1935 3647 2230 3706 manebunt
2267 3659 2440 3714 paena:
2479 3639 2870 3701 conterendum
2899 3655 3042 3695 saeva
3071 3637 3326 3694 continue
3345 3643 3404 3692 et
3428 3651 3522 3693 ne—

1934 3751 2204 3812 quaquam
2226 3733 2618 3793 absumendum
2650 3733 2837 3787 tartari
2859 3731 3034 3787 fauce.

2009 3830 2137 3888 Car.
2181 3846 2258 3887 ιιι.
2309 3826 2607 3896 Increpatio
2655 3826 2709 3880 in
2763 3824 3136 3893 Vortiporium.
3171 3855 3246 3865 —
3277 3821 3422 3890 Quid
3470 3831 3525 3877 tu

1937 3906 2154 3996 quoque
2183 3921 2352 3992 pardo
2382 3918 2572 3974 similis
2598 3918 2872 3984 moribus,
2904 3925 2961 3972 et
2987 3917 3240 3988 nequitiis
3267 3917 3526 3984 discolor,

1937 4023 2260 4075 canescente
2283 4012 2394 4082 jam
2437 4011 2645 4081 capite,
2680 4010 2735 4065 in
2777 4010 2974 4064 throno
3003 4009 3141 4064 dolis
3166 4008 3346 4080 pleno,
3377 4017 3434 4063 et
3459 4009 3528 4062 ab

1938 4109 2061 4164 imis
2105 4105 2312 4162 vertice
2359 4111 2517 4158 tenus
2563 4101 2792 4158 diversis
2829 4101 3128 4172 parricidiis
3167 4107 3224 4156 et
3249 4098 3529 4154 adulteriis

1940 4205 2310 4268 constuprato,
2361 4194 2492 4250 boni
2537 4193 2701 4264 regis,
2752 4207 2984 4262 nequam
3030 4191 3134 4257 tili,
3183 4198 3244 4246 ut
3289 4189 3530 4246 Ezechiae

1941 4289 2250 4354 Manasses,
2308 4287 2656 4343 Demctarum
2710 4291 2938 4356 tyranne
3001 4283 3266 4354 Vortipori
3321 4281 3532 4352 stupida

1941 4383 2117 4453 riges?
2159 4379 2299 4448 Quid
2348 4385 2402 4434 te
2449 4389 2557 4433 tam
2599 4377 2822 4444 violenti
2873 4382 3220 4447 peccatorum
3265 4375 3532 4444 gurgites,

1944 4491 2082 4548 quos
2111 4483 2170 4528 ut
2196 4473 2380 4528 vinum
2411 4471 2675 4541 Optimum
2701 4469 2908 4534 sorbes,
2941 4469 3048 4524 imo
3091 4476 3146 4522 tu
3176 4467 3244 4522 ab
3273 4467 3351 4525 eis
3378 4482 3536 4524 vora-

247 4575 483 4651 proprite
504 4575 529 4630 ?
553 4572 692 4641 Quid
721 4572 816 4627 tibi
833 4571 1078 4626 ﬂammas
1105 4567 1300 4626 inferni
1331 4567 1634 4624 voluntarie
1657 4581 1848 4622 accen—
1877 4577 1921 4634 ι)
1947 4569 2042 4630 ris,
2081 4565 2550 4638 appropinquante
2578 4562 2777 4618 sensim
2815 4561 2939 4616 vitae
2969 4560 3137 4615 limite
3166 4574 3272 4614 non
3301 4557 3537 4614 satiant?

249 4669 336 4726 dis
362 4679 642 4736 nunquam
671 4662 1014 4720 defecturas?
1041 4660 1181 4728 Quid
1207 4659 1548 4715 inimicorum
1576 4657 1691 4713 vice
1720 4671 1848 4728 pro-

248 4751 384 4833 p'riis
413 4766 468 4815 te
511 4755 759 4816 confodis
798 4761 998 4826 sponte
1037 4751 1278 4818 ensibus,
1311 4749 1517 4804 hastis?
1543 4747 1698 4806 Anne
1734 4748 1852 4819 ipsa

250 4852 473 4930 quidem
498 4848 766 4904 virulenta
789 4845 1057 4904 scelerum
1099 4858 1163 4900 ac
1201 4843 1244 4898 si
1269 4841 1461 4912 pocula
1491 4849 1680 4911 pectus
1704 4847 1853 4930 tuum

249 4929 454 5009 satiare
483 4940 808 5016 quiverunt?
830 4937 1082 5010 Respice,
1104 4949 1306 5006 quaeso,
1337 4941 1394 4988 et
1418 4932 1544 4994 veni
1583 4931 1651 4985 ad
1689 4929 1846 4990 Chri-

251 5052 424 5112 stum,
453 5037 718 5111 siquidem
758 5035 974 5107 laboras
1003 5040 1062 5088 et
1095 5031 1364 5086 immenso
1389 5026 1632 5100 pondere
1660 5040 1854 5080 curva-

251 5135 363 5201 ris;
411 5138 470 5188 et
497 5132 613 5202 ipse
640 5137 716 5195 te,
745 5133 806 5182 ut
848 5125 987 5182 dixit
1017 5121 1236 5196 (Matth.
1262 5137 1336 5188 χι,
1366 5117 1482 5191 28),
1511 5117 1854 5187 requiescere

252 5228 442 5288 iaciat.
463 5223 600 5282 Veni
625 5221 696 5278 ad
715 5235 838 5278 eum
884 5218 976 5295 qui
1004 5225 1110 5288 non
1138 5214 1242 5269 vult
1277 5211 1566 5295 peccatoris
1613 5217 1853 5277 mortem,

261 5297 358 5377 sed
375 5327 436 5376 ut
469 5321 798 5374 convertatur
825 5320 875 5367 st
913 5311 1052 5366 vivat
1111 5304 1332 5378 (Ezeclt.
1365 5317 1554 5382 xxxmll
1584 5299 1696 5372 il).
1729 5299 1856 5376 Dis;-

339 5499 678 5565 ‘PArbitrum,
705 5496 920 5567 Fragm.
1161 5561 1174 5567 Α
1255 5558 1267 5567 ,
1323 5515 1330 5521 ·

329 5573 361 5615 δ
389 5572 557 5630 Deest
577 5571 632 5625 in
661 5558 878 5636 Fragm.
913 5558 1388 5632 commanipulares
1412 5563 1484 5614 et.

333 5655 360 5716 ξ
389 5641 512 5716 μοι
539 5642 650 5716 qui»
673 5639 888 5716 Frag"!-

329 5713 360 5754 δ
387 5705 822 5770 Βεθδιόενιαιὶιιι
849 5707 903 5761 in
930 5705 1146 5774 Fragm.

339 5796 367 5827 ο
387 5763 599 5854 ᾖῖιξᾶἆέ
615 5763 787 5854 potius
826 5792 979 5851 quam
1007 5763 1190 5831 merito
1217 5773 1456 5844 poterunt
1487 5763 1650 5840 (forte
1676 5770 1852 5837 proto-

257 5854 435 5938 ῃιῃι),
457 5853 678 5936 Fragm.

1952 4657 2094 4727 Quid
2123 4654 2282 4728 quasi
2303 4654 2552 4712 culminis
2595 4653 2860 4708 malorum
2899 4651 3141 4708 omnium
3183 4659 3370 4720 stupro
3409 4666 3539 4722 pro-

1952 4751 2073 4822 pria
2103 4758 2192 4810 tua
2220 4753 2401 4802 amota
2427 4745 2686 4814 conjuge,
2723 4742 3074 4813 ejusdemque
3107 4742 3333 4796 honesta
3364 4748 3541 4796 morte

1956 4841 2284 4914 impudentis
2318 4839 2442 4896 tilia:
2479 4837 2713 4908 quodam
2745 4835 3076 4890 ineluctabili
3110 4835 3349 4906 pondere
3376 4832 3540 4887 mise-

1955 4949 2072 4993 ram
2117 4931 2353 4987 animam
2391 4927 2622 4986 oneras?
2658 4925 2736 4982 Ne
2765 4940 3073 4991 consumas,
3103 4939 3310 4994 quieso,
3334 4923 3540 4978 dierum

1953 5022 2101 5097 quod
2127 5021 2393 5090 reliquum
2423 5026 2507 5074 est
2534 5017 2588 5072 in
2617 5015 2712 5072 Dei
2742 5015 3002 5071 offensam
3039 5032 3054 5068 :
3086 5014 3211 5084 quia
3249 5028 3384 5067 nunc
3411 5021 3539 5066 tem-
3573 5036 3578 5050 ι

1955 5129 2051 5186 pus
2079 5107 2394 5181 acceptabile
2427 5116 2476 5162 et
2503 5107 2611 5161 dies
2640 5105 2826 5166 salutis
2854 5103 2943 5176 (II
2971 5103 3092 5159 Cor.
3124 5117 3195 5166 vr,
3226 5099 3282 5174 2)
3312 5099 3543 5157 vultibus

1957 5201 2334 5276 pmnitentium
2381 5196 2543 5266 lucet,
2593 5198 2646 5260 in
2687 5212 2796 5267 quo
2836 5197 2976 5252 bene
3021 5193 3236 5265 operari
3277 5202 3451 5278 potes,
3481 5209 3544 5247 ne

1962 5298 2055 5370 (int
2085 5297 2211 5369 fuga
2237 5302 2328 5348 tua
2359 5293 2523 5348 hieme
2541 5292 2620 5347 vel
2643 5289 2856 5346 sabbato
2888 5285 3104 5342 (Matth.
3130 5301 3276 5353 xxrv,
3303 5283 3416 5357 ΞΟ).
3451 5286 3543 5342 Dt-

2037 5475 2058 5515 ί
2089 5474 2370 5542 Intrando,
2399 5473 2613 5540 Fragm.

2030 5555 2061 5656 ἶ
2271 5539 2833 5689 ἴὲἔέέρῗιδὲἱῖίῧῗδῐὲξ
2860 5605 3082 5679 Parim),
3108 5605 3326 5669 Canitie.

2032 5759 2051 5810 ξ
2082 5757 2225 5832 Bibl.
2261 5755 2368 5814 PP.
2395 5754 2592 5826 Paris.,
2619 5751 2933 5810 Dannonite.
