3952 6378
434 279 527 333 551

1323 267 1944 344 CILDrEﬁAP'tENTIS
1983 267 2072 324 DE
2111 266 2382 323 EkClDlO
2421 265 2813 322 BRITANNMS

3596 265 3703 323 532

433 404 592 456 rei-te,
631 389 923 448 secundum
970 384 1328 449 Psalmistam,
1357 401 1388 438 α
1417 384 1556 438 malo
1584 393 1633 438 et
1662 383 1746 455 [ac
1771 383 1957 438 bonum
1983 396 2003 436 :
2033 389 2082 445 Α
2112 379 2313 432 mimnu
2355 390 2513 445 regiae
2537 378 2732 431 cemci
2762 385 2974 447 sponte,
3009 384 3069 432 ut
3098 376 3171 432 ita
3199 376 3395 446 dicam,
3427 377 3702 436 inelucta-

431 483 636 556 inquire
670 496 846 552 parem
895 479 1080 534 bonum
1127 485 1174 532 et
1217 492 1426 546 sequere
1463 491 1579 530 eant
1615 473 1786 545 (Psul.
1821 488 2010 542 χχχιιι,

434 573 662 642 ls-IS);
693 571 816 643 quia
846 570 982 625 oeuli
1024 567 1235 624 Domini
1264 581 1428 637 super
1469 575 1524 623 te
1559 565 1704 622 bona
1738 574 2008 634 agentem,

432 675 484 723 et
511 681 660 721 aures
687 665 798 734 ejus
828 672 982 718 erunt
1011 662 1064 716 iu
1105 677 1278 730 preces
1309 671 1444 726 tuas,
1488 669 1542 716 ct
1579 674 1688 714 non
1733 658 1910 730 perdet
1948 658 2013 713 de

433 767 572 810 terra
603 756 870 809 riteutium
900 753 1199 807 memoriam
1239 761 1404 806 luant.
1443 749 1712 806 Clamabis
1750 757 1806 806 et
1845 761 2012 804 exau-

430 847 542 900 diet
571 850 656 905 te;
687 853 736 898 et
769 859 837 898 ea:
871 841 1108 897 omnibus
1149 839 1560 894 tribulationibus
1607 839 1711 894 tuis
1754 846 1906 895 eruet
1934 846 2008 893 te.

431 939 534 992 Cor
574 933 838 1004 siquideu.
881 934 1156 989 contritum
1195 941 1244 986 et
1271 931 1591 985 Immiliatum
1621 930 1792 1002 (Psal.
1829 946 1882 994 ι,
1915 927 2004 998 l9)

435 1026 627 1081 timore
648 1023 766 1094 ejus
791 1038 1055 1094 nusquam
1089 1022 1335 1077 Christus
1363 1021 1586 1092 spernit.
1619 1019 1868 1090 Alioquin
1896 1035 2010 1074 eer-

431 1135 529 1173 nus
559 1116 808 1174 tertianis
839 1123 942 1171 tuae
971 1132 1074 1170 non
1101 1117 1375 1180 morietur,
1405 1124 1458 1169 et
1485 1115 1619 1185 ignis
1655 1113 1881 1169 ustionis
1910 1123 2012 1168 tua:

371 1199 376 1267 ξ
431 1226 536 1265 nou
567 1211 918 1280 exstinguetur
947 1207 1084 1279 (Isa.
1116 1221 1258 1274 var,
1290 1205 1390 1272 24;
1418 1205 1588 1260 Marc.
1618 1222 1690 1271 Ix,
1717 1204 1833 1276 4‘5).

371 1293 374 1310 ’
501 1299 632 1354 Car.
663 1313 736 1352 vt.
777 1295 1076 1364 Increpatio
1104 1298 1158 1351 in
1187 1293 1577 1368 Cuneglassum.
1608 1329 1678 1340 ——
1711 1294 1780 1350 Ut
1807 1297 1932 1366 quid
1959 1295 2012 1351 in

433 1389 683 1458 nequitia:
713 1395 815 1444 tua:
855 1389 1094 1445 volveris
1121 1396 1330 1444 vetusta
1357 1389 1512 1458 faece,
1541 1397 1598 1444 et
1633 1397 1691 1443 tu
1729 1389 1798 1444 ab
1833 1387 2018 1444 adole-

429 1477 651 1533 scentite
670 1477 824 1532 annis
841 1491 968 1533 urse
989 1477 1278 1533 multorum
1307 1491 1488 1532 sessor
1510 1477 1800 1548 aurigaque
1823 1493 2016 1534 currus

433 1570 765 1644 receptaculi
807 1571 939 1637 ursi,
978 1569 1073 1626 Dei
1103 1578 1444 1641 contemptor
1471 1567 1733 1640 fortisque
1774 1568 1890 1638 ejus
1918 1569 2012 1625 de-

431 1677 680 1735 pressor,
726 1660 1072 1734 Cuneglasse,
1122 1659 1368 1716 Romana
1414 1660 1596 1728 lingua
1644 1660 1786 1716 lanio
1837 1661 2014 1716 fulve?

2111 468 2246 523 biles
2266 467 2530 521 celsorum
2558 481 2658 522 ceu
2689 467 2951 522 montium
2981 466 3209 523 inuectis
3237 468 3450 526 moles?
3477 469 3618 538 Quid
3648 480 3704 528 te

2112 571 2220 612 non
2265 556 2315 611 ei
2366 569 2550 624 regum
2597 557 2834 610 otunium
2881 558 3024 626 regi,
3077 573 3238 630 quem
3279 561 3492 616 cunctis
3559 577 3704 632 pene

2114 647 2398 704 Britannia:
2420 649 2645 703 ducibus
2663 659 2771 703 tam
2793 663 2961 717 regno
2985 649 3129 713 fecit,
3153 665 3313 720 quam
3331 659 3504 706 status
3526 653 3702 709 linea-

2112 749 2298 796 tncnto
2319 738 2622 805 editiorem,
2654 741 2877 795 exhibes
2896 743 3106 796 ceteris
3128 741 3368 797 moribus
3392 743 3699 812 meliorem,

2113 831 2207 889 sed
2253 846 2408 886 versa
2464 831 2582 887 vice
2633 831 3003 888 deteriorem?
3047 848 3276 904 quorum
3341 835 3703 891 indubitatam

2116 921 2490 992 aequanimiter
2516 921 2884 978 conviciorum
2924 924 3225 981 auscultato
3253 940 3545 1000 parumper
3573 929 3707 983 asti-

2117 1013 2476 1083 pulatioucm,
2535 1017 2749 1072 omissis
2816 1013 3128 1072 demesticis
3187 1003 3587 1091 levioribusque
3637 1019 3707 1093 (si

2120 1112 2299 1160 tamen
2347 1107 2525 1178 aliqua
2565 1117 2691 1163 sunt
2736 1107 2899 1180 levia)
2947 1111 3226 1186 propalata
3261 1111 3277 1142 ί
3317 1111 3491 1166 solum
3543 1112 3708 1186 longe

2118 1193 2332 1264 lateque
2375 1212 2476 1266 per
2527 1211 2688 1253 auras
2739 1197 2974 1254 admissa
3021 1210 3358 1256 testaturam.
3412 1199 3605 1259 Nonne
3649 1205 3706 1260 in

2114 1285 2302 1354 primis
2356 1286 2730 1343 adolescentia:
2778 1297 2882 1344 tua:
2937 1291 3092 1347 anuis
3149 1295 3470 1349 avunculum
3523 1311 3709 1368 regem

2117 1389 2238 1428 cum
2271 1374 2574 1433 fortissimis
2602 1380 2988 1449 propemodum
3019 1383 3298 1454 militibus,
3329 1401 3559 1456 quorum
3592 1389 3710 1445 vul-

2119 1473 2205 1519 tus
2233 1477 2340 1520 non
2369 1468 2668 1523 catulorum
2695 1469 2869 1524 leonis
2897 1472 2951 1525 in
2977 1473 3094 1528 acie
3114 1487 3442 1545 magnOperc
3463 1477 3712 1547 dispares

2123 1557 2467 1624 videbantur,
2501 1562 2764 1617 acerrime
2803 1578 2952 1630 ense,
2991 1565 3166 1634 hasta,
3212 1567 3321 1638 igni
3351 1571 3710 1639 oppressisti?

2119 1664 2308 1720 parum
2335 1651 2580 1719 cogitans
2606 1653 2980 1738 prOpbeticum
3004 1655 3200 1712 dictum
3230 1676 3244 1712 :
3280 1657 3410 1724 Viri,
3437 1661 3706 1730 inquiens,

430 1754 610 1820 Quare
652 1760 862 1808 tantum
902 1757 1178 1806 cenaan
1210 1759 1320 1806 tam
1354 1750 1662 1808 hominibus
1701 1766 1862 1822 quam
1905 1751 2016 1806 Deo
2050 1747 2092 1806 Β
2119 1741 2429 1810 sanguinum
2463 1750 2514 1793 et
2551 1741 2658 1796 doli
2701 1758 2806 1797 non
2845 1743 3190 1800 dimidiabunl
3231 1747 3342 1802 dies
3377 1765 3499 1804 suos
3531 1749 3705 1824 (l’sul.

430 1852 677 1913 prtestas,
725 1842 1036 1899 hominibus
1080 1843 1284 1898 civibus
1330 1842 1540 1898 scilicet
1577 1843 1743 1898 amis
1787 1844 2016 1899 exitiali-

432 1935 530 1990 bus
557 1942 605 2002 ι,
640 1933 752 1989 Deo
777 1934 1000 1990 inﬁnitis
1027 1934 1356 1990 sceleribus?
1383 1932 1520 2001 Quid
1545 1941 1740 2005 prmter
1766 1935 2009 1990 innume-

430 2025 625 2080 rabiles
650 2041 831 2092 casus,
870 2023 1090 2094 propria
1121 2038 1292 2079 uxore
1331 2023 1502 2093 pulsa,
1547 2022 1853 2079 furciferam
1887 2037 2013 2092 ger-

435 2129 644 2170 manam
683 2116 800 2185 ejus
839 2121 1158 2185 perpetuam
1199 2115 1313 2170 Deo
1338 2113 1612 2170 viduitatis
1638 2113 2012 2169 castimoniam

431 2203 832 2272 promittentem
871 2204 955 2276 (ut
980 2213 1141 2274 poeta
1169 2203 1290 2278 ait),
1319 2219 1582 2261 summam
1623 2219 1722 2261 ceu
1752 2205 2016 2261 teneritu-

426 2295 607 2348 dinem
634 2295 1000 2350 caelicolarum
1030 2295 1166 2366 (tota
1207 2296 1373 2352 animi
1406 2296 1758 2353 veneratione
1789 2297 1876 2352 vel
1915 2312 2011 2368 po-

439 2384 542 2438 tius
581 2381 928 2457 hebetudine)
984 2387 1368 2458 nympharum,
1420 2394 1610 2442 contra
1666 2387 2011 2443 interdictum

434 2470 679 2541 Apostoll
708 2469 850 2542 (Gal.
881 2489 932 2541 v,
961 2473 1056 2546 21)
1085 2475 1402 2546 denegantis
1431 2490 1593 2544 posse
1617 2475 1898 2532 adulteros
1923 2492 2013 2532 re-

425 2560 518 2628 gni
551 2563 787 2622 caelestis
819 2576 941 2618 esse
969 2563 1272 2634 municipes
1287 2605 1309 2632 ,_
1330 2564 1595 2634 suscipis?
1619 2563 1756 2631 Quid
1783 2565 2025 2634 gemitus

429 2658 600 2720 atque
628 2653 861 2721 suSpiria
909 2661 1244 2723 sanctorum,
1288 2662 1513 2726 propter
1558 2663 1614 2712 te
1659 2657 2016 2732 corporaliter

431 2741 772 2796 maerentium
798 2741 853 2812 ι’,
877 2743 996 2798 vice
1023 2744 1270 2800 immanis
1305 2745 1487 2800 lemma
1509 2745 1748 2802 dentium
1772 2763 1893 2803 ossa
1923 2757 2013 2805 tua

430 2830 754 2901 quandoque
781 2832 1016 2890 fractura
1045 2834 1249 2890 crebris
1278 2835 1496 2904 instigas
1524 2835 1774 2905 injuriis?
1801 2837 2010 2902 Desine,

430 2936 644 2991 qmeso,
675 2930 734 2976 ut
759 2923 1025 2994 pmpheta
1065 2924 1160 2990 ait,
1192 2923 1256 2978 ab
1285 2924 1365 2978 ira
1384 2966 1399 2992 ,
1425 2934 1473 2978 et
1500 2925 1795 2998 derelinque
1821 2927 2014 2982 exitia-

430 3017 535 3066 lem
595 3027 661 3067 ac
718 3014 1058 3084 temetipsum
1101 3023 1494 3070 maccraturum
1537 3014 1720 3087 (quem
1763 3017 1903 3073 cmlo
1945 3032 2012 3072 ac

2116 1839 2222 1893 uv,
2253 1826 2368 1898 Ἃ).
2399 1827 2537 1896 Quid
2567 1845 2665 1900 pro
2694 1831 2798 1886 hoc
2827 1831 2944 1887 solo
2972 1833 3341 1892 retributionis
3381 1852 3410 1890 a
3443 1837 3595 1906 justo
3617 1840 3708 1908 ju-

2114 1919 2236 1974 dice
2265 1935 2534 1990 spcrares,
2565 1923 2666 1976 etsi
2695 1937 2801 1976 non
2829 1923 2956 1977 talia
2986 1935 3343 1993 sequerentur
3369 1943 3492 1996 qua:
3521 1940 3707 1985 secuta

2115 2017 2262 2077 sunt,
2304 2008 2488 2066 itidem
2533 2010 2748 2068 dicente
2793 2028 2892 2083 per
2942 2015 3307 2085 prophetam:
3353 2017 3442 2073 Va.-
3488 2020 3580 2074 tibi
3621 2023 3709 2092 qui

2113 2102 2388 2171 prwaaris,
2421 2119 2594 2156 nonne
2622 2111 2674 2158 et
2711 2105 2822 2174 ipse
2863 2105 3225 2176 prredaberis.’
3265 2118 3316 2164 et
3357 2110 3447 2182 qui
3493 2113 3707 2179 occidis,

2113 2209 2285 2247 nonne
2309 2201 2360 2246 el
2386 2195 2496 2264 ipse
2522 2195 2813 2251 occideris?
2833 2207 2883 2251 et
2909 2214 3025 2252 cum
3053 2199 3230 2255 desine
3259 2203 3303 2256 is
3321 2203 3573 2274 pra'dari,
3603 2215 3710 2260 tum

2113 2283 2268 2338 cades
2297 2283 2433 2352 (Isa.
2466 2301 2666 2352 sunt,
2697 2285 2998 2357 l).-Nonne
3040 2298 3326 2360 postquam
3358 2294 3453 2350 tibi
3482 2311 3551 2351 ex
3580 2308 3710 2354 voto

2111 2375 2336 2431 vlolenti
2375 2377 2530 2445 regni
2559 2377 2841 2448 phantasia
2887 2381 3052 2436 cessit
3084 2384 3380 2453 cupiditate
3417 2386 3650 2444 inlectus
3684 2403 3709 2429 ο

2115 2464 2183 2519 ad
2212 2465 2354 2520 viam
2385 2468 2690 2524 revertendi
2712 2476 2940 2540 rectam,
2969 2470 3265 2542 diebusque
3293 2489 3359 2531 ac
3379 2479 3630 2534 noctibus
3657 2480 3710 2536 id

2115 2557 2394 2626 temporis,
2416 2559 2750 2615 conscientia
2780 2561 2918 2617 forte
2943 2565 3312 2632 peccaminum
3336 2569 3709 2638 remordentc,

2115 2646 2184 2702 de
2237 2647 2432 2704 deilico
2479 2649 2676 2706 timore
2728 2653 3227 2725 monachorumque
3276 2655 3553 2728 decretis,
3607 2662 3710 2716 sub

2114 2737 2276 2793 dente
2327 2739 2556 2808 primum
2613 2741 2780 2794 multa
2827 2743 3138 2812 ruminans,
3187 2745 3386 2802 deinde
3430 2749 3711 2820 popularis

2115 2843 2257 2883 aura:
2307 2831 2616 2899 cognitione
2645 2835 2666 2864 '
2703 2833 3006 2904 proferens,
3055 2837 3382 2894 monachum
3429 2841 3548 2896 sine
3595 2843 3710 2898 ullo
3799 2873 3806 2880 -

2116 2918 2466 2988 infidelitatis,
2498 2930 2558 2976 ut
2581 2923 2783 2988 aiebas,
2815 2934 3084 2996 respectu,
3116 2943 3300 2984 coram
3334 2932 3710 3002 omnipotente

2115 3009 2250 3076 Deo,
2281 3010 2536 3080 angelicis
2565 3014 2798 3070 vultibus
2828 3014 3182 3089 humanisque
3211 3020 3436 3090 (ruptis,
3459 3029 3522 3077 ut
3548 3033 3710 3094 puta-

432 3114 610 3173 ιρι-τω,
656 3105 760 3162 hoc
807 3113 912 3175 εει,
957 3105 1069 3162 Deo
1107 3107 1362 3178 gregique
1401 3107 1516 3178 ejus
1551 3108 1742 3179 spiras)
1783 3111 2008 3180 furorem
2035 3105 2084 3170 ο
2112 3099 2300 3168 batur,
2330 3102 2694 3172 eapacissimis
2721 3105 2826 3162 illis
2847 3107 3042 3176 quibus
3066 3110 3466 3182 praecipitanter
3505 3115 3709 3173 involvi

431 3197 601 3272 (Psal.
633 3213 814 3266 χχχιιι,
835 3198 896 3272 8)
921 3216 936 3254 :
959 3198 1042 3256 fac
1061 3214 1157 3256 eos
1186 3201 1365 3271 potius
1392 3202 1612 3258 mutatis
1639 3217 1738 3273 pro
1767 3209 1823 3258 te
1851 3217 2011 3258 orare

427 3292 682 3358 moribus,
731 3293 926 3362 quibus
971 3290 1211 3366 suppetit
1252 3305 1415 3360 supra
1463 3291 1719 3347 mundum
1763 3286 2013 3362 alligandi

425 3399 548 3440 cum
593 3386 648 3440 in
688 3385 890 3442 mundo
931 3399 1056 3442 reos
1092 3383 1452 3451 alligaverint,
1496 3391 1552 3438 et
1595 3384 1841 3440 solvendi
1885 3400 2010 3441 cum

428 3474 754 3544 pmoitentes
771 3474 1032 3531 solverint
1055 3480 1317 3545 potestas.
1352 3469 1498 3540 Noli,
1525 3481 1585 3528 ut
1607 3473 1683 3530 ait
1703 3471 2008 3546 Apostolus,

426 3565 644 3637 superbe
668 3581 880 3636 sapere,
909 3564 990 3621 vel
1017 3581 1226 3638 sperare
1251 3566 1306 3620 in
1334 3568 1532 3622 incerto
1561 3565 1877 3632 divitiarum,
1918 3565 2012 3620 sed

427 3657 484 3711 in
513 3656 624 3712 Deo
646 3657 733 3729 qui
755 3666 971 3728 prestat
999 3658 1092 3713 tibi
1119 3658 1280 3712 multa
1305 3657 1510 3713 abunde
1538 3655 1598 3730 (1
1625 3655 1757 3713 Tim.
1793 3672 1864 3726 v1,
1895 3657 2008 3731 l7),

429 3757 489 3802 ut
516 3763 615 3819 per
639 3747 1073 3804 emendationem
1099 3764 1309 3805 morum
1339 3749 1667 3807 thesaurizes
1695 3751 1788 3806 tibi
1819 3752 2014 3822 {unda-

429 3846 656 3892 mentum
697 3836 882 3892 bonum
926 3839 978 3892 in
1019 3840 1263 3911 futurum,
1311 3847 1362 3893 et
1407 3838 1605 3894 habeas
1631 3855 1804 3896 ueram
1831 3843 2008 3908 vitam,

429 3942 721 3998 perennem
747 3927 1010 3998 profecto,
1042 3943 1148 3984 non
1175 3927 1478 3985 deciduam.
1508 3929 1753 4000 Alioquin
1783 3933 1930 3998 scies,
1961 3940 2012 3986 et

425 4018 616 4074 uidebis
643 4017 806 4074 etiam
834 4036 989 4092 quam
1009 4019 1204 4074 malum
1229 4027 1278 4074 et
1307 4036 1544 4074 amarum
1571 4029 1648 4074 est
1673 4020 1938 4090 reliquisse
1964 4029 2014 4075 te

427 4108 707 4166 Dominum
745 4110 913 4166 Deum
944 4120 1108 4182 tuum,
1133 4122 1180 4167 et
1209 4129 1315 4168 non
1342 4129 1454 4168 esse
1475 4114 1710 4168 timorem
1733 4115 1844 4185 ejus
1873 4114 2014 4184 apud

425 4211 474 4256 te
514 4201 644 4276 (Jer.
684 4219 745 4272 ιι,
787 4203 912 4274 l9);
957 4212 1012 4258 et
1057 4204 1109 4258 in
1161 4203 1363 4270 futuro,
1414 4212 1554 4260 tctro
1595 4205 1797 4275 ignium
1850 4205 2012 4274 globo

423 4301 747 4347 mternorum
787 4303 842 4348 te
889 4293 1064 4358 exuri,
1107 4309 1210 4348 nec
1255 4301 1434 4349 tamen
1479 4294 1590 4350 ullo
1643 4295 1806 4351 modo
1848 4296 2008 4350 mori.

425 4380 699 4451 Siquidem
729 4391 839 4436 tam
867 4385 1256 4439 sceleratorum
1293 4385 1401 4439 sint
1439 4385 1704 4456 perpetim
1737 4397 1758 4424 ο
1790 4387 2013 4444 immor-

429 4471 563 4527 tales
591 4471 701 4541 igni
731 4473 947 4541 animte,
977 4487 1138 4542 quam
1168 4482 1474 4529 sanctorum
1503 4474 1720 4531 laetitiae.

496 4559 627 4618 Car.
659 4577 753 4617 vn.
786 4561 1086 4634 Increpatio
1114 4565 1168 4619 in
1196 4563 1586 4638 Maglocunum.
1611 4600 1685 4611 —
1705 4567 1757 4622 l.
1787 4567 1927 4636 Quid
1947 4579 2003 4626 tu

427 4653 587 4708 etiam
627 4653 878 4710 insularis
903 4654 1091 4726 draco,
1119 4656 1408 4712 multorum
1435 4665 1782 4730 tyrannorum
1820 4661 2008 4732 depul-

425 4761 517 4800 sor
543 4754 651 4800 tam
693 4759 859 4814 regno
883 4761 1044 4818 quam
1079 4749 1240 4803 etiam
1269 4749 1396 4816 vita,
1431 4751 1859 4821 supradictorum
1907 4769 2009 4809 no-

429 4837 645 4892 vissime
675 4833 730 4891 in
757 4834 786 4876 ά
820 4837 983 4910 stylo,
1007 4838 1180 4908 prime
1215 4839 1268 4895 in
1306 4840 1468 4906 malo,
1499 4841 1674 4912 major
1699 4842 1879 4898 multis
1903 4858 2006 4914 po-

426 4933 594 4998 tentia
623 4931 886 5002 simulque
914 4933 1138 4999 malitia,
1171 4931 1372 5003 largior
1403 4934 1456 4988 in
1495 4933 1694 5002 dando,
1738 4935 2010 5007 profusior

423 5025 482 5090 in
527 5032 774 5096 peccato,
811 5025 1031 5081 robuste
1056 5025 1237 5093 armis,
1277 5025 1375 5082 sed
1411 5026 1606 5081 anima:
1632 5024 1823 5085 fortior
1863 5028 2008 5084 exci-

423 5116 549 5181 diis,
580 5115 909 5188 Maglocune,
939 5115 992 5170 in
1023 5124 1134 5171 tam
1164 5124 1378 5172 vetusto
1397 5117 1658 5184 scelerum
1681 5127 2002 5186 atramento,

423 5208 580 5276 ueluti
617 5208 858 5262 madidus
901 5206 1032 5281 (λεν.
1079 5224 1230 5270 mn.
1268 5207 1325 5278 9)
1369 5208 1494 5264 vino
1537 5208 1607 5265 de
1652 5207 2008 5267 Sodomilana
2055 5230 2063 5237 '

426 5302 540 5362 vite
563 5315 822 5370 expresso
851 5300 1045 5358 stolide
1075 5300 1372 5356 volutaris?
1398 5297 1576 5368 Quare
1604 5309 1782 5358 tantas
1810 5316 2006 5372 pecca-

501 5467 526 5530 ξ
557 5456 721 5530 ﬁdit"
747 5458 1081 5530 specialibus.

498 5526 526 5580 μ’
560 5527 698 5602 fidit.
733 5526 978 5602 (excepta
1009 5529 1142 5586 Bibl.
1175 5527 1281 5584 PP.
1313 5530 1531 5602 Paris.),
1552 5532 1884 5587 versandum.

503 5605 526 5668 ξ
560 5595 726 5668 ﬁdit,
741 5595 969 5668 perpeti.

499 5663 525 5712 μ
561 5663 718 5739 goest
736 5663 1043 5739 praepositio
1063 5669 1141 5739 in,
1159 5667 1284 5726 edit.

506 5741 530 5788 ρ
561 5730 993 5808 Ειιὶιηῖηίὸεωσ,

2110 3189 2292 3244 solent
2308 3191 2534 3262 pingues
2562 3195 2701 3250 tauri
2729 3196 2930 3252 moduli
2961 3199 3039 3254 tui
3060 3201 3266 3257 retibus
3290 3221 3303 3257 :
3328 3204 3508 3262 omnis
3531 3209 3706 3275 regni,

2113 3281 2586 3352 auri'argentique,
2617 3293 2674 3340 et
2698 3287 2844 3355 quod
2870 3287 3046 3358 majus
3068 3296 3170 3352 est.
3193 3293 3428 3363 propria:
3451 3295 3708 3352 volunta—

2112 3369 2181 3425 tis
2202 3371 2622 3431 distensiouibus
2647 3376 2841 3448 ruptis)
2869 3388 3133 3449 perpetuo
3153 3383 3370 3447 vovisti,
3406 3391 3465 3440 et
3501 3395 3622 3442 rete
3644 3402 3711 3442 ac

2110 3462 2158 3517 si
2185 3462 2414 3520 stridulo
2445 3479 2640 3520 canum
2670 3467 2824 3539 lapsu
2852 3483 3031 3524 aerem
3059 3471 3238 3528 valide
3264 3481 3540 3532 secantem
3558 3517 3574 3540 .
3607 3493 3708 3532 sa:-

2112 3568 2320 3624 vosque
2338 3555 2512 3624 rapidi
2539 3556 2876 3628 harpagones
2903 3561 3176 3632 accipitris
3203 3563 3440 3621 sinuosis
3479 3566 3710 3624 ﬂexibus

2114 3646 2392 3712 vitantem,
2421 3648 2490 3702 ad
2509 3658 2820 3706 sanctorum
2844 3652 2940 3706 tibi
2968 3667 3298 3725 magnopere
3326 3655 3460 3713 ﬁdas
3487 3659 3710 3728 spelun-

2113 3751 2206 3794 cas
2229 3735 2616 3810 refrigeriaque
2651 3740 2940 3798 salubriter
2965 3745 3187 3813 rapuisti
3217 3761 3285 3801 ex
3313 3761 3478 3803 corvo
3502 3749 3709 3805 colum-

2112 3827 2276 3883 bant?
2319 3827 2366 3884 Ο
2410 3839 2610 3902 quanta
2655 3828 2909 3888 Ecclesiae
2954 3835 3116 3889 matri
3157 3835 3340 3890 laetitia
3387 3837 3455 3907 (si
3497 3855 3609 3894 non
3657 3848 3711 3896 te

2113 3938 2432 3986 cunctorum
2475 3932 2784 3986 mortalium
2821 3933 2993 3989 hostis
3031 3932 3100 3989 de
3138 3935 3260 3990 sinu
3306 3937 3708 4005 quodammodo

2113 4021 2230 4089 ejus
2269 4018 2568 4088 lugubriter
2593 4023 2963 4093 abstraxisset)
2991 4024 3158 4080 foret!
3192 4027 3237 4080 0
3267 4042 3428 4096 quam
3458 4029 3709 4098 profusus

2113 4109 2228 4180 spei
2254 4110 2491 4166 caelestis
2518 4109 2690 4166 fomes
2709 4110 3112 4182 desperatorum
3139 4114 3414 4180 cordibus,
3445 4124 3500 4171 te
3529 4117 3584 4170 in
3613 4117 3708 4171 bo-

2114 4200 2198 4255 nis
2242 4209 2615 4270 permanente,
2655 4201 3050 4258 inardesceret!
3089 4204 3135 4258 0
3177 4206 3355 4275 qualia
3397 4217 3708 4280 quantaque

2113 4289 2348 4342 animam
2396 4297 2542 4343 tuam
2592 4291 2741 4358 regni
2791 4290 2990 4347 Christi
3037 4296 3256 4364 praemia
3295 4296 3349 4352 in
3393 4298 3484 4352 die
3517 4299 3707 4367 jndicii

2115 4387 2420 4445 manerent,
2453 4381 2500 4436 si
2527 4396 2636 4436 non
2675 4382 2832 4452 lupus
2873 4384 3101 4440 callidus
3127 4386 3218 4442 ille
3253 4402 3450 4457 agnum
3481 4406 3549 4446 ex
3582 4392 3706 4462 lupo

2033 4481 2090 4542 ι)
2114 4469 2313 4524 factum
2344 4476 2418 4536 te,
2464 4470 2531 4526 ab
2570 4471 2698 4527 ovili
2737 4472 3010 4529 dominico
3055 4491 3162 4531 non
3188 4478 3545 4535 vehementer
3571 4482 3708 4538 invi-

2111 4570 2244 4628 tum,
2277 4557 2513 4618 facturus
2533 4562 2715 4633 lupum
2737 4578 2803 4617 ex
2833 4577 2970 4632 agno
2999 4565 3098 4620 sibi
3127 4567 3358 4622 similem
3393 4571 3702 4639 rapuisset!

2111 4652 2434 4723 Oquantam
2485 4654 2900 4710 exsultationem
2953 4655 3043 4726 pio
3092 4657 3332 4713 omnium
3391 4658 3540 4716 Patri
3595 4661 3706 4746 Deq

2111 4763 2419 4810 sanctorum
2460 4763 2549 4809 tua
2596 4755 2742 4810 salus
2786 4755 3048 4811 servanda
3093 4766 3397 4828 przestaret,
3427 4761 3472 4816 si
3516 4777 3628 4820 non
3655 4774 3708 4822 te

2112 4857 2425 4904 cunctorum
2454 4849 2782 4918 perditorum
2806 4848 3068 4905 infaustus
3088 4859 3262 4923 pater,
3282 4854 3449 4908 veluti
3480 4871 3705 4928 magna-

2111 4955 2231 4996 rum
2259 4941 2436 5010 aquila
2467 4941 2674 4996 alarum
2703 4943 3066 5012 unguiumque
3091 4943 3320 5011 daemon,
3346 4946 3547 5004 infelici
3573 4949 3708 5006 lilio-

2111 5046 2232 5086 rum
2259 5046 2480 5086 suorum
2506 5032 2704 5102 agmini
2743 5040 2932 5088 contra
2955 5032 3045 5102 jus
3072 5033 3258 5104 fasque
3296 5038 3600 5107 rapuisset!
3631 5039 3707 5096 Ne

2115 5125 2309 5192 multa,
2343 5131 2551 5178 tantum
2580 5123 2758 5192 gaudii
2787 5140 2851 5180 ac
2878 5125 3158 5182 suavitatis
3185 5135 3300 5182 tum
3339 5129 3482 5184 ccelo
3521 5137 3707 5186 terra:-

2113 5229 2220 5286 quc
2247 5225 2335 5270 tua
2361 5215 2426 5269 ad
2469 5214 2660 5270 bonam
2689 5213 2895 5284 frugem
2932 5218 3235 5286 conversio,
3260 5228 3523 5288 quantum
3565 5237 3709 5279 nunc

2116 5305 2366 5362 mmroris
2402 5321 2468 5362 ac
2504 5305 2680 5362 luctus
2708 5305 3030 5362 ministravit
3073 5307 3142 5364 ad
3172 5307 3508 5379 horribilem,
3553 5328 3706 5369 more

2189 5465 2204 5495 ¹
2239 5461 2312 5518 Ita
2344 5464 2744 5535 rescripsimus,
2782 5465 2914 5520 Bibl.
2949 5465 3052 5521 PP.
3083 5465 3254 5523 Paris.
3285 5467 3510 5525 editioni
3538 5470 3702 5527 iubas

2113 5544 2316 5606 rentes,
2339 5534 2526 5606 altera
2547 5535 2778 5606 lectione
2806 5535 2984 5590 Oxon.
3013 5539 3194 5605 palata
3223 5538 3444 5606 reiecta.

2182 5605 2204 5728 ἶ
2237 5603 2372 5727 ῗίιιι.
2417 5603 2544 5675 ΙἸ’.,
2577 5604 2770 5671 Paris.,
2795 5603 3102 5686 roguitio'ui.
3133 5606 3200 5662 Et
3227 5603 3380 5676 ntus,
3419 5612 3614 5682 [metis
3647 5617 3702 5666 ιιι

2111 5687 2174 5739 pu
2203 5691 2234 5726 tt
2273 5712 2286 5729 .
