3952 6368
217 332 318 385 553

1192 324 1389 385 LIBER
1422 329 1816 398 QUERULUS.
1857 329 2035 390 PARS
2069 329 2132 388 ll.
2167 325 2517 386 EPISTULA.

3393 334 3506 392 355

215 446 433 500 molossi
461 443 645 516 (Prov.
677 459 824 507 xxvi,
859 442 954 509 li;
986 440 1051 496 II
1078 441 1227 497 Petr.
1257 458 1318 511 ιι,
1344 439 1441 510 22)
1467 443 1618 513 aegri,
1648 445 1814 501 vomi-
1838 447 1890 509 Δ
1915 460 2118 509 somno,
2141 444 2216 498 sic
2236 444 2324 515 qui
2349 449 2565 497 enarrat
2582 440 2740 497 stulto
2766 445 3095 513 sapientiam.
3140 446 3207 501 In
3235 447 3342 519 ﬁne
3365 450 3506 504 enim

218 548 323 592 tum
351 535 584 591 nefanda
605 535 863 590 reversio.
893 534 1007 601 Qua
1037 541 1274 604 peracta,
1305 533 1630 590 exhibentur
1654 550 1817 590 m-

216 626 309 681 bra
337 642 489 680 arma
514 625 800 696 iniquitatis
827 632 1037 695 peccato
1070 621 1249 695 (Rom.
1278 639 1357 688 vt,
1377 622 1468 696 15)
1489 638 1556 681 ac
1574 623 1815 695 diabolo,

215 730 337 784 quae
366 721 689 785 oportuerat
715 711 865 768 salvo
887 726 1050 767 sensu
1072 711 1225 768 avide
1245 710 1476 768 exhiberi
1498 729 1645 768 arma
1654 713 1817 785 justi-

218 806 306 859 tite
333 802 471 859 Deo.

286 894 345 949 2.
377 895 608 953 Arrecto
652 895 861 950 aurium
902 892 1275 951 auscultantur
1320 903 1513 965 captu,
1561 910 1669 951 non
1718 895 1819 952 Dei

219 984 416 1040 laudes
437 1001 641 1059 canora
669 984 866 1040 Christi
895 984 1132 1039 tironum
1170 999 1307 1040 voce
1344 987 1582 1040 suaviter
1619 986 1814 1042 modu-

216 1076 394 1143 lante,
414 1092 758 1147 pneumaque
777 1075 1153 1133 ecclesiasticae
1177 1075 1444 1142 melodiae,
1470 1077 1565 1133 sed
1586 1078 1816 1149 propria:

222 1169 368 1237 (qua:
410 1166 543 1222 nihil
584 1168 734 1237 sunt)
773 1164 1152 1222 furciferorum
1181 1166 1383 1222 referto
1413 1167 1708 1225 mendaciis
1741 1167 1818 1224 si-

218 1257 447 1328 mulque
475 1258 747 1327 spumanti
775 1255 1057 1325 ﬂegmate,
1081 1256 1362 1327 proximos
1399 1272 1643 1328 quosque
1678 1259 1819 1316 truci

217 1347 417 1403 daturo
449 1362 758 1418 praeconum
783 1362 899 1414 ore,
923 1348 1031 1402 ritu
1055 1347 1454 1413 bacchantium,
1485 1363 1817 1419 concrepan-

218 1440 417 1508 te;'ita
448 1448 510 1495 ut
537 1455 653 1506 vas,
684 1439 778 1495 Dei
807 1439 1080 1509 quondam
1110 1440 1405 1495 ministerio
1432 1449 1813 1511 prazparatum,

216 1544 469 1591 vertatur
490 1535 543 1589 in
572 1533 760 1589 Zabuli
785 1545 1069 1605 organum,
1098 1531 1354 1603 quodque
1381 1531 1589 1589 honore
1611 1532 1819 1588 caelesti

220 1626 518 1696 putabatur
557 1625 795 1694 dignum,
833 1624 1029 1679 merito
1074 1622 1348 1693 rejiciatur
1395 1621 1449 1677 in
1491 1622 1677 1677 tartari
1723 1623 1820 1677 ba-

219 1716 493 1772 rathrum.
540 1714 654 1772 Nec
705 1722 889 1769 tamen
945 1713 1110 1772 tantis
1163 1712 1428 1769 malorum
1484 1710 1820 1768 oﬂ‘endiculis

1915 534 2239 588 narrationis
2271 532 2409 588 dicet
2438 549 2453 586 :
2486 530 2625 596 Quid
2659 533 2885 602 primum
2911 534 3125 591 dixeras
3153 535 3344 607 (Eccli.
3373 554 3506 605 χιιι,

1915 621 1969 688 8,
1999 621 2093 692 9)?
2119 620 2266 676 Lava
2307 638 2341 675 a
2381 620 2587 676 malitia
2613 637 2704 676 cor
2744 630 2888 677 tuum
2933 624 3096 694 (sicut
3135 625 3340 682 dictum
3376 628 3511 701 est),

1914 712 2268 778 Hierusalem,
2300 721 2357 767 ut
2376 712 2549 767 salvus
2570 714 2642 768 sis
2667 713 2799 785 (Jer.
2822 730 2896 781 tv,
2922 714 3033 785 14).
3067 715 3143 772 Ne
3169 725 3511 785 contemnas,

1913 815 2120 871 quaeso,
2148 800 2472 858 ineffabilem
2493 802 2921 860 misericordiam
2952 805 3067 870 Dei,
3099 806 3204 864 hoc
3229 809 3390 865 modo
3410 825 3512 881 per

1912 891 2234 963 prophetam
2265 908 2298 949 a
2332 894 2574 965 peccatis
2621 894 2818 966 impios
2858 900 3243 966 provocantis:
3275 899 3510 971 Repente

1914 984 2101 1057 loquar
2132 985 2202 1039 ad
2224 995 2429 1058 gentem
2452 996 2504 1040 et
2531 986 2603 1040 ad
2621 1003 2860 1058 regnum,
2901 996 2957 1041 ut
3003 989 3240 1057 evellam,
3267 998 3318 1045 et
3358 992 3510 1047 dissi-

1914 1091 2048 1146 pent,
2080 1084 2132 1131 et
2155 1075 2441 1144 destruam,
2463 1085 2516 1132 et
2539 1077 2838 1142 disperdam
2864 1077 2999 1150 (Jer.
3032 1096 3180 1146 xvm,
3210 1082 3285 1151 7).
3320 1081 3511 1139 Pecca-

1913 1176 2092 1222 torem
2118 1166 2225 1224 hoc
2254 1168 2605 1225 vehementer
2623 1169 2695 1226 ad
2719 1172 3092 1241 pmnitentiam
3117 1174 3369 1230 hortatur
3399 1193 3414 1229 :
3441 1175 3513 1231 Et

1915 1257 1962 1311 si
1989 1258 2341 1327 ptenitentiam
2367 1260 2532 1331 egerit
2555 1275 2682 1330 gens
2708 1260 2803 1315 illa
2828 1277 2862 1315 a
2887 1273 3100 1332 peccato
3123 1280 3243 1333 suo,
3269 1267 3515 1335 peniten-

1918 1346 2044 1400 tiam
2073 1354 2122 1399 et
2151 1363 2245 1418 ego
2275 1363 2431 1418 agant
2457 1364 2612 1419 super
2640 1350 2776 1404 malo
2804 1350 2942 1421 quod
2974 1352 3175 1408 locutus
3206 1369 3321 1408 sum
3345 1362 3402 1408 ut
3429 1356 3515 1426 fa-

1918 1453 2086 1492 cerem
2116 1440 2165 1493 ei
2195 1438 2388 1509 (Ibid,
2417 1437 2493 1511 8).
2526 1437 2595 1493 Et
2633 1439 2830 1496 iterum
2873 1460 2886 1495 :
2932 1440 3060 1507 Quis
3104 1443 3248 1499 dabit
3292 1446 3368 1501 eis
3410 1446 3514 1499 tale
3633 1472 3643 1483 ι

1918 1544 2031 1597 cor,
2056 1537 2114 1581 ut
2141 1529 2360 1583 audiant
2391 1546 2470 1583 me
2490 1540 2539 1584 et
2559 1531 2854 1586 custodiant
2877 1544 3137 1602 pra'cepta
3154 1552 3290 1601 mea,
3312 1545 3361 1590 et
3384 1534 3514 1590 bene

1920 1615 1989 1669 sit
2015 1614 2088 1669 eis
2117 1613 2355 1669 omnibus
2384 1615 2561 1672 diebus
2588 1619 2707 1673 vita:
2733 1635 2843 1675 sua:
2888 1619 3067 1691 (Deut.
3114 1637 3168 1688 v,
3204 1622 3333 1695 29)?
3359 1623 3515 1679 Item—

1920 1717 2026 1773 que
2048 1704 2101 1759 iu
2125 1704 2338 1761 cantico
2360 1705 2765 1763 Deuteronomii
2789 1725 2803 1762 :
2828 1708 3085 1782 Populus,
3112 1712 3303 1781 inquit,
3322 1711 3513 1784 absque

221 1816 351 1863 ωας,
405 1805 696 1862 hebetatus
752 1804 1075 1875 insipientia;
1126 1803 1343 1859 cumulo
1392 1817 1619 1871 scmus,
1670 1802 1822 1857 velut
1849 1808 1897 1869 Β
1920 1795 2139 1849 consilio
2161 1804 2211 1848 et
2239 1795 2538 1867 prudentia.
2564 1796 2778 1853 Utinam
2804 1810 3043 1868 saperent
3069 1811 3119 1856 et
3145 1802 3522 1874 intelligerent,

221 1898 463 1970 quodam
501 1898 660 1955 obice
706 1896 973 1964 tardatur,
1016 1894 1115 1952 sed
1162 1895 1418 1963 fervidus,
1462 1910 1527 1950 ac
1560 1894 1605 1949 si
1641 1894 1819 1967 pullus

225 2004 442 2045 ammna
482 2002 709 2059 quaeque
749 1987 1111 2059 lmperagrata
1158 1994 1383 2058 putans,
1429 2001 1528 2057 per
1564 1994 1819 2041 extensos

224 2081 497 2139 scelerum
538 2095 760 2152 campos
806 2078 1144 2136 irrevocabili
1182 2075 1367 2134 furore
1409 2084 1675 2149 raptatur,
1718 2091 1818 2131 au-

224 2175 405 2245 gendo
447 2172 642 2246 priscis
687 2187 826 2228 nova
882 2170 1130 2242 piaculis.
1189 2167 1529 2240 Sperntmtur
1587 2166 1822 2238 namque

225 2264 439 2334 primm,
484 2270 606 2333 post
645 2260 895 2318 monachi
936 2267 1118 2315 votum
1145 2258 1383 2325 irritum,
1423 2257 1626 2313 illicitae
1671 2255 1821 2326 licet,

225 2366 413 2412 tamen
451 2355 687 2427 propria:
726 2352 971 2424 conjugis
1010 2350 1403 2423 praesumptiva:
1441 2350 1666 2421 nuptiae;
1713 2350 1819 2406 alia

224 2450 329 2507 viri
354 2448 608 2514 viventis,
642 2463 748 2503 non
779 2446 1018 2511 externi,
1058 2445 1159 2501 sed
1196 2444 1379 2499 fratris
1416 2442 1509 2497 filii
1549 2441 1815 2498 adamata.

225 2542 309 2598 οι)
350 2540 500 2612 quod
541 2539 675 2595 dura
716 2538 899 2595 cervix
940 2534 1028 2592 illa
1075 2535 1259 2591 multis
1291 2534 1403 2604 jam
1445 2533 1818 2605 peccaminum

227 2632 468 2688 fascibus
495 2637 747 2695 onerata,
778 2628 909 2683 bino
953 2625 1282 2698 parricidiali
1326 2639 1480 2692 ausu,
1522 2622 1821 2680 occidendo

226 2722 598 2793 supradictum
658 2734 992 2787 uxoremque
1015 2727 1159 2774 tuam
1189 2717 1497 2788 aliquandiu
1527 2733 1558 2771 a
1590 2725 1644 2773 te
1669 2716 1823 2772 habi-

227 2824 364 2884 tam,
389 2814 540 2870 velut
563 2827 776 2868 summo
803 2810 1075 2879 sacrilegii
1115 2809 1192 2864 tui
1225 2809 1482 2876 culmine,
1509 2807 1578 2863 de
1605 2808 1727 2863 imis
1756 2805 1823 2862 ad

226 2902 489 2963 inferiora
529 2912 809 2959 curvatur.
831 2900 1040 2956 Dehinc
1068 2898 1213 2954 illam
1240 2897 1395 2967 cujus
1423 2896 1624 2953 dudum
1652 2895 1824 2951 collu-

227 2994 321 3052 dio
360 3009 427 3050 ac
472 2992 819 3062 suggestione
858 2998 1021 3045 tanta:
1068 2995 1197 3044 sunt
1239 2995 1583 3057 peccatorum
1631 2985 1824 3041 subita:

228 3086 404 3143 moles
426 3084 644 3156 publico
666 3090 721 3137 et
751 3083 833 3153 (ut
862 3080 1078 3136 fallaces
1103 3079 1463 3150 parasitorum
1486 3077 1679 3145 lingua
1690 3084 1825 3149 \tuo-

1919 1900 1981 1938 ac
2010 1886 2288 1939 nouissima
2318 1886 2663 1957 providerent.
2698 1890 2967 1957 Quomodo
3015 1903 3353 1965 persequatur
3378 1909 3524 1947 unus

1917 1976 2077 2042 mille,
2103 1986 2153 2031 et
2172 1977 2273 2033 duo
2295 1980 2477 2050 fugent
2496 1980 2671 2035 decem
2690 1982 2858 2037 millia
2877 1982 3053 2056 (Deut.
3077 2000 3249 2051 xxxu,
3270 1983 3514 2057 28-30)?

1919 2067 1986 2124 Et
2034 2068 2230 2125 iterum
2278 2070 2334 2125 in
2371 2058 2663 2141 Evangelio
2711 2073 3018 2130 Dominus:
3058 2073 3243 2130 Venite
3290 2076 3363 2130 ad
3407 2092 3510 2141 me,

1921 2177 2101 2216 omnes
2127 2161 2214 2232 qui
2235 2160 2491 2217 laboratis
2513 2172 2563 2217 et
2590 2166 2794 2220 onerati
2813 2167 2958 2234 estis,
2981 2175 3032 2221 et
3059 2184 3155 2240 ego
3189 2184 3281 2224 vos
3316 2169 3525 2241 requie--

1921 2265 2063 2305 scere
2091 2250 2303 2321 faciam.
2337 2247 2525 2306 Tollite
2542 2251 2729 2324 jugutn
2748 2270 2917 2310 meum
2941 2272 3097 2327 super
3125 2273 3235 2324 vos,
3264 2267 3316 2311 et
3333 2258 3529 2312 discite

1922 2357 1957 2393 a
1988 2356 2089 2405 me,
2127 2340 2248 2412 quia
2276 2340 2417 2396 mitis
2453 2358 2567 2396 sunt
2598 2352 2650 2397 et
2687 2344 2897 2399 humilis
2936 2346 3094 2401 corde
3115 2362 3137 2401 :
3164 2355 3215 2400 et
3251 2347 3521 2403 invenietis

1922 2435 2151 2505 requiem
2196 2434 2469 2491 animabus
2514 2439 2695 2493 vestris
2727 2438 2942 2509 (Matth.
2996 2456 3073 2508 χι,
3101 2440 3193 2508 28,
3231 2441 3345 2512 29).
3378 2442 3527 2499 Num'

1924 2525 1970 2580 si
1999 2525 2114 2582 haec
2140 2526 2314 2581 surdis
2342 2527 2561 2583 auribus
2586 2529 2807 2598 audias,
2839 2531 3133 2602 prophetas
3170 2541 3518 2599 contemnas,

1924 2615 2198 2672 Christum
2229 2615 2517 2688 despicias,
2544 2633 2755 2687 nosque
2787 2619 2936 2692 (licet
2956 2620 3226 2677 vilissima:
3244 2622 3532 2691 qualitatis

1926 2708 2130 2782 simus)
2174 2709 2373 2767 nullius
2424 2712 2689 2767 momenti
2741 2712 2912 2770 ducas
2962 2714 3339 2785 propheticum
3387 2714 3521 2771 illud

1927 2801 2138 2857 sincera
2168 2801 2332 2857 animi
2357 2802 2559 2872 pietate
2580 2811 2859 2860 sonantes
2887 2802 3185 2878 [utcunque
3203 2805 3246 2861 si
3276 2821 3385 2862 non
3413 2820 3517 2876 ego

1929 2893 2224 2964 implevero
2254 2894 2624 2950 fortitudinem
2654 2895 2710 2949 in
2743 2896 2936 2967 spiritu
2974 2906 3031 2969 et
3056 2897 3255 2953 virtute
3284 2898 3522 2968 Domini,

1930 2994 1991 3041 ut
2034 2986 2311 3041 enuntiem
2354 2986 2530 3042 domui
2576 2986 2739 3043 Ιαεοὺ
2781 2998 2833 3043 et
2881 2988 3060 3044 domui
3108 2989 3281 3046 Israel
3324 2991 3523 3047 scelera

1929 3094 2106 3133 eorum
2136 3075 2272 3149 (Isa.
2305 3092 2453 3142 LVIII,
2484 3075 2563 3149 l)]
2596 3093 2666 3135 ne
2693 3079 2859 3135 simus
2887 3096 3040 3135 canes
3065 3083 3193 3136 muti
3212 3099 3317 3138 non
3345 3083 3525 3138 valen-

229 3194 351 3235 nlrn
399 3175 762 3240 conclamant,
814 3171 1037 3229 summis
1079 3182 1257 3226 tamen
1298 3170 1477 3235 labiis,
1504 3183 1617 3224 non
1647 3183 1717 3224 ex
1743 3168 1826 3223 in—
1857 3192 1901 3254 ε
1932 3177 2009 3223 tes
2036 3169 2234 3221 latrare
2274 3164 2412 3237 (Isa.
2442 3183 2548 3233 ινι,
2583 3168 2697 3239 l0).
2733 3167 2802 3223 Et
2840 3169 2969 3225 illud
2998 3169 3307 3228 Salomonis
3333 3174 3409 3227 ita
3442 3173 3527 3228 di-

230 3270 370 3325 timo
398 3266 601 3339 cordis)
641 3264 899 3334 legitimo,
935 3273 995 3318 ut
1032 3270 1161 3333 pote
1207 3259 1503 3326 viduatam,
1533 3254 1723 3326 thoro;
1772 3268 1830 3313 ut

232 3368 438 3415 nostra:
488 3371 617 3412 vero
658 3363 713 3424 ⁸,
748 3353 1170 3410 sceleratissimo
1217 3348 1489 3405 adsciviin
1536 3346 1829 3403 connubio.

232 3448 401 3519 Cujus
451 3447 614 3517 igitur
667 3444 840 3500 sancti
891 3444 1107 3499 viscera
1152 3441 1247 3497 tali
1293 3439 1563 3496 stimulata
1606 3438 1830 3493 historia

234 3556 345 3597 non
371 3539 554 3595 statim
585 3538 639 3593 in
679 3536 838 3592 fletus
877 3535 1247 3605 singultusque
1274 3531 1662 3603 prorumpam?
1702 3528 1833 3597 Quis

233 3632 495 3688 sacerdos
538 3629 692 3700 cujus
738 3644 836 3685 cor
884 3637 1091 3683 rectum
1132 3626 1244 3682 Deo
1279 3630 1449 3695 patet,
1496 3638 1609 3678 non
1651 3621 1833 3677 statim

234 3724 352 3777 haec
380 3720 606 3776 audiens
632 3733 829 3789 magno
871 3733 991 3773 cum
1025 3716 1230 3772 ululatu
1280 3713 1412 3769 illud
1455 3711 1833 3784 propheticum

233 3812 433 3868 dicat:
469 3809 601 3875 Quis
644 3808 789 3863 dabit
834 3809 993 3881 capiti
1039 3822 1152 3862 meo
1192 3821 1398 3879 aquam,
1430 3804 1669 3859 etoculis
1709 3803 1838 3858 meis

235 3904 438 3974 fontem
466 3900 836 3971 lacrymarum,
870 3908 920 3953 et
950 3896 1167 3970 plorabo
1200 3898 1255 3951 in
1289 3895 1376 3950 die
1400 3903 1453 3949 et
1488 3901 1639 3948 nocte
1675 3894 1838 3948 inter-

237 3993 405 4064 fectos
443 3989 625 4062 populi
658 3990 761 4043 mei
792 3988 925 4061 (Jer.
967 3988 1091 4061 rx)?
1118 3985 1266 4043 Heu!
1307 3986 1353 4043 si
1391 3985 1609 4058 quidem
1648 3999 1837 4056 parum

240 4082 468 4138 auribus
498 4082 729 4151 captasti
759 4081 1133 4152 propheticam
1175 4079 1607 4149 obiurgationem
1643 4078 1717 4135 ita
1754 4076 1838 4133 di-

238 4183 471 4230 contem
490 4190 516 4227 :2
558 4170 652 4229 Var
695 4171 857 4240 vobis,
903 4174 999 4228 viri
1046 4172 1200 4243 impii
1234 4188 1254 4228 :
1304 4172 1646 4243 dereliquistis
1675 4171 1843 4243 legem

242 4264 343 4318 Dei
391 4262 674 4328 altissimi;
720 4270 777 4317 et
817 4263 864 4317 si
911 4264 1024 4317 nati
1066 4262 1288 4334 fueritis,
1331 4262 1387 4316 in
1428 4260 1844 4316 maledittionem

240 4356 342 4411 erit
368 4371 495 4428 pars
523 4365 713 4410 vestra.
751 4353 943 4409 Omnia
979 4371 1095 4428 quis
1123 4354 1186 4409 de
1213 4362 1353 4410 terra
1386 4361 1535 4422 sunt,
1564 4353 1618 4407 in
1656 4363 1844 4406 terram

242 4448 393 4502 ibunt
445 4463 465 4502 :
511 4449 586 4502 sic
632 4447 783 4517 impii
829 4464 862 4502 a
912 4447 1275 4523 malediqtioue
1324 4448 1380 4502 in
1431 4445 1845 4500 maledictionem

248 4535 446 4607 (Eccli.
478 4551 584 4603 xu,
627 4535 810 4605 11-15)
854 4535 1210 4607 (subauditur,
1253 4534 1307 4589 ib
1346 4543 1404 4587 nt
1442 4535 1482 4603 ί)
1518 4533 1566 4587 si
1606 4548 1715 4587 nou
1758 4547 1844 4587 re-

244 4634 533 4682 vertantur
569 4625 637 4681 ad
665 4625 971 4690 Dominum,
1002 4625 1256 4681 exaudita
1291 4624 1482 4681 saltem
1518 4623 1613 4679 tali
1657 4621 1844 4677 admo-

248 4716 462 4772 nitione
492 4733 517 4769 ε·
538 4715 670 4779 Fili,
696 4716 943 4787 peccasti,
968 4732 1033 4769 ne
1070 4715 1305 4786 adjicias
1340 4716 1514 4778 ultra;
1557 4713 1647 4767 sed
1691 4720 1741 4766 et
1782 4712 1845 4766 de

246 4806 489 4878 pristinis
530 4805 630 4861 tuis
674 4808 955 4873 deprecare
977 4802 1167 4876 (Eccli.
1213 4821 1323 4871 xxt,
1367 4804 1449 4874 l).
1486 4803 1555 4857 Et
1600 4803 1843 4858 iterum:

250 4895 381 4953 Non
427 4897 602 4954 tardes
640 4899 866 4954 converti
904 4898 974 4953 ad
1001 4897 1302 4965 Dominum,
1332 4915 1493 4969 neque
1530 4896 1745 4966 diﬁ‘eras
1782 4896 1847 4953 de

260 4991 351 5044 die
381 4990 439 5042 in
463 4988 625 5044 diem.
648 4985 835 5041 Subito
868 4986 1005 5039 enim
1033 4991 1171 5039 venit
1220 4985 1302 5037 ira
1336 4985 1450 5053 eius
1475 4982 1667 5057 (Eccll.
1694 4998 1751 5049 ν,
1779 4983 1837 5049 8,

264 5080 363 5147 9);
395 5079 547 5145 quia,
578 5085 638 5130 ut
667 5075 947 5144 Scriptura
997 5076 1073 5129 ait
1112 5090 1127 5129 :
1158 5072 1293 5144 Rege
1344 5079 1588 5131 audiente
1622 5078 1833 5131 verbum

252 5168 513 5236 iniquum,
543 5183 722 5222 eomes
749 5168 836 5240 qui
863 5167 956 5223 sub
996 5167 1089 5224 illo
1116 5177 1258 5235 sunt,
1289 5167 1492 5224 scelesti
1518 5179 1639 5223 sunt
1668 5166 1853 5235 (Prov.

257 5273 410 5323 xxix,
452 5256 563 5328 l2).
611 5257 874 5313 Nimirum
919 5274 1037 5325 rex,
1078 5268 1139 5313 ut
1162 5259 1427 5329 propheta
1469 5258 1635 5325 dixit,
1677 5260 1853 5330 justus

256 5349 475 5404 utscitat
502 5349 766 5421 regionem
791 5348 993 5420 (Ibid.,.
1015 5349 1095 5421 4).
1123 5348 1230 5405 Sed
1257 5350 1460 5405 monita
1483 5350 1578 5407 tibi
1604 5350 1849 5420 profecto

257 5455 368 5495 non
398 5439 624 5504 desunt,
655 5456 779 5497 cum
808 5441 1065 5497 habueris
1088 5449 1480 5512 praeceptorum
1507 5456 1648 5513 pene
1685 5442 1850 5498 totius

259 5528 557 5585 Britannia:
580 5531 893 5600 mag'ntrum
917 5532 1254 5601 elegantem-

330 5618 395 5674 ὃ,
430 5619 637 5685 Caveto
681 5621 846 5690 igitur
881 5637 950 5678 ne
982 5622 1123 5688 tibi,
1147 5621 1291 5690 quod
1318 5635 1349 5675 a
1376 5620 1677 5677 Salomone
1700 5630 1853 5677 nota-

260 5720 372 5767 tur.
401 5711 635 5767 accidat.
666 5710 828 5776 Quasi
867 5715 953 5783 qui
995 5713 1192 5768 excitat
1232 5712 1567 5767 dormientem
1605 5712 1669 5768 de
1704 5714 1849 5786 gravi

338 5861 369 5890 δ
398 5849 550 5919 uage,
576 5857 632 5903 ut
658 5858 849 5906 nostra
875 5867 1017 5919 vero,
1042 5848 1235 5905 desum
1260 5849 1312 5908 Ῐυ
1342 5855 1476 5925 edit-

1931 3261 2106 3317 centis
2132 3278 2151 3314 :
2180 3258 2281 3325 Qui
2309 3260 2434 3314 dicit
2468 3260 2683 3329 impium
2705 3258 2905 3331 justum
2931 3276 3064 3326 esse,
3093 3262 3400 3317 maledictus
3426 3262 3527 3318 erit

1933 3354 2137 3426 populis
2177 3361 2229 3407 et
2267 3351 2476 3408 odibilis
2514 3352 2749 3424 gentibus
2776 3368 2796 3406 :
2823 3369 2946 3407 nam
2981 3354 3070 3423 qui
3110 3363 3369 3427 arguunt,
3415 3372 3529 3410 me-

1933 3445 2070 3499 liora
2115 3442 2395 3510 sperabunt
2440 3443 2631 3516 (Prov.
2672 3460 2817 3509 xxiv,
2866 3443 2955 3512 ει,
2999 3444 3117 3517 25).
3164 3445 3232 3502 Et
3270 3447 3465 3503 iterum
3507 3464 3526 3503 :

1936 3531 2060 3589 Non
2089 3535 2369 3588 reverearis
2394 3532 2641 3604 pupulum
2668 3536 2725 3588 in
2752 3550 2929 3590 casum
2958 3552 3104 3590 suum
3122 3577 3138 3603 ,
3174 3553 3266 3591 nec
3304 3537 3537 3592 retineas

1934 3622 2144 3678 verbum
2172 3623 2227 3676 in
2255 3630 2484 3692 tempore
2509 3622 2695 3676 salutis
2733 3621 2931 3695 (Eccli.
2969 3640 3045 3691 tv,
3084 3624 3197 3695 27).
3240 3624 3483 3696 Itemque
3512 3645 3535 3681 :

1937 3712 2079 3769 Erue
2104 3732 2192 3770 eos
2217 3713 2306 3788 qui
2329 3714 2586 3769 ducuntur
2612 3714 2684 3768 ad
2707 3724 2959 3782 mortem;
2980 3726 3031 3771 et
3058 3717 3310 3772 redimere
3327 3734 3415 3773 eos
3441 3719 3531 3791 qui

1935 3807 2340 3876 interﬁciuntur,
2370 3822 2437 3860 ne
2461 3822 2651 3876 parcas
2674 3804 2859 3874 (Prov.
2893 3823 3050 3872 xxiv,
3095 3807 3215 3879 ll);
3255 3809 3382 3879 quia
3423 3826 3532 3865 non

1938 3895 2243 3968 proderunt,
2276 3904 2334 3949 ut
2362 3894 2501 3953 idem
2528 3894 2793 3966 propheta
2830 3896 2936 3962 ait,
2969 3897 3161 3953 divitia:
3184 3899 3240 3952 in
3279 3899 3364 3954 die
3385 3899 3482 3955 ira:
3510 3916 3530 3954 :

1932 3988 2139 4061 justitia
2169 4005 2201 4042 a
2229 3996 2394 4042 morte
2420 3985 2605 4041 liberat
2637 3985 2817 4058 (Prov.
2851 4003 2928 4057 ιι,
2958 3987 3046 4059 4).
3062 3988 3123 4044 Si
3134 3989 3310 4060 justus
3329 3991 3545 4061 quidem

1939 4082 2027 4136 via:
2053 4080 2226 4135 salvus
2255 4080 2362 4145 sit,
2390 4080 2578 4150 impius
2606 4087 2657 4134 et
2682 4090 2924 4150 peccator
2949 4077 3038 4134 ubi
3069 4078 3271 4150 parebit
3301 4078 3353 4150 (ι
3384 4078 3532 4135 Petr.

1942 4169 2146 4238 rv,18;
2180 4169 2340 4225 Prov.
2383 4187 2458 4236 ιι,
2505 4171 2637 4243 51)?
2674 4169 2770 4226 llle
2817 4170 3065 4244 profecto
3110 4178 3166 4227 te
3210 4170 3548 4227 tenebrosus

1943 4260 2137 4316 tartari
2169 4269 2381 4318 torrens
2411 4261 2566 4319 ferali
2593 4269 2774 4318 rotatu
2800 4262 3066 4332 nudisque
3091 4277 3158 4319 ac
3180 4261 3229 4318 si
3256 4261 3547 4317 acerrimis

1947 4350 2185 4405 involvet
2204 4366 2418 4422 semper
2437 4352 2775 4409 eruciaturus
2796 4360 2852 4406 et
2872 4368 3148 4423 nunquam
3186 4359 3542 4423 consumptu-

1947 4456 2068 4508 rus;
2099 4441 2187 4497 cui
2218 4449 2345 4497 tunc
2374 4444 2479 4505 erit
2504 4458 2628 4500 sera
2653 4443 2966 4513 inutilisque
2995 4458 3168 4514 prome
3196 4443 3410 4500 oculata
3437 4454 3544 4499 co:

1876 4569 1923 4625 Β
1947 4530 2119 4599 gnitio
2160 4522 2238 4586 ac
2265 4532 2392 4625 mali
2419 4532 2721 4625 plenitudo,
2750 4548 2782 4588 a
2812 4548 2922 4603 quo
2952 4534 3414 4625 in‘hoctompore
3440 4546 3545 4588 ace

1950 4626 2111 4691 cepto
2157 4628 2214 4675 et
2257 4618 2345 4675 die
2388 4620 2577 4677 salutis
2628 4620 2696 4675 ad
2733 4630 2943 4677 rectum
2984 4620 3112 4677 vita:
3153 4622 3259 4677 iter
3295 4618 3549 4676 dilIortue

1950 4712 2238 4767 conversio
2271 4709 2359 4784 (II
2383 4709 2503 4767 Cor.
2530 4728 2605 4781 vs,
2634 4711 2712 4784 2).

2022 4800 2081 4855 4.
2109 4800 2209 4856 llic
2245 4816 2377 4858 sane
2421 4801 2509 4857 vel
2564 4812 2724 4858 antea
2769 4803 3142 4860 concludenda
3181 4814 3300 4862 erat
3330 4804 3429 4877 (uti
3470 4820 3554 4860 ne

1952 4892 2182 4961 amplius
2206 4907 2269 4947 os
2295 4900 2552 4948 nostrum
2565 4891 2878 4964 loqueretur
2906 4909 3074 4965 opera
3100 4894 3399 4967 hominum)
3428 4902 3552 4950 tam

1953 4982 2146 5038 ﬁebilis
2170 4979 2288 5038 lucc
2314 4982 2646 5053 querulaque
2684 4985 2951 5040 malorum
2978 4984 3080 5040 aevi
3109 4980 3269 5054 hujus
3292 4985 3542 5042 historia.

1952 5071 2063 5127 Sed
2089 5087 2157 5128 ne
2181 5070 2560 5131 formidolosos
2581 5090 2680 5130 nos
2708 5084 2803 5131 aut
2823 5076 2997 5134 lassos
3018 5084 3228 5147 putent,
3250 5070 3555 5147 quomiuuﬁ

1952 5164 2083 5220 illud
2132 5164 2397 5222 lsaianum
2448 5164 2849 5237 infatigabiliter
2908 5184 3224 5237 caveamus,
3280 5167 3404 5235 Vat,
3453 5169 3540 5224 in-

1950 5256 2162 5324 quiens,
2193 5257 2278 5329 qui
2301 5257 2428 5311 dicit
2453 5257 2643 5313 bonum
2673 5259 2873 5315 malunt
2891 5269 2943 5314 et
2970 5261 3165 5314 malum
3192 5257 3409 5322 bonum,
3441 5273 3554 5327 pair

1961 5358 2144 5403 nentes
2163 5348 2411 5403 tenebras
2423 5350 2477 5404 in
2494 5349 2658 5405 lucem
2684 5360 2741 5406 et
2761 5351 2922 5406 lucem
2950 5352 3005 5404 in
3028 5348 3287 5419 tenebras,
3307 5361 3553 5405 amarum:

1951 5440 2019 5495 in
2038 5439 2186 5494 duloe
2212 5448 2263 5493 et
2290 5439 2439 5494 dulce
2464 5441 2521 5494 in
2546 5456 2783 5494 amarunt
2814 5438 2950 5511 (lea.
2984 5457 3037 5505 v,
3064 5439 3158 5511 20)
3191 5457 3205 5494 :
3236 5440 3331 5508 qui
3359 5440 3545 5496 videtv-

1955 5539 2161 5586 tes-non
2198 5530 2390 5599 vident,
2422 5540 2471 5587 et
2497 5530 2774 5588 audientes
2794 5548 2898 5588 non
2926 5531 3145 5586 audiunt
3172 5530 3390 5598 (Hattlt.
3424 5545 3547 5595 xm,

1955 5620 2077 5693 £5);
2109 5637 2339 5694 quorum
2368 5639 2465 5681 cor
2490 5639 2672 5680 crassa
2699 5624 2970 5692 obtegitur
3005 5622 3237 5692 quadam
3284 5621 3547 5677 vitiorum

1955 5712 2101 5769 nube
2127 5730 2147 5769 :
2173 5712 2303 5770 libet
2342 5714 2472 5785 quid
2516 5723 2887 5786 quantumque
2926 5713 3192 5770 minarum
3221 5712 3327 5787 [his
3353 5727 3540 5783 supra-

2058 5853 2176 5911 ‘Sic
2197 5853 2335 5914 Bibl.
2368 5856 2473 5914 PP.
2505 5854 2673 5914 Paris.
2701 5857 2860 5914 Deest
2887 5855 3032 5911 ibunt
3060 5853 3113 5909 ir.
3136 5852 3263 5909 edit.
3294 5850 3446 5909 Oxon
3466 5888 3479 5903 .
