3952 6402
413 391 522 450 355

1302 381 1532 439 GILDAS
1571 373 1920 439 SAPlENTlS
1959 369 2046 434 DE
2087 365 2355 433 EXClDlO
2394 362 2783 428 ΒΒΙΤΛΝΧΙᾸΞ

3567 359 3671 420 356

415 507 572 565 dictis
599 506 616 538 ⁸
673 500 1070 559 lascivientibus
1107 493 1396 556 satellitum
1436 496 1734 553 Pharaonis
1780 497 1996 569 (quibus
2023 496 2074 556 Α
2101 491 2245 546 lator
2283 488 2350 544 ad
2389 483 2741 555 corrigendos
2767 481 2981 552 iniquos
3007 479 3219 536 abunde
3247 475 3554 569 sufficeret;
3598 487 3675 531 ta-

417 599 532 670 ejus
549 598 821 670 periturus
841 595 975 650 mari
997 599 1330 663 provocatur
1347 590 1620 645 exercitus
1643 567 1861 645 strenue
1879 587 1994 642 Ru-
2096 593 2220 639 men
2247 588 2307 635 ut
2335 580 2389 634 in
2421 591 2516 670 ore
2545 575 2836 631 multorum
2865 574 3089 670 testium
3111 585 3271 670 omne
3295 567 3681 639 comprobetur

418 661 881 760 bro)'eorumque
917 661 1180 740 similibus
1229 683 1467 752 quinque
1511 679 1695 752 equis]
1733 681 1995 735 minarum
2095 670 2385 726 Britannia:
2413 667 2636 734 malum,
2666 675 3004 720 transeamus
3024 661 3091 718 ad
3113 668 3332 717 extera.

417 779 732 852 prophetica
797 775 1133 831 inclamitent
1193 773 1423 830 strictim
1478 771 1695 828 edicere
1753 769 1993 837 oracula,

417 870 610 938 quibus
637 866 802 923 veluti
829 865 1060 936 pulchro
1091 863 1325 932 tegmine
1352 862 1598 932 opusculi
1635 861 1805 916 nostri
1843 859 1999 915 moli-

417 975 539 1015 men
571 960 669 1030 (ita
697 968 758 1013 ut
785 974 852 1013 ne
882 957 1133 1012 certatim
1163 955 1430 1010 irruituris
1465 953 1768 1009 invidorum
1811 951 1998 1008 imbri-

418 1053 518 1108 bus
545 1059 720 1106 exstet
740 1047 1096 1120 penetrabile)
1123 1047 1375 1102 fidissime
1395 1051 1728 1114 contegatur.
1753 1039 2000 1113 Respexi-'-

421 1142 586 1198 deant
611 1142 796 1210 itaque
824 1153 924 1210 pro
949 1139 1104 1194 nobis
1122 1137 1292 1193 sancti
1313 1145 1462 1191 vates
1489 1150 1634 1191 nunc
1661 1142 1720 1189 ut
1740 1142 1864 1189 ante
1889 1129 2002 1202 (qui

420 1247 485 1288 os
529 1231 925 1303 quodammodo
976 1229 1073 1285 Dei
1127 1242 1497 1298 organumque
1545 1227 1774 1298 Spiritus
1831 1226 2004 1282 sancti

424 1321 745 1377 mortalibus
784 1319 1134 1390 prohibentes
1174 1319 1337 1387 mala,
1380 1317 1538 1373 bonis
1565 1317 1806 1372 faventes
1833 1316 2004 1370 exsti-

423 1413 561 1486 tere)
587 1413 997 1469 contumacibus
1031 1411 1387 1482 superbisque
1413 1411 1572 1480 hujus
1605 1411 1780 1464 aetatis
1806 1406 2005 1479 princi-

425 1505 602 1576 pibus,
629 1520 696 1558 ne
723 1503 903 1558 dicant
929 1519 1028 1557 nos
1054 1503 1271 1572 propria
1303 1501 1681 1556 adinventione
1708 1507 1765 1554 et
1793 1499 2006 1568 loquaci

428 1606 634 1652 tantum
662 1597 966 1651 temeritate
993 1597 1126 1651 tales
1155 1581 1328 1651 minas
1353 1597 1432 1650 eis
1461 1604 1745 1664 tantosque
1772 1601 2008 1650 terrores

428 1688 690 1742 incutere.
730 1685 876 1743 Nulli
919 1701 1152 1757 namque
1191 1686 1514 1756 sapientium
1553 1685 1772 1741 dubium
1814 1691 1923 1751 est,
1956 1683 2006 1738 in

429 1780 647 1850 quantis
683 1779 926 1848 graviora
957 1786 1082 1832 sunt
1123 1785 1344 1848 peccata
1371 1777 1529 1846 hujus
1555 1775 1812 1848 temporis
1849 1790 2008 1844 quam

2167 775 2221 833 6.
2261 773 2400 844 Quid
2449 771 2614 828 David
2658 769 2988 827 numerando
3035 769 3292 840 populum
3337 765 3541 835 evenit,
3601 763 3682 820 di.

2098 879 2255 927 cente
2275 867 2343 923 ad
2365 867 2681 938 prophetam
2704 864 2854 920 Gad?
2879 861 3009 919 Ha’c
3029 863 3154 916 dicit
3180 861 3432 915 Dominus
3459 876 3478 914 :
3507 858 3682 913 Trium

2101 953 2194 1019 tibi
2221 962 2362 1032 optio
2393 959 2565 1014 datur.
2605 956 2754 1030 Elige
2771 975 2936 1012 unum
2963 956 3098 1028 quod
3133 955 3353 1010 volueris
3380 970 3445 1008 ea:
3474 952 3590 1014 Itis.
3627 962 3684 1007 ut

2103 1053 2295 1124 faciam
2324 1046 2436 1104 tibi.
2468 1050 2568 1102 Aut
2595 1058 2791 1120 septem
2817 1048 2974 1102 annis
3009 1047 3176 1100 ueniet
3214 1044 3303 1098 tibi
3342 1046 3510 1112 fames
3538 1058 3558 1097 :
3597 1050 3685 1096 aut

2103 1140 2266 1196 tribus
2296 1138 2554 1194 mensibus
2581 1134 2748 1209 fugies
2777 1137 3104 1191 adversarios
3142 1145 3276 1198 tuos,
3308 1145 3356 1188 et
3383 1134 3462 1188 illi
3494 1141 3543 1186 te
3580 1149 3685 1200 per-

2103 1229 2380 1304 sequentur
2409 1247 2427 1284 :
2458 1239 2546 1283 aut
2575 1237 2711 1284 certe
2739 1227 2901 1282 tribus
2941 1226 3118 1281 diebus
3162 1227 3260 1280 erit
3301 1224 3595 1294 pestilentia
3631 1223 3684 1276 in

2107 1333 2246 1377 terra
2279 1332 2368 1376 tua
2398 1311 2486 1393 (ll
2528 1319 2658 1391 Reg.
2690 1317 2838 1382 xx‘iv,
2873 1315 2957 1382 12,
2989 1317 3100 1384 15).
3153 1317 3284 1370 Nam
3319 1322 3559 1370 arctatus
3594 1311 3686 1366 tali

2108 1413 2434 1478 conditione,
2467 1420 2522 1466 et
2549 1403 2734 1466 volens
2765 1411 2934 1478 magis
2958 1407 3195 1463 incidere
3225 1409 3278 1462 in
3310 1421 3502 1462 manus
3526 1405 3686 1459 mise-

2107 1497 2334 1560 ricordis
2364 1503 2458 1558 Dei
2487 1517 2649 1573 quam
2680 1503 2994 1568 hominum,
3023 1500 3362 1570 septuaginta
3400 1497 3689 1551 milliorum

2107 1598 2293 1670 populi
2323 1597 2405 1651 sui
2435 1605 2620 1665 strage
2647 1595 2978 1658 humiliatur,
3011 1601 3065 1648 ct
3091 1593 3144 1648 ni
3175 1607 3275 1663 pro
3305 1587 3693 1646 contribulibus

2111 1681 2419 1761 apostolica:
2445 1687 2726 1743 charitatis
2754 1683 2972 1749 aliectu,
3005 1694 3065 1740 ut
3090 1685 3212 1740 illos
3248 1683 3402 1753 plaga
3432 1696 3546 1736 non
3573 1688 3690 1734 tan-

2110 1791 2284 1850 geret,
2311 1779 2448 1836 mori
2477 1785 2738 1850 Optasset,
2779 1773 3038 1843 dicendo,
3071 1775 3184 1848 Ego
3213 1792 3327 1830 sum
3354 1774 3441 1848 qui
3468 1772 3690 1843 peccari,

429 1868 608 1938 primi,
642 1867 902 1937 Apostolo
927 1867 1148 1922 dicente
1177 1884 1190 1920 :
1223 1865 1409 1938 Legem
1451 1867 1564 1939 quis
1600 1866 2006 1936 transgrediens,
2043 1866 2085 1924 Β
2113 1887 2206 1944 ego
2239 1879 2418 1941 ραειοι·
2455 1869 2629 1940 inique
2656 1868 2740 1940 egi
2768 1883 2787 1924 ε
2817 1859 2904 1922 isti
2931 1869 3018 1932 qui
3047 1883 3164 1922 ore;
3195 1875 3342 1927 sunt,
3363 1863 3488 1935 quid
3525 1877 3695 1934 pecca-

429 1957 630 2012 duobus
674 1957 859 2011 mediis
907 1959 986 2011 uel
1031 1956 1192 2012 tribus
1243 1955 1452 2011 testibus
1499 1958 1745 2010 morietur
1772 1971 1791 2009 :
1820 1965 2009 2020 quanto

430 2049 626 2118 putatis
651 2047 910 2101 deteriora
932 2049 1118 2102 mereri
1147 2047 1421 2118 supplicia,
1437 2047 1522 2118 qui
1546 2045 1745 2101 Filium
1765 2045 1863 2100 Dei
1884 2063 2010 2100 con-

431 2140 710 2194 culcaverit
743 2138 930 2209 (Hebr.
963 2155 1018 2202 ι,
1049 2137 1180 2208 28)?

506 2230 562 2284 5.
605 2230 682 2284 En
725 2231 930 2300 primus
977 2229 1219 2284 occurrit
1267 2231 1420 2284 nonis
1465 2228 1680 2284 Samuel
1723 2227 1876 2298 jussu
1919 2227 2012 2282 Dei

433 2319 654 2388 legitimi
681 2319 834 2386 regni
871 2318 1169 2387 stabilitor,
1212 2317 1324 2373 Deo
1368 2325 1657 2386 antequam
1704 2324 2017 2371 nasceretur

434 2413 752 2476 dedicatus,
809 2428 838 2464 a
890 2411 1000 2464 Dan
1053 2425 1220 2480 usque
1283 2409 1548 2465 Barsabee
1608 2410 1757 2464 omni
1817 2407 2016 2478 p0pulo

433 2503 594 2560 Israel
637 2502 902 2558 veridicos
940 2501 1208 2572 propheta
1249 2500 1416 2570 signis
1452 2500 1820 2556 indubitanter
1845 2497 2018 2554 admi-

435 2595 618 2650 randis
647 2601 828 2661 notus,
859 2609 925 2648 ex
965 2591 1119 2660 cujus
1157 2606 1253 2647 ore
1291 2591 1523 2661 Spiritus
1559 2599 1776 2646 sanctus
1813 2587 2020 2645 cunctis

436 2685 619 2742 mundi
651 2685 1012 2756 potestatibus
1040 2683 1292 2752 intonuit,
1321 2682 1685 2738 denuntiando
1714 2683 1886 2753 primo
1905 2681 2020 2752 regi

436 2773 584 2845 apud
609 2773 866 2828 Hebrteos
893 2773 1156 2828 duntaxat
1175 2771 1324 2829 Sauli
1359 2788 1461 2844 pro
1501 2787 1567 2828 eo
1606 2773 1750 2842 quod
1776 2772 2018 2842 quoidam

437 2867 507 2922 de
535 2865 802 2920 mandatis
825 2864 1035 2918 Domini
1067 2880 1173 2920 non
1195 2849 1578 2936 compleverat,
1601 2865 1782 2930 dicens
1809 2883 1823 2920 :
1850 2865 2020 2922 Stulte

441 2959 610 3030 egisti,
662 2972 756 3010 nec
800 2957 1073 3010 custodisti
1116 2957 1366 3010 mandata
1409 2956 1622 3012 Domini
1669 2957 1769 3012 Dei
1799 2959 1871 3013 tui
1909 2975 2023 3028 qua:

439 3052 682 3122 prwcepit
713 3050 828 3105 tibi.
863 3048 1014 3113 Quod
1050 3051 1094 3104 si
1123 3066 1225 3104 non
1256 3051 1481 3122 fecisses,
1506 3049 1622 3122 jam
1653 3065 1787 3104 nunc
1811 3058 2022 3122 pararet

442 3141 580 3194 Dens
606 3156 820 3212 regnum
847 3151 984 3194 tuum
1018 3156 1170 3210 super
1203 3139 1390 3196 Israel.
1430 3140 1538 3196 Sed
1576 3157 1898 3213 nequaquam
1935 3156 2018 3195 re-

2115 1957 2278 2017 runt?
2313 1961 2578 2026 Vertatur,
2601 1953 2830 2022 obsecro,
2862 1974 3050 2013 manus
3071 1965 3158 2011 tua
3187 1963 3368 2012 contra
3397 1970 3480 2008 me
3508 1951 3694 2026 (Ibid.,

2115 2046 2237 2123 l7);
2271 2047 2722 2105 inconsideratam
2750 2047 2930 2104 cordis
2957 2047 3248 2104 elationem
3279 2043 3497 2119 propria
3525 2050 3700 2098 morte

2116 2142 2309 2210 piaret.
2342 2135 2476 2195 Nam
2525 2139 2653 2210 quid
2701 2139 2982 2210 Scriptura
3031 2138 3085 2193 in
3131 2135 3587 2206 consequentibus
3633 2133 3700 2190 de

2117 2231 2226 2288 tilio
2255 2228 2372 2301 ejus
2402 2233 2624 2286 narrat?
2643 2230 2814 2297 Fecit,
2845 2231 3114 2302 inquiens,
3147 2229 3399 2285 Salomon
3425 2226 3562 2300 quod
3598 2243 3700 2280 non

2115 2324 2382 2393 placuerat
2402 2339 2576 2378 coram
2605 2321 2850 2388 Domino,
2883 2332 2932 2376 et
2957 2338 3062 2376 non
3085 2320 3380 2391 adimplevit
3399 2330 3454 2371 ut
3476 2332 3700 2388 sequere-

2121 2427 2202 2470 tur
2220 2415 2501 2472 Dominum
2520 2418 2651 2471 sicut
2674 2426 2824 2489 pater
2846 2417 2979 2488 ejus.
3003 2409 3152 2470 Dixit
3184 2413 3434 2470 Dominus
3455 2414 3524 2466 ad
3543 2428 3657 2466 eum
3681 2429 3698 2464 ;

2122 2505 2259 2572 Quia
2288 2505 2513 2562 habuisti
2541 2509 2638 2562 hoc
2677 2507 2818 2580 apud
2852 2519 2920 2576 te,
2955 2518 3007 2562 et
3045 2525 3149 2562 non
3188 2506 3458 2560 custodisti
3497 2515 3726 2576 pactutu_

2119 2615 2286 2653 meum
2311 2607 2360 2652 et
2385 2608 2642 2670 prwcepta
2671 2615 2788 2653 mea
2820 2615 2934 2671 quis
2972 2598 3212 2653 mandaui
3245 2595 3354 2661 tibi,
3381 2596 3704 2664 disrumpens

2120 2689 2358 2744 scindam
2413 2705 2626 2760 regnum
2689 2698 2866 2752 tuum,
2933 2698 2982 2742 et
3035 2687 3171 2742 dabo
3234 2685 3366 2741 illud
3417 2700 3562 2739 seruo
3618 2692 3703 2735 tuo

2124 2777 2248 2852 (III
2281 2777 2412 2851 Reg.
2449 2795 2522 2842 st,
2553 2778 2605 2843 6,
2641 2778 2750 2848 11).
2799 2778 2936 2846 Quid
2977 2779 3184 2833 duobus
3227 2775 3501 2843 sacrilegis
3531 2774 3704 2846 (teque

2123 2881 2186 2930 ut
2212 2873 2300 2930 isti
2327 2876 2476 2943 sunt)
2517 2872 2680 2929 Israel
2707 2873 2924 2943 regibus
2953 2871 3237 2928 llieroboa:
3269 2879 3322 2926 et
3351 2870 3536 2926 Baasae
3563 2865 3702 2923 neci.

2122 2965 2202 3021 dit
2249 2965 2462 3034 audite,
2516 2965 2711 3036 quibus
2755 2966 3022 3021 sententia
3069 2963 3278 3018 Domini
3327 2961 3574 3030 dirigitur
3607 2971 3707 3029 per

2123 3055 2446 3126 prophetam
2476 3055 2549 3110 ita
2576 3055 2803 3111 dicentis
2837 3073 2850 3110 :
2884 3053 3106 3126 Drapter
3129 3053 3265 3126 quod
3291 3051 3622 3125 magniﬁcaei
3653 3057 3705 3104 te

2125 3145 2412 3217 principem
2452 3161 2607 3216 super
2657 3143 2848 3209 Israel,
2892 3146 3012 3218 quia
3057 3143 3492 3199 exacerbareruut
3531 3157 3613 3195 me
3651 3141 3707 3195 in

440 3247 597 3303 gnum
644 3240 788 3284 tuum
835 3231 974 3285 ultra
1017 3241 1290 3304 consurget
1337 3230 1391 3302 (Ι
1439 3227 1568 3304 Reg.
1614 3247 1728 3298 xm,
1775 3233 1861 3295 15,
1909 3232 2020 3304 ﬂ).
2050 3236 2100 3296 θ
2127 3237 2274 3289 vanis
2301 3251 2476 3289 eorum
2507 3233 2628 3306 (III
2661 3233 2790 3306 Reg.
2823 3251 2934 3304 xxv,
2977 3233 3052 3301 7).
3085 3232 3220 3288 Ecce
3241 3249 3336 3304 ego
3375 3232 3566 3286 suscita
3594 3237 3708 3298 post

441 3321 575 3387 Quid
602 3334 736 3388 ergo
765 3321 940 3375 simile
971 3321 1128 3389 hujus
1155 3323 1414 3392 temporis
1442 3323 1735 3380 sceleribus
1756 3362 1771 3388 ,
1816 3323 2026 3378 adulte-

447 3415 657 3469 riumue
704 3414 788 3468 vel
839 3414 1182 3484 parricidium
1233 3412 1393 3470 fecit?
1463 3414 1620 3470 Nullo
1661 3416 1847 3471 modo.
1917 3415 2025 3470 Sed

442 3503 692 3572 jussionis
717 3519 780 3558 ex
812 3513 966 3573 parte
993 3505 1373 3569 mutationem;
1395 3504 1544 3574 quia,
1565 3513 1623 3558 ut
1643 3505 1780 3559 bene
1803 3504 2023 3576 quidam

444 3603 686 3648 nostrum
716 3594 792 3646 ait
823 3610 837 3646 :
873 3591 994 3647 Non
1025 3595 1198 3664 agitur
1227 3593 1289 3646 de
1316 3595 1562 3665 qualitate
1585 3596 1800 3664 peccati,
1832 3596 1922 3650 sed
1963 3595 2026 3649 de

442 3687 856 3756 transgressione
880 3686 1133 3758 mandati.
1162 3685 1403 3758 Itemque
1430 3687 1578 3741 illum
1615 3687 1846 3756 objecta,
1878 3688 2026 3742 velut

443 3776 688 3844 putabat,
717 3784 1056 3846 purgantem,
1091 3790 1145 3832 et
1169 3779 1468 3848 apologias,
1499 3786 1558 3834 ut
1582 3779 1766 3848 generi
1789 3781 2024 3835 humano

444 3865 610 3921 moris
655 3875 758 3932 est,
809 3869 1076 3935 sagaciter
1116 3870 1217 3924 hoc
1260 3870 1422 3926 modo
1471 3879 1870 3938 annectentem,
1918 3873 2024 3927 imo

442 3957 618 4010 audiri
640 3975 812 4012 vocem
843 3957 1075 4028 Domini,
1116 3969 1164 4013 et
1204 3959 1466 4016 ambulavi
1508 3962 1563 4016 in
1609 3963 1692 4016 via
1732 3979 1825 4034 per
1869 3979 2026 4033 quam

443 4048 578 4102 misit
602 4064 680 4102 me
705 4047 763 4121 (Ι
790 4048 920 4121 Reg.
944 4066 1032 4113 xv,
1062 4049 1174 4118 ΞΟ),
1205 4050 1294 4104 tali
1317 4051 1781 4107 animadversione
1801 4053 2028 4108 mulcta-

443 4137 516 4191 vit
555 4149 571 4190 :
614 4133 866 4208 Nunquid
893 4139 1012 4202 rult,
1059 4139 1250 4208 inquit,
1297 4138 1553 4194 Dominus
1592 4140 1894 4194 holocausta
1935 4149 2026 4195 aut

443 4231 692 4297 victimas,
722 4241 771 4285 et
809 4248 913 4286 non
942 4233 1112 4297 potius
1133 4241 1188 4286 ut
1217 4233 1486 4286 obediatur
1507 4234 1615 4287 voci
1637 4233 1884 4290 Domini?
1911 4235 2026 4290 Me-

443 4320 542 4373 lior
565 4330 642 4374 est
671 4323 806 4375 enim
829 4321 1121 4375 obedientia
1149 4339 1302 4388 quam
1331 4325 1565 4390 victimas,
1589 4333 1639 4380 et
1659 4327 1840 4380 audire
1861 4329 2023 4398 magis

443 4427 593 4480 quam
614 4411 802 4478 offerre
825 4411 1030 4482 adipem
1057 4413 1294 4466 arietum.
1332 4413 1588 4478 Quoniam
1609 4415 1742 4468 sicut
1761 4427 2026 4486 peccatum

443 4497 706 4553 ariolandi
743 4509 821 4552 est
865 4515 1175 4572 repugnare,
1225 4512 1274 4556 et
1323 4505 1470 4573 quasi
1509 4504 1674 4559 scelus
1715 4505 2027 4560 idololatria:

2128 3307 2356 3378 Baasam
2383 3333 2433 3378 et
2460 3333 2576 3395 post
2606 3323 2813 3379 domum
2854 3323 2990 3394 ejus,
3031 3333 3079 3377 et
3119 3323 3321 3376 tradam
3362 3321 3571 3376 domum
3597 3317 3710 3390 ejus

2126 3413 2258 3468 sicut
2286 3413 2494 3468 domum
2520 3411 2802 3468 llieroboa:
2831 3411 3061 3465 Nabath.
3097 3406 3198 3477 Qui
3221 3421 3450 3464 mortuus
3473 3408 3627 3479 fuerit
3647 3409 3710 3458 de

2126 3506 2232 3560 suis
2252 3506 2306 3558 in
2337 3505 2560 3570 civitate,
2596 3505 2860 3558 comedent
2881 3519 2995 3557 eum
3017 3518 3195 3568 canes,
3223 3511 3272 3555 et
3307 3511 3566 3554 mortuum
3596 3514 3710 3552 cor-

2128 3611 2222 3666 pus
2247 3594 2390 3648 illius
2416 3594 2471 3648 in
2499 3610 2682 3664 campo
2710 3593 3232 3648 comedentvolatilia
3273 3592 3386 3648 cteli
3423 3589 3543 3659 (III
3578 3588 3704 3660 Reg.

2126 3701 2239 3749 xw,
2263 3683 2321 3756 '5,
2351 3684 2431 3756 4).
2461 3683 2600 3753 Quid
2627 3685 2702 3739 illi
2729 3699 2946 3755 quoque
2967 3683 3232 3757 scelerato
3257 3682 3370 3752 regi
3398 3681 3562 3736 lsracl
3587 3681 3711 3734 isto-

2127 3794 2246 3833 rum
2293 3776 2737 3847 commanipulari
2767 3777 2940 3850 (cujus
2985 3775 3220 3832 colludio
3259 3784 3316 3829 ct
3361 3775 3546 3829 uxoris
3585 3773 3711 3828 dolo

2126 3867 2337 3926 Naboth
2369 3869 2631 3925 innocens
2658 3876 2884 3940 prOpter
2919 3875 3198 3940 paternam
3231 3867 3442 3922 vineam
3489 3881 3711 3936 oppres-

2128 3975 2220 4014 sus
2258 3962 2362 4027 est)
2395 3967 2584 4016 sancto
2633 3974 2730 4015 ore
2767 3959 2909 4014 illius
2945 3957 3112 4014 llelite
3149 3967 3314 4028 atque
3351 3955 3577 4026 ignifero
3617 3955 3711 4008 Do~

2128 4049 2260 4104 mini
2311 4049 2548 4119 alloquio
2599 4049 2870 4114 instructi,
2899 4049 3136 4104 minatur
3175 4049 3250 4104 ita
3275 4047 3528 4103 dicente?
3557 4037 3708 4099 Occi-

2129 4141 2272 4206 disti,
2303 4143 2516 4209 insuper
2540 4149 2590 4196 et
2615 4141 2910 4213 possedisti.
2956 4139 3025 4194 Et
3052 4149 3168 4214 post
3195 4141 3306 4195 [nec
3343 4139 3506 4194 addes
3532 4155 3552 4193 :
3585 4136 3708 4192 Παῖς

2131 4230 2257 4285 dicit
2295 4229 2589 4308 Dominus;
2616 4229 2682 4284 In
2724 4232 2838 4286 loco
2884 4231 2982 4286 hoc
3025 4233 3082 4286 in
3120 4248 3218 4301 quo
3259 4230 3522 4285 (inserunt
3560 4246 3710 4284 canes

2129 4323 2434 4394 sanguinem
2475 4319 2708 4388 Nabotlt,
2749 4323 2978 4378 lambent
3002 4338 3198 4395 quoque
3223 4329 3368 4375 luunt
3405 4321 3710 4392 sanguinem

2131 4408 2254 4481 (III
2282 4409 2411 4482 Reg.
2438 4409 2546 4478 χιι,
2580 4409 2686 4485 19).
2717 4411 2870 4479 Quod
2895 4413 2966 4466 ita
2993 4411 3194 4467 factum
3221 4411 3383 4467 fuisse
3413 4410 3710 4466 certissima

2129 4501 2342 4556 ratione
2371 4510 2602 4558 constat.
2625 4501 2733 4558 Sed
2764 4520 2830 4559 ne
2859 4503 2996 4559 forte
3016 4503 3310 4560 secundum
3349 4501 3712 4572 supradictum

444 4590 582 4644 nolle
626 4591 968 4659 acquiescere.
1023 4590 1128 4645 Pro
1167 4609 1224 4646 eo
1253 4609 1375 4664 ergo
1404 4595 1540 4664 quod
1567 4595 1802 4665 abjecisti
1825 4612 2024 4652 sermo-
2057 4607 2107 4668 υ
2131 4592 2312 4648 Achab
2341 4594 2554 4663 spiritus
2583 4594 2810 4650 mendax
2832 4595 3058 4664 loquens
3085 4611 3222 4650 vana
3245 4597 3302 4651 in
3329 4612 3420 4650 ore
3445 4594 3715 4666 propheta.

445 4695 561 4734 nem
592 4679 822 4747 Domini,
853 4677 1040 4750 abjecit
1068 4691 1118 4735 et
1148 4692 1214 4747 te,
1245 4699 1310 4738 ne
1344 4685 1416 4738 sis
1444 4697 1539 4738 rex
1571 4683 1759 4758 (ibid,
1785 4685 1875 4754 22,
1905 4687 2018 4758 9.5).

445 4769 513 4824 Et
543 4780 664 4840 post
687 4786 854 4841 pauca
888 4791 902 4826 :
937 4772 1129 4841 Scidit,
1159 4775 1349 4844 inquit,
1393 4775 1528 4832 Deus
1551 4793 1763 4849 regnum
1795 4779 1965 4834 Israel
1992 4799 2026 4835 a

445 4875 494 4917 te
525 4864 698 4928 hodie,
729 4873 779 4916 et
808 4864 950 4918 dedit
976 4866 1107 4919 illud
1131 4869 1370 4938 proximo
1400 4879 1485 4924 tuo
1524 4872 1726 4926 meliori
1757 4883 1822 4927 te.
1855 4869 2024 4928 Porro

445 4955 796 5028 triumphator
819 4957 874 5010 in
918 4955 1087 5014 Israel
1121 4977 1224 5014 non
1260 4971 1465 5032 parcet,
1497 4973 1548 5018 et
1581 4963 1897 5036 paenitudine
1922 4983 2026 5022 non

449 5045 678 5106 ﬂectetur
705 5062 724 5100 :
755 5063 914 5119 neque
953 5052 1091 5104 enim
1132 5052 1282 5106 homo
1325 5062 1402 5108 est
1438 5063 1494 5108 ut
1525 5065 1648 5126 agat
1675 5057 2027 5124 paenitentiam

449 5135 641 5206 (lbid.,
668 5137 759 5205 28,
807 5139 898 5212 29)
939 5143 1307 5212 (subauditur,
1360 5161 1522 5217 super
1569 5147 1716 5202 duris
1764 5149 2028 5204 malorum

447 5230 803 5300 praecordiis).
844 5232 1148 5289 Notandum
1199 5248 1328 5304 ergo
1375 5245 1478 5303 est,
1519 5237 1663 5306 quod
1702 5238 1836 5293 dixit
1861 5241 2028 5294 scelus

445 5321 759 5377 idololatria
785 5339 916 5388 esse,
949 5325 1088 5380 nolle
1111 5325 1225 5381 Deo
1255 5327 1597 5398 acquiescere.
1627 5327 1742 5384 Non
1773 5343 1902 5398 ergo
1927 5329 2027 5385 sibi

446 5409 694 5465 scelerati
717 5413 824 5478 isti,
858 5414 983 5468 dum
1016 5430 1123 5470 non
1152 5417 1392 5486 gentium
1422 5417 1524 5474 diis
1548 5420 1826 5489 perspicue
1852 5421 2024 5488 litant,

447 5498 804 5568 subplaudant
835 5520 849 5555 :
875 5501 1137 5572 siquidem
1166 5506 1544 5563 conculcantes
1571 5523 1855 5578 porcorum
1877 5525 2029 5566 more

451 5590 862 5656 pretiosissimas
899 5593 1096 5650 Christi
1136 5599 1485 5666 margaritas,
1525 5598 1824 5654 idololatra:
1877 5611 2022 5656 sunt.

453 5676 559 5734 Sed
582 5678 711 5736 licet
739 5682 844 5738 hoc
867 5699 1033 5738 unum
1057 5687 1360 5756 exemplum
1390 5701 1454 5744 ac
1482 5687 1526 5744 si
1559 5689 1788 5746 invictus
1816 5689 2025 5760 astipu-

2133 4699 2246 4736 rum
2273 4679 2392 4755 (111
2419 4681 2548 4754 Reg.
2581 4700 2710 4750 χιιι,
2744 4679 3170 4763 22)}‘estroruni
3208 4684 3430 4740 seducat
3471 4700 3609 4752 vos,
3649 4698 3718 4738 ne

2133 4790 2411 4830 sermones
2441 4775 2674 4831 Michma:
2702 4777 2978 4856 propheta:
3020 4777 3268 4842 audiatis,
3311 4775 3448 4831 Ecce
3483 4767 3736 4847 permisit’

2133 4865 2274 4921 Deus
2302 4868 2541 4937 spiritum
2569 4868 2828 4922 mendacii
2851 4869 2910 4922 in
2946 4885 3036 4923 ore
3073 4869 3303 4924 omnium
3348 4869 3716 4940 prophetarum

2135 4968 2336 5014 tuorum
2357 4960 2444 5030 qui
2463 4961 2545 5013 Itic
2572 4970 2726 5024 sunt;
2773 4970 2823 5014 et
2851 4959 3107 5014 Dominus
3137 4960 3335 5014 locutus
3361 4969 3436 5014 est
3466 4969 3650 5013 contra
3671 4971 3716 5012 te

2135 5052 2330 5105 malum
2358 5051 2544 5122 (lbid.,
2576 5050 2690 5124 23).
2722 5050 2856 5106 Nam
2885 5060 2940 5106 et
2967 5067 3109 5106 nunc
3132 5059 3342 5106 certum
3370 5059 3474 5117 est,
3505 5050 3716 5120 aliquos

2131 5156 2251 5196 esse
2293 5142 2543 5197 doctores
2589 5143 2865 5198 contrario
2904 5142 3094 5212 spiritu
3140 5143 3394 5212 repletos,
3444 5150 3500 5196 et
3543 5142 3718 5208 magis

2131 5247 2352 5301 pravam
2381 5233 2715 5302 voluptatem
2739 5248 2898 5302 quam
2918 5233 3201 5288 veritatem
3227 5241 3557 5297 asserentes,
3581 5247 3716 5302 quo-

2131 5337 2270 5387 rum,
2304 5321 2456 5376 uerba
2476 5340 2626 5392 super
2647 5323 2816 5378 oleum
2837 5324 3159 5388 molliuntur,
3183 5333 3234 5378 et
3256 5325 3369 5393 ipsa
3396 5333 3519 5377 sunt
3534 5322 3716 5392 jaculu

2134 5415 2306 5486 (l’sul.
2339 5434 2448 5483 Liv,
2489 5416 2610 5493 :2);
2643 5419 2728 5490 qui
2769 5419 2969 5485 dicunt,
3005 5435 3112 5487 paa:
3139 5433 3268 5488 pax,
3301 5425 3350 5470 et
3378 5432 3485 5470 non
3526 5418 3628 5470 erit
3664 5415 3714 5469 in

2131 5509 2368 5580 peccatis
2387 5510 2822 5578 permanentibus
2845 5525 2950 5580 pax
2973 5508 3108 5581 (Jer.
3139 5525 3213 5576 vt,
3246 5505 3342 5574 14;
3367 5523 3478 5573 vni,
3513 5507 3632 5577 11),
3660 5513 3714 5558 ιιι

2132 5601 2258 5656 alibi
2298 5603 2562 5674 propheta
2599 5603 2728 5658 dicit
2762 5621 2777 5656 :
2815 5600 2938 5658 Non
2971 5611 3048 5656 est
3085 5601 3311 5672 gaudere
3343 5601 3555 5673 impiis,
3589 5596 3714 5653 dicit

2133 5690 2385 5748 Dominus
2415 5693 2552 5763 (Isa.
2582 5709 2764 5759 sum,
2791 5691 2891 5762 22;
2919 5707 3046 5762 ινιι,
3073 5689 3184 5764 2t).

525 5854 542 5888 ⁸
577 5853 700 5912 llaec
727 5865 781 5912 et
805 5861 1080 5928 sequentia
1118 5862 1424 5934 parenthesi
1463 5865 1712 5922 conclusa
1749 5867 2070 5925 omittuntur
2097 5867 2150 5924 in
2181 5869 2315 5926 Bibl.
2351 5869 2453 5927 PP.
2483 5868 2661 5928 Paris.
