3952 6364
221 315 323 372 557

1178 324 1381 380 LIBER
1418 325 1811 392 QUilRULl‘S.
1858 327 2033 382 PARS
2071 327 2134 382 ιι.
2177 328 2529 387 EPISTOLA.

3399 341 3509 402 558

289 433 346 488 ’1.
388 434 613 492 Azarias
641 451 860 510 quoque
889 436 1028 494 ﬁlius
1054 439 1206 494 οδω
1242 439 1310 495 ad
1337 455 1397 495 se
1425 441 1718 496 revertenti
1744 439 1814 496 de
1843 446 1886 504 Α
1919 439 2130 508 Manus,
2157 437 2430 514 inquiens,
2461 455 2644 504 vestrm
2663 451 2917 522 sanguine
2940 454 3110 524 plena:
3137 467 3276 512 sunt.
3307 456 3506 515 Simul-

219 526 371 582 casde
395 525 584 584 decies
621 536 910 585 centenum
937 531 1174 606 millium
1195 532 1464 588 exercitus
1495 531 1812 604 Ethiopum

218 624 438 674 locutus
482 618 715 676 dicens:
761 619 1016 676 Dominus
1061 622 1320 678 vobiscum
1370 634 1470 692 est,
1520 625 1643 679 dum
1695 625 1818 680 estis

219 724 336 762 cum
362 710 518 779 ipso;
549 719 600 764 et
625 711 673 766 si
700 713 1048 784 exquisieritis
1074 726 1222 782 eum,
1251 715 1540 770 invenietur
1567 733 1599 770 a
1627 714 1766 770 vobis
1796 733 1815 771 :

217 811 268 852 et
313 799 364 853 si
410 799 789 874 dereliqueritis
834 819 982 872 eum,
1033 803 1351 878 derelinquet
1399 821 1486 860 vos
1537 805 1634 878 (II
1684 805 1812 861 Par.

217 909 312 963 xv,
340 893 432 964 2).
479 895 615 950 Nam
662 896 708 951 si
753 893 1014 968 Iosophat
1057 897 1238 955 ferens
1276 899 1586 970 prmsidium
1631 900 1816 971 iniquo

217 987 333 1056 regi
371 988 449 1042 ita
489 987 559 1044 ab
599 987 740 1045 Iehu
765 989 1033 1060 propheta
1060 991 1284 1046 Ananiae
1327 989 1437 1048 lilio
1483 993 1812 1065 increpatur,

219 1079 434 1135 dicente
470 1097 485 1134 :
519 1079 583 1136 Si
611 1089 935 1152 peccatorem
963 1089 1018 1136 tu
1045 1083 1294 1154 adiuvas,
1326 1092 1418 1137 aut
1441 1101 1590 1156 quem
1631 1083 1815 1142 Domi-

217 1187 316 1224 nus
355 1170 490 1239 odit,
528 1179 588 1226 tu
628 1169 844 1244 diligis?
868 1182 1144 1245 propterea
1170 1175 1255 1230 ira
1293 1173 1507 1230 Domini
1542 1184 1620 1230 est
1660 1192 1815 1247 super

176 1322 191 1334 κ
219 1271 268 1316 te
297 1257 390 1335 (ιι
425 1259 554 1316 Par.
587 1276 700 1326 nx,
727 1260 788 1333 2,
819 1281 832 1315 :
864 1263 994 1332 quid
1022 1263 1130 1321 illis
1167 1265 1261 1334 qui
1287 1265 1522 1336 propriis
1548 1265 1811 1322 scelerum

217 1368 443 1409 suorum
472 1352 748 1409 criuiculis
788 1355 1238 1427 compediuntur,
1265 1356 1387 1413 ﬁet?
1429 1356 1666 1425 Quorum
1711 1373 1812 1414 nos

215 1457 446 1500 necesse
483 1451 566 1498 est
593 1443 660 1516 (si
692 1443 746 1499 in
775 1444 893 1500 acie
929 1444 1200 1503 dominica
1235 1446 1484 1502 volumus
1527 1445 1808 1518 dimicare)

215 1546 445 1607 peccata
474 1535 678 1602 odisse,
711 1549 820 1593 non
847 1537 1077 1604 animas,
1109 1538 1325 1594 dicente
1353 1537 1636 1595 Psalmista
1663 1557 1675 1592 :
1709 1538 1810 1604 Qui

217 1627 435 1702 diligitis
468 1627 774 1698 Dominum,
815 1629 955 1684 adite
997 1629 1192 1684 malum
1241 1629 1426 1702 (Psal.
1475 1645 1634 1696 xcvi,
1684 1627 1803 1702 10).

217 1711 354 1789 Qui!
385 1721 452 1776 ad
479 1719 772 1790 supradicti
827 1719 1089 1791 Josaphat
1130 1719 1296 1778 lilium
1325 1737 1515 1780 currus
1541 1730 1598 1780 et
1621 1721 1806 1793 auriga

1917 549 2024 606 que
2053 535 2348 593 ostendens
2383 539 2658 608 quomodo
2685 541 3013 612 placaretur,
3050 547 3126 601 ait
3158 567 3170 602 :
3206 546 3505 618 Lavamiui,

1917 624 2096 678 mundi
2123 635 2304 705 estote,
2349 630 2550 702 auferte
2585 632 2778 686 malum
2815 636 3182 706 cogitationum
3220 647 3507 696 vestrarum

1916 717 1982 770 ab
2007 717 2170 772 oculis
2194 721 2321 774 meis
2352 737 2372 774 :
2400 722 2644 792 quiescite
2665 741 2821 796 agere
2844 744 3096 797 perverse.
3120 727 3319 786 Discite
3345 731 3502 790 bene-

1918 808 2109 880 facere,
2140 812 2354 882 quterite
2374 811 2651 882 judicium,
2683 813 2940 871 subvenite
2977 835 3242 890 oppresso,
3265 822 3503 893 judicate

1915 899 2111 969 pupillo
2140 899 2332 972 (Ibid.,
2363 902 2450 970 16,
2484 903 2792 975 l7).'Quasi
2820 907 3052 978 placaris
3079 911 3498 971 vicissitudinem

1915 989 2231 1060 adjungens,
2252 991 2330 1047 ait
2353 1010 2368 1048 :
2399 993 2464 1049 Si
2483 995 2679 1067 fuerint
2701 1007 2914 1068 peccata
2943 1009 3111 1054 vestra
3137 1013 3194 1056 ut
3213 1005 3496 1070 coccinum,

1906 1070 2061 1154 quasi
2085 1083 2178 1138 nia:
2199 1083 2576 1142 dealbabuntur
2597 1103 2616 1142 :
2645 1096 2695 1142 et
2721 1091 2768 1144 si
2807 1091 3004 1160 fuerint
3026 1091 3186 1147 rubra
3211 1096 3359 1162 quasi
3386 1112 3500 1151 ver-

1912 1173 2148 1240 miculas,
2179 1175 2315 1230 velut
2332 1177 2458 1232 lana
2477 1178 2598 1232 alba
2619 1187 2786 1234 erunt.
2819 1177 2882 1236 Si
2909 1179 3170 1242 volueritis
3197 1195 3247 1238 et
3269 1186 3500 1242 audieri-

1915 1266 1978 1319 tis
2008 1281 2110 1328 me.
2133 1265 2269 1320 bona
2295 1275 2446 1324 terra:
2474 1269 2874 1326 manducabitis.
2909 1268 3061 1337 Quod
3086 1274 3132 1328 si
3153 1274 3421 1331 nolueritis
3451 1287 3501 1331 et

1913 1373 1993 1410 me
2036 1361 2437 1428 provocaveritis
2481 1361 2551 1415 ad
2591 1361 2940 1432 iracundiam“,
2985 1365 3194 1438 gladius
3238 1365 3501 1425 devorabit

1911 1465 2000 1503 vos
2030 1447 2217 1521 (Ibid.,
2263 1449 2352 1520 18,
2389 1449 2504 1524 20).
2548 1452 2791 1524 Accipite
2827 1470 3076 1512 veracem
3117 1459 3500 1530 publicumque

1911 1538 2339 1610 astipulatorem,
2359 1541 2488 1598 boni
2507 1543 2743 1615 malique
2761 1547 2929 1601 vestri
2953 1549 3361 1622 retributionem
3377 1552 3502 1610 abs-

1910 1643 2018 1699 que
2046 1629 2156 1686 ullo
2184 1629 2508 1688 adulationis
2535 1632 2676 1702 fuco,
2705 1651 2817 1692 non
2845 1644 2904 1692 ut
2929 1640 3288 1708 parasitorum
3335 1658 3500 1698 vene-

1910 1727 2028 1775 rata
2055 1729 2360 1777 vestrorum
2389 1739 2594 1782 venena
2635 1726 2689 1780 in
2715 1742 2875 1784 aures
2900 1729 3120 1785 sibilant
3145 1745 3260 1798 ora,
3294 1739 3500 1788 testan-

217 1814 384 1870 lsrael
415 1813 680 1885 propheta
709 1811 872 1879 Elias,
894 1811 1078 1868 Joram
1105 1811 1310 1870 scilicet
1336 1812 1655 1884 parricidam
1673 1855 1688 1880 ,
1717 1813 1808 1881 qui
1841 1811 1888 1872 B
1914 1817 2021 1864 tem
2055 1827 2070 1864 :
2101 1809 2372 1884 Principes
2397 1815 2470 1867 tui
2498 1815 2754 1886 inﬁdeles.
2777 1819 2907 1873 socii
2943 1822 3136 1891 furum,
3168 1838 3344 1876 omnes
3370 1823 3499 1877 dili-

217 1907 469 1976 egregios
499 1907 694 1962 fratres
721 1919 870 1971 suos,
904 1914 964 1962 ut
993 1922 1091 1976 pro
1119 1907 1250 1977 ipsis
1279 1914 1565 1976 regnaret,
1595 1906 1808 1975 spurius

219 1996 534 2064 trucidavit,
579 1996 770 2053 elTatus
809 1997 936 2054 est?
978 1995 1070 2054 Sic
1109 1997 1258 2066 dicit,
1306 1997 1506 2070 inquit,
1555 1995 1808 2052 Dominus

220 2087 362 2142 Deus
387 2089 559 2159 patris
587 2089 662 2142 tui
691 2087 862 2142 David
891 2103 910 2142 :
940 2085 1020 2143 Eo
1059 2086 1197 2156 quod
1231 2104 1336 2142 non
1380 2085 1723 2142 ambulaveris
1751 2085 1806 2142 in

216 2196 300 2234 ria
340 2178 602 2250 Josaphat
641 2181 808 2250 patris
850 2180 923 2234 tui
957 2189 1006 2234 et
1043 2179 1099 2234 in
1138 2180 1232 2234 viis
1260 2180 1380 2234 Asta
1405 2180 1541 2251 regis
1567 2177 1730 2247 Iuda,
1757 2185 1807 2232 et

217 2269 500 2325 ambulasti
526 2270 581 2324 in
607 2270 704 2324 viis
731 2285 908 2342 regum
935 2267 1138 2339 Israel,
1170 2277 1223 2324 et
1249 2277 1483 2341 stuprose
1510 2270 1525 2302 ¹
1566 2279 1621 2322 ut
1649 2270 1808 2341 gessit

217 2364 406 2418 danais
430 2361 632 2430 Achab,
665 2370 716 2417 et
741 2364 933 2435 fratres
967 2371 1083 2418 tuos
1118 2361 1259 2433 filios
1289 2360 1546 2430 Josaphat
1573 2361 1808 2417 meliores

217 2464 269 2510 te
296 2454 642 2527 interfecisti;
670 2471 788 2510 ecce
831 2454 1084 2510 Dominus
1126 2457 1377 2528 percutiet
1417 2455 1577 2527 plaga
1613 2473 1808 2530 magna

216 2559 268 2604 te
292 2557 344 2604 et
373 2548 513 2620 ﬁlios
543 2557 659 2604 tuos
689 2546 777 2620 (II
803 2547 935 2604 Par.
969 2565 1080 2616 ut,
1106 2547 1194 2617 l2,
1223 2547 1334 2622 14).
1362 2547 1428 2603 Ει
1448 2555 1572 2620 post
1593 2564 1804 2620 pauca:

216 2639 290 2694 Et
331 2649 387 2695 tu
415 2641 520 2695 eris
547 2641 604 2696 in
630 2657 822 2714 magna
856 2641 1175 2708 valetudine,
1222 2643 1278 2696 in
1318 2641 1570 2713 languore
1614 2641 1802 2698 ventris

216 2732 314 2801 tui,
345 2731 512 2788 donec
539 2741 689 2786 exeat
709 2739 883 2788 venter
908 2739 1024 2787 tuus
1045 2749 1161 2787 cum
1180 2733 1296 2804 ipsa
1318 2732 1620 2803 inﬁmitate
1637 2731 1703 2786 de
1721 2731 1807 2786 die

213 2841 281 2879 ea:
307 2824 395 2878 die
423 2822 570 2896 (Ibid
580 2864 617 2891 .,
651 2823 762 2894 l5).
791 2823 861 2879 Et
888 2823 956 2879 ad
981 2821 1137 2880 Joam
1165 2839 1349 2894 regem
1376 2823 1568 2890 Israel,
1599 2832 1660 2880 at
1686 2839 1803 2892 vos,

213 2915 680 2986 derelinquentem
702 2915 1018 2982 Dominum,
1035 2915 1163 2987 quid
1189 2914 1477 2972 Zacharias
1499 2915 1636 2972 ﬁlius
1659 2912 1808 2971 Joia—

213 3007 297 3063 die
327 3009 469 3064 vatis
511 3008 746 3065 minatus
769 3007 862 3076 sit,
883 3008 1180 3072 attendite;
1212 3008 1304 3078 qui
1343 3021 1567 3076 surgens
1602 3007 1804 3078 populo

212 3101 352 3156 dixit
377 3119 390 3154 :
424 3099 556 3156 Haec
575 3101 702 3156 dicit
723 3099 978 3158 Dominus
1007 3117 1026 3156 :
1070 3099 1210 3168 Quid
1245 3095 1521 3173 pr‘tcteritis
1545 3107 1803 3170 praecepta

1910 1910 2039 1974 gunt
2079 1919 2322 1971 numera,
2369 1917 2638 1962 sectantur
2675 1909 3034 1966 retributiones
3081 1927 3100 1966 :
3143 1913 3340 1984 pupillo
3394 1931 3498 1970 non

1901 1993 2171 2065 judicent,
2196 2013 2355 2052 causa
2381 1999 2550 2055 ridae
2586 2017 2690 2056 non
2719 2003 3012 2075 ingreditur
3039 2005 3110 2058 ad
3135 2022 3243 2062 eos.
3273 2005 3497 2079 Propter

1908 2083 2005 2140 hoc
2026 2088 2103 2141 ait
2130 2085 2386 2143 Dominus
2417 2093 2734 2146 exercituum
2773 2095 2925 2164 fortis
2956 2093 3128 2150 Israel
3153 2112 3172 2150 :
3203 2095 3354 2152 Heu!
3372 2114 3496 2154 can-

1907 2175 2118 2230 solabor
2144 2193 2301 2246 super
2321 2177 2550 2234 hostibus
2579 2181 2730 2248 meis,
2759 2191 2809 2236 et
2833 2182 3134 2239 vindicabor
3168 2185 3234 2240 de
3269 2185 3495 2242 inimicis

1909 2267 2034 2320 meis
2057 2283 2076 2322 :
2103 2300 2179 2312 —
2204 2277 2256 2322 et
2276 2277 2601 2346 conterentur
2622 2271 2860 2325 scelerati
2898 2281 2950 2328 et
2985 2283 3280 2346 peccatores
3317 2277 3495 2342 simul,

1907 2367 1958 2412 et
2010 2373 2186 2414 omnes
2242 2361 2330 2420 aui
2384 2343 2764 2434 dereliquerunt
2808 2361 3089 2418 Dominum
3132 2343 3494 2420 consumentur

1909 2447 2097 2524 (Ibid.,
2138 2449 2226 2517 25,
2260 2447 2350 2516 24,
2386 2449 2500 2521 28).
2532 2449 2600 2506 Et
2620 2450 2757 2507 infra
2787 2469 2800 2506 :
2828 2452 2980 2509 Oculi
3005 2453 3244 2510 sublimes
3269 2455 3499 2511 hominis

1907 2539 2332 2610 humiliabuntur,
2371 2551 2421 2595 et
2460 2542 2814 2598 incurvabitur
2850 2543 3070 2601 altitudo
3098 2548 3324 2601 virorum
3354 2545 3498 2618 (Isa.

1907 2647 1966 2699 tt,
1999 2631 2110 2703 Η).
2149 2631 2218 2687 Ει
2259 2633 2454 2688 iterum
2487 2652 2501 2688 :
2543 2633 2634 2690 Vw
2672 2636 2832 2704 impio
2870 2637 2926 2692 in
2963 2637 3198 2694 malum:
3227 2640 3494 2697 retributio

1907 2725 2046 2781 enim
2070 2741 2314 2780 manuum
2335 2725 2448 2798 ejus
2466 2727 2558 2798 ﬁet
2577 2729 2624 2782 ei
2646 2725 2781 2798 (Isa.
2806 2721 2882 2795 tu,
2911 2727 3024 2801 ll).
3049 2728 3118 2784 Et
3136 2740 3260 2800 post
3281 2745 3450 2802 pauca
3477 2751 3490 2786 :

1916 2811 2010 2870 γω
2032 2817 2119 2889 qui
2147 2813 2456 2888 consurgitis
2493 2835 2646 2873 mane
2671 2817 2742 2872 ad
2765 2817 3064 2876 ebrietatem
3091 2823 3410 2890 sectandam,
3443 2833 3492 2878 et

1907 2905 1978 2959 ad
2003 2906 2287 2977 potandum
2308 2924 2470 2984 usque
2489 2909 2560 2962 ad
2593 2925 2857 2982 vesperam
2885 2921 2944 2964 ut
2969 2912 3087 2967 vino
3113 2917 3358 2968 cstuetis.
3403 2910 3492 2970 Ci;-

1908 2995 2080 3064 thara,
2103 3007 2155 3052 et
2179 2999 2315 3070 lyra,
2345 3009 2395 3054 et
2415 3007 2740 3072 tympanum,
2769 3013 2820 3056 et
2847 2998 2990 3068 tibia,
3015 3006 3262 3062 etvinum
3283 3007 3338 3062 in
3363 3023 3490 3062 con-

1905 3087 2056 3168 viviis.
2079 3089 2260 3144 vestris
2284 3105 2305 3144 :
2331 3097 2382 3144 et
2410 3107 2540 3162 opus
2567 3089 2780 3146 Domini
2813 3109 2919 3148 non
2951 3096 3224 3166 respicitis,
3257 3108 3306 3151 et
3332 3114 3493 3170 opera

218 3191 456 3260 Domini,
485 3199 536 3244 et
563 3207 666 3246 non
695 3166 1112 3262 prosperaminii
1143 3166 1281 3254 Quia
1309 3166 1648 3261 dereliquistis
1685 3166 1800 3243 Do-
1831 3166 1876 3228 Ο
1907 3166 2155 3235 manuum
2201 3181 2314 3253 ejus
2355 3199 2461 3237 non
2507 3182 2865 3240 consideratis.
2921 3183 3205 3257 Propterea
3260 3166 3492 3261 captivus

211 3283 432 3347 minam,
462 3290 515 3336 et
539 3281 858 3353 derelinquet
885 3297 972 3336 vos
1003 3277 1096 3354 (Π
1117 3277 1246 3334 Par.
1270 3294 1415 3342 ntv,
1438 3275 1551 3349 20).
1577 3275 1714 3346 Quid
1735 3275 1804 3333 de

212 3382 439 3428 auctore
484 3372 868 3444 prophetarum
916 3371 1052 3426 Isaia
1098 3369 1296 3436 dicam,
1343 3369 1433 3439 qui
1483 3367 1802 3438 prommium

210 3461 514 3536 prophetiae
539 3477 649 3518 suae
679 3461 762 3517 vel
797 3461 1057 3517 visionem
1089 3461 1161 3516 ita
1190 3475 1416 3516 exorsus
1445 3468 1552 3528 est,
1580 3459 1803 3515 dicens?

211 3557 422 3619 Audite,
453 3555 586 3621 caeli,
619 3553 835 3609 auribus
862 3563 912 3608 et
934 3555 1138 3624 percipe
1163 3561 1326 3620 terra,
1356 3551 1596 3626 quoniam
1623 3549 1803 3606 Domi-

210 3665 310 3702 nus
337 3648 538 3702 locutus
561 3654 638 3701 est
666 3662 685 3700 :
718 3643 886 3700 Filios
914 3643 1134 3699 enutrivi
1160 3651 1210 3698 et
1231 3642 1486 3707 exaltari;
1511 3643 1611 3711 ipsi
1631 3651 1802 3695 autem

209 3746 517 3810 spreverunt
564 3753 664 3792 me.
717 3731 966 3807 Cognovit
1013 3731 1101 3788 bos
1143 3749 1488 3806 possessorem
1535 3749 1710 3798 suum,
1751 3741 1802 3786 et
1849 3791 1855 3796 ,

209 3829 394 3884 asinus
421 3843 664 3899 prwsepe-
683 3827 884 3882 domini
911 3827 992 3880 sui
1015 3843 1032 3880 :
1062 3825 1229 3881 Israel
1266 3834 1437 3880 autem
1463 3841 1545 3880 me
1573 3842 1676 3879 non
1714 3841 1798 3879 co-

208 3921 405 3992 gnovit,
437 3929 488 3972 et
515 3919 734 3990 populus
763 3935 904 3972 meus
943 3935 1054 3972 non
1075 3917 1332 3972 intellexit
1361 3916 1497 3989 (lsa.
1539 3933 1588 3985 ι,
1623 3916 1687 3982 2,
1719 3914 1798 3986 4).

207 4011 278 4067 Ει
343 4018 466 4082 post
529 4025 701 4081 pauca
762 4010 936 4064 minas
991 4009 1211 4063 meritas
1267 4017 1428 4062 tanta:
1483 4007 1801 4076 insipientia:

206 4113 407 4174 aptans
441 4120 454 4156 :
489 4101 906 4174 Derelinquetur,
941 4099 1142 4170 inquit,
1171 4098 1286 4170 ﬁlia
1317 4097 1447 4153 Sion
1473 4107 1529 4151 ut
1558 4096 1801 4151 taberna-

207 4196 384 4250 culum
412 4195 466 4248 in
495 4196 662 4257 vinea,
693 4203 742 4248 et
765 4193 896 4247 sicut
917 4193 1178 4264 tugurium
1200 4193 1252 4244 in
1275 4189 1644 4253 cucamerario,
1669 4189 1800 4242 sicut

205 4288 391 4340 civitas
420 4301 535 4358 qua:
564 4294 794 4339 vastatur
829 4282 994 4355 (Ibid.
1014 4323 1030 4344 ,
1061 4282 1139 4352 8).
1171 4280 1238 4358 Et
1259 4282 1528 4352 principes
1553 4279 1802 4351 speciali-

207 4378 296 4432 ter
320 4377 653 4432 conveniens
681 4377 758 4430 ait
786 4393 798 4428 :
830 4375 1016 4428 Audite
1043 4373 1246 4428 verbum
1279 4371 1508 4433 Domini,
1540 4369 1800 4440 principes

208 4467 596 4533 Sodomorum,
643 4467 891 4538 percipite
933 4465 1098 4536 legem
1143 4461 1388 4527 Domini,
1437 4459 1654 4532 populus
1695 4455 1803 4512 Co-

205 4559 436 4614 morrha:
461 4557 653 4628 (Ibid,
685 4557 799 4626 ill).

277 4650 335 4704 8.
377 4647 685 4704 Notandum
735 4662 902 4712 sane,
942 4646 1090 4716 quod
1137 4645 1305 4716 iniqui
1344 4657 1502 4712 rcges
1542 4642 1800 4712 principes

1907 3270 2089 3326 ductus
2107 3281 2184 3326 est
2211 3272 2428 3343 populus
2449 3290 2621 3340 meus,
2637 3275 2757 3346 quia
2779 3291 2884 3330 non
2913 3275 3088 3330 habuit
3124 3278 3417 3346 scientiam,
3444 3290 3492 3334 et

1906 3361 2104 3416 nobiles
2150 3363 2262 3434 ejus
2303 3363 2610 3419 interierunt
2643 3367 2812 3437 fame,
2847 3376 2899 3421 et
2940 3367 3211 3424 multitudo
3251 3371 3364 3442 ejus
3403 3373 3500 3427 siti

1905 3454 2128 3508 exaruit.
2159 3453 2441 3526 Propterea
2471 3457 2707 3512 dilatavit
2733 3459 2969 3532 infernus
2995 3461 3224 3516 animam
3251 3479 3418 3530 suam,
3442 3475 3492 3519 et

1904 3547 2110 3616 aperuit
2137 3563 2196 3602 os
2223 3564 2372 3602 suum
2413 3549 2604 3622 absque
2640 3550 2746 3604 ullo
2789 3553 3006 3608 termino
3040 3569 3061 3608 :
3095 3562 3145 3607 et
3187 3553 3490 3610 descendent

1905 3638 2065 3708 fortes
2103 3638 2243 3709 ejus,
2285 3653 2336 3692 et
2371 3638 2592 3713 populus
2632 3642 2764 3714 ejus,
2806 3653 2856 3698 et
2895 3643 3138 3701 sublimes
3179 3647 3491 3719 gloriosique

1901 3727 2014 3798 ejus
2051 3730 2122 3784 ad
2147 3747 2263 3784 eum
2303 3729 2440 3802 (Isa.
2470 3747 2524 3797 v,
2563 3730 2653 3801 ll,
2685 3731 2797 3804 14).
2827 3732 2896 3790 Et
2934 3735 3112 3790 infra:
3154 3735 3247 3792 Va:
3273 3737 3359 3811 qui
3395 3755 3498 3806 po-

1905 3825 2066 3874 tentes
2093 3821 2217 3874 estis
2237 3819 2306 3873 ad
2327 3817 2598 3876 bibendum
2627 3824 2818 3887 vinum,
2859 3832 2922 3878 et
2947 3825 3044 3880 viri
3081 3823 3244 3899 fortes
3282 3828 3353 3883 ad
3393 3831 3488 3884 mi-

1902 3909 2148 3964 scendam
2185 3907 2482 3964 ebrietatem
2511 3927 2530 3964 :
2552 3911 2640 3982 qui
2671 3911 2974 3983 justiﬁcatis
3000 3915 3212 3986 impium
3245 3933 3340 3988 pro
3371 3933 3490 3972 mu-

1902 4001 2140 4070 aeribus,
2156 4012 2204 4056 et
2225 4003 2488 4074 justitiam
2507 4002 2641 4073 justi
2672 4004 2890 4076 aufertis
2915 4005 2981 4059 ab
3019 4023 3100 4061 eo.
3133 4006 3356 4078 Propter
3393 4009 3494 4066 hoc

1901 4096 2033 4150 sicut
2060 4095 2273 4152 devorat
2309 4095 2555 4166 stipulam
2596 4095 2778 4168 lingua
2817 4097 2976 4168 ignis,
3005 4106 3056 4151 et
3089 4097 3236 4152 calor
3259 4099 3498 4169 flamma:

1901 4187 2069 4242 exurit
2094 4202 2108 4239 :
2132 4186 2206 4240 sic
2243 4183 2400 4240 radix
2425 4201 2602 4240 eorum
2634 4185 2782 4259 quasi
2821 4187 3003 4258 favilla
3032 4187 3148 4254 erit,
3191 4195 3496 4274 etgan

1899 4293 2078 4332 eorum
2104 4285 2160 4330 ut
2189 4277 2353 4348 pulvis
2379 4277 2644 4332 ascendet.
2671 4275 2982 4350 Abjecerunt
3014 4279 3152 4334 enim
3185 4278 3347 4351 legem
3382 4277 3498 4335 Do~

1898 4367 2029 4423 mini
2053 4369 2400 4436 exercituum,
2429 4377 2479 4422 et
2515 4369 2774 4440 eloquium
2807 4369 2992 4424 Sancti
3029 4367 3203 4424 Israel
3243 4369 3487 4442 despexe-

1899 4465 2039 4512 runt.
2089 4455 2157 4512 In
2189 4457 2426 4513 omnibus
2455 4457 2539 4512 his
2575 4474 2680 4513 non
2716 4466 2796 4513 est
2830 4473 3038 4514 aversus
3066 4459 3214 4530 furor
3251 4457 3498 4526 Domini,

1828 4556 1874 4614 1)
1898 4547 1990 4604 sed
2013 4549 2183 4603 adhuc
2208 4565 2395 4604 manus
2415 4548 2529 4621 ejus
2557 4558 2766 4604 extenta
2795 4547 2982 4622 (Ibid.,
3007 4547 3226 4620 22-25).

1907 4633 1914 4640 ’
1972 4637 2026 4694 9.
2065 4635 2133 4693 Et
2159 4645 2284 4710 post
2313 4639 2590 4711 aliquanta
2617 4638 2686 4696 de
2714 4639 2802 4695 die
2821 4638 3014 4710 judicii
3049 4647 3106 4696 et
3139 4648 3499 4712 peccatorum

205 4743 560 4800 Sodomorum
601 4752 896 4798 vocentur.
928 4741 1226 4796 Proliibens
1271 4753 1500 4808 namque
1544 4734 1800 4792 Dominus
1901 4727 2158 4787 ineﬂ‘abili
2179 4738 2328 4786 metu
2347 4731 2654 4802 disceptans
2683 4731 2760 4786 ait
2789 4748 2804 4784 :
2841 4725 3048 4787 Ululate
3073 4733 3196 4804 quia
3221 4749 3384 4804 prope
3409 4742 3497 4787 est

202 4832 472 4890 sacrificia
503 4841 560 4888 et
583 4833 724 4889 dona
750 4833 851 4888 sibi
873 4847 904 4886 a
937 4831 1129 4886 talibus
1153 4809 1332 4884 offerri
1364 4827 1441 4902 (et
1465 4842 1565 4881 uos
1589 4825 1801 4880 iuhian-
1901 4824 2010 4878 dies
2038 4821 2254 4880 Domini
2306 4823 2374 4896 (si
2402 4829 2532 4880 tunc
2559 4837 2734 4895 prope
2770 4831 2908 4889 erat,
2939 4822 3068 4895 quid
3094 4839 3240 4880 nunc
3263 4823 3493 4895 putabi—

205 4935 291 4980 tes
319 4924 644 4995 suscipimus
683 4937 804 4994 qua:
847 4923 958 4976 D'eo
987 4922 1056 4976 ab
1095 4919 1242 4975 omni
1283 4919 1505 4972 natione
1539 4924 1664 4970 sunt
1693 4929 1800 4968 non
1904 4915 2072 4986 ειη-ἲ),
2097 4915 2222 4983 quia
2247 4915 2464 4970 vastitas
2497 4931 2532 4968 a
2571 4911 2682 4970 Deo
2719 4914 2912 4970 veniet.
2935 4913 3159 4986 Propter
3186 4913 3282 4969 hoc
3311 4929 3498 4969 omnes

203 5017 426 5087 pl’acita,
459 5014 757 5084 eademque
801 5009 985 5081 egenis
1023 5021 1077 5068 et
1115 4999 1255 5082 pene
1299 5008 1440 5064 nilnil'
1474 5005 1796 5063 habentibus
1901 5023 2086 5061 manus
2115 5006 2478 5071 dissolventur,
2502 5013 2553 5060 et
2584 5021 2736 5060 omne
2781 5021 2871 5060 cor
2914 5005 3136 5061 hominis
3176 5004 3398 5060 tabescet
3437 5014 3496 5058 es

198 5109 456 5164 distribui
503 5107 558 5163 in
604 5107 900 5178 perniciem
951 5112 1190 5178 nostram
1239 5119 1344 5157 non
1392 5097 1637 5170 sinimus)
1669 5113 1790 5153 cum
1895 5099 2506 5155 conteretur:torsiones
2531 5108 2580 5154 et
2601 5098 2804 5154 dolores
2825 5096 3101 5164 tenebunt;
3130 5099 3279 5170 quasi
3302 5104 3498 5168 partu.-

200 5197 328 5254 Ιδιίε
361 5197 564 5253 divitiis
605 5196 844 5253 oneratis
887 5194 1135 5250 sordibus
1187 5201 1528 5263 peccatorum
1577 5188 1796 5245 intenlis
1895 5194 2034 5247 riens
2063 5190 2326 5246 dolebant.
2363 5189 2724 5263 Unusquisque
2752 5190 2822 5244 ad
2847 5191 3142 5260 proximum
3178 5205 3328 5243 suum
3370 5197 3492 5241 stu—

199 5293 324 5346 ait»:
359 5287 446 5345 Ne
485 5289 722 5360 oﬁ’ératis
747 5287 886 5340 ultra
913 5285 1227 5356 sacriﬁcium
1256 5287 1450 5356 frustra
1479 5300 1496 5336 :
1529 5284 1792 5336 incensum
1891 5283 2066 5354 pcb’it:
2097 5283 2256 5358 facies
2278 5283 2554 5338 combusta:
2583 5283 2747 5336 vultus
2785 5281 3012 5335 illorum.
3054 5277 3190 5334 Ecce
3218 5278 3332 5334 dies
3370 5279 3497 5335 Dea--

196 5381 526 5436 abominatio
563 5389 642 5434 est
677 5377 804 5433 mihi
836 5376 1022 5444 λιοεαη
1057 5377 1164 5445 15).
1197 5375 1434 5446 [temque
1464 5373 1742 5429 denuntiat
1773 5392 1786 5426 :
1895 5377 2021 5428 mini
2067 5375 2232 5428 veniet
2275 5371 2518 5438 crudelis,
2560 5381 2619 5424 et.
2653 5369 3032 5444 indignationis
3074 5370 3256 5440 plenus
3295 5380 3346 5426 et
3390 5370 3498 5426 ira“

195 5471 274 5528 Et
319 5489 438 5526 cum
487 5470 827 5526 extenderiti's
865 5485 1049 5524 manus
1091 5477 1308 5530 vestras,
1351 5475 1576 5519 avertam
1614 5464 1791 5522 oculos
1898 5465 2208 5538 furorisque,
2251 5464 2321 5518 ad
2358 5463 2653 5535 ponendam
2693 5471 2888 5516 terram
2931 5461 2986 5517 in
3018 5461 3397 5532 solitudinem,
3435 5473 3498 5518 et:

194 5579 337 5620 nscas
362 5581 396 5618 a
427 5561 608 5626 vobis;
639 5569 690 5615 et
716 5575 830 5614 cum
857 5556 1319 5630 multiplicaveritis
1345 5557 1654 5620 orationem,
1685 5571 1789 5608 non
1895 5565 2188 5620 peccatores
2236 5555 2348 5626 ejus
2390 5551 2728 5608 conterendos
2771 5552 2834 5606 de
2880 5568 2962 5606 ea.
3017 5549 3273 5617 Quoniam
3319 5554 3497 5608 stella

193 5655 482 5712 exaudiam
513 5649 702 5725 (lbid.,
735 5648 846 5723 15).
879 5647 948 5706 Et
972 5649 1077 5705 hoc
1105 5661 1271 5718 quare
1315 5645 1474 5715 facit,
1503 5643 1742 5722 ostendit
1771 5663 1785 5699 :
1895 5645 2008 5700 cadi
2035 5654 2086 5699 et
2123 5645 2369 5717 splendor
2396 5661 2571 5701 earum
2601 5661 2706 5700 non
2742 5645 3038 5716 expandent
3071 5643 3243 5700 lumen
3278 5661 3426 5702 suum
3461 5661 3488 5703 ε.

259 5811 405 5871 ιείο
435 5806 581 5866 Bibi.
613 5803 717 5861 PP.
747 5803 917 5860 Paris.
949 5803 1025 5858 At
1044 5801 1171 5858 edit.
1203 5798 1374 5856 Oxon.
1399 5807 1450 5854 ct
1469 5809 1749 5870 s:uporese
1770 5817 1790 5857 :
1827 5801 1974 5858 nullo
1995 5815 2174 5858 sensu.
