3952 6388
447 321 555 382 559

1307 311 1537 371 GlLDrE
1572 309 1929 369 SAPIENTIS
1967 299 2056 364 DE
2096 296 2367 366 Εἰοιῡίο
2406 295 2800 362 ΒΒΙΤΛΝΝΙΒ

3615 303 3723 360 δω

447 427 862 488 obtenebrabitur
887 429 967 483 sol
993 427 1048 482 in
1080 433 1196 480 ortu
1225 439 1340 491 suo,
1369 431 1419 477 et
1445 423 1570 478 luna
1616 423 1719 477 non
1746 418 2032 491 splendebit
2059 424 2108 486 Α
2135 427 2501 490 cognoverunt,
2527 427 2577 472 et
2608 433 2714 472 non
2747 423 2825 472 est
2841 415 3098 488 judicium
3134 417 3191 472 in
3221 413 3480 487 gressibus
3514 426 3724 472 eorum.

452 525 507 578 in
535 531 760 590 tempore
777 533 889 572 suo.
919 513 990 570 Et
1017 511 1231 569 visitabo
1259 528 1412 582 super
1431 511 1570 566 orbis
1599 511 1758 573 mala,
1783 518 1833 564 et
1853 517 2034 564 contra

451 610 638 680 impios
656 608 977 680 iniquitatem
1000 605 1252 674 ipsorum,
1283 610 1332 654 et
1359 599 1617 672 quiescere
1641 597 1832 670 faciam
1857 612 2038 668 super-

452 699 587 752 biam
633 695 954 768 infidelium,
1005 703 1056 748 et
1095 692 1452 766 arrogantiam
1497 692 1710 763 fortium
1755 686 2037 744 humiliabo

453 787 588 856 (Isa.
621 803 738 853 xm,
770 785 822 852 6,
858 785 966 856 Η).
999 783 1066 838 Et
1093 784 1291 838 iterum
1325 800 1338 836 :
1370 779 1504 836 Ecce
1532 779 1786 836 Dominus
1815 779 2040 849 dissipa-

451 881 524 934 bit
555 889 770 948 terram,
810 887 862 932 et
889 877 1103 932 nudabit
1128 892 1277 942 eam,
1307 885 1357 928 et
1383 871 1573 945 amiget
1599 873 1784 944 faciem
1821 870 1950 942 ejus,
1991 877 2042 924 et

457 963 722 1042 disperdet
752 969 1068 1024 habitatores
1095 971 1228 1039 ejus.
1271 965 1342 1021 Et
1385 967 1484 1019 erit
1525 965 1658 1020 sicut
1703 963 1924 1035 populus
1965 962 2040 1016 sic

451 1061 716 1128 sacerdos,
743 1069 793 1115 et
819 1061 952 1116 sicut
977 1075 1152 1114 servus
1178 1059 1254 1113 sic
1291 1056 1531 1112 dominus
1568 1056 1679 1126 ejus
1699 1095 1716 1122 ,
1745 1054 1820 1108 sic
1849 1053 2043 1106 ancilla

453 1155 528 1208 sic
556 1153 768 1208 domina
795 1152 926 1224 ejus,
960 1152 1092 1206 sicut
1118 1165 1290 1204 emens
1324 1150 1398 1202 sic
1425 1146 1513 1202 ille
1550 1147 1636 1220 qui
1673 1144 1869 1212 vendit,
1909 1145 2043 1198 sicut

456 1246 719 1317 fenerator
747 1243 822 1296 sic
849 1242 938 1297 ille
963 1242 1048 1311 qui
1077 1249 1308 1294 mutuum
1335 1238 1544 1308 accipit,
1572 1235 1706 1291 sicut
1733 1235 1822 1305 qui
1860 1232 2044 1304 repetit

455 1335 534 1388 sic
559 1335 646 1407 qui
676 1331 840 1387 debet.
873 1331 1227 1402 Dissipatione
1264 1326 1599 1399 dissipabitur
1631 1335 1790 1390 terra,
1823 1333 1874 1378 et
1903 1325 2044 1378 dire-

454 1425 631 1484 ptione
659 1420 977 1492 prwdabitur
1005 1437 1024 1475 :
1056 1419 1309 1475 Dominus
1347 1418 1483 1473 enim
1509 1414 1706 1472 locutus
1736 1425 1812 1470 est
1839 1415 2045 1470 verbum

456 1514 572 1568 hoc.
601 1510 760 1566 Luxit
797 1519 846 1565 et
879 1511 1097 1577 deﬂuxit
1130 1516 1290 1576 terra,
1333 1505 1549 1577 deﬂuxit
1582 1502 1742 1574 orbis,
1779 1503 2047 1573 infirmata

456 1609 536 1656 est
562 1600 626 1654 ab
653 1598 1028 1653 habitatoribus
1057 1599 1164 1652 suis
1192 1613 1210 1651 :
1234 1597 1356 1670 quia
1383 1594 1695 1667 transgressi
1732 1601 1852 1647 sunt
1886 1592 2062 1664 leges,‘

460 1698 786 1746 mutaverunt
837 1690 958 1762 jus,
1018 1689 1399 1760 dissipaverunt
1441 1684 1607 1757 foedus
1661 1681 2043 1754 setnpiternum.

2136 507 2349 565 Semita
2375 525 2550 563 eorum
2574 509 2858 562 incurvata:
2874 513 2994 560 sunt
3021 505 3096 560 eis
3117 520 3136 559 :
3161 506 3328 560 omnis
3356 503 3446 575 qui
3471 504 3643 559 calcat
3670 504 3725 560 in

2135 599 2232 665 eis,
2263 598 2469 670 ignorat
2491 613 2692 668 pacem.
2727 595 2950 667 Propter
2991 595 3089 652 hoc
3125 595 3425 667 elongatum
3469 605 3547 652 est
3581 594 3730 668 judi-

2135 704 2271 742 cium
2299 703 2332 740 a
2367 685 2527 751 vobis,
2558 694 2609 740 et
2648 701 2754 740 non
2794 684 3144 757 apprehendet
3179 701 3264 740 vos
3297 685 3508 757 justitia
3539 683 3722 757 (Ibid.,

2138 777 2190 844 6,
2223 777 2298 848 9).
2333 775 2398 832 Et
2436 784 2560 847 post
2595 791 2770 848 pauca
2808 794 2821 830 :
2865 773 2935 831 Et
2976 791 3278 830 conversum
3317 785 3395 829 est
3446 784 3727 829 retrorsum

2131 867 2411 939 judicium,
2440 875 2490 921 et
2510 867 2721 938 justitia
2748 868 2900 937 longe
2917 868 3057 920 stetit
3083 882 3102 921 :
3125 867 3246 938 quia
3267 869 3459 920 corruit
3480 866 3535 920 in
3557 865 3730 938 platea

2139 957 2345 1024 veritas,
2378 966 2428 1012 et
2455 958 2669 1028 a’quitas
2690 973 2792 1012 non
2819 959 2984 1028 potuit
3008 957 3232 1028 ingredi.
3267 955 3337 1011 Et
3375 957 3516 1028 facta
3543 964 3624 1010 est
3650 972 3732 1010 ve-

2141 1049 2270 1101 ritas
2289 1047 2344 1102 in
2365 1045 2618 1103 oblivione
2637 1063 2656 1100 :
2679 1054 2729 1102 et
2753 1048 2840 1102 oui
2860 1049 3069 1101 recessit
3089 1065 3122 1101 a
3141 1047 3300 1114 malo,
3328 1047 3520 1114 pra-dae
3539 1047 3727 1117 patuit.

2143 1133 2214 1190 Et
2241 1135 2366 1190 vidit
2401 1134 2672 1200 Dominus,
2712 1144 2763 1190 et
2789 1153 2894 1190 non
2921 1135 3116 1206 placuit
3147 1135 3199 1190 in
3229 1136 3393 1190 oculis
3425 1137 3570 1208 ejus,
3612 1134 3733 1206 quia

2143 1240 2248 1279 non
2289 1236 2366 1280 est
2402 1225 2659 1296 judicium
2704 1223 2892 1297 (Ibid,
2938 1225 3038 1292 Η,
3088 1224 3201 1295 15).
3242 1223 3535 1294 ﬂuensque
3584 1224 3735 1278 Isaiae

2145 1317 2423 1388 pr0pheta:
2452 1333 2624 1388 pauca
2646 1317 2714 1372 de
2748 1315 2931 1373 multis
2953 1316 3153 1372 dixisse
3180 1316 3433 1372 sufﬁciat.

2218 1406 2306 1462 10.
2347 1405 2497 1462 Nunc
2524 1422 2653 1462 vero
2684 1405 2866 1473 illum,
2913 1407 3004 1477 qui
3049 1409 3364 1478 priusquam
3409 1404 3736 1461 formaretur

2145 1497 2205 1553 in
2252 1507 2407 1555 utero
2445 1500 2743 1570 przescitus,
2796 1508 2853 1555 et
2897 1499 3204 1570 priusquam
3251 1499 3426 1554 exiret
3462 1497 3531 1554 de
3577 1498 3736 1552 vum

2147 1588 2532 1656 sanctiﬁcatus,
2563 1591 2699 1646 etin
2727 1592 2940 1650 cunctis
2967 1591 3214 1662 gentibus
3240 1591 3506 1662 propheta
3531 1591 3740 1660 positus

2150 1689 2254 1748 est,
2283 1679 2572 1738 Jeremiam
2596 1683 2819 1748 scilicet,
2849 1684 2978 1754 quid
3006 1683 3074 1740 de
3101 1683 3302 1756 populo
3347 1682 3639 1754 insipiente
3665 1682 3740 1736 ri-

463 1781 688 1852 Propler
734 1785 829 1835 hoc
879 1779 1174 1834 maledictio
1222 1775 1424 1833 vorabit
1470 1783 1663 1831 terram
1705 1773 1844 1846 (ιω.
1893 1790 2044 1840 xxw,
2079 1790 2121 1850 Β
2145 1773 2391 1846 gidisque
2418 1773 2634 1843 regibus
2663 1774 3109 1845 pronuntiaverit,
3133 1787 3424 1846 parumper
3450 1771 3740 1828 attenden-

462 1868 514 1935 1,
547 1868 628 1941 6).
657 1865 723 1922 Et
753 1869 888 1924 intra
923 1886 936 1922 :
974 1866 1317 1939 Ingemiscent
1343 1882 1518 1922 omnes
1547 1865 1634 1938 qui
1661 1865 1906 1920 laetantur
1931 1881 2049 1919 cor-

463 1958 546 2024 de,
598 1957 819 2013 cessabit
859 1957 1109 2030 gaudium
1157 1963 1546 2028 tympanorum,
1585 1954 1808 2023 quiescet
1851 1954 2048 2010 sonitus

461 2049 776 2116 latentium,
817 2049 1122 2104 conticescet
1153 2047 1369 2103 dulcedo
1406 2047 1652 2116 citharae,
1692 2063 1807 2100 cum
1844 2047 2048 2102 cantico

461 2153 565 2196 non
602 2139 776 2194 bibent
814 2141 1010 2206 vinum,
1049 2154 1232 2194 amara
1259 2141 1358 2194 erit
1384 2138 1527 2209 potio
1557 2135 1842 2192 bibentibus
1879 2137 2046 2196 illam.

465 2230 656 2285 Attrita
699 2239 778 2285 est
811 2232 990 2285 civitas
1017 2231 1282 2294 vanitatis,
1321 2229 1500 2284 clausa
1543 2236 1620 2284 est
1656 2229 1826 2284 omnis
1866 2229 2048 2284 domus

462 2321 606 2377 nullo
642 2323 958 2378 introeunte.
1008 2321 1220 2377 Clamor
1259 2321 1359 2376 erit
1391 2335 1545 2388 super
1584 2321 1700 2375 vino
1742 2321 1798 2374 in
1839 2317 2045 2390 plateis,

463 2415 668 2471 deserta
691 2425 769 2472 est
796 2417 964 2472 omnis
991 2416 1193 2482 lauitia,
1227 2414 1535 2471 translatum
1561 2423 1639 2469 est
1665 2412 1914 2486 gaudium
1941 2420 2048 2466 ter-

463 2523 556 2576 ra,
589 2508 768 2563 relicta
795 2516 870 2563 est
897 2508 954 2562 in
985 2506 1112 2562 urbe
1139 2505 1382 2570 solitudo,
1411 2514 1462 2560 et
1494 2504 1766 2560 calamitas
1793 2503 2050 2576 opprimet

461 2606 641 2670 portas
671 2614 689 2654 :
715 2599 836 2668 quia
875 2597 986 2652 hare
1011 2606 1160 2651 erunt
1194 2597 1247 2650 in
1287 2595 1456 2650 medio
1487 2604 1658 2662 teme,
1699 2602 1750 2649 et
1786 2595 1841 2649 iu
1880 2593 2076 2649 medio.

464 2691 768 2760 populorum
807 2688 999 2762 (Ibid,
1027 2689 1080 2754 7,
1114 2687 1224 2758 15).
1256 2687 1323 2742 Et
1361 2697 1486 2759 post
1527 2703 1698 2759 pauca
1731 2705 1745 2741 :
1787 2687 2050 2742 Prwvari-

466 2790 641 2836 cantes
668 2777 996 2849 praevaricati
1025 2788 1173 2844 sunt,
1206 2789 1256 2833 et
1289 2779 1719 2849 prwvaricatione
1759 2787 2051 2851 transgres-

467 2887 640 2926 sarum
665 2869 994 2940 prwvaricati
1018 2875 1156 2924 sunt.
1189 2866 1460 2934 Formido,
1487 2877 1537 2922 et
1558 2871 1727 2941 fovea,
1761 2877 1810 2922 et
1835 2868 2050 2940 laqueus

467 2978 620 3034 super
641 2971 687 3015 te
713 2961 800 3033 qui
825 2959 1086 3018 habitator
1105 2977 1158 3016 es
1178 2969 1353 3016 terrae.
1387 2957 1456 3015 Et
1491 2961 1632 3016 erit:
1663 2957 1762 3024 Qui
1792 2958 1982 3032 fugerit
2015 2976 2051 3018 α

469 3070 588 3110 voce
606 3053 922 3126 formidinis,
951 3053 1101 3109 cadet
1121 3056 1176 3109 in
1197 3056 1502 3127 foveam;et
1527 3054 1614 3126 qui
1633 3068 1690 3108 se
1719 3052 2051 3123 explicaverit

2149 1873 2233 1921 tes
2279 1863 2481 1931 audite,
2530 1863 2636 1919 hoc
2678 1863 2840 1919 modo
2883 1862 3076 1920 leuiter
3103 1863 3266 1920 verba
3315 1863 3638 1920 inhiantem.
3671 1861 3742 1916 ει

2146 1959 2343 2031 factum
2382 1967 2461 2012 est
2505 1958 2712 2012 verbum
2754 1955 2962 2013 Domini
3007 1956 3077 2012 ad
3115 1973 3216 2023 me,
3247 1955 3463 2012 dicens:
3505 1955 3653 2010 Vade
3690 1964 3742 2012 et

2145 2050 2315 2106 clama
2341 2051 2398 2106 in
2419 2049 2630 2104 auribus
2661 2045 3012 2116 Hierusalem,
3037 2060 3086 2107 et
3107 2049 3246 2104 dices
3268 2066 3287 2104 :
3308 2049 3497 2106 Audite
3521 2052 3738 2105 verbum

2151 2141 2364 2197 Domini
2405 2141 2588 2197 domus
2626 2139 2812 2207 Jacob,
2860 2151 2911 2196 et
2953 2159 3130 2197 omnes
3183 2145 3514 2214 cognationes
3556 2143 3743 2199 domus

2149 2229 2359 2287 Israel:
2392 2229 2524 2286 Hcce
2565 2231 2690 2286 dicit
2723 2231 3006 2287 Dominus:
3040 2230 3178 2298 Quid
3215 2233 3520 2288 invenerunt
3556 2234 3616 2288 in
3659 2248 3743 2290 sue

2147 2333 2322 2394 patres
2352 2323 2504 2377 vestri
2525 2323 2832 2396 initjuitatis,
2857 2323 2944 2396 qui
2958 2312 3200 2394 'elongati
3226 2333 3346 2378 sunt
3371 2339 3403 2376 a
3427 2339 3530 2388 me,
3550 2332 3602 2378 et
3625 2340 3741 2378 aus-

2149 2410 2449 2466 bulaverunt
2477 2420 2595 2482 post
2630 2413 2930 2476 vanitatem,
2961 2421 3011 2466 et
3053 2413 3172 2467 vani
3222 2413 3351 2484 facti
3379 2421 3531 2476 sunt;
3556 2420 3607 2467 et
3637 2429 3742 2470 non

2148 2501 2432 2556 dixerunt:
2482 2499 2584 2556 Ubi
2632 2501 2822 2574 estqui
2869 2501 3146 2556 ascendere
3190 2518 3287 2556 nos
3331 2502 3453 2572 fecit
3499 2502 3564 2558 de
3608 2513 3743 2557 terra

2150 2587 2374 2664 Egypti
2403 2589 2534 2666 (Jer.
2564 2607 2625 2658 ιι,
2653 2591 2704 2657 1,
2727 2591 2781 2658 2,
2814 2590 2867 2656 4,
2899 2589 2952 2659 5,
2983 2590 3076 2662 6)?
3099 2585 3163 2645 Et
3188 2599 3310 2662 post
3336 2607 3506 2662 pauca
3535 2609 3548 2644 :
3572 2592 3616 2646 A
3638 2608 3742 2646 sa:-

2149 2683 2264 2738 culo
2310 2683 2618 2755 confregisti
2647 2681 2834 2755 jugum
2887 2699 3089 2748 meum,
3131 2681 3316 2754 rupisti
3357 2679 3564 2736 vincula
3601 2698 3740 2746 mea,

2151 2775 2332 2830 dixisti
2354 2791 2373 2828 :
2399 2772 2524 2830 Non
2546 2773 2786 2830 serviam.
2813 2770 2926 2845 Ego
2945 2773 3179 2842 plantavi
3202 2783 3249 2828 te
3274 2773 3475 2828 vineam
3503 2772 3742 2840 electam,

2151 2883 2302 2924 omne
2325 2885 2494 2922 semen
2525 2883 2697 2922 verum
2720 2882 2739 2921 :
2761 2865 3014 2937 quomodo
3041 2881 3166 2937 ergo
3187 2880 3432 2920 conversa
3456 2879 3512 2918 es
3533 2865 3586 2918 in
3615 2881 3742 2934 pra-

2153 2973 2270 3011 vum
2291 2957 2440 3012 vinea
2460 2955 2670 3010 aliena?
2695 2954 2759 3010 Si
2785 2954 2968 3010 laveris
2991 2963 3039 3008 te
3063 2953 3223 3022 nitro,
3250 2962 3299 3009 et
3323 2952 3744 3024 multiplicaveris

2154 3047 2246 3103 tibi
2285 3047 2494 3103 herbam
2523 3045 2713 3118 boritlt,
2761 3049 3023 3102 maculata
3065 3063 3119 3102 es
3147 3047 3420 3118 iniquitate
3450 3055 3540 3102 tua
3567 3061 3746 3102 coram

469 3143 533 3200 de
553 3145 720 3216 fovea,
745 3143 996 3200 tenebitur
1014 3145 1196 3217 laqueo
1225 3160 1244 3199 :
1270 3146 1394 3218 quia
1429 3152 1713 3199 cataracta
1746 3143 1809 3198 de
1835 3142 2051 3198 excelsis
2079 3153 2124 3213 ο
2153 3157 2254 3205 me,
2279 3139 2402 3195 dicit
2433 3137 2684 3195 Dominus
2713 3135 2898 3212 (Ibid.,
2927 3136 3136 3209 20-22).
3166 3133 3234 3191 Et
3262 3134 3399 3192 infra
3424 3154 3438 3190 :
3472 3133 3612 3202 Quid
3633 3137 3744 3192 vul-

468 3244 661 3307 aperta
685 3243 858 3305 erunt,
887 3245 938 3292 et
974 3237 1330 3292 concutientur
1351 3235 1694 3308 fundamenta
1723 3243 1894 3290 terra.
1919 3233 2056 3290 Con-

471 3325 726 3398 fractione
753 3327 1112 3398 confringetur
1135 3335 1299 3394 terra,
1340 3325 1680 3380 commotione
1714 3323 2056 3378 commovebi-

472 3421 586 3481 tur,
628 3415 914 3486 agitatione
952 3413 1236 3486 agitabitur
1273 3414 1405 3470 sicut
1451 3411 1656 3481 ebrius,
1697 3422 1750 3467 et
1796 3415 2060 3485 auferetur

470 3509 618 3582 quasi
647 3507 1036 3562 tabernaculum
1055 3507 1204 3560 unius
1235 3505 1431 3570 noctis;
1460 3515 1509 3560 et
1541 3503 1774 3576 gravabit
1805 3520 1920 3558 eam
1956 3504 2060 3558 ini-

470 3599 642 3672 quitas
680 3613 800 3666 sua,
829 3604 879 3652 et
908 3604 1129 3662 corruet,
1162 3605 1214 3650 et
1249 3613 1354 3651 non
1380 3595 1592 3668 adiiciet
1619 3603 1676 3649 ut
1703 3603 1957 3667 resurgat.
1991 3593 2061 3650 Et

473 3691 575 3745 erit
599 3705 618 3743 :
647 3687 714 3742 In
735 3689 818 3743 die
837 3687 930 3742 illa
958 3686 1182 3744 visitabit
1209 3685 1460 3746 Dominus
1487 3704 1640 3758 super
1666 3687 1906 3742 militiam
1945 3689 2060 3744 cali

474 3785 529 3837 in
557 3781 780 3847 excelso,
809 3789 859 3836 et
877 3798 1032 3852 super
1050 3797 1204 3852 ,reges
1233 3791 1386 3836 teme
1405 3779 1491 3852 qui
1518 3788 1640 3834 sunt
1662 3796 1816 3852 super
1844 3789 2056 3846 terram,

474 3880 524 3924 et
551 3869 996 3943 congregabantur
1024 3869 1078 3928 in
1123 3869 1571 3943 congregationem
1610 3871 1762 3926 unius
1803 3871 1966 3942 fascis
2003 3871 2061 3926 in

474 3963 668 4028 lacum,
694 3969 744 4015 et
767 3960 1074 4016 claudentur
1111 3959 1182 4015 ibi
1221 3961 1275 4014 in
1317 3976 1596 4026 carcerem,
1635 3969 1684 4014 et
1720 3971 1837 4032 post
1873 3961 2063 4015 multos

476 4053 586 4107 dies
627 4051 988 4107 uisitabantur.
1037 4049 1104 4106 Et
1141 4051 1398 4108 erubescet
1436 4051 1584 4120 luna,
1626 4061 1676 4105 et
1720 4050 2064 4122 confundetur

475 4142 576 4208 sol,
602 4157 719 4196 cum
739 4141 1026 4214 regnaverit
1047 4140 1301 4198 Dominus
1322 4141 1640 4196 exercituum
1661 4143 1715 4196 in
1738 4151 1910 4196 monte
1929 4139 2062 4196 Sion

475 4243 526 4287 et
553 4233 608 4286 in
638 4231 997 4306 Hierusalem,
1015 4242 1066 4285 et
1089 4232 1146 4285 in
1174 4241 1446 4302 conspectu
1467 4247 1648 4286 senum
1673 4248 1882 4287 suorum
1909 4232 2064 4304 fuerit

479 4326 802 4398 gloriﬁcatus
835 4323 1025 4396 (Ibid,
1056 4323 1142 4391 16,
1165 4323 1282 4396 9.5).
1323 4322 1390 4379 Et
1427 4334 1552 4396 post
1583 4323 1856 4397 aliquanta
1895 4327 2066 4382 ratio-

481 4429 603 4470 nem
633 4413 889 4477 reddens,
923 4412 1275 4484 quamobrem
1309 4413 1434 4468 talia
1463 4414 1797 4480 minaretur,
1826 4415 1900 4470 ita
1939 4415 2016 4471 ait
2045 4432 2059 4470 :

2158 3233 2222 3288 tis
2247 3248 2442 3287 mecum
2459 3231 2660 3302 judicio
2688 3228 3036 3284 contendere?
3059 3226 3253 3283 Omnes
3279 3245 3358 3282 me
3379 3229 3742 3302 dereliquistis,

2157 3321 2281 3378 dicit
2316 3321 2592 3378 Dominus.
2625 3319 2845 3376 Frustra
2882 3321 3110 3392 percussi
3147 3321 3289 3391 filios
3324 3330 3521 3376 vestros
3543 3338 3563 3377 :
3586 3321 3746 3376 disci-

2155 3412 2358 3485 plinam
2385 3429 2488 3468 non
2513 3420 2829 3483 receperunt.
2861 3411 3048 3466 Audite
3066 3410 3273 3466 verbum
3299 3409 3512 3467 Domini
3534 3429 3553 3465 :
3591 3410 3748 3467 Nun-

2156 3503 2280 3575 quid
2317 3503 2544 3558 solitudo
2573 3505 2746 3576 factus
2780 3519 2894 3557 sum
2934 3501 3126 3569 Israel,
3168 3513 3259 3556 aut
3295 3511 3437 3556 terra
3479 3503 3748 3559 serotina!

2159 3592 2414 3667 Nunquid
2456 3592 2777 3650 obliviscetur
2819 3594 2961 3666 virgo
2988 3594 3280 3647 ornamenti
3309 3591 3410 3659 sui,
3438 3601 3530 3647 aut
3557 3611 3748 3664 sponsa

2159 3690 2340 3762 fasciis
2359 3689 2635 3760 pectoralis
2661 3687 2809 3743 sua?
2845 3685 3077 3758 Populus
3113 3704 3230 3742 vero
3272 3703 3414 3742 meus
3455 3687 3648 3744 oblitus
3673 3695 3746 3746 est

2160 3781 2260 3836 mei
2290 3777 2469 3834 diebus
2497 3780 2779 3835 innumeris
2801 3777 2993 3852 (lbid.,
3022 3777 3235 3851 29-55).
3269 3779 3404 3844 Quia
3452 3782 3647 3838 stultus
3674 3795 3748 3838 est

2159 3871 2377 3942 populus
2405 3886 2568 3936 meus,
2593 3886 2674 3925 me
2702 3887 2805 3925 non
2843 3871 3116 3942 cognovit:
3145 3871 3248 3942 filii
3289 3873 3597 3944 insipientes
3630 3883 3750 3930 sunt

2158 3971 2209 4017 et
2235 3963 2476 4018 vecordes
2498 3979 2517 4016 :
2541 3963 2800 4033 sapientes
2836 3971 2958 4017 sunt
2990 3973 3048 4018 ut
3077 3965 3276 4036 faciant
3305 3968 3466 4030 mala,
3501 3967 3632 4022 bene
3657 3985 3753 4022 au-

2162 4061 2264 4106 lem
2292 4053 2464 4124 facere
2491 4053 2784 4106 nescierunt
2808 4051 2942 4124 (Jer.
2981 4067 3054 4120 tv,
3081 4052 3194 4128 2‘2).
3228 4050 3363 4112 Tum
3391 4057 3659 4127 prepheta
3686 4073 3752 4114 ex

2161 4157 2257 4200 sua
2287 4156 2516 4213 persona
2546 4141 2784 4213 loquitur
2803 4140 2986 4198 dicens
3017 4161 3032 4197 :
3063 4141 3308 4212 Domine,
3333 4147 3470 4202 oculi
3497 4148 3573 4200 tui
3594 4148 3754 4220 respi-

2161 4235 2302 4289 ciunt
2327 4231 2487 4302 fidem
2510 4247 2529 4286 :
2565 4233 2862 4301 percussisti
2895 4249 3004 4300 eos,
3034 4242 3086 4288 et
3123 4249 3229 4289 non
3257 4235 3572 4290 doluerunt:
3601 4239 3757 4291 attri-

2161 4324 2278 4378 visti
2305 4338 2411 4388 eos,
2442 4332 2493 4376 et
2520 4322 2796 4376 noluerunt
2822 4325 3058 4395 accipere
3077 4325 3409 4397 disciplinam
3431 4325 3566 4396 (Jer.
3597 4343 3652 4396 ν,
3678 4328 3755 4399 5).

2162 4414 2728 4484 Itemque-Dominus:
2771 4415 3092 4472 Annuntiate
3131 4417 3227 4473 hoc
3274 4419 3452 4474 donati
3495 4419 3685 4488 Jacob,
3715 4430 3760 4474 et

480 4499 616 4558 Ecce
649 4517 752 4557 non
791 4511 867 4557 est
905 4501 1204 4560 abbreviata
1248 4517 1432 4557 manus
1479 4500 1726 4570 Domini,
1768 4513 1827 4558 ut
1861 4503 2063 4560 salvare
2093 4529 2140 4587 Β
2164 4507 2397 4561 auditum
2427 4505 2582 4577 facite
2611 4505 2664 4559 in
2703 4504 2846 4560 Juda
2871 4505 3098 4562 dicentes
3120 4523 3140 4562 :
3169 4507 3325 4572 Audi,
3357 4509 3549 4581 populo
3587 4513 3758 4575 stulte,

481 4602 728 4664 nequeat;
749 4609 908 4666 neque
927 4601 1212 4665 aggravata
1240 4601 1316 4646 est
1344 4593 1486 4647 auris
1514 4593 1649 4666 ejus,
1677 4603 1735 4648 ut
1766 4611 1872 4649 non
1897 4611 2063 4649 exau-

481 4688 615 4742 diat.
666 4685 774 4742 Sed
817 4687 1111 4759 iniquitates
1159 4696 1341 4742 vestra:
1381 4686 1663 4742 diviserunt
1707 4689 1842 4742 inter
1883 4704 1970 4742 vos
2016 4696 2068 4742 et

484 4776 652 4831 Deum
684 4787 924 4843 vestrum,
956 4785 1006 4831 et
1043 4787 1256 4847 peccata
1284 4786 1451 4831 vestra
1473 4775 1850 4832 absconderant
1878 4775 2067 4848 faciem

483 4864 598 4940 ejus
623 4883 656 4920 a
676 4865 814 4922 vobis
843 4881 908 4921 ne
937 4867 1230 4922 exaudiret.
1267 4865 1456 4923 Manus
1483 4868 1620 4924 enim
1652 4875 1834 4922 vestra:
1859 4867 2068 4936 pollutis

483 4968 605 5014 sunt
630 4959 902 5030 sanguine,
933 4969 983 5012 et
1022 4959 1170 5029 digiti
1204 4959 1358 5013 vestri
1395 4957 1670 5029 iniquitate
1691 4973 1710 5011 :
1733 4955 1874 5011 labia
1898 4965 2069 5036 vestra

485 5050 658 5106 locuta
698 5059 818 5104 sunt
853 5051 1198 5116 mendacium,
1231 5061 1280 5104 et
1318 5050 1497 5122 lingua
1536 5059 1705 5106 vestra
1745 5049 2066 5122 iniquitatem

487 5144 648 5214 fatur.
680 5137 806 5195 Non
827 5149 902 5196 est
931 5142 1016 5213 qui
1046 5147 1185 5195 vocet
1204 5141 1483 5214 justitiam,
1511 5157 1672 5213 neque
1704 5148 1779 5194 est
1807 5141 1892 5213 qui
1919 5140 2069 5211 judi-

483 5241 564 5288 cet
591 5250 708 5288 vere
727 5249 746 5288 :
767 5233 859 5288 sed
877 5232 1144 5304 confidunt
1165 5233 1220 5287 in
1250 5233 1401 5300 nihil,
1423 5242 1472 5287 et
1499 5233 1778 5306 loquuntur
1797 5233 2067 5298 vanitates,

483 5329 534 5378 et
577 5331 918 5395 conceperant
971 5323 1240 5391 dolorem,
1291 5332 1341 5379 et
1388 5329 1692 5394 pepererunt
1739 5324 2068 5395 iniquitatem

491 5411 630 5486 (Isa.
670 5429 780 5480 LIX,
815 5412 868 5480 1,
905 5413 984 5484 4).
1016 5413 1082 5468 Et
1119 5412 1254 5469 infra
1282 5431 1296 5468 :
1329 5410 1503 5484 Opera
1536 5429 1714 5468 eorum
1753 5413 1982 5477 inutilia,
2023 5421 2074 5468 et

491 5523 620 5576 opus
649 5507 936 5578 iniquitatis
981 5506 1036 5559 in
1081 5505 1318 5560 manibus
1357 5522 1554 5560 eorum.
1604 5503 1770 5560 Pedes
1815 5520 1992 5559 eorum
2017 5505 2075 5558 in

492 5597 682 5650 malum
721 5605 966 5664 currunt,
994 5604 1044 5650 et
1081 5597 1330 5666 festinant
1369 5605 1427 5650 ut
1463 5594 1736 5666 effundant
1770 5595 2075 5665 sanguinem

494 5686 832 5744 innocentem.
859 5687 1210 5758 Cogitationes
1247 5703 1423 5742 eorum
1451 5686 1788 5759 cogitationes
1818 5685 2028 5740 inutiles
2052 5701 2073 5741 :

499 5778 706 5835 vastitas
752 5790 802 5835 et
843 5780 1082 5836 contritio
1119 5780 1172 5834 in
1203 5781 1296 5835 viis
1325 5796 1523 5850 eorum,
1557 5788 1606 5833 et
1635 5779 1769 5834 viam
1795 5776 1942 5848 pacis
1968 5791 2073 5833 non

2168 4599 2252 4671 qui
2295 4613 2399 4652 non
2445 4595 2601 4650 habes
2639 4611 2761 4660 cor;
2807 4596 2894 4670 qui
2923 4596 3164 4653 habentes
3189 4599 3365 4654 oculos
3403 4615 3508 4654 non
3558 4600 3761 4666 videtis,

2169 4699 2219 4744 et
2239 4705 2410 4752 aures,
2435 4698 2484 4742 et
2505 4705 2608 4745 non
2638 4688 2854 4744 auditis.
2881 4687 2968 4744 He
2993 4706 3116 4762 ergo
3137 4707 3242 4745 non
3273 4689 3538 4759 timebitis,
3561 4692 3638 4746 ait
3661 4689 3763 4745 Ds-

2170 4781 2358 4840 minus.
2389 4789 2440 4834 et
2467 4797 2498 4832 a
2525 4779 2661 4850 facie
2683 4795 2800 4833 m*a
2827 4796 2932 4834 non
2964 4777 3240 4834 dolebitis?
3258 4779 3344 4852 qui
3369 4781 3521 4852 posui
3550 4798 3764 4838 arenam

2173 4871 2444 4925 terminum
2492 4871 2658 4935 mari,
2709 4880 3017 4941 praeceptum
3064 4872 3429 4940 sempiternum
3481 4873 3624 4942 quod
3666 4891 3765 4929 non

2173 4963 2457 5032 prceteribit
2475 4979 2490 5014 :
2523 4971 2570 5015 et
2597 4961 3065 5029 commovebuntur,
3105 4971 3154 5018 et
3182 4977 3285 5017 non
3313 4973 3592 5033 poterunt:
3627 4965 3766 5019 intuo

2169 5063 2394 5108 inescent
2413 5052 2602 5122 fluctus
2635 5053 2768 5124 ejus,
2815 5061 2865 5106 et
2910 5068 3016 5107 non
3058 5053 3350 5107 transibunt
3379 5053 3531 5109 illud.
3565 5056 3766 5128 Populo

2170 5154 2340 5198 autem
2369 5143 2486 5196 huic
2523 5145 2716 5215 factum
2745 5151 2820 5197 est
2849 5159 2940 5198 cor
2966 5143 3291 5198 incredulum
3330 5152 3380 5198 et
3424 5161 3766 5217 exuperans,

2171 5242 2491 5290 recesserunt
2517 5243 2569 5288 et
2593 5233 2834 5288 abierunt
2857 5249 2876 5288 :
2897 5243 2948 5288 et
2969 5249 3072 5289 non
3099 5233 3345 5288 dixerunt
3372 5234 3428 5288 in
3447 5237 3612 5290 corde
3639 5250 3769 5292 suo:

2171 5321 2463 5381 lletuamus
2491 5323 2771 5380 Dominum
2797 5324 2963 5380 Deum
2992 5335 3226 5380 nostrum
3257 5324 3444 5399 (Ibid.,
3469 5325 3690 5396 20-14).
3709 5326 3771 5384 Et

2178 5417 2413 5472 iterum:
2447 5414 2582 5480 Quia
2607 5416 2797 5472 inventi
2822 5425 2943 5471 sunt
2981 5417 3036 5472 in
3079 5417 3269 5489 populo
3313 5433 3426 5473 meo
3453 5418 3607 5488 impii
3648 5419 3772 5474 insi-

2179 5507 2380 5562 diantes
2399 5507 2548 5578 quasi
2576 5523 2800 5580 aucupes
2817 5549 2832 5574 ,
2865 5507 3074 5580 laqueos
3103 5517 3348 5579 ponentes
3381 5517 3436 5562 et
3465 5508 3684 5577 pedicas
3707 5507 3771 5562 ad

2178 5596 2456 5666 capiendos
2472 5599 2626 5652 viros.
2653 5596 2803 5652 Sicut
2825 5597 3064 5669 decipula
3081 5598 3237 5667 plena
3261 5595 3464 5662 avibus,
3485 5597 3565 5652 sic
3591 5598 3770 5652 domus

2178 5702 2354 5742 eorum
2373 5688 2540 5756 plena
2567 5687 2688 5744 dolo
2707 5703 2728 5744 :
2757 5687 2874 5744 ideo
2901 5687 3223 5762 magniﬁcati
3247 5697 3370 5743 sunt
3392 5698 3444 5743 et
3469 5689 3629 5743 dilati
3648 5705 3669 5744 :
3691 5689 3771 5743 iu-

2178 5779 2396 5834 crassati
2427 5787 2545 5834 sunt
2577 5787 2626 5834 et
2653 5780 2981 5852 impinguati,
3014 5791 3062 5838 et
3099 5781 3462 5854 praeterierunt
3507 5795 3762 5838 senuoncs
