3952 6370
185 286 273 344 1’6!
1117 283 1318 340 LIBER
1355 281 1749 354 QUERULUS.
1801 287 1976 342 PARS
2015 285 2057 341 ll
2122 282 2472 340 EPISTULA.

3327 279 3426 335 ΜΗ

181 421 310 462 ateos
337 403 589 475 pessime:
611 417 821 457 causam
850 404 1033 472 pupilli
1061 418 1166 456 non
1189 404 1508 465 direxerant,
1533 414 1582 458 et
1602 403 1748 474 judi-
1780 414 1820 463 Α
1853 406 2026 465 Quare
2047 411 2292 455 venerunt
2319 401 2458 454 mula
2485 399 2635 452 hate?
2673 393 2889 468 Pi-o;~tc'
2919 397 3292 453 multitudinem
3336 401 3432 453 ini-

181 512 308 551 cutm
338 509 616 564 pauperum
643 510 748 546 non
765 493 1147 564 judieaverunt.
1181 490 1432 561 Nunquid
1469 510 1622 561 super
1668 494 1748 548 liis

182 599 279 642 non
307 583 536 649 visitabo,
559 582 684 637 dicit
713 581 1008 638 Dominus?
1029 597 1117 637 aut
1145 599 1298 653 super
1334 593 1536 656 gentem
1578 585 1753 655 hujus-

182 675 314 733 tuodi
339 691 444 730 non
462 675 737 729 ulciscetur
755 675 933 729 anima
962 690 1076 729 mea
1099 675 1315 746 (Jercm.
1350 689 1402 738 v,
1432 672 1672 743 26-29)?

249 765 333 821 ii.
371 763 478 820 Sed
506 765 646 820 absit
669 773 730 820 ut
753 765 904 820 vobis
925 766 1138 820 eveniat
1165 763 1311 834 quod
1337 764 1616 833 sequitur:
1643 763 1751 818 Lo-

185 875 324 931 quere
345 857 415 912 ad
433 873 520 912 eos
547 857 723 912 omnia
761 857 915 913 verba
947 857 1076 923 hac,
1119 869 1169 911 et
1207 873 1310 912 non
1337 857 1549 910 audient
1590 865 1640 910 te
1659 871 1678 908 :
1703 864 1754 908 et

185 949 372 1006 vocabis
399 965 505 1012 eos,
535 956 585 1002 et
607 965 711 1002 non
730 949 1110 1020 respondebunt
1135 949 1246 1004 tibi.
1284 947 1353 1002 Et
1378 948 1516 1003 dices
1540 949 1610 1002 ad
1629 964 1750 1004 eos:

185 1041 306 1099 Haec
342 1049 417 1096 est
447 1055 568 1112 gens
729 1056 834 1094 non
863 1041 1060 1094 audivit
1085 1057 1256 1095 vocem
1277 1039 1491 1095 Domini
1521 1039 1620 1094 Dei
1645 1041 1749 1105 sui,

185 1131 472 1202 necrecepit
491 1131 824 1202 disciplinam
847 1147 865 1184 :
907 1133 1062 1202 periit
1103 1132 1254 1202 fides,
1295 1141 1346 1186 et
1379 1131 1558 1185 ablata
1577 1140 1654 1184 est
1689 1131 1754 1185 de

185 1239 266 1279 ore
282 1239 452 1278 eorum
471 1220 604 1294 (Jer.
630 1238 700 1276 vn
726 1262 742 1289 ,
765 1219 855 1290 27,
877 1221 993 1292 28).
1017 1219 1080 1275 Et
1102 1229 1223 1292 post
1255 1222 1565 1292 aliquanta:
1598 1218 1754 1274 Nun-

183 1315 295 1387 quid
317 1313 402 1385 qui
429 1313 590 1378 cadit,
618 1329 725 1367 non
753 1321 1015 1384 resurget,-
1055 1322 1105 1368 et
1135 1313 1222 1385 qui
1262 1327 1468 1366 aversus
1500 1319 1598 1376 est,
1646 1325 1752 1363 non

185 1409 482 1463 revertetur?
511 1404 686 1470 Quare
703 1423 825 1478 ergo
855 1422 1062 1460 aversus
1090 1413 1167 1460 est
1199 1406 1416 1476 populus
1441 1405 1536 1458 iste
1563 1404 1619 1457 in
1657 1401 1750 1456 Je-

185 1499 390 1554 rusalem
423 1499 689 1553 aversione
713 1497 1074 1552 contentiosa?
1110 1495 1571 1567 Apprehenderunt
1605 1509 1752 1548 men-

185 1591 396 1657 dacium,
427 1597 476 1643 et
503 1591 782 1643 noluerunt
836 1589 1039 1642 reverti.
1086 1587 1294 1640 Attendi
1330 1595 1380 1640 et
1427 1585 1750 1640 auscultavi:

184 1695 320 1736 nemo
362 1679 494 1752 quod
530 1677 720 1734 bonum
763 1687 840 1732 est
867 1679 1114 1750 loquitur.
1157 1676 1354 1732 Nullus
1386 1686 1462 1731 est
1501 1678 1588 1745 qui
1629 1682 1752 1747 agat

1849 494 2059 563 quitatis
2086 501 2204 546 tute.
2245 491 2306 546 Si
2343 499 2544 543 mutare
2571 499 2736 560 potest
2764 489 2838 543 1E
2846 489 3012 560 t/tiops
3053 492 3234 560 pellem
3260 507 3431 557 suam,

1850 592 1940 636 aut
1965 582 2161 653 pardus
2180 582 2453 635 varietates
2481 597 2603 635 suas
2622 623 2637 648 ,
2667 590 2717 634 et
2737 597 2823 634 vos
2850 583 3083 650 poteritis
3110 583 3430 656 benefacere,

1847 690 1963 727 eum
1993 673 2278 728 didiceritt's
2323 673 2519 726 malum
2550 672 2682 742 (Jer.
2726 688 2838 737 xm,
2867 673 2955 734 22,
2989 673 3118 745 25);
3153 676 3433 746 (subaudi-

1850 767 1961 828 tur)
1989 763 2114 832 quia
2152 777 2261 819 non
2307 763 2485 818 vultis.
2530 761 2604 816 Et
2633 763 2769 818 infra
2795 782 2807 817 :
2837 762 2967 819 Hcce
3005 766 3130 820 dicit
3175 765 3434 822 Dominus

1849 856 2038 924 populo
2068 854 2201 919 huic,
2225 857 2311 926 qui
2335 856 2516 910 dilexit
2537 873 2736 911 movere
2759 856 2912 924 pedes
2931 873 3069 923 suos,
3100 865 3149 911 et
3171 875 3272 913 non
3287 860 3434 930 quie-

1850 945 1942 1011 vit,
1979 955 2029 998 et
2061 945 2283 1000 Domino
2321 963 2426 1000 non
2462 947 2656 1017 placuit
2690 962 2709 1001 :
2748 963 2886 1000 nunc
2927 947 3285 1002 recordabitur
3333 950 3435 1002 ini-

1850 1039 2101 1108 quitatum
2131 1055 2326 1102 eorum,
2359 1048 2409 1092 et
2437 1037 2662 1092 visitabit
2707 1044 2918 1108 peccata
2945 1054 3140 1092 eorum.
3179 1037 3251 1092 Et
3299 1039 3434 1094 dixit

1853 1127 2107 1182 Dominus
2133 1128 2202 1182 ad
2228 1145 2340 1183 me:
2369 1127 2498 1182 Noli
2519 1144 2670 1183 orare
2693 1146 2787 1200 pro
2807 1129 2996 1200 papula
3023 1130 3123 1184 isto
3149 1130 3204 1183 in
3225 1128 3429 1184 bonum.

1853 1217 1980 1272 Cum
1999 1219 2370 1290 jejunaverint,
2418 1235 2521 1273 non
2551 1221 2829 1274 exaudiam
2869 1237 3044 1294 preces
3077 1236 3253 1276 eorum
3274 1235 3293 1274 :
3321 1231 3371 1274 et
3389 1221 3436 1276 si

1852 1307 2132 1363 obtulerint
2168 1309 2464 1364 holocausta
2505 1319 2554 1364 et
2585 1312 2840 1376 victimas,
2889 1327 2994 1364 non
3051 1311 3330 1380 suscipiam
3372 1327 3436 1365 ea

1855 1399 1987 1469 (Jer.
2021 1416 2130 1463 11v,
2161 1401 2359 1471 10-12).
2408 1400 2474 1455 Et
2503 1401 2694 1457 iterum
2726 1421 2739 1454 :
2788 1401 2856 1456 Et
2899 1403 3033 1457 dixit
3071 1403 3328 1459 Dominus
3367 1407 3436 1459 ad

1854 1505 1968 1544 me:
1995 1489 2054 1544 Si
2075 1491 2272 1544 steterit
2296 1490 2504 1561 Moyses
2525 1501 2574 1544 et
2621 1491 2836 1546 Samuel
2871 1509 3047 1546 coram
3085 1511 3185 1561 me,
3227 1511 3330 1550 non
3359 1507 3438 1550 est

1853 1582 2032 1634 anima
2062 1597 2174 1635 mea
2202 1581 2272 1634 ad
2293 1583 2534 1652 populum
2562 1583 2733 1635 istum.
2766 1582 2914 1653 Ejice
2940 1585 3058 1640 illos
3087 1603 3118 1638 a
3146 1589 3280 1655 facie
3299 1605 3434 1654 mea,

1851 1682 1904 1728 et
1929 1673 2260 1744 egrediantur
2283 1671 2418 1744 (Jer.
2454 1687 2542 1737 xv,
2577 1671 2650 1742 1).
2684 1671 2752 1726 Ει
2787 1683 2909 1743 post
2939 1691 3106 1744 pauca
3134 1694 3147 1729 :
3181 1676 3308 1741 Quis
3337 1681 3440 1732 mi-

185 1771 517 1841 pcnitentiam
561 1784 720 1836 sssper
755 1779 964 1840 peccato
1015 1785 1130 1834 suo,
1185 1769 1400 1823 dicens:
1435 1767 1573 1835 Quid
1616 1767 1752 1839 feci?
1785 1781 1825 1839 Β
1853 1763 2100 1818 serebitur
2131 1763 2234 1829 tui,
2281 1760 2606 1817 Jerusalem?
2635 1773 2724 1818 aut
2760 1767 2875 1836 quis
2919 1769 3309 1821 contristabitur
3343 1787 3437 1840 pro

187 1858 364 1914 Omnes
389 1861 618 1914 conversi
657 1868 777 1916 sunt
818 1859 891 1913 ad
929 1875 1134 1914 cursum
1180 1875 1352 1928 suum,
1398 1860 1547 1932 quasi
1594 1874 1750 1930 equus

186 1948 360 2018 impetu
389 1949 578 2004 vadens
608 1949 678 2002 ad
715 1950 972 2018 praelium.
1013 1949 1204 2004 Milvus
1247 1951 1304 2004 in
1349 1951 1476 2005 coelo
1517 1949 1754 2022 cognovit

185 2046 368 2111 tempus
392 2054 539 2094 suum
553 2054 574 2095 :
599 2048 768 2094 turtur
793 2050 844 2095 et
867 2039 1086 2094 hirundo
1107 2049 1156 2094 et
1181 2041 1379 2094 ciconia
1401 2041 1753 2095 custodierunt

185 2139 364 2200 taupus
382 2131 632 2185 adventus
660 2131 742 2186 sui
763 2146 783 2184 :
811 2129 1030 2202 populus
1057 2138 1229 2185 autem
1255 2147 1396 2185 meus
1425 2147 1529 2186 non
1557 2147 1754 2202 cogno-

184 2223 247 2278 rit
271 2223 520 2293 judicium
566 2221 667 2276 Dei
711 2221 844 2295 (Jer.
874 2237 990 2289 vui,
1019 2221 1160 2293 4-7).
1204 2221 1272 2276 Ει
1302 2232 1413 2278 tam
1446 2222 1756 2278 vehementi

181 2315 568 2384 sacrilegion
587 2315 832 2371 caicitate
851 2322 909 2370 et
928 2312 1183 2370 ineﬂ‘abili
1207 2314 1468 2370 ebrietate
1493 2315 1755 2384 propheta

182 2409 508 2476 conterritus,
537 2419 595 2464 et
613 2405 820 2464 deﬂens
847 2421 944 2462 eos
963 2407 1054 2476 qui
1075 2421 1135 2462 se
1161 2407 1305 2476 ipsos
1331 2422 1441 2461 non
1464 2405 1754 2475 deﬂebant,

185 2500 328 2571 (utet
349 2517 490 2558 nunc
519 2499 766 2557 infelices
787 2500 1001 2572 tyranni
1019 2499 1208 2570 agunt)
1235 2505 1390 2570 optat
1417 2499 1520 2554 sibi
1547 2498 1758 2554 auctio-

185 2604 295 2648 nem
318 2590 540 2649 ﬂetuum
563 2607 594 2647 a
625 2591 855 2648 Domino
883 2592 1132 2657 concedi,
1176 2591 1281 2646 hoc
1317 2591 1481 2648 modo
1523 2590 1712 2647 dicens
1738 2608 1754 2645 :

185 2681 338 2751 Super
362 2683 678 2738 contritione
703 2682 832 2752 ﬁlia:
859 2682 1034 2752 populi
1061 2681 1162 2735 mei
1203 2681 1452 2736 contritus
1477 2697 1627 2735 sum:
1655 2689 1762 2736 stu-

185 2787 270 2840 por
291 2771 508 2828 obtinuit
551 2789 652 2828 me.
685 2771 936 2838 Nunquid
963 2773 1137 2826 resina
1180 2789 1284 2826 non
1326 2781 1403 2827 est
1441 2773 1497 2826 in
1531 2771 1754 2838 Galaad,

1854 1854 1938 1908 te?
1962 1863 2050 1907 aut
2071 1855 2186 1923 quis
2220 1854 2314 1908 ibit
2342 1855 2412 1907 ad
2439 1856 2730 1927 rogandum
2775 1874 2870 1927 pro
2904 1875 3032 1929 pace
3057 1860 3180 1912 tua?
3218 1859 3294 1914 Tu
3324 1863 3438 1916 relic

1853 1944 2011 2016 quisti
2031 1959 2131 2010 me,
2159 1943 2287 1998 dicit
2314 1943 2591 2008 Dominus,
2628 1954 2676 2000 et
2715 1957 2997 2002 retrorsum
3019 1949 3236 2004 abiisti:
3272 1959 3322 2006 et
3349 1969 3443 2006 ex-

1855 2034 2064 2088 tendam
2085 2050 2294 2088 manum
2321 2051 2489 2088 meam
2509 2052 2662 2104 super
2690 2045 2757 2101 te,
2783 2049 2834 2092 et
2853 2040 3162 2110 interﬁciam
3185 2053 3233 2097 te
3255 2041 3442 2114 (Ibid.,

1856 2122 1908 2189 5,
1941 2125 2019 2194 6).
2043 2123 2112 2179 Et
2149 2133 2272 2194 post
2299 2125 2571 2194 aliquanta
2601 2144 2615 2182 τ
2665 2126 2797 2182 Haec
2825 2130 2952 2184 dicit
2991 2130 3282 2188 Dominus:
3306 2133 3446 2191 Ecce

1854 2233 1948 2286 ego
1975 2218 2117 2288 ﬁngo
2146 2226 2330 2272 contra
2369 2233 2457 2271 vos
2494 2219 2858 2290 cogitationem
2899 2237 2918 2276 :
2958 2234 3246 2279 revertatur
3289 2243 3448 2284 unus-

1854 2309 2067 2379 quisque
2088 2324 2120 2361 a
2145 2308 2227 2362 via
2255 2324 2350 2361 sua
2376 2309 2538 2373 mala,
2574 2319 2623 2363 et
2659 2310 2870 2380 dirigite
2895 2313 3006 2366 vias
3034 2324 3228 2369 vestras
3253 2326 3303 2370 et
3330 2329 3443 2374 stu-

1856 2399 1944 2452 dia
1964 2408 2151 2452 vestra.
2182 2395 2283 2462 Qui
2304 2397 2582 2453 dixerunt:
2604 2398 3147 2474 Desperavimus:post
3171 2407 3438 2478 rogitatio-

1858 2505 1949 2544 nes
1989 2498 2198 2543 nostras
2229 2487 2436 2555 ibimus,
2466 2497 2516 2542 et
2543 2493 2889 2562 unusquisque
2923 2496 3227 2562 pravitatem
3273 2502 3443 2555 cordis

1858 2583 1938 2636 sui
1963 2582 2087 2635 ntali
2113 2583 2382 2653 faciemus.
2415 2581 2543 2636 Ideo
2575 2582 2682 2636 lucc
2707 2583 2832 2637 dicit
2878 2583 3127 2641 Dominus
3149 2604 3168 2641 :
3209 2587 3446 2648 Interro-

1859 2683 1977 2744 gate
2006 2681 2220 2744 gentes:
2249 2671 2378 2738 Quis
2407 2674 2604 2728 audivit
2638 2675 2768 2728 talia
2813 2677 3105 2746 horribilia,
3158 2697 3273 2752 qua:
3327 2687 3447 2756 fecit

1861 2767 2016 2818 nimis
2054 2767 2195 2836 virgo
2223 2764 2394 2819 Israel
2403 2764 2428 2818 1
2455 2763 2709 2839 Nunquid
2738 2770 2940 2839 deﬁciet
2966 2773 3028 2824 de
3047 2781 3193 2842 petra
3219 2777 3332 2846 agri
3355 2777 3446 2832 nix

186 2871 264 2916 aut
287 2865 507 2919 medicus
553 2879 658 2919 non
687 2872 766 2918 est
793 2863 901 2918 ibi?
931 2859 1106 2927 Quare
1140 2878 1265 2934 ergo
1293 2877 1398 2916 non
1431 2861 1655 2916 obducta
1681 2869 1759 2916 est
1840 2855 2110 2922 Libni,aut
2176 2857 2322 2910 evelli
2348 2869 2565 2928 possunt
2593 2876 2740 2932 aqua:
2767 2873 3090 2932 erumpentes
3119 2866 3482 2938 [νίρίιιωειᾶες

186 2955 383 3010 cicatrix
409 2956 540 3028 filiae
582 2955 758 3027 populi
803 2956 903 3010 mei
933 2952 1121 3025 (1bid.,
1160 2952 1249 3017 21,
1276 2952 1405 3023 22)?
1451 2952 1581 3017 Quis
1618 2951 1760 3007 dabit

1865 2945 2116 3014 ﬂuentes?
2143 2946 2281 3012 Quia
2307 2949 2494 3004 oblitus
2520 2961 2598 3006 est
2623 2967 2704 3007 me
2728 2955 2947 3024 papulas
2969 2973 3108 3012 meus
3139 2957 3272 3030 (Jer.
3298 2974 3445 3025 xvm,

187 3047 330 3115 capiti
356 3063 467 3101 meo
488 3062 683 3117 aquam
709 3054 760 3100 et
784 3044 947 3100 oculis
991 3045 1118 3100 meis
1165 3045 1360 3116 fontem
1387 3043 1756 3114 lacrgmarum,
1864 3036 2078 3108 11-15).
2110 3036 2176 3092 Et
2209 3047 2333 3108 post
2359 3040 2656 3110 aliquanta,
2681 3046 2904 3113 optione
2949 3047 3227 3117 proposita
3275 3049 3450 3118 loqui-

187 3135 453 3204 etplorabo
481 3137 572 3191 die
598 3152 661 3190 ae
709 3145 859 3190 nocte
895 3135 1191 3206 interfectos
1230 3134 1359 3205 ﬁlice
1396 3134 1573 3204 populi
1625 3131 1762 3188 mei?
1787 3153 1833 3215 ο
1867 3139 1952 3184 tur
1977 3131 2200 3187 dicens:
2237 3129 2367 3186 Htec
2397 3133 2522 3186 dicit
2555 3131 2812 3189 Dominus
2832 3151 2852 3190 :
2881 3135 3065 3192 Facite
3094 3139 3354 3210 judicium
3398 3152 3450 3198 et

193 3223 308 3291 Quis
333 3226 473 3283 dabit
500 3227 633 3283 mihi
655 3227 709 3281 in
738 3226 1018 3281 solitudine
1044 3226 1380 3280 diversorium
1406 3226 1680 3291 viatorum,
1710 3233 1761 3280 et
1857 3225 2136 3296 justitiam,
2159 3234 2209 3278 et
2235 3225 2450 3280 liberate
2474 3226 2521 3280 vi
2555 3241 2856 3297 oppressum
2886 3229 2950 3283 de
2977 3245 3132 3283 manu
3162 3231 3450 3286 calumnia»

191 3316 524 3388 derelinquam
556 3317 802 3388 populum
825 3333 1014 3384 meum,
1047 3325 1096 3371 et
1128 3316 1364 3370 recedam
1404 3315 1471 3370 ab
1505 3314 1614 3368 eis?
1639 3315 1762 3386 quia
1865 3319 1993 3372 toris
2018 3332 2036 3372 :
2067 3328 2116 3372 et
2144 3317 2412 3382 advenam,
2445 3328 2495 3372 et
2528 3319 2802 3389 pupillum,
2832 3331 2881 3374 et
2910 3323 3117 3374 viduam
3145 3323 3306 3376 nolite
3326 3340 3451 3378 con-

193 3423 351 3464 otium
368 3409 598 3464 adulteri
624 3417 762 3474 sunt,
789 3419 946 3463 castus
974 3409 1449 3478 prtevaricatorum.
1483 3405 1552 3461 Et
1584 3419 1736 3462 exten

193 3495 362 3552 derunt
403 3498 640 3571 linguam
679 3514 829 3552 suam
881 3499 1029 3569 quasi
1073 3514 1250 3552 arcum
1292 3497 1550 3552 mendacii
1577 3507 1627 3553 et
1659 3513 1764 3553 non

192 3590 436 3656 veritatis;
462 3589 748 3662 eonfortati
798 3597 920 3644 sunt
973 3592 1029 3644 in
1073 3599 1230 3655 terra,
1269 3591 1392 3660 quia
1417 3589 1482 3644 de
1514 3590 1653 3644 malo
1695 3589 1766 3644 ad

193 3682 370 3738 malum
396 3683 591 3756 egressi
613 3691 754 3751 sunt,
785 3692 836 3738 et
871 3698 954 3738 me
983 3698 1088 3737 non
1115 3691 1480 3754 cognoverunt,
1505 3683 1632 3737 dicit
1660 3682 1768 3738 Do-

191 3773 348 3828 minus
381 3772 511 3846 (Jer.
547 3789 626 3838 ts,
659 3773 802 3844 1‘3).
847 3772 918 3828 Et
954 3772 1149 3837 iterum
1176 3789 1190 3826 :
1221 3771 1294 3830 Et
1321 3773 1454 3828 dixit
1479 3773 1766 3830 Dominus:

195 3858 317 3925 Quia
339 3864 720 3938 dereliquerunt
756 3865 915 3936 legem
949 3879 1117 3918 meam
1141 3879 1296 3937 quam
1318 3865 1438 3920 dedi
1471 3867 1564 3932 eis,
1587 3875 1638 3921 et
1665 3881 1770 3922 non

195 3955 450 4012 adierunt
476 3973 654 4013 vocem
683 3973 870 4022 meam,
899 3963 948 4012 et
973 3971 1077 4011 non
1111 3955 1499 4012 ambulaverunt
1527 3958 1582 4012 in
1610 3974 1692 4023 ea,
1720 3969 1770 4012 et

193 4045 414 4103 abierunt
438 4059 559 4121 post
587 4051 898 4120 pravitatem
930 4049 1102 4104 cordis
1131 4051 1243 4115 sui;
1270 4049 1464 4105 idcirco
1498 4051 1607 4106 luce
1647 4051 1772 4105 dicit

193 4137 436 4199 Dominus
466 4143 791 4198 exercituum
832 4142 973 4198 Deus
1001 4142 1172 4198 Israel
1203 4159 1222 4198 :
1263 4142 1398 4198 Ecce
1425 4160 1548 4214 ergo
1591 4142 1770 4198 cibabo

192 4235 421 4304 populum
467 4236 628 4290 istum
674 4235 970 4306 absynthio,
1009 4243 1058 4290 et
1098 4245 1276 4306 potum
1305 4234 1440 4290 dabo
1477 4237 1553 4290 eis
1582 4251 1770 4306 aquam

194 4325 320 4395 fellis
363 4326 495 4398 (Jer.
528 4343 606 4391 lx,
644 4325 857 4399 13-15).
908 4325 976 4382 Ει
1005 4337 1129 4398 post
1173 4341 1346 4398 pauca
1390 4325 1561 4398 (quod
1606 4327 1773 4382 etiam

193 4417 420 4473 crebrius
447 4419 596 4491 stylo
623 4417 889 4490 propheta
917 4417 1162 4488 adiunxit
1199 4417 1384 4474 dicens
1429 4431 1498 4472 ex
1539 4432 1773 4488 persona

1867 3410 2094 3473 tristare,
2122 3424 2284 3480 neque
2311 3411 2614 3480 opprimatis
2642 3411 2855 3482 inique:
2881 3421 2932 3466 et
2958 3414 3260 3484 sanguinem
3293 3415 3450 3470 innoc-

1865 3511 2060 3556 centem
2087 3517 2152 3556 ne
2177 3502 2478 3571 effundatis.
2513 3501 2574 3559 Si
2602 3504 2738 3558 enim
2769 3506 3018 3576 facientes
3069 3507 3296 3578 feceritis
3339 3525 3453 3563 ver-

1868 3592 1986 3648 bum
2013 3594 2175 3660 istud,
2203 3595 2560 3665 ingredientur
2581 3612 2673 3666 per
2702 3606 2882 3665 portas
2921 3597 3100 3652 domus
3127 3599 3280 3670 hujus
3308 3617 3453 3673 rcges

1869 3686 2100 3740 sedentes
2127 3687 2193 3740 de
2220 3703 2404 3758 genere
2427 3686 2598 3742 David
2618 3705 2773 3758 super
2791 3691 3032 3745 thronum
3065 3692 3195 3762 ejus.
3233 3691 3384 3757 Quod
3408 3697 3453 3750 si

1869 3794 1974 3832 non
2001 3778 2274 3832 audieritis
2295 3778 2448 3832 verba
2474 3779 2602 3844 Itazc,
2643 3782 2698 3834 in
2753 3785 3048 3853 memetipso
3085 3779 3281 3854 juravi,
3332 3787 3454 3840 dicit

1871 3865 2146 3933 Dominus,
2192 3869 2311 3939 quia
2339 3869 2393 3922 in
2422 3869 2753 3924 solitudinem
2789 3873 2886 3925 erit
2930 3874 3113 3928 domus
3159 3875 3271 3930 Iure
3319 3876 3451 3948 (λεν.

1871 3957 2150 4029 xxn,3-5).
2182 3957 2250 4012 Et
2278 3960 2471 4014 iterum
2503 3961 2594 4026 (de
2647 3976 2775 4031 rege
2801 3961 2942 4016 enim
2991 3965 3221 4019 scelesto
3265 3965 3456 4038 loque—

1873 4049 2050 4119 batur)
2077 4066 2090 4102 :
2132 4043 2257 4104 Vivo
2278 4066 2392 4120 ego,
2410 4051 2537 4105 dicit
2567 4050 2850 4106 Dominus:
2873 4053 2992 4124 quia
3022 4056 3068 4108 si
3098 4057 3254 4126 fuerit
3273 4054 3459 4114 Jecho-

1873 4143 1991 4196 nias
2015 4142 2236 4196 annulus
2257 4144 2308 4196 in
2333 4159 2489 4196 manu
2518 4143 2730 4196 dextera
2761 4162 2896 4212 mea,
2920 4146 3040 4200 inde
3068 4147 3280 4202 evellam
3302 4167 3415 4204 eum
3438 4127 3486 4206 ε’

1873 4240 1924 4284 et
1964 4229 2099 4285 dabo
2146 4230 2200 4284 in
2247 4248 2406 4286 manu
2453 4235 2788 4304 qutcrentium
2823 4237 3054 4290 animam
3099 4238 3209 4308 ejus
3254 4237 3460 4310 (Ibid.,

1871 4323 1962 4392 et,
1990 4323 2114 4393 25).

1947 4415 2035 4472 15.
2075 4415 2306 4472 Sanctus
2331 4431 2548 4488 quoque
2593 4415 2846 4474 Habacuc
2892 4420 3193 4491 proclamat
3234 4421 3460 4479 dicens:

195 4503 303 4578 Dei)
329 4525 343 4561 :
374 4508 448 4564 Tu
477 4526 604 4582 ergo
629 4511 736 4564 noli
761 4525 916 4565 orare
941 4525 1038 4580 pro
1065 4510 1254 4581 papulo
1290 4511 1405 4578 hoc,
1435 4520 1485 4564 et
1531 4526 1597 4564 ne
1623 4525 1778 4564 assu-
1805 4529 1848 4586 ι)
1888 4508 1975 4565 Vte
2003 4509 2089 4581 qui
2111 4509 2376 4580 mitificant
2411 4512 2666 4565 civitatem
2687 4511 2742 4564 in
2783 4513 3054 4583 sanguine,
3082 4523 3132 4566 et
3166 4517 3464 4586 preparant

193 4614 296 4656 mas
320 4609 413 4673 pro
437 4604 516 4664 eis
545 4603 756 4657 laudem
777 4612 828 4657 et
847 4603 1136 4658 orationem
1153 4618 1172 4656 :
1201 4603 1322 4674 quia
1350 4616 1453 4656 non
1493 4602 1772 4656 exaudiam

194 4691 244 4743 in
271 4700 494 4764 tempore
540 4693 783 4749 clamoris
826 4708 1004 4749 eorum
1034 4692 1105 4747 ad
1131 4709 1242 4763 me,
1269 4701 1319 4747 et
1353 4691 1650 4763 afﬂictionis
1694 4709 1776 4748 eo—

197 4798 297 4838 rum
321 4784 454 4856 (Jer.
477 4801 558 4855 ut,
589 4785 702 4854 M).

260 4875 345 4932 12.
384 4877 528 4946 Quid
577 4891 706 4948 ergo
750 4891 898 4934 nunc
940 4876 1158 4934 infausti
1197 4875 1365 4934 duces
1407 4875 1648 4954 facient?
1692 4874 1773 4931 Illi

193 4966 344 5034 pauci
385 4967 729 5024 invenientes
764 4967 910 5023 viam
949 4975 1254 5038 angustam,
1283 4977 1466 5024 amota
1510 4967 1772 5038 spatiosa,

185 5058 441 5126 prohibiti
463 5074 496 5114 a
525 5058 640 5115 Deo
659 5073 728 5116 ne
755 5071 949 5132 preces
973 5073 1074 5130 pro
1097 5059 1253 5117 vobis
1279 5058 1504 5116 fundant
1531 5073 1776 5130 perseve-

196 5151 429 5206 rantibus
456 5152 512 5206 in
564 5150 740 5220 malis,
784 5159 842 5208 et
867 5159 1154 5222 tantopere
1199 5151 1572 5217 incitantibus;
1620 5151 1776 5221 queis

197 5240 498 5296 ccontrsrio
527 5254 596 5296 ex
621 5239 786 5297 corde
809 5239 878 5294 ad
904 5239 1072 5295 Deum
1098 5240 1499 5310 repedantihus,
1527 5239 1641 5296 Deo
1678 5255 1780 5296 no—

197 5327 335 5387 lente
375 5333 617 5387 animam
658 5329 895 5388 hominis
921 5331 1163 5397 interire,
1210 5331 1305 5386 sed
1332 5339 1679 5396 retractante,
1711 5345 1780 5387 ne

195 5419 402 5488 penitus
429 5429 624 5492 pereat
645 5421 739 5491 qui
773 5420 1018 5490 abiectus
1045 5429 1150 5484 est,
1190 5419 1482 5475 vindictam
1528 5433 1636 5475 non
1674 5435 1776 5490 po-

197 5510 418 5568 tuissent
457 5511 754 5568 inducere:
795 5513 923 5582 quia
949 5527 1052 5568 nec
1086 5509 1273 5577 Jonas,
1313 5519 1370 5567 et
1395 5510 1612 5581 quidem
1653 5525 1778 5567 cum

197 5602 416 5659 multum
444 5604 819 5676 concupiverit
837 5603 1085 5660 Ninivitis
1121 5603 1403 5674 propheta.
1434 5600 1541 5657 Sed
1567 5602 1782 5659 omissis

197 5691 403 5750 interim
422 5695 649 5764 nostris,
672 5695 953 5752 audiamus
971 5695 1149 5766 potius
1167 5693 1297 5764 quid
1317 5693 1631 5765 prophetica
1653 5693 1782 5748 tuba

199 5786 493 5858 persultet:
528 5784 681 5853 Quod
719 5787 765 5840 si
795 5786 1014 5854 dixeris,
1066 5785 1336 5857 inquiens,
1365 5786 1422 5841 in
1459 5785 1614 5842 corde
1643 5791 1777 5842 tuo:

638 5880 910 5941 Ριτιιοι..
947 5879 1174 5942 LXIX.

1874 4601 2126 4654 civitatem
2156 4601 2210 4654 in
2235 4596 2611 4672 iniquitatibus,
2641 4599 2906 4656 dicentes:
2937 4599 3126 4658 Nonne
3145 4605 3254 4658 haec
3282 4614 3401 4660 sunt
3431 4623 3462 4659 a

1875 4689 2101 4746 Domino
2133 4690 2522 4761 omnipotente?
2555 4689 2624 4745 Et
2663 4692 2959 4764 defecerunt
3001 4696 3179 4766 populi
3223 4697 3372 4750 mutti
3409 4697 3462 4750 in

1873 4782 2014 4854 igne,
2043 4789 2094 4835 et
2133 4790 2308 4853 gentes
2336 4781 2512 4836 multa:
2537 4782 2814 4837 minoratar
2841 4793 2960 4839 sunt
2999 4784 3232 4855 (Hebae.
3283 4803 3338 4852 ιι,
3373 4787 3462 4853 12,

1871 4871 1988 4944 15).
2013 4871 2082 4927 Et
2122 4874 2196 4928 ita
2241 4873 2576 4944 prrohetiam
2621 4876 2878 4944 querulus
2919 4877 3148 4949 incipit:
3196 4879 3464 4954 Usquequo

1875 4964 2133 5031 clamabo,
2153 4973 2202 5018 et
2229 4980 2334 5018 non
2357 4965 2644 5019 exaudies.’
2670 4968 2994 5038 voeiferabor
3019 4969 3089 5023 ad
3130 4971 3216 5024 te?
3245 4969 3315 5026 Ut
3341 4977 3464 5042 quid

1876 5054 2005 5109 milii
2029 5053 2218 5108 dedisti
2246 5053 2448 5108 labores
2489 5065 2541 5109 et
2576 5056 2782 5110 dolores
2821 5060 3093 5130 inspicere,
3124 5061 3386 5114 miseriam
3415 5073 3464 5115 et

1877 5145 2194 5216 impietatem
2212 5153 2392 5200 contra
2412 5148 2531 5202 me?
2552 5145 2618 5200 Et
2639 5150 2833 5220 factum
2855 5160 2931 5204 est
2942 5149 3216 5222 judicium,
3240 5160 3289 5204 ct
3300 5152 3466 5222 judex

1881 5239 2100 5309 accepit.
2133 5237 2356 5308 Propter
2375 5239 2470 5294 hoc
2499 5239 2754 5312 dissipata
2783 5251 2858 5296 est
2889 5243 2996 5306 lex,
3028 5252 3079 5296 et
3103 5226 3208 5296 non
3236 5247 3470 5313 perduct-

1884 5335 1969 5385 tur
1992 5330 2062 5384 ad
2089 5331 2246 5400 ﬁnem
2265 5330 2523 5401 judicium
2549 5331 2778 5403 (llabae.
2813 5349 2848 5397 ι,
2879 5333 3022 5405 2-4).
3057 5333 3162 5388 Sed
3184 5341 3240 5390 et
3279 5334 3469 5390 beatus

1880 5420 2018 5478 Osee
2049 5424 2328 5494 propheta,
2351 5424 2611 5479 attendite
2633 5425 2758 5496 quid
2783 5425 3035 5495 loquatur
3053 5426 3120 5482 de
3139 5427 3468 5498 principibus

1883 5512 2067 5571 dicens
2093 5532 2107 5568 :
2145 5514 2250 5570 Pro
2278 5532 2337 5570 eo
2367 5516 2502 5587 quod
2529 5518 2844 5589 transgressi
2871 5527 2990 5572 sunt
3030 5528 3234 5590 pactum
3279 5535 3466 5584 meum,

1883 5617 1933 5662 et
1984 5606 2228 5662 adversus
2273 5608 2434 5680 legem
2477 5624 2642 5662 meant
2683 5609 2928 5675 tulerunt,
2983 5620 3035 5664 et
3071 5607 3468 5664 exclamabant:

1886 5696 2225 5769 Cognovimus
2273 5709 2339 5761 te,
2382 5701 2502 5771 quia
2545 5700 2818 5754 adversum
2855 5692 2926 5756 sis
2960 5699 3148 5756 Israel.
3179 5699 3382 5756 Bonum
3417 5711 3470 5757 ut

1883 5789 2116 5859 iniquum
2144 5791 2397 5860 persecuti
2438 5800 2575 5846 sunt.
2605 5790 2720 5848 Sibi
2751 5801 3112 5864 regnaverunt,
3153 5800 3203 5849 et
3237 5809 3343 5850 non
3382 5799 3478 5856 Par

2965 5883 3039 5946 12
