3952 6424
548 289 669 343 ’5ϋῦ

1428 279 1655 336 GlLDAﬁ
1696 279 2046 335 SANENTIS
2087 279 2172 333 DE
2211 278 2482 335 EXCIDIO
2520 279 2912 336 ιῖῐῖιτΑΝΝῙΑΞ

3711 280 3816 337 564

551 407 958 457 incucurrerunt
985 398 1344 468 principatum,
1377 415 1468 452 nec
1509 415 1591 452 me
1637 408 1949 470 agnoverunt
1979 396 2127 469 (Ose.
2160 401 2204 458 Α
2233 412 2336 450 non
2367 398 2551 466 poterit
2576 397 2802 451 eximere
2828 412 2914 451 eos
2938 397 2990 450 in
3017 397 3101 450 die
3131 395 3225 450 ira:
3267 395 3496 451 Domini.
3525 395 3596 450 Et
3615 398 3670 452 in
3700 399 3820 470 igne

549 510 662 556 vni,
721 491 854 561 1-4).
905 490 1008 544 Sed
1052 499 1104 542 ct
1146 498 1386 544 sanctum
1444 491 1608 544 Amos
1654 491 1970 560 pmpbctam
2024 491 2130 545 hoc

549 584 710 640 modo
745 585 1032 638 minantem
1069 581 1278 637 audite:
1327 579 1392 636 In
1431 581 1589 636 tribus
1615 581 1962 654 impietatibus
1989 583 2129 653 ﬁlio-

549 693 663 730 rum
689 675 850 740 Jutla,
889 683 938 728 et
979 675 1030 728 in
1069 683 1288 746 quatuor
1327 689 1429 728 non
1468 683 1698 728 avertam
1737 691 1870 728 eos:
1921 684 2129 744 propter

545 769 680 836 quod
706 763 999 835 repulerunt
1025 763 1187 832 legem
1214 761 1444 824 Domini,
1477 769 1526 815 et
1547 771 1802 832 prtecepta
1831 779 1934 816 non
1957 772 2127 815 custo-

547 855 786 917 dierunt;
815 852 908 907 sed
946 853 1259 906 seduxerunt
1290 867 1378 905 eos
1413 867 1545 904 vana
1575 867 1752 904 eorum
1805 849 1874 904 Et
1896 853 2128 905 emittam

547 952 716 1020 ignem
745 965 900 1016 super
921 946 1118 1000 Judan:
1141 988 1156 1014 ,
1185 953 1235 1000 et
1263 944 1490 1000 comedet
1543 945 1877 1016 fundamenta
1911 941 2128 996 Jerusa—

545 1040 666 1093 lem.
693 1039 822 1092 ΙΙωσ
842 1039 967 1092 dicit
993 1036 1272 1092 Dominus:
1299 1035 1362 1089 In
1385 1033 1547 1090 tribus
1566 1033 1913 1104 impietatibus
1937 1031 2125 1096 Israel,
2163 1101 2174 1124 Ι

543 1141 595 1184 et
623 1133 675 1184 in
699 1138 916 1194 quatuor
940 1145 1042 1183 non
1068 1138 1292 1182 avertam
1319 1143 1405 1181 eos
1431 1143 1448 1180 :
1488 1135 1698 1197 propter
1734 1124 1870 1196 quod
1898 1123 2128 1177 tradide-

549 1229 666 1274 runt
696 1237 788 1291 pro
818 1221 1034 1288 pecunia
1049 1219 1266 1290 justum,
1289 1226 1340 1272 et
1361 1232 1634 1288 pauperem
1655 1232 1748 1286 pro
1775 1214 2126 1268 calciamentis

546 1329 659 1380 qth
685 1311 908 1366 calciant
935 1327 1087 1380 super
1113 1311 1368 1380 pulverem
1397 1315 1549 1362 teme
1569 1323 1587 1360 :
1625 1314 1674 1360 et
1703 1304 1934 1375 colaphis
1963 1303 2130 1358 carde-

547 1402 670 1454 bant
721 1402 891 1472 capita
931 1416 1236 1470 pauperum,
1267 1406 1315 1452 et
1347 1399 1480 1452 viam
1523 1396 1791 1452 humilium
1840 1394 2129 1449 declinave-

546 1501 664 1545 runt
693 1493 870 1563 (Amos
911 1507 965 1556 ιι,
998 1490 1138 1560 4-7).
1180 1489 1246 1544 Ει
1289 1499 1411 1559 post
1443 1503 1653 1560 pauca:
1689 1484 1918 1552 Quwrite
1945 1485 2130 1540 Domi-

545 1598 690 1648 num,
730 1591 779 1636 et
817 1582 1112 1634 vivetis:ut
1153 1595 1257 1633 non
1307 1579 1531 1633 relucent
1587 1577 1718 1630 sicut
1763 1575 1896 1646 ignis
1945 1574 2125 1628 domus

542 1673 755 1743 Joseph,
784 1683 831 1726 et
857 1673 1088 1727 comedat
1114 1687 1247 1736 eam,
1273 1685 1367 1723 nec
1387 1669 1484 1724 erit
1504 1667 1590 1739 qui
1609 1667 1903 1737 exstinguat
1946 1665 2123 1734 (Amos

2228 485 2327 538 zeli
2347 485 2457 555 ejus
2477 494 2802 539 consumetur
2839 485 3008 539 omnis
3038 494 3197 556 terra,
3244 485 3452 555 quando
3482 501 3817 540 consumma-

2227 579 2415 631 tionem
2455 585 2506 630 et
2550 575 2880 630 solitudinem
2925 577 3090 647 faciet
3142 575 3397 630 Dominus
3442 592 3602 647 super
3639 591 3818 631 omnes

2226 676 2602 722 commorantes
2631 669 2682 720 in
2714 676 2902 721 terram
2929 665 3188 738 (Sophon.
3219 681 3259 732 ι,
3285 663 3503 736 14-18).
3535 663 3819 721 Conuenite

2223 768 2274 812 et
2301 757 2677 828 conjungimini
2698 772 2821 826 gens
2864 755 3272 823 indisciplinata,
3299 757 3603 827 priusquam
3628 755 3819 827 efﬁcia-

2228 850 2356 902 mini
2383 851 2513 902 sicut
2554 850 2651 918 ﬂos
2679 849 2999 919 prseteriens,
3029 851 3326 918 priusquam
3348 849 3522 902 veniat
3553 864 3712 913 super
3729 863 3815 904 vos

2227 943 2306 994 ira
2336 940 2546 995 Domini
2578 939 2834 1011 (Saphon.
2885 955 2942 1008 It,
2979 941 3028 1006 1,
3057 939 3134 1010 2).
3165 937 3232 991 Et
3257 938 3388 1009 quid
3425 941 3659 1009 Aggaaus
3687 953 3818 994 san-

2227 1041 2344 1088 ctus
2371 1033 2632 1102 propheta
2661 1032 2824 1097 dicat,
2856 1031 3154 1086 attendite:
3187 1031 3316 1085 Hcec
3351 1032 3480 1085 dicit
3515 1030 3774 1086 Dominus
3797 1044 3820 1086 :

2229 1123 2400 1177 Semel
2419 1140 2510 1193 ego
2534 1123 2738 1176 movebo
2761 1122 2940 1176 cwlum
2959 1131 3006 1175 et
3029 1132 3239 1188 terram,
3264 1130 3314 1176 et
3336 1137 3480 1175 mare
3497 1130 3548 1175 et
3567 1121 3776 1176 aridam
3797 1134 3820 1176 :

2225 1223 2275 1268 et
2303 1223 2530 1269 avertam
2556 1231 2790 1286 regnum,
2816 1223 2864 1268 et
2891 1213 3246 1268 exterminabo
3269 1215 3509 1269 virtutem
3537 1230 3822 1285 regnorum

2223 1308 2468 1376 gentium,
2494 1315 2544 1359 et
2569 1315 2798 1360 avertam
2821 1306 3102 1376 quadrigas
3143 1314 3194 1358 et
3235 1321 3536 1359 ascensores
3565 1305 3728 1377 (Agg.
3757 1321 3817 1368 lt,

2223 1398 2311 1464 22,
2356 1397 2470 1469 25).
2510 1397 2660 1453 Nunc
2697 1412 2914 1469 quoque
2965 1397 3092 1468 quid
3133 1399 3421 1454 Zacharias
3463 1398 3604 1454 lilius
3658 1397 3822 1455 Addo

2224 1490 2488 1559 propheta
2519 1489 2724 1544 electus
2759 1489 2974 1554 dixerit,
3025 1488 3327 1553 intuemini,
3356 1490 3461 1545 hoc
3501 1489 3668 1546 modo
3697 1505 3824 1560 pro-

2224 1579 2461 1650 phetiam
2489 1594 2639 1634 suam
2669 1579 2994 1634 exordiens:
3031 1579 3366 1634 Revertimini
3405 1580 3476 1634 ad
3503 1597 3602 1644 me,
3635 1589 3689 1634 et
3735 1597 3823 1634 re-

2224 1678 2396 1724 vertar
2423 1669 2491 1722 ad
2518 1686 2624 1734 vos,
2657 1670 2782 1722 dicit
2811 1668 3060 1724 Dominus
3077 1686 3097 1723 :
3128 1679 3177 1723 et
3205 1670 3367 1724 nolite
3390 1669 3520 1724 tales
3541 1686 3653 1724 esse
3681 1670 3822 1724 sicut

544 1780 597 1826 γ,
623 1763 701 1829 6).
725 1762 827 1829 Qui
848 1762 1012 1817 Amos
1041 1760 1340 1831 prohibitus
1379 1773 1448 1814 ne
1477 1757 1826 1828 prophetaret
1855 1755 1906 1808 in
1936 1753 2121 1818 Israel,
2158 1770 2201 1828 Β
2226 1770 2400 1832 patres
2435 1763 2608 1829 vestri,
2653 1760 2835 1831 quibus
2877 1761 3258 1832 imputaverunt
3287 1761 3562 1834 propheta
3608 1763 3822 1832 priores

545 1855 746 1922 absque
775 1851 1096 1906 adulationis
1115 1859 1359 1920 tempore
1387 1848 1719 1918 respondens
1745 1865 1758 1900 :
1806 1844 1930 1900 Non
1959 1860 2122 1911 eram,

534 1945 733 2014 inquit,
783 1961 874 2016 ego
912 1943 1183 2014 prapheta,
1235 1958 1329 1996 nec
1357 1941 1496 2012 ﬁlius
1537 1939 1837 2010 prophetae:
1868 1937 1959 1992 sed
1985 1953 2126 1990 eram

541 2046 720 2103 pastor
746 2037 1015 2105 caprarius
1047 2034 1288 2088 vellicans
1327 2046 1640 2102 sycomoros.
1689 2027 1756 2082 Et
1783 2029 2006 2105 suscepit
2045 2043 2126 2080 me
2161 2082 2168 2090 ,

543 2098 792 2180 Dominus
810 2098 885 2177 'ab
909 2123 1101 2188 ovibus,
1129 2131 1176 2176 et
1214 2098 1627 2175 dixit'Dominus
1655 2119 1724 2172 ad
1748 2135 1866 2172 me:
1898 2098 1946 2170 ν
1952 2117 2048 2171 ade
2076 2125 2125 2171 et

540 2215 838 2286 prophetiza
860 2214 914 2267 in
937 2213 1129 2283 plebem
1159 2227 1325 2264 meum
1356 2208 1541 2262 Israel.
1587 2207 1656 2260 Et
1685 2223 1820 2261 nunc
1847 2207 1969 2260 audi
2013 2221 2126 2259 ver-

525 2307 656 2360 .bum
687 2305 899 2360 Domini
941 2306 1141 2376 (regem
1191 2316 1422 2370 namque
1451 2299 1888 2368 alloquebatur):
1925 2297 2000 2351 Tu
2037 2297 2123 2351 di-

462 2460 481 2466 _
537 2403 610 2456 cis
633 2418 650 2455 :
683 2397 810 2454 Noli
831 2399 1136 2469 praphetare
1160 2397 1216 2450 in
1243 2393 1428 2460 Israel,
1451 2403 1500 2448 et
1525 2410 1627 2448 non
1651 2407 1924 2471 congreges
1946 2391 2124 2444 turbas

537 2495 591 2546 in
614 2492 819 2546 domum
858 2489 1040 2542 Jacob.
1073 2487 1296 2556 PrOpter
1324 2485 1460 2556 quod
1501 2485 1610 2537 hcce
1653 2483 1779 2536 dicit
1825 2481 2080 2535 Dominus
2103 2495 2122 2534 :

544 2581 690 2638 Uxor
716 2590 802 2633 tua
831 2596 886 2633 in
911 2579 1114 2632 civitate
1142 2573 1570 2639 meretricabitur,
1601 2582 1648 2628 et
1677 2574 1776 2643 ﬁlii
1806 2574 1878 2626 tui
1918 2581 1967 2626 et
1995 2572 2123 2643 ﬁlia:

527 2684 644 2728 tua:
673 2671 850 2742 gladio
879 2669 1083 2734 cadent,
1131 2677 1181 2722 et
1207 2677 1343 2720 terra
1383 2676 1470 2719 tua
1513 2665 1740 2736 funiculo
1775 2666 2048 2718 metietur:
2074 2673 2124 2718 et

541 2773 596 2816 tu
622 2764 676 2816 in
701 2770 842 2814 terra
874 2757 1138 2813 immunda
1173 2758 1438 2821 morieris;
1465 2755 1634 2810 Israel
1678 2765 1848 2810 autent
1894 2757 2122 2824 captivus

541 2851 754 2904 ducetur
775 2866 806 2902 a
827 2859 964 2903 terra
985 2863 1078 2902 sua
1101 2847 1279 2918 (Amos
1300 2862 1392 2912 vn,
1425 2845 1622 2916 14-17).
1647 2843 1713 2898 Et
1739 2844 1872 2900 intra
1899 2862 1912 2898 :
1935 2844 2122 2899 Audite

537 2941 710 3010 itaque
732 2941 863 3003 hazc,
895 2939 982 3010 qui
1011 2937 1366 2992 contribulatis
1386 2938 1612 2991 immane
1629 2953 1922 3008 pauperem,
1951 2944 2001 2990 et
2028 2937 2124 2991 do-

539 3032 872 3085 minationem
902 3029 1147 3083 exercetis
1187 3028 1241 3082 in
1269 3028 1446 3097 inopes
1471 3043 1624 3098 super
1656 3036 1876 3094 terram,
1911 3029 1998 3100 qui
2035 3029 2120 3080 di-

541 3123 657 3176 citis
683 3137 700 3174 :
733 3119 951 3185 Quando
981 3117 1220 3173 transibit
1247 3121 1438 3173 mensis
1457 3126 1513 3172 ut
1545 3118 1890 3189 acquiramus,
1913 3126 1964 3172 et
2007 3119 2128 3172 sab—
2154 3128 2197 3188 ί]

540 3213 662 3266 buta
687 3221 744 3266 ut
771 3213 1064 3282 aperiamus
1089 3211 1352 3264 thesauros
1374 3209 1555 3280 (Amos
1576 3225 1690 3277 vm,
1712 3208 1764 3274 4,
1798 3207 1850 3280 5)
1869 3211 1893 3265 ἳ
1913 3207 1978 3263 Et
1997 3218 2120 3279 post

539 3318 752 3374 pauca:
797 3301 954 3356 Iurat
990 3300 1244 3356 Dominus
1288 3309 1468 3355 contra
1512 3298 1803 3370 superbiam
1842 3298 2028 3364 Iacob,
2073 3301 2120 3354 si

539 3394 867 3448 obliviscetur
885 3393 940 3445 in
961 3391 1334 3460 contemptione
1355 3406 1513 3460 opera
1537 3399 1732 3456 vestra;
1763 3390 1887 3444 etin
1914 3391 1993 3444 his
2016 3405 2119 3444 non

541 3484 930 3538 conturbabitur
959 3491 1118 3544 terra,
1149 3488 1198 3534 et
1225 3480 1415 3551 lugebit
1457 3481 1622 3534 omnis
1651 3480 1740 3552 qui
1786 3480 2122 3536 commorabi-

544 3584 624 3628 tur
651 3577 706 3628 in
743 3590 824 3638 ea,
863 3581 913 3626 et
937 3571 1176 3626 ascendet
1215 3572 1343 3626 sicut
1371 3571 1579 3648 ﬁumen
1615 3573 2025 3627 consummatio?
2051 3571 2122 3626 Et

539 3672 832 3718 convertam
859 3661 968 3715 dies
994 3664 1151 3732 festos
1173 3670 1366 3716 vestros
1394 3663 1447 3716 in
1479 3661 1690 3727 luctum,
1721 3671 1772 3716 et
1801 3664 2036 3734 injiciam
2063 3665 2118 3718 in

535 3769 742 3806 omnem
769 3751 995 3806 lumbum
1023 3752 1265 3817 cilicium,
1291 3761 1338 3804 et
1363 3753 1416 3804 in
1437 3768 1588 3806 omne
1615 3759 1770 3822 caput
1802 3751 2118 3808 decalvatio-

539 3860 695 3897 nem:
720 3852 770 3898 et
796 3859 985 3914 ponam
1013 3859 1128 3896 eum
1165 3843 1297 3896 sicut
1336 3844 1528 3897 luctum
1569 3842 1762 3907 dilecti,
1811 3851 1862 3897 et
1906 3859 1993 3897 eos
2032 3844 2119 3914 qui

455 3993 465 4000 _
537 3949 653 3986 cum
681 3950 739 3986 eo
767 3941 906 3998 sunt,
934 3934 1068 3986 sicut
1088 3932 1221 3986 diem
1251 3933 1482 3987 maeroris
1512 3929 1698 4002 (Ibid.,
1749 3931 1800 3997 7,
1823 3931 1878 3993 8,
1912 3932 2022 4002 10).
2051 3931 2120 3986 Et

539 4023 770 4076 iterum:
821 4021 1012 4075 Gladio
1062 4022 1350 4076 morientur
1385 4036 1562 4075 omnes
1601 4029 1898 4089 peccatores
1941 4023 2120 4092 populi

529 4113 659 4175 mei,
691 4113 774 4184 qui
803 4111 1022 4164 dicunt:
1055 4108 1176 4164 Non
1207 4108 1690 4180 appropinquabant
1729 4126 1891 4180 neque
1919 4113 2120 4165 venient

537 4220 690 4272 super
717 4217 808 4254 nos
831 4201 970 4254 mala
991 4200 1171 4268 (Amos
1199 4215 1271 4255 ιχ.
1308 4198 1415 4268 10).

611 4291 697 4344 14.
740 4289 846 4346 Sed
875 4299 930 4342 et
957 4297 1176 4342 sanctus
1215 4287 1464 4342 Michaaas
1499 4295 1669 4354 vates,
1699 4287 1960 4344 attendite
1989 4287 2116 4359 quid

540 4386 612 4437 sit
640 4381 831 4436 eﬂ'atus
854 4397 866 4432 :
892 4379 1049 4445 Audi,
1081 4378 1346 4448 inquiens,
1377 4379 1556 4432 tribus.
1591 4378 1658 4432 Et
1695 4380 1818 4449 quid
1845 4383 2117 4436 exornabit

2229 1852 2488 1906 dicentes:
2515 1851 2643 1906 Hac
2671 1853 2792 1905 dicit
2824 1850 3079 1906 Dominus
3107 1853 3432 1920 omnipotens
3468 1851 3654 1923 (Zach.
3687 1867 3726 1918 ι,
3760 1852 3819 1917 5,

2224 1943 2303 2014 4).
2335 1943 2397 1996 Et
2426 1943 2560 2000 intra
2587 1963 2599 1997 :
2631 1943 2699 1997 Et
2727 1945 2862 1998 dixit
2891 1945 2960 1997 ad
2987 1961 3067 1997 me
3093 1946 3308 2015 angelus
3332 1960 3350 1998 :
3383 1941 3522 2008 Quid
3552 1952 3604 1996 tu
3625 1943 3775 1997 vides
3794 1942 3823 1997 1

2223 2033 2295 2088 Et
2323 2035 2474 2089 dixi:
2508 2033 2723 2088 Falcem
2751 2052 2844 2105 ego
2871 2033 3018 2088 video
3063 2035 3319 2088 volantem
3350 2033 3693 2104 longitudinis
3733 2049 3823 2087 cu-

2225 2127 2451 2182 bitorum
2474 2127 2654 2197 viginti
2675 2143 2692 2180 :
2717 2125 3008 2179 maledictio
3030 2141 3143 2196 qua:
3167 2125 3398 2196 procedit
3441 2141 3597 2193 super
3622 2124 3820 2196 {aciem

2224 2220 2376 2274 totius
2407 2229 2593 2284 terrae:
2614 2219 2855 2290 quoniam
2886 2219 3054 2271 omnis
3079 2219 3164 2287 [ur
3188 2232 3254 2270 ea:
3286 2233 3348 2269 ea
3373 2231 3534 2288 usque
3562 2214 3634 2268 ad
3672 2231 3820 2269 mor-

2223 2315 2323 2362 tem
2345 2311 2602 2380 punietur.
2628 2307 2696 2360 Et
2721 2308 2993 2377 projiciam
3014 2323 3153 2372 eum,
3201 2305 3328 2358 dicit
3359 2303 3614 2358 Dominus
3641 2303 3820 2358 omni-

2222 2409 2433 2472 potens;
2460 2409 2509 2454 et
2536 2399 2747 2452 intrabit
2766 2399 2822 2451 in
2844 2397 3050 2450 domum
3072 2397 3263 2466 furoris
3284 2403 3332 2448 et
3355 2395 3407 2448 in
3433 2395 3641 2448 domum
3654 2393 3816 2464 jura—

2225 2495 2381 2548 tionis
2408 2495 2462 2546 in
2485 2493 2691 2546 nomine
2717 2505 2830 2543 meo
2857 2488 3182 2541 mendacium
3207 2485 3393 2557 (Zach.
3426 2500 3480 2549 v,
3509 2483 3648 2552 2-4).
3673 2483 3814 2540 San-

2223 2594 2340 2639 ctus
2389 2597 2606 2653 quoque
2654 2579 2942 2634 Malacbias
2982 2579 3244 2648 propheta
3291 2577 3472 2632 dicit:
3521 2575 3660 2630 Ecce
3699 2576 3814 2630 dies

2227 2675 2434 2729 Domini
2457 2675 2620 2728 veniet
2637 2687 2885 2726 succensa
2910 2671 3056 2740 quasi
3082 2669 3348 2722 caminus:
3376 2677 3427 2721 et
3446 2677 3598 2721 erunt
3630 2683 3816 2722 omnes

2223 2763 2429 2833 superbi
2456 2773 2504 2816 et
2533 2778 2707 2817 omnes
2733 2763 2982 2832 facientes
3010 2761 3334 2832 iniquitatem
3379 2768 3438 2811 ut
3476 2757 3674 2827 stipula
3709 2773 3730 2812 :
3765 2766 3819 2812 et

2223 2853 2569 2924 inﬂammabit
2596 2869 2682 2906 eos
2707 2852 2817 2906 dies
2839 2852 3137 2917 adveniens,
3161 2850 3288 2903 dicit
3318 2847 3574 2902 Dominus
3611 2848 3822 2903 exerci-

2223 2952 2386 3006 tuum,
2427 2957 2541 3014 qute
2590 2957 2694 2996 non
2741 2941 2991 3011 relinquet
3029 2957 3094 2995 ea:
3138 2940 3212 2994 eis
3253 2938 3480 2994 radicem
3499 2946 3550 2993 et
3601 2954 3822 3010 germen

2223 3033 2384 3106 (Mal.
2419 3049 2492 3098 tv,
2525 3034 2596 3104 1).

2307 3125 2395 3178 15.
2427 3125 2658 3180 Sanctus
2681 3137 2896 3194 quoque
2923 3121 3052 3188 Job,
3082 3121 3376 3188 attendite;
3407 3119 3537 3189 quid
3564 3117 3635 3174 de
3659 3117 3824 3188 prino

2220 3215 2362 3287 cipio
2385 3213 2670 3270 imoiorum
2691 3223 2744 3269 et
2771 3215 2875 3268 line
2901 3213 3301 3282 disceptaverit,
3324 3211 3510 3266 dicens
3539 3225 3554 3262 :
3589 3207 3827 3279 Propter

2219 3305 2342 3378 quid
2365 3305 2510 3376 impii
2537 3307 2708 3358 vivunt
2733 3347 2748 3372 ,
2775 3313 2827 3360 et
2852 3314 3128 3359 senuerunt
3161 3301 3480 3358 inhoneste?
3524 3298 3598 3353 Et
3637 3316 3823 3356 semen

2219 3411 2395 3450 eorum
2423 3395 2700 3448 secundum
2728 3394 3035 3448 desiderium
3057 3409 3254 3461 eorum,
3281 3402 3330 3447 et
3357 3391 3458 3462 ﬁlii
3484 3405 3667 3444 eorum
3697 3400 3827 3447 ante

2220 3493 2544 3555 conspectum
2572 3500 2768 3539 eorum.
2794 3483 2862 3537 Et
2891 3483 3071 3538 domus
3099 3499 3274 3538 eorum
3295 3484 3576 3554 fructuosis
3595 3491 3748 3549 sunt,
3773 3489 3827 3537 et

2221 3578 2374 3631 timor
2400 3593 2656 3648 nunquam
2687 3591 2779 3629 nec
2799 3577 2953 3646 plaga
2975 3575 3182 3628 Domini
3210 3583 3287 3629 est
3313 3592 3468 3644 super
3491 3592 3598 3631 eos.
3641 3575 3829 3630 Vacca

2221 3681 2399 3720 eorum
2426 3681 2529 3719 non
2564 3663 2831 3727 ubortivit,
2865 3673 2912 3717 et
2941 3679 3216 3734 praegnans
3244 3680 3420 3718 eorum
3446 3664 3658 3734 pertulit
3687 3681 3825 3734 par-

2225 3764 2329 3809 tum
2353 3797 2368 3823 ,
2399 3765 2448 3809 et
2475 3771 2579 3810 non
2605 3755 2833 3820 erravit,
2865 3753 2954 3808 sed
2982 3760 3245 3824 permanet
3271 3753 3408 3807 sicut
3431 3769 3549 3807 oves
3578 3762 3822 3809 aeterm.

2221 3845 2290 3900 Et
2319 3847 2462 3916 pueri
2492 3861 2667 3900 eorum
2695 3844 2940 3916 gaudent,
2969 3853 3018 3896 et
3043 3843 3345 3913 psalterium
3372 3853 3633 3898 sumentes
3661 3852 3717 3898 et
3747 3845 3826 3898 ci-

2219 3938 2424 3991 tharam
2450 3937 2697 4008 ﬁnierunt
2719 3937 2771 3989 in
2793 3933 2940 3990 bonis
2967 3936 3124 3988 vitam
3145 3951 3313 3999 suam,
3335 3936 3390 3988 in
3421 3937 3651 4007 requiem
3678 3937 3826 4008 infe-

2227 4044 2402 4083 rorum
2446 4029 2767 4082 dormierunt
2826 4025 2944 4098 (Job
2975 4043 3096 4092 xxx,
3147 4027 3314 4099 7-15).
3365 4026 3621 4098 Nunquid
3673 4029 3824 4086 Deus

2218 4115 2362 4171 facta
2391 4116 2676 4186 impiorum
2706 4132 2812 4170 non
2843 4116 3096 4188 respicit?
3136 4115 3252 4172 Non
3279 4131 3410 4186 ergo
3429 4158 3446 4185 ,
3471 4117 3570 4172 sed
3599 4118 3824 4174 lucerna

2219 4207 2495 4276 impiorum
2528 4207 2886 4277 exstinguetur
2912 4223 2932 4260 :
2961 4214 3009 4260 et
3047 4215 3361 4276 superveniet
3394 4207 3472 4261 eis
3501 4210 3704 4263 eversio
3724 4250 3742 4278 ,
3771 4216 3823 4264 et

2219 4298 2424 4354 dolores
2462 4307 2708 4370 tanquam
2743 4299 3077 4370 parturientis
3117 4315 3203 4353 eos
3230 4297 3296 4352 ab
3323 4299 3407 4352 ira
3436 4298 3704 4354 tenebunt.
3751 4299 3824 4354 Et

2218 4399 2368 4444 erunt
2395 4393 2524 4445 sicut
2551 4391 2714 4460 palea?
2742 4409 2774 4445 a
2803 4401 2971 4457 vento,
3001 4401 3048 4445 et
3073 4393 3203 4444 sicut
3229 4391 3394 4460 pulvis
3421 4409 3574 4462 quem
3600 4393 3824 4448 abstulit

537 4472 838 4528 civitatem?
871 4469 1122 4540 Nunquid
1158 4471 1336 4540 ignis?
1367 4467 1433 4522 Et
1464 4469 1646 4524 domus
1674 4472 1963 4542 iniquorum
2010 4473 2112 4526 the-
2142 4493 2196 4554 ι)
2221 4478 2386 4535 turbo.
2426 4480 2688 4551 Deﬁciunt
2711 4483 2836 4551 ﬁliis
2861 4483 2972 4553 ejus
3001 4481 3154 4546 bona,
3184 4481 3390 4535 videant
3418 4484 3558 4536 oculi
3582 4484 3701 4554 ejus
3727 4501 3821 4540 oc-

540 4572 812 4624 saurizans
833 4569 888 4622 in
918 4565 1179 4620 thesauros
1206 4567 1429 4637 iniquos,
1457 4575 1506 4618 et
1545 4582 1660 4618 cum
1687 4567 1883 4638 injuria
1909 4568 2116 4638 injusti-

541 4663 686 4715 tiam.
721 4659 781 4714 Si
800 4656 1172 4730 justiﬁcabitur
1195 4659 1249 4711 in
1274 4667 1469 4712 statera
1495 4657 1722 4730 iniquus,
1753 4669 1802 4712 et
1829 4661 1883 4714 in
1923 4661 2112 4714 sacello

537 4754 768 4826 pondera
796 4752 995 4812 dolosa,
1019 4765 1084 4804 ex
1111 4750 1291 4822 quibus
1321 4749 1528 4804 divitias
1567 4751 1621 4803 in
1655 4751 1919 4820 impietate
1956 4751 2116 4820 reple-

537 4853 716 4898 verunt
745 4841 928 4914 (Mich.
962 4857 1034 4908 VI,
1061 4839 1262 4906 10-12).
1289 4840 1394 4895 Sed
1423 4849 1478 4895 et
1519 4839 1823 4911 Sophonias
1851 4842 2112 4910 propheta

537 4936 732 5001 clarus,
773 4949 908 5002 quas
953 4933 1124 4986 minas
1160 4941 1464 5000 exaggerat,
1519 4931 1745 4984 audite:
1794 4929 1966 5000 Prope
2011 4939 2108 4998 est,

536 5031 728 5101 inquit,
755 5030 862 5082 dies
887 5025 1095 5080 Domini
1122 5043 1358 5096 magnus,
1377 5041 1536 5096 prope
1561 5034 1608 5078 et
1630 5028 1774 5079 velox
1799 5026 1960 5078 valde.
1997 5024 2112 5079 Vua:

537 5123 637 5176 diei
670 5119 876 5173 Domini
906 5132 1087 5169 amara
1117 5116 1393 5169 constituta
1441 5123 1514 5168 est
1553 5123 1603 5168 et
1644 5126 1845 5185 potens,
1883 5116 1988 5169 dies
2016 5117 2111 5171 ἐγω

537 5213 644 5266 dies
666 5211 770 5270 ille,
803 5209 910 5260 dies
941 5205 1286 5258 tribulationis
1310 5214 1358 5258 et
1383 5206 1722 5267 necessitatis,
1755 5206 1863 5259 dies
1893 5207 2040 5260 nubis
2059 5218 2109 5260 et

537 5302 756 5366 nebula,
779 5300 887 5352 dies
917 5295 1049 5350 tuba:
1069 5304 1118 5349 et
1143 5295 1424 5366 clangoris,
1451 5295 1557 5348 dies
1584 5297 1803 5350 miseria:
1848 5305 1896 5349 et
1937 5306 2106 5350 exter-

536 5392 853 5449 minationis,
887 5389 993 5441 dies
1023 5385 1344 5442 tenebrarum
1371 5396 1418 5438 et
1446 5386 1682 5456 caliginis
1699 5403 1852 5456 super
1886 5389 2112 5440 civitates

539 5484 719 5553 ﬁrmas
747 5487 794 5532 et
821 5493 972 5545 super
1004 5474 1222 5545 angulos
1249 5475 1500 5528 excelsos.
1546 5472 1616 5526 Et
1643 5473 1994 5530 contribulabo
2019 5475 2112 5529 ho-

537 5572 724 5636 mines,
751 5577 800 5622 et
825 5566 967 5620 ibunt
993 5567 1124 5618 sicut
1144 5567 1286 5629 caeci,
1329 5565 1449 5638 quia
1476 5565 1698 5620 Domino
1734 5574 2066 5636 peccaverunt
2091 5581 2108 5619 :

541 5669 590 5712 et
618 5659 878 5726 effundam
906 5656 1208 5724 saugu'ltem
1251 5658 1381 5711 sicut
1419 5657 1694 5726 pulverem,
1727 5667 1776 5711 et
1804 5673 1985 5710 carnes
2023 5674 2110 5710 eo-

545 5765 658 5803 rum
685 5747 815 5803 sicut
838 5743 1015 5809 limum
1039 5743 1227 5803 boum:
1258 5759 1304 5803 et
1325 5757 1587 5816 argentum
1617 5765 1792 5807 eorum
1835 5757 1884 5804 et
1924 5764 2106 5803 aurum

2221 4571 2468 4626 cisionem
2494 4590 2642 4628 suam
2661 4615 2677 4642 ,
2706 4591 2800 4628 nec
2827 4592 2859 4628 a
2887 4575 3111 4628 Domino
3139 4574 3421 4628 resolvetur
3476 4573 3646 4636 (Ibid.
3673 4617 3691 4643 ,
3723 4577 3818 4643 17,

2222 4659 2320 4727 18,
2351 4660 2466 4731 20).
2513 4661 2581 4716 Et
2608 4671 2730 4733 post
2765 4663 3034 4732 aliquanta
3071 4663 3137 4717 de
3174 4662 3362 4716 iisdem
3397 4681 3409 4716 :
3448 4663 3552 4726 Qui
3581 4683 3820 4737 gregem,

2220 4751 2410 4820 inquit,
2438 4769 2554 4807 cum
2581 4764 2788 4823 pastore
2823 4763 3123 4824 rapuerunt,
3153 4762 3204 4806 et
3224 4753 3516 4822 jumentum
3548 4755 3823 4824 orphano-

2217 4839 2332 4900 rum
2359 4845 2703 4906 abduxerunt,
2727 4852 2774 4896 et
2797 4843 2970 4898 bovem
2996 4843 3162 4897 vidua:
3188 4845 3616 4914 pigucraverunt,
3644 4857 3696 4899 et
3723 4845 3820 4900 de-

2217 4937 2536 4992 clinaverunt
2563 4937 2866 5005 impotentes
2894 4951 2924 4987 a
2954 4935 3034 4988 via
3069 4935 3413 4988 necessitatis.
3459 4937 3666 5006 Agrum
3696 4945 3822 4990 ante

2218 5008 2412 5095 tempus
2441 5041 2545 5079 non
2581 5039 2730 5078 suum
2777 5023 2993 5077 demessi
3028 5031 3146 5076 sunt
3177 5039 3476 5092 :pauperes
3521 5026 3821 5095 potentium

2214 5118 2386 5170 vineas
2413 5118 2526 5170 sine
2554 5115 2782 5169 mercede
2827 5124 2878 5168 et
2921 5115 3034 5168 sine
3060 5112 3172 5168 cibo
3199 5117 3402 5186 operati
3441 5127 3567 5170 sunt
3598 5135 3618 5171 :
3647 5121 3818 5174 mulos

2213 5208 2400 5262 multos
2426 5208 2650 5261 dormire
2679 5209 2904 5277 fecerunt
2932 5207 3044 5259 sine
3071 5205 3386 5260 vestimentis
3411 5223 3430 5259 :
3463 5215 3670 5278 tegmen
3698 5210 3822 5262 ani-

2213 5314 2312 5351 ma:
2338 5315 2512 5354 eorum
2541 5296 2860 5350 abstulerunt
2901 5293 3021 5363 (Job
3051 5309 3197 5358 xxiv,
3225 5293 3332 5358 2-4,
3365 5294 3422 5362 6,
3454 5294 3538 5362 7).
3593 5295 3666 5350 Et
3689 5307 3818 5368 post

2213 5407 2384 5462 pauca
2417 5407 2430 5442 :
2465 5404 2587 5444 cum
2614 5402 2744 5454 ergo
2770 5387 2936 5440 sciret
2959 5398 3122 5454 opera
3151 5399 3360 5449 eorum,
3389 5385 3617 5441 tradidit
3639 5403 3737 5442 eos
3759 5388 3817 5442 in

2212 5483 2463 5539 tenebras
2487 5499 2498 5533 :
2524 5478 2869 5534 M'aledicatnr
2895 5493 3016 5546 ergo
3043 5491 3166 5544 pars
3189 5475 3302 5544 ejus
3327 5493 3359 5528 a
3392 5484 3535 5531 terra
3559 5495 3578 5532 :
3601 5481 3818 5548 pariant

2211 5573 2554 5643 plantationes
2595 5569 2707 5638 ejus
2757 5566 2941 5619 oridce.
2997 5563 3334 5618 Retribuatur
3376 5581 3505 5638 ergo
3550 5570 3632 5624 illi
3680 5571 3817 5624 sicut

2209 5661 2355 5729 egit:
2385 5655 2755 5713 contribuletur
2801 5653 2967 5707 omnis
3013 5651 3218 5718 iniquus
3265 5652 3402 5705 sicut
3447 5656 3656 5726 lignum
3701 5657 3819 5711 sine

2209 5755 2449 5805 sanitate.
2477 5747 2541 5804 In
2563 5744 2832 5801 iracundia
2851 5745 2987 5799 enim
3005 5757 3221 5818 surgens
3241 5743 3583 5814 impotentem
3605 5747 3808 5803 evertit.
