3952 6372
175 265 283 320 1'65

1135 267 1336 321 LIBER
1375 265 1762 334 QUERULIIS.
1808 266 1982 320 PARS
2023 267 2079 320 ll.
2118 267 2465 322 ῙΞΙῚΞἸὊΙΛ.

3350 268 3453 324 366

181 380 468 451 Propterea
491 397 627 435 enim
649 397 750 434 non
779 383 948 434 credet
977 385 1038 434 de
1065 385 1163 435 rita
1191 398 1286 435 sua
1314 397 1332 436 :
1359 399 1474 436 cum
1495 385 1764 451 inﬁrmare
1797 391 1843 445 Α
1877 397 1980 434 non
2012 382 2274 433 morietur.
2309 380 2498 434 Omnia
2525 381 2710 433 delicta
2732 381 2842 450 ejus
2864 395 3169 451 quascunque
3190 381 3330 451 fecit,
3351 399 3456 438 non

177 473 407 542 caperit,
437 489 542 526 non
567 482 736 543 speret
763 474 1058 536 sanitatem,
1083 473 1173 526 sed
1195 473 1342 526 cadet
1361 473 1416 526 in
1447 473 1762 544 languorem.

177 561 379 619 Multos
406 563 546 614 enim
574 561 708 614 (lusit
734 561 972 630 superbia
990 562 1132 630 ejus;
1159 569 1206 614 et
1224 561 1480 614 marcidus
1499 565 1666 631 factus
1693 571 1770 616 est

178 653 315 706 sicut
340 651 511 704 malra
548 652 602 705 in
645 661 774 705 testu
796 691 811 716 ,
861 652 991 704 relut
1038 653 1181 720 spica
1229 669 1343 705 cum
1373 653 1436 706 de
1462 653 1650 722 διίιηιια
1676 670 1772 706 sua

180 741 373 795 decidit
408 739 530 801 (Job
562 758 704 807 μιν,
739 741 828 808 18,
849 741 948 807 ‘20,
979 741 1078 804 92,
1111 741 1222 812 24).
1256 741 1321 795 Ει
1343 743 1476 797 infra
1507 762 1518 796 :
1553 743 1702 806 Quod
1727 745 1771 797 si

181 831 332 886 multi
378 833 571 903 fuerint
599 832 699 902 ﬁlii
729 833 859 901 ejus,
892 832 944 884 in
974 833 1282 886 occisionem
1321 843 1488 886 erunt.
1542 832 1689 896 Quod
1727 835 1774 887 si

178 925 446 994 collegerit
483 933 538 977 ut
582 934 770 977 terram
811 933 1075 993 argentum
1100 965 1114 986 ,
1155 932 1202 977 et
1242 926 1572 978 similiter.ut
1611 926 1772 979 lutum

176 1014 555 1084 prteparav'rit
603 1030 823 1078 aurum,
863 1014 971 1067 ha'c
1015 1017 1190 1068 omnia
1228 1015 1359 1084 justi
1403 1025 1775 1082 consequentur

184 1103 321 1171 (Job
355 1119 534 1166 xxvu,
569 1101 784 1174 14-17).
836 1104 971 1170 Quid
1016 1115 1274 1175 pneterea
1323 1106 1510 1159 beatus
1556 1103 1772 1172 Esdras,

182 1193 452 1263 prepheta
483 1194 571 1248 ille
599 1193 921 1248 bibliotheca
956 1195 1106 1262 legis,
1139 1195 1372 1248 minatus
1399 1197 1468 1248 sit
1495 1196 1772 1260 attendite,

183 1284 290 1338 hoc
314 1283 476 1338 modo
498 1283 804 1354 disceptans
829 1301 843 1336 :
870 1281 998 1338 "(BC
1024 1285 1146 1338 dicit
1175 1283 1426 1338 Dominus
1451 1284 1587 1338 Deus
1611 1301 1627 1338 :
1651 1283 1703 1337 Ν
1708 1302 1774 1339 οη

183 1382 364 1444 parcet
412 1373 626 1428 dextera
667 1389 782 1426 mea
839 1389 992 1440 super
1039 1384 1328 1442 peccatores
1351 1415 1366 1438 ,
1415 1389 1509 1427 nec
1556 1372 1776 1428 cessabit

184 1463 500 1533 rhomphtea
547 1479 702 1534 super
745 1462 1092 1532 effundentem
1141 1466 1444 1535 sanguinem
1498 1465 1776 1518 innocuum

187 1573 342 1626 super
379 1564 592 1609 terram.
643 1553 821 1608 Exibit
863 1554 998 1625 ignis
1048 1554 1112 1607 ab
1141 1556 1223 1609 ira
1250 1572 1364 1609 mea
1385 1596 1400 1621 ,
1431 1564 1481 1610 et
1515 1555 1777 1610 dei-orabit

187 1647 526 1719 fundamenta
560 1655 739 1710 terrm,
770 1654 818 1698 et
845 1656 1137 1716 peccatores
1167 1648 1316 1716 quasi
1343 1657 1567 1701 stramen
1597 1648 1773 1701 incen-

1871 485 2060 525 erunt:
2084 472 2134 524 in
2168 487 2261 524 sua
2287 471 2493 540 justitia
2520 487 2674 540 quam
2709 472 2846 541 fecit,
2876 471 2978 523 vita
3013 471 3160 524 uiuet.
3204 469 3454 542 Nunquid

1872 563 2131 615 voluntate
2153 562 2266 615 volo
2283 571 2506 616 mortem
2525 563 2706 633 injusti
2720 603 2734 627 ,
2771 563 2896 615 dicit
2921 561 3200 627 Dominus,
3231 579 3383 630 quam
3400 572 3459 617 ut

1873 664 2072 708 avertat
2107 672 2161 707 se
2197 671 2228 708 a
2264 656 2343 706 uia
2374 653 2513 708 mala
2543 663 2594 708 et
2622 655 2790 707 vivat?
2823 670 2935 706 cum
2966 664 3138 707 autem
3165 669 3222 708 se
3241 670 3458 709 conuer-

1873 747 1988 798 terit
2019 745 2190 815 justus
2220 762 2249 797 ιι
2267 744 2471 814 justitia
2505 761 2622 808 sua,
2647 753 2693 797 et
2723 745 2896 814 fecerit
2923 745 3240 816 iniquitatem
3271 760 3458 799 secun-

1877 836 1993 888 dum
2018 852 2188 888 onmcs
2213 837 2504 906 iniquitates
2525 851 2651 906 quas
2673 835 2793 905 fecit
2812 835 3036 905 iniquus,
3052 851 3226 889 omnes
3240 836 3462 906 justitiqe

1875 941 2002 995 (ruas
2041 927 2180 994 fecit,
2215 941 2317 978 non
2359 935 2508 978 erunt
2540 925 2595 978 in
2623 927 2892 978 memoria.
2937 922 3001 977 In
3028 925 3216 979 delicto
3241 941 3333 980 suo
3361 942 3461 998 quo

1873 1017 2100 1083 excidit,
2131 1025 2179 1070 et
2217 1018 2272 1070 in
2311 1019 2533 1086 peccatis
2575 1017 2681 1069 suis
2723 1016 2900 1088 quibus
2937 1017 3183 1087 peccavit,
3217 1020 3463 1073 morietur

1877 1102 2090 1174 (Ezech.
2124 1121 2286 1172 ιιι-ιιι,
2317 1105 2521 1172 iii-24).
2567 1104 2633 1158 Et
2675 1113 2794 1174 post
2833 1106 3106 1173 aliquanta
3145 1123 3158 1158 :
3190 1104 3260 1160 Et
3296 1109 3462 1161 scient

1875 1211 2048 1248 omnes
2089 1206 2280 1265 gentes,
2314 1197 2434 1267 quia
2473 1205 2682 1265 propter
2720 1204 2929 1266 peccata
2966 1212 3061 1250 sua
3099 1197 3287 1268 captivi
3323 1197 3463 1253 ducti

1873 1298 1994 1341 sunt
2022 1288 2202 1340 domus
2240 1286 2424 1354 Israel,
2451 1306 2508 1342 eo
2535 1289 2670 1358 quod
2709 1288 3020 1358 reliquerunt
3051 1305 3152 1343 me.
3195 1287 3265 1342 Et
3303 1291 3463 1344 auerti

1877 1383 2067 1453 faciam
2089 1398 2254 1435 meam
2275 1382 2338 1435 ab
2359 1385 2452 1443 eis,
2469 1394 2515 1436 et
2538 1383 2730 1436 tradidi
2751 1400 2836 1437 eos
2861 1384 2912 1436 in
2935 1400 3118 1438 manus
3139 1385 3460 1440 inimicorum

1876 1472 2010 1542 ejus,
2035 1480 2084 1524 et
2113 1489 2289 1525 omnes
2315 1473 2489 1543 gladio
2519 1473 2829 1526 ceciderunt.
2859 1473 3154 1528 Secundum
3178 1474 3462 1529 immundi-

1880 1563 1980 1616 tias
2001 1579 2124 1616 suas
2145 1571 2193 1617 et
2213 1564 2491 1617 secundant
2515 1565 2809 1634 iniquitates
2830 1581 2951 1618 suas
2975 1567 3070 1634 feci
3091 1565 3218 1630 illis,
3235 1575 3280 1620 et
3304 1568 3463 1620 ai'erti

1879 1655 2062 1726 faciem
2085 1672 2250 1710 meam
2271 1655 2334 1709 ab
2356 1657 2430 1710 eis
2466 1655 2677 1724 (Ezech.
2710 1672 2892 1720 xxxix,
2917 1655 3006 1722 25,
3026 1657 3140 1723 24).

184 1754 322 1793 sum.
363 1737 458 1791 Vir
481 1737 554 1790 eis
583 1737 670 1808 qui
697 1747 951 1807 peccant,
990 1746 1039 1790 et
1076 1753 1178 1791 non
1221 1738 1490 1793 observant
1527 1741 1773 1794 mandatu
1814 1756 1854 1811 Β
1951 1748 2038 1802 Π,
2071 1747 2198 1803 [hac
2226 1749 2293 1803 de
2328 1757 2637 1803 sanctorum
2667 1749 3050 1820 prophetarum
3082 1749 3240 1804 minis
3265 1748 3463 1804 dixisse

187 1849 324 1898 mea,
359 1832 483 1886 dicit
517 1830 768 1884 Dominus
797 1847 816 1884 :
846 1847 948 1884 non
979 1847 1188 1900 parcam
1215 1831 1342 1884 illis.
1375 1829 1656 1897 Discedite,
1679 1832 1777 1902 ﬁlii

185 1933 462 1993 apostataz,
483 1932 530 1977 et
555 1925 714 1978 nolite
733 1924 1086 1977 contaminare
1107 1924 1570 1994 sanctiﬁcationem
1591 1941 1776 1979 meam.

190 2012 353 2068 Novit
383 2013 522 2068 Deus
557 2015 640 2086 qui
678 2023 889 2080 peccant
917 2014 970 2067 in
1007 2029 1154 2078 eum;
1195 2024 1469 2085 propterea
1497 2015 1665 2069 tradet
1693 2032 1781 2070 eos

187 2109 244 2163 in
274 2117 492 2162 mortem
521 2117 570 2161 et
593 2109 646 2161 in
677 2109 1002 2162 occisionem.
1044 2106 1166 2160 Jam
1194 2108 1328 2160 enim
1361 2116 1600 2160 venerunt
1627 2124 1782 2179 super

191 2199 370 2254 orbem
418 2206 670 2253 terrarum
712 2200 851 2252 mala
893 2199 1055 2253 multa
1107 2197 1222 2269 (IV
1257 2198 1412 2254 Esdr.
1446 2215 1544 2264 xv,
1573 2199 1777 2268 21-27).

193 2290 471 2346 Immissus
500 2301 576 2346 est
603 2293 806 2364 gladius
837 2294 968 2348 velut
996 2296 1164 2366 ignis;
1198 2302 1249 2348 et
1277 2295 1389 2366 quis
1417 2303 1491 2348 cst
1517 2295 1604 2364 qui
1633 2311 1782 2347 recu-

193 2385 282 2437 tiet
305 2384 458 2438 eum?
511 2381 762 2440 Nunauid
791 2387 1000 2439 recutiet
1031 2385 1215 2456 aliquis
1255 2387 1450 2438 leonem
1477 2385 1783 2438 esurientem

192 2479 248 2530 in
273 2477 446 2530 silva?
479 2493 570 2530 aut
596 2475 830 2549 nunquid
856 2477 1145 2546 exstinguet
1171 2476 1343 2546 ignem
1361 2515 1377 2542 ,
1406 2491 1520 2528 cum
1555 2485 1783 2529 stramen

202 2568 472 2621 incensum
501 2567 696 2638 fuerit?
732 2566 982 2621 Dominus
1026 2565 1158 2620 Deus
1197 2566 1361 2619 mittet
1396 2569 1572 2630 mala;
1601 2574 1650 2618 et
1672 2565 1785 2636 quis

195 2666 274 2712 est
300 2659 388 2730 qui
417 2659 629 2712 recutiet
656 2658 754 2712 ea?
791 2656 861 2710 Et
887 2655 1048 2710 exibit
1077 2657 1212 2728 ignis
1241 2673 1307 2710 ea:
1334 2657 1608 2711 iracundia
1635 2657 1784 2726 ejus;

193 2756 245 2800 et
271 2749 385 2818 quis
414 2745 705 2817 exstinguet
732 2745 883 2799 eum?
926 2743 1260 2808 Coruscabit;
1287 2753 1337 2798 et
1363 2744 1478 2815 quis
1504 2759 1609 2798 non
1638 2745 1788 2798 time-

196 2839 312 2894 bit?
338 2838 571 2903 tonabit;
598 2845 648 2892 et
674 2839 787 2909 quis
813 2853 915 2891 non
945 2836 1210 2891 horrebit?
1231 2834 1370 2890 Deus
1399 2845 1583 2889 cuncta
1613 2835 1784 2890 mina-

197 2931 366 2996 bitur;
395 2931 578 3003 etquis
603 2945 708 2984 non
730 2927 1042 2984 terrebitur.’
1066 2929 1110 2981 Α
1134 2929 1270 2999 facie
1287 2927 1400 2998 ejus
1425 2937 1603 2983 tremet
1625 2937 1783 2993 terra,

195 3033 247 3080 et
263 3023 600 3095 fundamenta
638 3022 801 3077 maris
814 3021 1195 3094 fluctuanturin
1215 3019 1476 3093 profundo
1499 3019 1553 3095 (Ι
1567 3019 1606 3076 γ
1622 3018 1783 3075 Esdr.

199 3133 312 3182 xvi,
341 3115 510 3188 5-42).

272 3209 361 3264 16.
378 3205 625 3263 Ezechiel
648 3220 862 3277 quoque
883 3205 1143 3276 propheta
1164 3205 1428 3275 egregius,
1443 3211 1784 3276 quatuorque

199 3299 634 3370 evangelicorum
670 3297 980 3351 animalium
1021 3297 1294 3351 mirandus
1330 3295 1624 3366 inspector,
1656 3293 1786 3364 quid

197 3390 268 3448 de
287 3390 564 3446 sceleratis
584 3388 830 3454 edixerit,
855 3386 1143 3452 attendite;
1167 3387 1252 3442 cui
1272 3387 1503 3458 primum
1531 3385 1788 3441 Dominus

201 3479 582 3535 miserabiliter
623 3477 836 3548 plagam
885 3475 1046 3532 Israel
1093 3475 1310 3530 deﬂenti
1357 3477 1433 3530 ait
1473 3493 1488 3529 :
1529 3475 1789 3547 Iniquitas

201 3573 384 3628 domus
416 3569 582 3625 Israel
606 3577 657 3624 et
682 3568 825 3623 .Iuda
849 3569 1065 3622 invaluit
1092 3568 1248 3623 nimis
1273 3609 1288 3637 ,
1326 3569 1446 3639 quia
1471 3570 1682 3639 impleta
1713 3576 1791 3624 est

201 3675 341 3720 terra
366 3663 636 3735 iniquitate
660 3671 710 3717 et
732 3661 1060 3716 immunditia
1089 3660 1300 3733 (Ezech.
1328 3677 1403 3726 Ix,
1428 3659 1504 3734 9).
1535 3659 1670 3714 Ecce
1693 3677 1788 3731 ego

199 3773 318 3812 sum
364 3772 384 3810 :
430 3772 533 3810 non
589 3763 767 3826 parcet
816 3753 991 3808 oculus
1045 3769 1186 3807 meus
1219 3791 1235 3818 ,
1291 3768 1454 3824 neque
1513 3751 1791 3807 miserebor

201 3847 420 3918 (Επεσή.
445 3863 496 3912 v,
521 3845 574 3911 8,
601 3844 711 3916 Η).
755 3843 824 3898 Et
851 3843 984 3899 infra
1019 3862 1031 3897 :
1063 3842 1324 3908 Quoniam
1351 3853 1489 3898 terra
1516 3848 1669 3914 plena
1696 3861 1790 3916 po-

198 3937 362 4010 pulis,
389 3947 439 3993 et
465 3939 648 3992 civitas
674 3937 830 4009 plena
857 3935 1130 4008 iniquitate
1155 3945 1232 3990 est
1253 3951 1275 3992 :
1296 3946 1347 3990 et
1366 3947 1596 3991 avertam
1623 3937 1788 4007 impe-

201 4038 310 4082 tum
337 4027 540 4082 rirtutis
563 4043 769 4095 eorum,
797 4017 846 4080 et
873 4025 1164 4097 polluentur
1190 4035 1372 4080 sancta
1402 4043 1598 4081 eorum.
1639 4026 1786 4082 Exo-

197 4115 340 4172 ratio
366 4119 558 4183 ueniet,
585 4126 635 4170 et
662 4129 854 4189 quaeret
876 4133 1083 4187 pacem,
1113 4125 1162 4169 et
1190 4133 1291 4170 non
1318 4119 1416 4171 erit
1451 4116 1663 4188 (Ezech.
1694 4135 1789 4187 Vl,

199 4207 409 4279 25-25).
449 4207 516 4262 Et
544 4216 668 4279 post
705 4209 976 4278 aliquanta
1007 4225 1020 4260 :
1052 4206 1248 4262 Factus
1279 4217 1374 4274 est,
1404 4209 1592 4278 inquit,
1623 4227 1790 4265 sermo

198 4295 417 4351 Domini
444 4297 515 4350 ad
541 4313 649 4362 me,
681 4297 858 4350 dicens
883 4313 902 4350 :
935 4295 1044 4350 Fili
1071 4297 1324 4364 hominis,
1359 4305 1498 4353 terra
1525 4316 1640 4372 qua:
1667 4318 1791 4372 pec-

197 4397 391 4452 cauerit
418 4395 544 4450 mihi
570 4403 628 4448 ut
667 4394 935 4467 delinquat
963 4393 1204 4448 delictum
1228 4434 1242 4458 ,
1274 4395 1552 4450 extendam
1579 4413 1790 4451 manum

197 4490 255 4544 in
281 4505 418 4555 eam,
449 4497 498 4543 et
528 4496 791 4542 conteram
816 4487 926 4558 ejus
955 4488 1340 4558 ﬁrmamentum
1365 4488 1537 4557 panis,
1566 4495 1615 4542 et
1641 4490 1792 4543 emit-

198 4590 310 4634 tam
332 4580 386 4634 in
405 4596 518 4633 eam
539 4580 748 4651 famem,
771 4585 819 4632 et
842 4578 1021 4632 tollam
1039 4577 1104 4632 de
1135 4593 1197 4631 ea
1236 4577 1492 4631 hominem
1511 4587 1562 4631 et
1580 4594 1785 4649 pecora.

197 4672 273 4727 Et
300 4673 345 4726 si
373 4671 477 4726 sint
503 4679 608 4724 tres
635 4671 730 4724 uiri
757 4670 843 4724 isti
871 4670 926 4724 in
961 4669 1130 4722 medio
1157 4671 1300 4739 ejus,
1333 4665 1478 4735 Noe,
1521 4667 1713 4724 Daniel
1738 4677 1789 4724 et

199 4762 328 4828 Job,
360 4778 463 4816 non
494 4758 781 4815 liberabant
803 4775 916 4812 eam
945 4775 964 4814 :
992 4760 1084 4813 sed
1110 4761 1208 4832 ipsi
1230 4761 1282 4814 in
1314 4777 1406 4815 sua
1429 4759 1636 4832 justitia
1661 4761 1791 4816 salvi

196 4863 375 4922 erant,
406 4854 530 4908 dicit
559 4852 833 4908 Dominus.
862 4849 1013 4917 Quod
1042 4854 1086 4907 si
1115 4855 1269 4907 etiam
1297 4852 1484 4910 bestias
1512 4852 1679 4906 malas
1704 4853 1791 4906 in-

194 4949 390 5002 ducam
417 4963 569 5018 super
597 4955 787 5000 terram
816 4954 863 5000 et
890 4947 1100 5015 puniam
1131 4947 1300 5013 illam,
1331 4955 1380 5000 et
1408 4948 1504 5000 erit
1531 4947 1586 5000 in
1615 4954 1789 5000 exter-

196 5042 457 5106 minium;
487 5048 536 5094 et
565 5055 668 5094 non
701 5040 799 5093 erit
825 5040 910 5109 qui
941 5040 1038 5093 iter
1078 5041 1242 5112 faciat
1267 5056 1300 5092 a
1325 5041 1458 5110 facie
1486 5037 1787 5093 bestiarum.

199 5131 272 5187 Et
303 5141 403 5186 tres
431 5133 528 5187 uiri
553 5133 638 5186 isti
665 5133 719 5186 in
746 5133 912 5186 medio
941 5131 1073 5202 ejus,
1103 5133 1212 5186 vivo
1238 5149 1332 5204 ego
1362 5131 1488 5186 dicit
1516 5131 1789 5195 Dominus,

196 5223 244 5278 si
281 5222 382 5293 ﬁlii
427 5231 477 5276 et
512 5221 642 5294 ﬁlia:
683 5224 794 5295 ejus
845 5221 1265 5278 miserebantur:
1295 5223 1387 5276 sed
1413 5223 1513 5294 ipsi
1536 5223 1635 5278 soli
1661 5223 1792 5280 salri

193 5321 370 5377 erunt,
397 5322 535 5367 terra
559 5321 730 5366 autem
747 5313 845 5367 erit
867 5313 919 5366 in
939 5311 1202 5366 interitum
1225 5311 1564 5383 (Ezech..xtv,
1583 5311 1785 5379 12-16).

193 5402 267 5457 Et
297 5403 495 5458 iterum
528 5419 541 5456 :
573 5399 623 5454 F
624 5401 746 5456 ilius
767 5417 871 5455 non
902 5401 1119 5472 accipiet
1147 5391 1662 5472 injustitiam‘patris,
1693 5418 1788 5456 ne-

192 5510 295 5565 que
324 5503 475 5565 pater
502 5491 722 5564 accipiet
747 5492 1060 5564 injustitiam
1088 5492 1209 5562 ﬁlii.
1247 5490 1458 5547 Iustitia
1482 5493 1612 5563 justi
1638 5509 1791 5563 super

190 5587 364 5656 ipsum
389 5586 512 5640 erit.
541 5582 614 5638 Et
633 5583 835 5656 iniquus
862 5585 906 5638 si
931 5593 1127 5638 avertat
1159 5601 1215 5639 se
1243 5583 1306 5637 ab
1333 5584 1569 5639 omnibus
1599 5586 1791 5655 iniqui-

193 5677 390 5733 tatibus
419 5692 552 5750 quas
583 5677 725 5747 fecit,
752 5684 802 5731 et
822 5676 1079 5731 custodiat
1106 5677 1278 5730 omnia
1308 5677 1555 5731 mandata
1582 5693 1717 5743 mea,
1743 5687 1791 5732 et

193 5769 359 5846 faciat
370 5768 645 5844 justitiam
673 5774 722 5822 et
747 5765 1154 5823 misericordiam
1191 5768 1426 5838 multam,
1457 5767 1560 5822 vita
1588 5768 1714 5822 uiuet
1741 5777 1791 5822 et

1880 1841 2109 1896 sufﬁciat
2137 1859 2150 1894 :
2175 1857 2346 1911 pauca
2369 1849 2572 1895 tantum
2603 1840 2670 1895 de
2697 1840 2971 1910 Sapientia
2999 1840 3320 1906 Salomonis,
3345 1857 3465 1912 qua:

1881 1932 2308 1986 adhortationem
2353 1931 2436 1985 vel
2475 1931 2938 1986 denuntiationem
2981 1931 3286 2002 exprimant
3321 1932 3465 2000 regi-

1881 2024 2002 2090 bus,
2032 2040 2139 2078 non
2168 2025 2342 2077 minus
2371 2038 2530 2092 quam
2561 2023 2754 2088 minas,
2783 2023 2907 2079 huic
2935 2024 3196 2094 opusculo
3225 2023 3464 2079 inserere

1883 2115 2244 2168 ncces-arium
2275 2115 2438 2180 duxi,
2470 2129 2538 2168 ne
2563 2113 2746 2168 dicant
2782 2129 2869 2169 me
2909 2115 3090 2182 gravia
3119 2122 3176 2170 et
3205 2115 3464 2185 importa-

1883 2204 2009 2258 bilia
2058 2206 2112 2258 in
2161 2205 2414 2259 humeros
2461 2203 2742 2258 hominum
2791 2205 3076 2259 verborum
3118 2220 3282 2259 onera
3329 2205 3467 2260 velle

1883 2296 2163 2364 imponere
2189 2335 2204 2360 ,
2235 2295 2401 2364 digito
2428 2304 2606 2349 autem
2634 2311 2756 2350 meo
2785 2311 2846 2350 ea
2871 2336 2887 2362 ,
2915 2296 2967 2350 id
2993 2306 3075 2351 est
3100 2297 3466 2353 consolatorie

1883 2387 2065 2450 aifatu,
2096 2388 2240 2441 nolle
2271 2401 2488 2441 movere
2519 2385 2730 2454 (Matth.
2764 2403 2914 2453 χχιιι,
2945 2386 3020 2454 4).
3055 2388 3344 2444 Audiamus
3366 2390 3468 2445 ita-

1883 2496 1990 2550 que.
2033 2479 2160 2548 quid
2189 2480 2449 2548 propinata
2477 2478 2613 2533 dixit
2643 2496 2656 2532 :
2691 2477 2930 2550 Diligite,
2964 2479 3166 2548 inquit,
3202 2481 3465 2553 justitiam

1885 2569 1971 2641 qui
1993 2569 2244 2640 jndicatis
2276 2577 2466 2621 (errant
2508 2566 2662 2638 (Sap.
2686 2583 2722 2633 ι,
2753 2566 2826 2638 l).
2879 2567 2991 2622 Hoc
3030 2583 3191 2623 unum
3221 2571 3467 2626 testimo-

1887 2665 2052 2729 nium,
2085 2663 2130 2718 si
2161 2671 2275 2718 toto
2313 2662 2475 2718 corde
2503 2671 2826 2728 servaretur,
2855 2662 3068 2719 abunde
3095 2663 3166 2720 ad
3189 2665 3466 2738 corrigen-

1885 2755 1984 2810 dos
2011 2755 2197 2824 patrizc
2225 2755 2388 2810 duces
2415 2753 2704 2811 sufﬁceret.
2732 2755 2865 2811 Nam
2896 2757 2941 2812 si
2974 2756 3287 2814 dilexissem
3307 2758 3469 2828 ’jusli-

1888 2847 2016 2902 tiam
2047 2889 2063 2914 ,
2125 2847 2413 2916 diligerent
2473 2849 2659 2918 utique
2713 2847 2918 2904 fontem
2969 2849 3365 2920 quodammodo
3418 2861 3474 2907 et

1886 2941 2146 3010 originem
2177 2942 2342 2996 totius
2374 2940 2595 3010 justitize
2619 2980 2634 3005 ,
2666 2941 2853 2996 Deum.
2907 2942 3107 2998 Servite
3156 2942 3378 3000 Domino
3413 2948 3471 3000 in

1889 3032 2134 3099 bonitate,
2163 3041 2216 3088 et
2237 3034 2292 3088 in
2321 3032 2650 3104 simplicitate
2680 3033 2852 3088 cordis
2876 3035 3088 3104 quaerite
3117 3050 3232 3089 eum
3257 3031 3470 3106 (Ibid).

1813 3129 1857 3192 C
1889 3124 2041 3180 lien!
2096 3125 2216 3194 quis
2262 3125 2498 3182 victurus
2541 3133 2642 3189 est,
2691 3133 2750 3180 ut
2789 3125 3007 3194 quidam
3055 3134 3182 3181 ante
3225 3141 3324 3183 nos
3373 3127 3467 3194 ait,

1890 3215 2108 3285 quando
2134 3215 2236 3270 ista
2265 3230 2296 3270 a
2325 3215 2531 3271 civibus
2561 3214 2926 3284 perliciantur,
2957 3216 3004 3272 si
3034 3223 3212 3271 tamen
3243 3231 3470 3285 nsquam

1889 3306 2073 3378 perlici
2117 3308 2380 3376 possunt?
2437 3302 2692 3370 Quoniam
2730 3306 2990 3359 invenitur
3031 3305 3094 3358 ab
3120 3306 3201 3360 his
3237 3307 3323 3378 qui
3365 3323 3470 3361 non

1893 3407 2092 3453 tentant
2118 3399 2265 3452 illum
2295 3414 2314 3452 :
2343 3407 2556 3466 apparet
2583 3407 2752 3450 autem
2793 3399 2865 3450 e's
2907 3399 2991 3467 qui
3022 3396 3178 3468 ﬁdem
3205 3395 3389 3450 habent
3416 3399 3470 3451 in

1889 3505 2004 3542 eum
2034 3487 2220 3560 (Ibid.,
2241 3487 2318 3557 2).
2352 3487 2484 3541 Nam
2515 3487 2602 3541 isti
2632 3488 2748 3542 sine
2777 3496 3023 3556 respectu
3043 3493 3252 3541 tentant
3278 3485 3466 3553 Deum,

1890 3579 2047 3648 cujus
2077 3585 2342 3648 prmeepta
2385 3575 2689 3632 contumaci
2718 3575 3066 3645 despeclione
3093 3584 3466 3641 contemnunt,

1894 3683 1995 3724 nec
2025 3666 2183 3724 ﬁdem
2212 3675 2430 3724 servant
2459 3665 2555 3734 illi,
2586 3665 2738 3734 cujus
2765 3666 2996 3720 oraculis
3020 3665 3229 3722 blandis
3255 3665 3340 3721 vel
3368 3666 3470 3721 ali-

1890 3759 2207 3829 quantulum
2251 3757 2455 3813 severis
2499 3757 2716 3812 dorsum
2765 3765 2982 3812 versant
3009 3765 3064 3811 et
3093 3773 3200 3812 non
3257 3757 3468 3812 iaciam.

1891 3849 2156 3904 Pervorse:
2177 3849 2313 3902 enim
2334 3848 2671 3919 cogitationes
2704 3856 2951 3916 separant
2983 3863 3018 3900 a
3047 3846 3157 3902 Deo
3181 3846 3369 3918 (Ibid.,
3389 3848 3466 3918 5).

1891 3937 1960 3993 Ει
1984 3939 2087 3994 hoc
2118 3939 2170 3992 in
2201 3937 2442 4009 tyrannis
2471 3937 2641 3994 nostri
2672 3937 2930 4006 temporis
2961 3937 3252 4007 perspicue
3272 3938 3470 4008 depre~

1891 4028 2162 4084 benditur.
2179 4027 2284 4084 Sed
2302 4027 2428 4097 quid
2446 4036 2627 4082 nostra
2648 4026 2988 4081 mediocritas
3008 4025 3132 4081 huic
3153 4035 3260 4081 tam
3283 4038 3472 4098 aperto

1891 4120 2074 4177 sensui
2122 4120 2416 4176 miscetur?
2464 4119 2742 4190 Loquatur
2783 4134 3015 4188 namque
3068 4135 3164 4190 pro
3205 4119 3378 4185 nobis,
3413 4129 3474 4174 ut

1891 4212 2124 4268 diximus
2147 4253 2164 4282 ,
2206 4212 2298 4283 qui
2326 4213 2472 4266 solus
2513 4227 2673 4266 verax
2705 4219 2788 4266 est
2812 4253 2828 4279 ,
2855 4210 3088 4280 Spiritus
3113 4211 3325 4266 scilicet
3349 4226 3476 4266 san-

1893 4311 2014 4358 ctus
2037 4341 2052 4367 ,
2101 4303 2169 4358 de
2204 4317 2314 4372 quo
2353 4318 2498 4357 nunc
2541 4302 2739 4357 dicitur
2771 4319 2784 4355 :
2819 4301 3047 4372 Spiritus
3071 4311 3242 4355 autem
3263 4313 3476 4357 sanctus

1891 4393 2184 4464 disciplina:
2210 4393 2420 4465 effugiet
2445 4393 2624 4464 ﬁctum
2656 4390 2844 4462 (Ibid.,
2868 4389 2944 4463 5).
2976 4389 3044 4445 Et
3072 4390 3264 4446 iterum
3290 4409 3304 4444 :
3331 4387 3476 4456 Quo-

1894 4485 2035 4538 niam
2062 4485 2288 4554 Spiritus
2319 4484 2413 4538 Dei
2437 4483 2646 4554 replevit
2671 4481 2844 4538 orbem
2873 4491 3132 4536 terrarum
3177 4481 3366 4552 (Ibid.,
3397 4482 3474 4550 ἶ).

1895 4574 1964 4629 Ει
1989 4574 2123 4630 inira
2147 4613 2163 4639 ,
2205 4573 2364 4630 ﬁnem
2393 4575 2654 4629 malorum
2692 4576 3066 4644 bonorumque
3092 4574 3308 4630 oculato
3330 4573 3479 4643 judi-

1895 4665 1983 4720 cio
2012 4664 2350 4736 prietendens
2373 4702 2390 4730 ,
2419 4664 2496 4719 ait
2523 4681 2536 4717 :
2571 4661 2838 4728 Quomodo
2866 4680 2983 4734 spes
3040 4665 3185 4734 impii
3231 4673 3479 4737 tanquam

1896 4760 2089 4833 lanugo
2117 4770 2193 4815 est
2219 4776 2332 4832 qua:
2357 4777 2388 4812 a
2418 4770 2565 4815 uento
2591 4761 2806 4821 tollitur,
2840 4769 2890 4813 et
2914 4767 3161 4832 tanquam
3192 4761 3364 4832 fumus
3390 4759 3479 4829 qui

1896 4873 1930 4909 a
1951 4865 2098 4910 rento
2126 4855 2343 4924 diffusus
2378 4863 2476 4921 est,
2506 4863 2554 4906 et
2583 4861 2832 4923 tanquam
2861 4867 3046 4922 spuma
3071 4853 3283 4922 gracilis
3305 4868 3418 4922 qua:
3445 4867 3481 4904 α

1897 4947 2125 5020 procella
2173 4947 2488 5017 dispergitur
2509 4986 2526 5012 ,
2576 4953 2625 4998 et
2674 4954 2919 5014 tanquam
2963 4943 3214 4998 memoria
3262 4943 3477 5013 hospitis

1893 5041 2046 5096 unius
2073 5041 2178 5094 diei
2209 5039 2582 5110 prtetereuntis.
2631 5035 2770 5091 Iusti
2793 5045 2965 5089 autem
2991 5037 3048 5090 in
3077 5045 3372 5106 perpetuum
3400 5035 3477 5087 ui-

1893 5139 2010 5185 vent
2033 5147 2054 5185 :
2082 5140 2132 5183 et
2155 5128 2293 5200 apud
2321 5127 2497 5181 Deum.
2514 5137 2592 5181 est
2620 5142 2812 5182 merces
2857 5125 3066 5180 illorum
3087 5165 3101 5188 ,
3145 5135 3196 5178 et
3234 5125 3478 5195 cogitatio

1891 5237 2069 5276 eorum
2093 5220 2231 5291 apud
2259 5219 2602 5273 Altissimum.
2647 5217 2775 5272 Ideo
2805 5217 3056 5286 accipient
3085 5231 3298 5285 regnum
3325 5213 3480 5268 deco-

1893 5315 2006 5382 ris,
2050 5323 2101 5368 et
2137 5312 2378 5366 diadema
2417 5311 2602 5380 speciei
2641 5310 2706 5363 de
2743 5324 2898 5362 manu
2943 5307 3171 5360 Domini.
3222 5301 3481 5370 Quoniam

1895 5403 2110 5457 dextera
2137 5419 2231 5456 sua
2261 5407 2486 5470 proteget
2514 5415 2621 5463 eos,
2660 5407 2710 5452 et
2739 5395 2950 5450 brachio
2976 5405 3158 5451 sancto
3181 5413 3275 5452 suo
3303 5395 3481 5466 defen-

1898 5493 1982 5547 det
2011 5493 2126 5546 illos
2155 5492 2312 5562 (Sap.
2341 5507 2390 5554 v,
2418 5487 2504 5554 15,
2531 5488 2644 5556 t7).
2695 5485 2988 5540 Dissimiles
3033 5486 3177 5541 enim
3221 5485 3480 5554 qualitate

1897 5592 2021 5638 sunt
2047 5583 2200 5637 valde
2233 5581 2361 5651 justi
2409 5587 2464 5633 et
2509 5577 2656 5647 impii
2688 5595 2701 5630 :
2739 5574 3026 5640 nimirum,
3054 5583 3113 5630 ut
3142 5573 3278 5630 dixit
3308 5575 3481 5628 Domi-

1895 5691 1998 5730 nus
2033 5693 2045 5728 :
2084 5674 2190 5729 Eos
2223 5675 2308 5744 qui
2339 5673 2626 5734 honorant,
2665 5667 2945 5739 inquiens,
2975 5683 3076 5731 me,
3103 5665 3400 5729 honorabo;
3431 5674 3482 5717 ct

1895 5767 1983 5840 qui
2013 5783 2092 5822 me
2118 5775 2389 5839 spernunt,
2435 5773 2584 5819 erunt
2625 5759 2876 5834 ignobiles
2906 5757 2956 5823 (I
2985 5756 3114 5832 Reg.
3141 5775 3198 5831 ιι,
3221 5758 3333 5834 50).
3375 5757 3484 5815 Sed
