3952 6370
459 285 584 338 ’367

1362 277 1589 334 GlLl).-’E
1631 275 1976 330 SAI’lENTlS
2016 275 2102 330 DE
2143 273 2413 331 EXClDlO
2452 272 2840 328 ΒΒιΤΑΝΝιιΕ

3635 263 3746 322 368

487 405 820 450 transeamus
850 390 922 444 ad
944 399 1156 444 emtera.
1187 388 1394 453 Audite,
1422 387 1612 456 inquit,
1637 402 1814 441 omnes
1839 402 1982 456 reges
2012 395 2060 440 et
2092 393 2141 450 Α
2165 402 2272 442 non
2294 387 2550 441 habemus
2570 384 2622 438 in
2653 383 2806 439 nobis
2830 380 2955 437 illud
2985 379 3357 452 apostolicum,
3381 389 3439 434 ut
3458 379 3704 435 dicamus
3728 396 3743 432 :

485 485 789 556 intelligite;
819 483 1000 536 discite
1021 479 1221 549 judices
1244 477 1428 546 finium
1457 487 1608 531 terra:
1631 493 1647 530 :
1673 476 1892 548 prwbete
1911 492 2062 529 aures

2165 469 2420 549 Optdbam
2449 479 2585 532 enim
2626 475 2904 529 anathema
2939 490 3050 528 esse
3076 490 3108 526 a
3139 471 3342 527 Christo
3370 489 3465 544 pro
3495 469 3752 543 fratribus

487 592 576 630 vos
615 576 697 646 qui
745 573 1015 626 continetis
1054 568 1469 635 multitudinem,
1498 575 1549 621 et
1575 568 1788 637 placetis
1830 567 1971 622 vobis
2007 567 2064 620 in
2161 571 2288 624 meis
2337 568 2512 638 (Rom.
2539 583 2612 633 rx,
2638 565 2742 636 3);
2795 573 2975 620 tamen
3024 563 3154 618 illud
3205 563 3581 633 propheticum
3631 569 3750 616 toto

488 667 646 719 turbis
672 667 957 718 nationum.
993 659 1248 724 Quoniam
1277 660 1402 712 data
1431 667 1505 712 est
1530 675 1561 712 a
1590 657 1700 712 Deo
1728 667 1952 728 potestas
1978 674 2062 712 vo-

487 760 562 811 bis
584 764 631 809 et
657 755 815 809 uirtus
839 751 904 805 ab
926 751 1209 812 Altissimo,
1233 751 1316 819 qui
1337 747 1670 818 interrogabit
1699 765 1855 817 opera
1877 759 2061 809 vestra,

2164 659 2327 715 corde
2356 659 2621 730 possimus
2650 657 2831 711 dicere
2863 674 2876 709 :
2910 655 3058 709 Heu!
3101 657 3220 726 quia
3262 656 3439 708 anima
3477 654 3634 723 perit.
3683 651 3751 706 Et

2167 753 2359 805 iterum
2393 768 2407 802 :
2439 750 2740 804 Scrutemur
2768 750 2877 802 vias
2905 758 3138 810 nostras,
3171 758 3219 801 et
3244 764 3565 819 qua'ramus,
3593 755 3642 800 et
3669 764 3754 800 re-

481 845 880 916 etccgitationes
895 839 1225 893 scrutabitur.
1243 835 1496 900 Quoniam
1512 852 1624 888 cum
1647 838 1822 889 essetis
1843 835 2066 888 ministri

2184 854 2422 897 'ertamur
2442 844 2512 894 ad
2535 841 2806 896 Dominum
2831 840 3044 913 (Tltren.
3067 857 3142 904 Ill,
3167 839 3254 904 40,
3281 838 3392 910 41).
3419 838 3526 894 Sed
3549 848 3602 894 et
3623 838 3750 892 illud

490 937 634 1007 regni
663 935 832 996 illius,
863 948 964 983 non
996 938 1130 982 recte
1146 927 1423 998 judicastis
1445 967 1459 990 ,
1493 942 1652 996 neque
1679 925 1973 978 custodistis
2001 924 2068 976 le-

490 1043 606 1096 gem
624 1023 880 1095 justitiw,
912 1035 1072 1091 neque
1099 1016 1378 1070 secundum
1405 1014 1715 1069 voluntatem
1748 1015 1860 1084 ejus
1889 1010 2068 1064 ambu-

490 1117 659 1168 las-tis.
692 1110 968 1168 Horrenda
993 1117 1041 1162 et
1071 1107 1300 1160 celeriter
1329 1104 1594 1175 apparebit
1624 1104 1792 1167 vobis;
1824 1104 2069 1174 quoniam

486 1205 739 1276 judicium
797 1201 1126 1255 durissimum
1169 1198 1250 1250 his
1290 1199 1374 1267 qui
1435 1206 1664 1266 pra'sunt
1704 1196 1812 1264 ﬁet.
1864 1193 2070 1264 Exiguo

489 1297 625 1348 enim
644 1293 940 1348 conceditur
960 1288 1315 1344 misericordia
1339 1304 1356 1340 :
1383 1296 1611 1356 potentes
1640 1295 1808 1339 autem
1838 1294 2071 1355 potenter

493 1394 742 1442 tormenta
771 1385 1049 1453 patientur.
1094 1377 1220 1433 Non
1253 1381 1388 1432 enim
1419 1393 1666 1448 personas
1695 1375 1959 1430 subtrahet
1986 1376 2070 1445 qui

491 1486 565 1531 est
593 1475 820 1530 omnium
843 1471 1168 1532 dominator;
1199 1485 1290 1522 nec
1322 1469 1628 1522 reverebitur
1667 1465 2073 1536 magnitudinem

497 1567 818 1636 cujusquam,
843 1563 1085 1635 quoniam
1107 1560 1347 1630 pusillum
1377 1567 1425 1612 et
1449 1574 1694 1626 magnum
1722 1559 1830 1628 ipse
1857 1558 1995 1627 fecit,
2025 1564 2076 1610 et

493 1657 759 1727 wquah'ter
784 1671 910 1710 cura
935 1660 1011 1707 est
1039 1653 1112 1706 illi
1143 1668 1235 1722 pro
1265 1650 1521 1705 omnibus.
1550 1648 1876 1704 Fortioribus
1903 1658 2074 1701 autem

2170 935 2410 1004 Apostnli
2432 953 2444 985 :
2469 934 2538 988 Cu
2545 935 2712 1004 pimus
2732 949 3136 1003 unumquemque
3157 941 3376 985 vestrum
3398 932 3450 984 in
3473 929 3754 984 visceribus

2169 1024 2360 1077 Christi
2387 1039 2498 1077 esse
2545 1023 2764 1094 (Philip.
2792 1037 2828 1083 ι,
2856 1021 2934 1093 8).
2983 1021 3114 1077 Cum
3144 1023 3288 1076 enim
3318 1021 3548 1076 libenter
3570 1021 3676 1075 hoc
3701 1020 3753 1073 in

2170 1112 2290 1168 loco
2316 1151 2330 1176 ,
2376 1127 2441 1167 ac
2487 1113 2533 1166 si
2562 1112 2782 1167 marinis
2811 1111 3056 1166 ductibus
3096 1111 3329 1182 jactatus
3355 1154 3370 1179 ,
3401 1119 3456 1167 et
3484 1112 3538 1166 in
3567 1119 3755 1182 optato

2171 1210 2391 1258 evectus
2420 1210 2578 1272 portu
2607 1202 2768 1256 remis
2821 1202 2887 1274 (si
2917 1218 3022 1256 non
3053 1209 3231 1256 tantos
3261 1202 3503 1271 talesque
3533 1202 3758 1256 malitia:

2173 1293 2547 1362 episeOporum
2576 1291 2662 1345 vel
2690 1299 3003 1346 ceterorum
3031 1291 3390 1356 sacerdotum,
3415 1300 3508 1345 aut
3535 1291 3762 1347 clerico-

2172 1397 2291 1436 rum
2322 1381 2376 1434 in
2407 1389 2590 1434 nostro
2621 1394 2836 1450 quoque
2882 1380 3071 1435 ordine
3115 1381 3248 1448 erigi
3297 1382 3556 1436 adversus
3585 1381 3758 1436 Deum

2174 1472 2423 1524 vidissem
2447 1479 2674 1536 montes,
2696 1486 2831 1538 quos
2854 1486 2938 1524 me
2959 1472 3253 1526 secundum
3274 1472 3444 1540 legem
3468 1487 3568 1526 ceu
3592 1479 3763 1526 testes

2175 1563 2404 1632 primum
2436 1563 2580 1615 duris
2607 1561 2892 1615 verborum
2922 1562 3169 1617 cantibus
3191 1603 3205 1628 ,
3248 1562 3368 1617 dein
3400 1565 3683 1634 populum,
3715 1567 3762 1620 si

2179 1662 2354 1708 tamen
2372 1653 2737 1707 sanctionibus
2759 1653 2998 1720 inhzeret,
3017 1669 3122 1708 non
3147 1663 3203 1708 ut
3219 1655 3574 1726 corporaliter
3600 1658 3768 1712 inter-

493 1747 678 1818 fortior
692 1746 850 1800 instat
878 1742 1143 1797 cruciatio.
1171 1742 1250 1794 Ad
1272 1758 1355 1794 vos
1381 1757 1520 1811 ergo,
1550 1756 1716 1810 reges,
1735 1739 1784 1792 lii
1815 1746 1934 1792 sunt
1955 1754 2065 1791 ser-
2099 1753 2146 1812 Β
2175 1745 2440 1806 liciantur,
2457 1742 2550 1796 sed
2579 1742 2774 1796 mortui
2797 1743 2940 1797 vitiis
2963 1743 3144 1797 vivant
3158 1742 3288 1809 Deo,
3305 1759 3374 1799 ne
3401 1760 3762 1815 personarum

495 1853 672 1892 mones
701 1836 801 1891 mei
823 1876 838 1901 ,
868 1842 924 1889 ut
953 1833 1166 1888 discatis
1202 1834 1548 1903 sapientiam,
1580 1841 1630 1885 et
1670 1847 1770 1885 non
1801 1831 2070 1884 decidatis.

495 1928 596 1991 Qui
623 1926 760 1980 enim
787 1923 1122 1978 custodierint
1135 1921 1300 1992 justa,
1317 1921 1776 1991 justificabuntur;
1810 1929 1859 1974 et
1885 1921 1973 1992 qui
2001 1920 2078 1974 di-

498 2017 719 2072 dicerint
746 2025 952 2084 sancta,
979 2013 1440 2083 sanctificabuntur
1478 2013 1630 2085 (Sap.
1661 2028 1742 2080 v1,
1773 2012 1941 2082 9r“).

569 2107 658 2163 18.
704 2106 976 2162 Hactenus
1003 2121 1125 2160 cum
1162 2106 1378 2176 regibus
1408 2106 1593 2176 patria:
1620 2121 1728 2160 non
1756 2105 1934 2160 minus
1959 2119 2082 2174 pro-

496 2203 781 2272 phetarum
811 2199 1043 2254 oraculis
1070 2213 1232 2269 quam
1278 2198 1477 2254 nostris
1523 2198 1862 2254 sermonibus
1911 2197 2082 2252 disce-

495 2289 793 2360 ptavimus,
824 2287 1063 2343 volentes
1089 2302 1184 2341 eos
1211 2287 1350 2342 scire
1385 2301 1504 2356 quae
1531 2288 1792 2358 propheta
1821 2286 2031 2340 dixerat
2062 2302 2076 2340 :

498 2379 679 2446 Quasi,
703 2379 970 2450 inquiens,
993 2396 1025 2433 a
1051 2379 1184 2450 facie
1203 2377 1397 2433 colubri
1421 2380 1540 2449 fuge
1559 2386 1788 2448 peccata.
1817 2377 1878 2432 Si
1902 2391 2079 2430 acces-

495 2475 624 2530 seris
651 2473 722 2528 ad
749 2473 842 2529 illa
857 2511 874 2538 ,
901 2473 1182 2541 suscipient
1203 2479 1253 2525 te
1276 2470 1456 2526 dentes
1484 2471 1646 2525 leonis
1667 2485 1686 2523 :
1707 2469 1883 2523 dentes
1904 2484 2079 2522 eorum

497 2564 866 2634 interﬁcientes
910 2563 1114 2616 animas
1154 2561 1416 2615 hominum
1457 2559 1644 2630 (Eccli.
1674 2575 1786 2624 ut,
1817 2558 1870 2623 Ξ,
1905 2559 1982 2628 5).
2013 2556 2079 2613 Et

499 2657 693 2712 iterum
725 2674 738 2710 :
770 2652 940 2719 Quam
965 2670 1156 2724 magna
1184 2653 1544 2708 misericordia
1575 2651 1804 2716 Domini,
1836 2661 1887 2705 et
1911 2652 2080 2722 propi-

499 2749 644 2801 tiatio
671 2746 782 2816 ejus
809 2742 1213 2800 concertantibus
1241 2743 1311 2796 ad
1335 2759 1390 2796 se
1421 2741 1608 2814 (Eccli.
1633 2758 1758 2806 xvu,
1783 2742 1903 2812 9.8)!
1938 2741 2003 2796 Et
2031 2742 2078 2798 si

2175 1849 2368 1904 arguar
2385 1834 2738 1904 exceptionis,
2753 1835 2880 1888 totis
2904 1849 3125 1890 necesse
3146 1842 3229 1890 est
3249 1835 3452 1892 viribus
3473 1836 3763 1906 lapidare),

2173 1924 2494 1980 verecundia
2561 1925 2950 1980 interveniente
3020 1928 3376 1996 quiescerem.
3447 1927 3555 1983 Sed
3629 1930 3763 1984 mihi

2177 2031 2361 2087 qumso
2385 2057 2400 2081 ,
2449 2024 2508 2070 ut
2529 2016 2640 2086 jam
2669 2017 2721 2072 in
2750 2018 3114 2086 superioribus
3141 2017 3250 2073 dixi
3276 2060 3292 2086 ,
3337 2020 3406 2075 ab
3434 2020 3518 2076 his
3545 2021 3762 2075 veniam

2181 2107 2467 2176 impertiri,
2497 2122 2725 2178 quorum
2752 2108 2917 2162 vitam
2960 2123 3069 2163 non
3120 2108 3294 2164 solum
3343 2108 3529 2178 laudo,
3572 2125 3766 2164 verum

2181 2199 2343 2254 etiam
2369 2199 2576 2254 eunetis
2603 2199 2788 2255 mundi
2823 2200 3014 2269 opibus
3043 2198 3269 2272 prtefero
3293 2243 3309 2269 ,
3357 2201 3617 2271 cujusque
3654 2217 3764 2266 me,

2181 2288 2228 2343 si
2257 2289 2368 2343 ﬁeri
2408 2291 2618 2360 possit,
2664 2301 2788 2346 ante
2815 2301 3042 2346 mortem
3072 2306 3190 2347 esse
3217 2291 3524 2361 aliquandiu
3553 2292 3770 2363 partici-

2181 2395 2302 2450 pem
2333 2388 2462 2450 opto
2488 2388 2543 2436 et
2572 2381 2696 2436 sitio
2720 2421 2735 2446 ,
2767 2383 2968 2436 nostris
3009 2381 3120 2451 jam
3166 2397 3310 2438 nunc
3338 2382 3621 2438 obvallatis
3649 2398 3770 2438 san-

2180 2483 2391 2528 ctorum
2419 2471 2629 2528 duobus
2651 2473 2850 2545 clypeis
2877 2473 3134 2530 lateribus
3157 2474 3372 2528 invictis
3397 2473 3561 2529 dorso
3583 2473 3780 2528 adver—

2181 2563 2359 2617 sitatis
2402 2563 2602 2618 muenia
2624 2604 2639 2627 ,
2671 2564 2906 2619 stabilito
2934 2564 3110 2634 capite
3131 2603 3146 2628 ,
3177 2578 3277 2635 pro
3305 2563 3458 2633 galea
3491 2563 3769 2634 adjutorio

2179 2653 2394 2708 Domini
2424 2652 2677 2708 ﬁdissime
2705 2662 2956 2710 contecto
2979 2695 2995 2721 ,
3037 2654 3228 2711 crebro
3272 2654 3549 2711 veracium
3577 2653 3767 2711 volatu

2186 2743 2272 2798 vel
2301 2743 2490 2798 alitent
2517 2744 2883 2799 conviciorum
2912 2751 3116 2799 cautes.

514 2909 3687 2934 Μ

1235 3147 1240 3150 _
1753 3049 2041 3124 PARS
2093 3051 2543 3128 TERTIA.

1076 3225 1493 3332 GILDJE
1571 3217 2350 3330 INCREPATIO
2404 3227 2538 3331 IN
2613 3229 3182 3336 CLERUM.

571 3500 751 3556 Cartrr
791 3511 1007 3551 rnruuu.
1040 3492 1332 3560 lncrepatio
1360 3493 1411 3546 in
1441 3492 1728 3547 clerum.—
1755 3493 2081 3552 Sacerdotes
2107 3499 2152 3560 C
2185 3497 2383 3560 dicam,
2417 3499 2540 3554 licet
2568 3499 2745 3568 inepta
2777 3513 2884 3552 non
2913 3505 3022 3552 tam
3050 3497 3179 3553 mihi
3209 3512 3370 3567 quam
3401 3497 3529 3554 talia
3561 3498 3770 3568 agenti-

508 3589 674 3644 habet
699 3585 1002 3647 Britannia,
1034 3581 1126 3636 sed
1159 3581 1500 3650 insipientes;
1529 3583 1952 3652 quamplurimos
1983 3586 2085 3639 mi-

509 3681 728 3741 nistros,
760 3675 855 3731 sed
887 3673 1277 3742 imprudentes;
1305 3671 1553 3733 clericos,
1579 3671 1672 3725 sed
1698 3682 1942 3742 raptores
1963 3673 2090 3729 sub-

507 3773 698 3836 dolos;
728 3775 992 3839 pastores,
1019 3775 1078 3819 ut
1097 3765 1366 3829 dicuntur,
1388 3763 1482 3819 sed
1511 3765 1768 3820 occisioni
1791 3765 2088 3822 animarum

509 3866 664 3937 lupos
691 3868 936 3933 paratos;
967 3857 1162 3927 quippe
1185 3871 1291 3910 non
1319 3855 1600 3910 commoda
1630 3855 1771 3925 plebi
1801 3857 2086 3928 providen-

509 3965 627 4019 tes,
675 3951 770 4006 sed
817 3947 1016 4020 praprii
1056 3943 1447 4016 plenitudinem
1491 3945 1694 3999 ventris
1737 3955 2084 4015 quaerentes:

511 4043 752 4102 ecclesiae
775 4042 966 4096 domus
993 4038 1255 4092 habentes
1275 4077 1290 4103 ,
1319 4035 1413 4090 sed
1443 4035 1614 4106 turpis
1642 4035 1773 4090 lucri
1799 4037 1968 4106 gratia
1997 4053 2091 4093 eas

510 4138 800 4200 adeuntes;
836 4130 1067 4202 populos
1106 4129 1393 4190 docentes,
1421 4125 1517 4181 sed
1545 4126 1832 4196 praebendo
1860 4127 2090 4197 pessima

507 4223 752 4295 exempla
773 4261 790 4288 ,
818 4222 948 4276 vitia
978 4217 1254 4284 malosque
1290 4231 1501 4281 mores;
1541 4230 1666 4270 raro
1705 4217 2089 4286 sacrilicantes,

509 4326 565 4372 et
592 4327 865 4384 nunquam
891 4326 1028 4383 puro
1050 4308 1212 4364 corde
1239 4308 1378 4362 inter
1405 4305 1590 4361 altaria
1615 4314 1851 4374 stantes;
1881 4307 2091 4379 plebem

513 4408 585 4463 ob
609 4411 837 4480 peccata
865 4416 972 4456 non
1003 4399 1358 4467 corripientes
1375 4437 1390 4464 ,
1432 4397 1678 4452 nimirum
1704 4397 1896 4454 eadem
1925 4409 2117 4468 agen-l

513 4510 624 4564 tes;
666 4502 931 4566 praecepta
977 4490 1174 4546 Christi
1223 4496 1564 4560 spernentes,
1595 4497 1652 4544 et
1683 4505 1809 4544 suas
1847 4489 2094 4546 libidines

513 4587 684 4642 modis
701 4585 945 4638 omnibus
967 4581 1188 4651 implere
1211 4587 1484 4645 curantes;
1507 4579 1688 4634 sedem
1706 4579 1848 4634 Petri
1865 4581 2092 4650 apostoli

513 4673 800 4734 immundis
828 4674 1051 4744 pedibus
1080 4679 1417 4740 usurpantes,
1442 4670 1533 4724 sed
1565 4671 1758 4724 merito
1787 4669 2094 4738 cupiditatis

514 4772 568 4826 in
587 4767 739 4824 ludat
761 4765 1032 4821 traditoris
1052 4762 1390 4834 pestilentem
1419 4761 1726 4816 cathedram
1749 4759 2090 4827 decidentes;

2189 3588 2312 3659 bus)
2362 3589 2742 3654 humiliantcs;
2799 3589 3191 3644 ecclesiasticos
3233 3596 3356 3658 post
3408 3589 3524 3644 haec
3569 3589 3769 3657 gradus

2189 3681 2508 3752 propensius
2543 3696 2702 3750 quam
2749 3694 2910 3748 regna
2954 3679 3215 3735 caelorum
3259 3679 3582 3744 ambientes,
3610 3688 3666 3734 et
3695 3688 3771 3750 ty-

2188 3772 2410 3827 rannico
2440 3771 2545 3826 ritu
2589 3779 2840 3840 acceptos
2883 3767 3230 3825 defendentes
3253 3809 3270 3835 ,
3307 3785 3406 3825 nec
3435 3778 3617 3824 tamen
3645 3771 3772 3840 legi-

2189 3859 2335 3914 timis
2365 3860 2605 3914 moribus
2633 3859 3002 3926 illustrantes;
3055 3859 3120 3913 ad
3152 3867 3415 3929 prteeepta
3455 3868 3768 3915 sanctorum

2191 3949 2258 4018 (si
2285 3949 2571 4018 aliquando
2618 3948 2879 4004 duntaxat
2926 3949 3192 4004 audierint
3215 3964 3334 4018 qua:
3364 3949 3432 4003 ab
3464 3949 3568 4004 illis
3597 3950 3770 4020 saepis-

2189 4040 2325 4095 sime
2349 4039 2610 4094 audienda
2639 4038 2828 4110 erant)
2875 4040 3165 4093 oscitantes
3216 4054 3283 4094 ac
3329 4041 3593 4110 stupidos,
3623 4048 3681 4098 et
3706 4041 3770 4096 ad

2191 4130 2392 4185 ludicra
2422 4139 2477 4184 et
2503 4131 2713 4200 ineptas
2740 4129 3074 4184 secularium
3113 4130 3391 4184 hominum
3422 4129 3631 4187 fabulas
3653 4171 3670 4197 ,
3710 4146 3772 4186 ac

2191 4219 2237 4274 si
2259 4220 2362 4274 iter
2384 4220 2483 4273 via:
2505 4234 2624 4288 qua:
2651 4219 2838 4273 mortis
2867 4220 3125 4289 pandunt,
3151 4228 3398 4274 strenuos
3426 4229 3482 4274 et
3503 4222 3772 4287 intentos;

2193 4306 2530 4378 pinguedinis
2557 4309 2727 4377 gratia
2758 4317 3035 4362 taurorum
3077 4323 3229 4364 more
3252 4324 3464 4376 raucos,
3496 4319 3556 4364 et
3578 4310 3647 4365 ad
3677 4312 3776 4365 illi-

2193 4397 2298 4452 cita
2331 4395 2615 4456 infeliciter
2640 4406 2950 4468 promptos;
2981 4397 3158 4451 vultus
3185 4407 3502 4466 arroganter
3527 4397 3583 4452 in
3613 4399 3777 4453 altum

2193 4488 2455 4546 habentes
2479 4532 2496 4558 ,
2527 4499 2582 4546 et
2609 4505 2800 4544 sensus
2845 4491 3171 4544 conscientia
3201 4489 3544 4546 remordente
3573 4491 3643 4546 ad
3673 4493 3776 4547 ima

2192 4580 2278 4636 vel
2323 4588 2584 4636 tartarum
2629 4581 2944 4636 demersos:
2977 4595 3084 4635 uno
3130 4595 3259 4635 sane
3296 4581 3508 4650 perdito
3555 4583 3777 4636 denario

2195 4679 2438 4734 maestos,
2463 4678 2517 4726 et
2543 4671 2608 4726 ad
2633 4687 2799 4724 unum
2827 4671 3136 4740 inquisitum
3163 4671 3316 4726 lautos
3343 4690 3355 4724 :
3382 4672 3432 4726 in
3463 4673 3780 4742 apostolicis

2197 4761 2563 4818 sanctionibus
2607 4761 2678 4817 ob
2730 4762 2992 4816 inscitiam
3040 4761 3125 4816 vel
3167 4770 3514 4832 peccatorum
3570 4763 3784 4832 pondus

514 4861 798 4919 veritatem
826 4874 927 4930 pro
961 4857 1175 4912 inimico
1217 4855 1462 4910 odientes
1483 4893 1499 4920 ,
1542 4863 1597 4909 et
1635 4854 1926 4910 mendaciis
1952 4868 2018 4908 ac
2045 4855 2093 4909 si
2122 4859 2172 4919 1)
2199 4851 2317 4923 (ora
2346 4851 2506 4905 etiam
2535 4852 2817 4907 scientium
2846 4851 3194 4925 obturantes)
3231 4854 3453 4910 hebetes
3481 4870 3546 4909 ac
3575 4864 3782 4922 mutos,

516 4952 844 5010 charissimis
869 4949 1119 5004 fratribus
1140 4947 1407 5012 faventes;
1429 4946 1605 5014 iustos
1627 4946 1814 5016 inopes
1832 4946 2093 5001 immanes

515 5043 668 5116 quasi
694 5055 895 5110 angues
938 5040 1107 5094 torvis
1158 5037 1392 5094 vultibus
1422 5037 1818 5108 conspicantes,
1849 5046 1906 5092 et
1932 5037 2097 5093 scele-

516 5143 664 5190 ratos
690 5131 882 5188 divites
923 5131 1125 5200 absque
1168 5129 1278 5184 ullo
1319 5128 1654 5184 verecundia:
1681 5138 1928 5199 respectu
1955 5128 2096 5186 sicut

515 5229 762 5284 caelestes
798 5223 1019 5293 angelos
1064 5229 1414 5287 venerantes;
1463 5221 1646 5290 egenis
1696 5221 2093 5292 eleemosynam

513 5332 636 5374 esse
661 5315 890 5372 dandam
918 5313 1141 5369 summis
1170 5326 1201 5367 e
1240 5311 1394 5366 labiis
1439 5312 1795 5382 praedicantes
1817 5353 1832 5377 ,
1860 5313 1956 5367 sed
1989 5312 2093 5382 ipsi

522 5409 606 5463 vel
645 5407 862 5463 obolum
908 5419 1015 5460 non
1063 5403 1285 5468 dantes;
1318 5401 1545 5456 nefanda
1580 5403 1763 5473 populi
1791 5403 1996 5458 scelera
2021 5411 2096 5457 ta-

521 5479 710 5554 centes
731 5537 748 5565 ,
777 5505 832 5552 et
873 5509 998 5551 suas
1038 5492 1258 5561 injurias
1280 5495 1432 5562 quasi
1457 5491 1670 5548 Christo
1700 5494 1960 5562 irrogatas
1989 5508 2097 5547 am-

519 5586 847 5658 pliﬁcantes;
868 5583 1174 5652 religiosam
1192 5581 1329 5637 forte
1344 5591 1571 5638 matrem
1586 5598 1685 5638 seu
1705 5598 1920 5638 sorores
1934 5582 2095 5638 domo

519 5677 810 5746 pallentes,
837 5683 893 5730 et
920 5681 1172 5729 externas
1196 5672 1362 5726 veluti
1390 5674 1663 5728 secretiori
1689 5673 1990 5729 ministerio
2016 5672 2096 5727 fa-

521 5767 756 5825 miliares
801 5765 1109 5824 indecenter
1152 5763 1428 5834 levantes,
1478 5763 1560 5820 vel
1600 5763 1780 5833 potius
1831 5763 1930 5837 (ut
1967 5778 2094 5822 vera

2197 4949 2256 4998 et
2292 4942 2347 4996 in
2383 4939 2610 4996 ﬂexibus
2651 4942 2998 4997 mundialium
3049 4935 3384 5011 negotiorum
3427 4946 3788 5001 mendacibus

2197 5031 2538 5088 doctissimos
2587 5049 2601 5086 :
2650 5047 2877 5102 quorum
2936 5033 3004 5088 de
3058 5033 3320 5088 scelerata
3368 5036 3787 5091 conversatione

2196 5121 2396 5178 multos
2442 5121 2746 5178 sacerdotio
2791 5122 3054 5178 irruentes
3077 5161 3092 5188 ,
3125 5125 3304 5194 potius
3352 5125 3434 5178 vel
3475 5123 3605 5178 illud
3649 5139 3788 5194 pene

2198 5211 2344 5267 omni
2369 5212 2591 5282 pecunia
2617 5213 2968 5280 redimentes,
2991 5228 3153 5282 quam
3181 5221 3404 5280 tractos,
3426 5223 3484 5269 et
3512 5213 3567 5268 in
3593 5215 3789 5270 eodem

2201 5304 2369 5361 veteri
2397 5303 2734 5373 infaustaque
2780 5305 3196 5360 intolerabilium
3243 5304 3579 5375 piaculorum
3628 5319 3788 5360 emno

2197 5404 2323 5467 post
2348 5397 2736 5452 sacerdotalem
2765 5397 3106 5468 episc0patus
3141 5398 3225 5452 vel
3252 5395 3575 5468 presbyterii
3603 5398 3786 5452 sedem

2199 5489 2334 5561 (qui
2377 5505 2477 5546 nec
2505 5490 2687 5546 itidem
2717 5505 2938 5560 usquam
2968 5490 3262 5560 sederunt)
3309 5497 3370 5544 ut
3397 5497 3528 5560 pote
3567 5489 3787 5560 indigne

2196 5595 2487 5651 porcorum
2514 5595 2664 5636 more
2693 5581 3018 5646 volutantes,
3045 5588 3200 5651 rapto
3223 5587 3432 5635 tantum
3461 5578 3785 5636 sacerdotali

2197 5673 2436 5737 nomine,
2475 5688 2576 5729 nec
2621 5681 2801 5727 tamen
2845 5681 3038 5727 tenore
3079 5672 3165 5726 vel
3199 5671 3497 5742 apostolica
3525 5670 3784 5739 dignitate

2199 5772 2454 5836 accepta;
2485 5761 2580 5820 sed
2600 5763 2690 5833 qui
2713 5762 2946 5818 nondum
2971 5760 3036 5818 ad
3064 5761 3326 5832 integram
3355 5759 3520 5817 ﬁdem
3550 5769 3678 5818 sunt
3701 5755 3780 5816 vel
