3952 6414
173 473 264 529 569

836 455 1038 513 LIBER
1075 453 1464 523 QUERULUS.
1505 453 1683 510 PARS
1719 453 1806 508 lli.
1846 451 2257 507 liiCiiEl'ATlO
2293 450 2362 506 IN
2399 450 2702 506 CLERUM.

3308 453 3416 508 570
3445 465 3450 470 '

172 583 405 638 malorum
431 568 740 644 pmnitentia
768 565 945 622 idonei
977 608 993 634 ,
1031 565 1306 635 quomodo
1335 565 1401 620 ad
1428 564 1725 636 quemlibet
1753 568 1800 624 Α
1828 562 1996 628 libus,
2029 571 2086 617 ut
2114 562 2250 617 dixit
2277 561 2568 632 Apostolus
2595 562 2721 634 (Tit.
2755 580 2798 630 ι,
2831 563 2920 633 12)
2944 605 2960 630 ,
2992 563 3182 622 bestiis
3207 569 3412 622 ventris

172 667 558 729 ecclesiasticum
607 662 689 731 (ut
716 674 824 714 non
851 657 1026 712 dicam
1053 656 1345 727 summum)
1392 657 1718 712 convenien-

172 773 280 829 tes,
304 768 356 815 et
390 754 562 825 adepti
604 749 829 820 gradum
876 763 1040 820 quem
1090 747 1302 803 nonnisi
1347 749 1520 803 sancti
1559 756 1721 816 atque

174 852 371 928 perfecti
399 857 454 907 et
479 845 840 918 apostolorum
889 842 1209 903 imitatores,
1255 848 1310 894 et
1357 840 1458 912 (ut
1483 839 1722 908 magistri

173 949 386 1020 gentium
416 942 586 999 verbis
613 936 824 1010 loquar)
874 935 1372 1007 irreprehensibiles
1405 934 1642 1004 legitime
1669 941 1727 990 et

175 1039 350 1108 absque
376 1049 565 1104 magno
593 1029 860 1098 sacrilegii
887 1029 1112 1084 crimine
1140 1026 1474 1097 suscipiunt?

233 1131 350 1186 Car.
380 1143 434 1183 ιι.
481 1124 560 1179 De
596 1122 778 1178 eadem
806 1137 881 1176 re.
922 1148 995 1160 —
1019 1117 1158 1186 Quid
1189 1119 1332 1174 enim
1363 1125 1473 1172 tam
1502 1118 1727 1188 impium

173 1233 368 1294 tamque
390 1219 672 1276 scelestum
702 1224 816 1285 est,
843 1231 1004 1288 quam
1032 1214 1100 1270 ad
1127 1214 1526 1271 similitudinem
1551 1211 1732 1268 Simo-

173 1314 246 1370 nis
283 1311 413 1382 Magi
465 1311 602 1380 (Act.
630 1325 743 1373 vm,
777 1307 867 1375 18)
895 1350 912 1376 ,
959 1321 1068 1362 non
1097 1305 1576 1362 intervenientibus
1602 1304 1730 1359 licet

173 1405 354 1460 interea
383 1401 699 1474 promiscuis
725 1399 1069 1464 criminibus,
1121 1397 1459 1468 episcopatus
1495 1395 1730 1452 officium

173 1495 466 1568 presbyterii
495 1503 710 1550 terreno
737 1492 912 1563 pretio
930 1534 947 1560 ,
975 1490 1122 1562 quod
1147 1485 1434 1545 sanctitate
1461 1489 1734 1558 rectisque

175 1586 388 1642 moribus
412 1584 690 1640 decentius
717 1583 1040 1652 acquiritur,
1079 1581 1387 1652 quempiam
1421 1579 1560 1635 velle
1587 1594 1731 1634 mer—

174 1675 310 1731 cari?
334 1673 436 1730 Sed
457 1675 510 1728 in
530 1689 597 1730 eo
619 1673 705 1728 isti
725 1672 1046 1743 propensius
1067 1671 1151 1728 vel
1171 1671 1508 1742 desperatius
1527 1677 1727 1739 errant,

173 1780 268 1836 quo
291 1782 391 1821 non
419 1767 485 1821 ab
509 1763 770 1836 apostolis
795 1764 882 1820 vel
909 1764 1280 1836 apostolorum
1308 1763 1730 1828 successoribus,

1825 653 2189 725 pnnstolaris?
2221 652 2383 709 Hisne
2432 654 2734 722 corrigeris,
2764 654 2856 724 qui
2885 655 3090 726 seipsos
3117 673 3226 713 non
3248 656 3412 713 modo

1825 746 1893 802 ad
1935 747 2078 802 bona
2117 761 2226 801 non
2255 747 2516 812 incitant,
2547 747 2642 802 sed
2679 747 2974 804 secundum
3010 751 3288 821 prophetae
3313 767 3412 808 ex-

1825 836 2228 906 probrationem
2261 853 2274 888 :
2305 834 2571 890 Laborant
2596 844 2652 889 ut
2675 838 2849 910 inique
2872 847 3033 909 agant
3062 840 3193 911 (Jer.
3220 855 3294 908 lx,
3321 839 3406 910 5)?

1825 927 2114 982 Talibusne
2142 926 2312 981 oculis
2339 925 2712 991 illustraberis,
2743 927 2835 996 qui
2885 927 2999 983 haec
3025 937 3230 984 tantum
3255 931 3412 986 avide

1826 1017 2192 1088 speculantur,
2225 1033 2346 1088 qum.
2374 1018 2612 1088 proclive
2639 1018 2804 1082 vitiis,
2838 1019 2888 1072 id
2917 1029 3002 1074 cst
3031 1021 3216 1076 tartari
3241 1024 3416 1092 portis

1826 1111 2074 1167 ducant?
2145 1111 2241 1166 Vel
2307 1121 2454 1167 certe
2507 1111 2801 1167 secundum
2864 1113 3160 1170 Salvatoris
3213 1115 3412 1171 dictum

1830 1199 2046 1272 (Matth.
2077 1217 2166 1267 xv,
2201 1201 2310 1272 14),
2337 1202 2383 1257 si
2411 1218 2518 1256 non
2549 1203 2680 1258 istos
2708 1205 3088 1273 rapacissimos
3116 1213 3176 1260 ut
3204 1205 3414 1263 Arabia:

1828 1293 2008 1364 lupos,
2039 1307 2104 1348 ac
2144 1293 2193 1347 si
2237 1291 2376 1346 Loth
2423 1292 2489 1348 ad
2537 1301 2774 1349 montem
2814 1295 3025 1362 igneum
3057 1295 3416 1352 Sodomorum

1830 1385 2056 1442 imbrem
2083 1382 2360 1452 fugeritis,
2390 1385 2518 1440 cmci
2549 1386 2727 1441 educti
2755 1402 2786 1441 a
2813 1389 2968 1443 (κηρὶς
3017 1387 3071 1444 in
3119 1389 3310 1446 inferni
3334 1389 3420 1445 fo-

1829 1491 1986 1532 veam
2007 1475 2230 1534 cadetis.
2259 1476 2366 1532 Sed
2385 1475 2607 1532 forsitan
2631 1478 2822 1548 aliquis
2843 1479 2986 1535 dicat
3005 1496 3113 1536 non
3135 1483 3209 1536 ita
3229 1496 3420 1538 omnes

1832 1567 2070 1638 episcOpi
2093 1567 2176 1622 vel
2196 1567 2494 1639 presbyteri
2519 1575 2576 1622 ut
2601 1569 2845 1638 superius
2871 1571 3264 1641 comprehensi,
3293 1575 3419 1644 quia

1832 1675 1944 1714 non
1972 1659 2278 1716 schismatis
2299 1699 2313 1725 ,
2345 1676 2454 1716 non
2483 1660 2747 1732 superbia:
2768 1702 2784 1727 ,
2817 1678 2926 1718 non
2957 1664 3303 1720 immundius:
3332 1666 3418 1722 in—

1834 1748 1994 1806 famia
2023 1751 2388 1820 maculantur,
2418 1752 2546 1806 mali
2574 1761 2701 1807 sunt
2732 1770 2745 1805 :
2775 1753 2921 1822 quod
2948 1769 3051 1810 nec
3074 1757 3422 1814 vehementer

172 1854 257 1910 sed
281 1870 310 1909 ε
338 1855 572 1928 tyrannis
611 1863 666 1910 ει
693 1871 726 1909 a
755 1863 912 1926 patre
959 1869 1146 1910 eorum
1188 1853 1406 1910 diabolo
1450 1853 1630 1909 fucata
1676 1863 1732 1909 et
1837 1851 1893 1898 et
1919 1857 2018 1899 nos
2055 1841 2365 1898 difﬁtemur.
2407 1841 2520 1898 Sed
2549 1842 2676 1898 licet
2698 1843 2933 1899 sciamus
2960 1859 3056 1902 eos
3081 1854 3262 1902 castos
3303 1863 3424 1904 esse

173 1960 421 2017 nunquam
448 1944 728 2017 ρι-οιυιιιη
775 1952 964 2000 emunt
1008 1944 1312 2000 sacerdotia
1343 1961 1356 1998 ε
1387 1944 1516 2016 quin
1555 1943 1734 2014 potius
1766 1931 1810 1992 Β
1837 1946 1894 1992 et
1916 1936 2107 2003 bonos,
2139 1935 2376 1992 breviter
2402 1945 2581 1991 tamen
2610 1937 3059 2006 respondebimus
3089 1957 3103 1992 :
3135 1937 3272 2006 Quid
3298 1956 3428 2010 pro-

172 2035 303 2092 velut
320 2035 524 2091 culmen
552 2025 864 2107 tectumque
888 2036 1152 2092 malorum
1174 2035 1416 2091 omnium
1436 2035 1732 2106 quoddam,

172 2139 268 2194 quo
287 2142 389 2182 non
407 2126 564 2182 facile
591 2128 670 2184 eis
694 2127 1126 2198 improperentur
1153 2142 1184 2182 a
1205 2141 1475 2197 quoquam
1501 2127 1733 2182 admissa

173 2217 330 2287 prisca
357 2217 438 2272 vel
466 2232 636 2283 nova,
669 2225 722 2273 et
753 2217 1060 2288 cupiditatis
1087 2218 1331 2290 gulceque
1359 2218 1641 2285 desideria,
1675 2224 1736 2274 ut

170 2317 286 2378 pote
311 2309 578 2378 praepositi
607 2309 901 2366 multorum
939 2308 1148 2366 facilius
1195 2311 1445 2380 rapiant,
1492 2311 1734 2366 scelestae

169 2395 278 2450 vitae
302 2406 582 2454 structum
626 2409 1019 2472 superponunt.
1067 2401 1200 2457 Nam
1249 2403 1294 2458 si
1342 2403 1465 2458 talis
1493 2405 1735 2474 profecto

171 2489 506 2559 coemptionis
534 2491 775 2548 conditio
802 2491 870 2554 ab
901 2492 1297 2564 impudentibus
1326 2493 1440 2550 istis
1464 2533 1480 2561 ,
1519 2511 1626 2549 non
1655 2495 1738 2550 di-

169 2591 273 2633 wm
301 2581 541 2650 apostolo
595 2578 757 2636 Petro
787 2622 803 2648 ,
835 2582 928 2638 sed
971 2583 1191 2639 cuilibet
1235 2592 1426 2642 sancto
1469 2585 1737 2642 sacerdoti

169 2668 352 2740 pioque
373 2673 490 2743 regi
521 2674 728 2743 ingesta
756 2675 960 2743 fuisset,
989 2677 1178 2732 eadem
1207 2691 1466 2749 responsa
1494 2681 1738 2751 accepis-

166 2769 278 2814 sent
301 2767 417 2830 quz'c
463 2765 536 2820 ab
589 2765 838 2835 apostolo
885 2774 1074 2822 auctor
1100 2768 1413 2824 earumdem
1444 2769 1630 2838 Magus
1655 2771 1740 2826 Si-

164 2867 300 2919 mon,
331 2853 546 2910 dicente
575 2853 739 2911 Petro
771 2873 786 2911 :
818 2856 1054 2913 Pecunia
1083 2868 1172 2913 tua
1203 2869 1366 2914 tecum
1393 2861 1458 2914 sit
1488 2863 1540 2915 in
1569 2863 1741 2932 perdi-

166 2941 338 2997 tionem
353 2942 544 3016 (Ibid.,
559 2943 672 3017 20).
693 2944 803 3002 Sed
822 2945 984 3015 forte,
1006 2947 1144 3004 heu!
1175 2950 1265 3019 qui
1290 2950 1583 3008 ambitores
1610 2952 1742 3008 istos

163 3033 434 3104 ordinant,
466 3039 582 3094 imo
608 3040 788 3110 potius
817 3041 1098 3097 bumiliant
1118 3081 1134 3108 ,
1178 3051 1342 3115 atque
1369 3060 1472 3116 pro
1522 3045 1745 3102 benedi-

163 3125 329 3182 ctione
364 3129 704 3186 maledicunt
723 3171 740 3198 ,
778 3132 906 3186 dum
934 3147 1002 3188 ex
1031 3135 1406 3204 peccatoribus
1435 3151 1542 3192 non
1571 3137 1745 3208 pumi-

167 3218 351 3288 temes,
381 3220 538 3290 quod
565 3223 768 3278 rectius
796 3223 992 3294 fuerat,
1023 3225 1118 3282 sed
1146 3227 1436 3298 sacrilegos
1464 3235 1521 3286 et
1546 3229 1742 3302 despe-

1834 2027 1934 2083 fuit
1961 2027 2080 2084 Heli
2109 2027 2376 2085 sacerdoti
2395 2027 2452 2099 (Ι
2477 2027 2610 2100 Reg.
2633 2043 2692 2096 ιι,
2716 2027 2800 2095 ll,
2829 2028 2923 2096 12;
2956 2046 3033 2094 tu,
3062 2029 3154 2100 12)
3178 2031 3321 2102 quod
3337 2047 3426 2088 so-

1836 2121 1921 2176 lus
1949 2136 2059 2176 non
2087 2120 2368 2176 violaverit
2398 2129 2668 2190 prmcepta
2698 2120 2937 2187 Domini,
2971 2122 3229 2194 rapiendo
3257 2123 3312 2178 in
3342 2124 3428 2179 fu-

1839 2213 2081 2278 scinulis,
2113 2221 2404 2284 antequam
2431 2213 2598 2282 adeps
2626 2213 2854 2268 Domino
2881 2215 3184 2284 offerretur,
3213 2232 3280 2273 ex
3306 2217 3428 2274 ollis

1837 2321 2064 2373 carnes,
2093 2305 2220 2362 dum
2249 2305 2436 2360 eadem
2465 2305 2654 2361 mortis
2681 2305 2760 2361 ira
2789 2321 2895 2376 qua
2927 2307 3020 2362 filii
3045 2317 3172 2364 sunt
3198 2311 3428 2367 mulcta-

1837 2403 1928 2450 tur
1975 2395 2026 2468 (Ι
2057 2395 2182 2467 Reg.
2216 2390 2295 2464 iv,
2319 2394 2444 2466 li)?
2492 2393 2623 2462 Quis
2666 2411 2801 2466 rogo
2843 2413 3030 2454 eorum
3070 2401 3141 2456 ob
3170 2401 3426 2458 invidiam

1837 2488 2077 2543 melioris
2105 2489 2293 2543 hostia:
2321 2487 2661 2558 cmlestisque
2687 2489 2810 2559 igne
2837 2490 2892 2545 in
2921 2491 3090 2547 caelos
3118 2502 3340 2561 evecta,
3371 2503 3431 2550 ut

1840 2577 1998 2647 Abel,
2019 2579 2227 2636 occisus
2258 2577 2412 2651 (Gen.
2437 2594 2511 2646 tv,
2537 2577 2627 2649 8);
2660 2579 2752 2648 qui
2775 2581 2938 2636 etiam
2965 2582 3252 2640 mediocris
3280 2586 3428 2640 verbi

1841 2677 2202 2739 aspernantur
2245 2670 2585 2726 convicium?
2630 2671 2762 2738 Quis
2797 2689 3009 2743 perosus
3035 2683 3118 2730 est
3156 2677 3431 2732 comitium

1841 2761 2270 2832 malignantium,
2301 2771 2351 2815 et
2389 2778 2505 2816 cum
2532 2763 2704 2835 impiis
2734 2781 2838 2819 non
2865 2766 3002 2820 sedit
3045 2765 3270 2838 (Psalm.
3304 2785 3432 2836 xxv,

1841 2851 1921 2921 5),
1953 2853 2026 2908 ita
2047 2861 2106 2908 ut
2129 2852 2198 2907 de
2225 2869 2292 2908 eo
2328 2854 2566 2911 veridice
2593 2857 2746 2927 quasi
2773 2856 2842 2913 de
2869 2855 3092 2915 Henoch
3119 2859 3430 2917 diceretur:

1843 2941 2364 2998 AmbularitHenoch
2391 2959 2509 2998 cum
2533 2943 2668 3014 Deo,
2696 2957 2749 3002 et
2771 2963 2876 3002 non
2899 2949 3250 3006 inveniebatur
3277 2951 3432 3023 (Gen.

1843 3050 1896 3100 v,
1929 3033 2062 3103 22),
2104 3035 2158 3090 in
2200 3035 2386 3090 mundi
2435 3037 2647 3092 scilicet
2675 3040 2914 3094 vanitate
2941 3041 3117 3096 omnis
3143 3051 3266 3112 post
3293 3041 3434 3100 idola

1845 3124 2082 3194 proclive
2103 3123 2157 3178 id
2181 3125 2443 3195 temporis
2461 3125 2785 3194 claudicare,
2805 3130 2996 3186 relicto
3015 3129 3146 3198 Deo,
3174 3126 3437 3204 incipien-

1849 3217 1958 3272 tis?
2008 3216 2140 3284 Quis
2169 3231 2360 3273 eorum
2385 3217 2612 3274 salutari
2648 3219 2701 3274 in
2729 3234 2855 3274 arca
2908 3221 3035 3291 (hoc
3059 3231 3142 3278 est
3164 3239 3308 3280 nunc
3335 3223 3437 3281 Ec-

164 3318 301 3364 ηιοε
361 3309 610 3378 facium,
661 3322 718 3370 ει
781 3313 970 3370 Judam
1037 3317 1440 3386 quodammodo
1490 3319 1548 3376 in
1599 3319 1746 3376 Ρειιιί
1775 3306 1820 3370 C
1851 3306 2080 3378 clesia),
2130 3307 2334 3363 nullum
2383 3309 2495 3364 Deo
2539 3309 2959 3380 adversantem,
3006 3320 3065 3368 ut
3104 3311 3216 3370 Noe
3252 3314 3438 3372 diluvii

162 3402 404 3460 cathedra
449 3404 670 3462 Domini
719 3407 1036 3466 traditorem
1061 3449 1077 3477 ,
1109 3425 1173 3466 ac
1213 3410 1494 3468 Nicolaum
1541 3413 1596 3469 in
1623 3413 1744 3470 loco

161 3487 408 3561 Stephani
433 3496 693 3567 martyris
715 3505 960 3552 statuunt
982 3498 1268 3554 immundae
1295 3499 1562 3558 hatreseos
1590 3503 1746 3558 adin-

161 3589 450 3651 ventorem,
468 3585 666 3642 eodem
687 3587 849 3644 modo
869 3587 1171 3645 sacerdotio
1193 3591 1346 3648 asciti
1367 3603 1524 3660 sunt;
1548 3602 1602 3650 et
1624 3593 1748 3650 ideo

159 3687 260 3729 non
285 3689 621 3749 magnopere
653 3677 996 3736 detestantur
1020 3680 1073 3736 in
1121 3680 1244 3737 ﬁliis
1267 3721 1282 3749 ,
1313 3684 1556 3754 quinimo
1584 3701 1748 3743 vene-

159 3773 361 3837 rantur,
389 3770 542 3839 quod
579 3769 828 3826 similiter
873 3780 932 3827 ut
977 3773 1218 3844 patribus
1262 3774 1489 3832 subinde
1534 3778 1748 3835 venisse

158 3857 514 3916 certissimum
547 3869 648 3915 est.
683 3859 896 3917 Etenim
923 3878 1041 3932 eos,
1069 3865 1116 3919 si
1147 3865 1200 3920 in
1226 3867 1571 3936 parochiam,
1611 3871 1750 3925 resi-

159 3951 418 4008 stentibus
443 3952 549 4007 sibi
581 3960 638 4008 et
666 3962 776 4007 tam
815 3955 1108 4023 pretiosum
1137 3965 1401 4026 quaestum
1429 3957 1745 4028 deueganti-

157 4039 254 4097 bus
295 4059 492 4100 severe
549 4044 947 4102 comessoribus
971 4088 986 4115 ,
1037 4046 1342 4118 huiusmodi
1403 4051 1750 4120 margaritam

155 4133 394 4193 invenire
415 4153 528 4193 non
552 4138 789 4208 possint;
819 4139 1108 4208 praemissis
1126 4147 1251 4196 ante
1269 4140 1499 4197 sollicite
1525 4143 1748 4211 nuntiis,

154 4229 565 4298 transnavigare
593 4228 784 4293 maria,
817 4236 1097 4300 terrasque
1125 4231 1390 4302 spatiosas
1417 4239 1752 4292 transmeare

155 4331 260 4372 non
291 4327 402 4374 tam
443 4321 600 4390 piget
625 4333 786 4390 quam
820 4320 1090 4389 delectat;
1131 4331 1191 4378 ut
1227 4325 1450 4381 omnino
1479 4325 1601 4382 talis
1627 4341 1754 4398 spe-

152 4411 258 4465 cies
286 4410 859 4482 inmquiparabilisque
884 4412 1246 4485 pulchritudo,
1271 4423 1347 4485 et,
1379 4425 1438 4473 ut
1465 4419 1644 4474 verius
1669 4419 1755 4475 di-

153 4511 268 4552 cam
293 4538 312 4566 ,
343 4499 622 4556 diabolica
650 4501 829 4558 illusio
851 4541 867 4568 ,
901 4502 988 4558 vel
1032 4504 1265 4561 venditis
1307 4508 1555 4564 omnibus
1582 4510 1753 4581 copiis

147 4597 521 4660 comparetur.
571 4589 702 4646 Dein
731 4607 854 4648 cum
901 4606 1098 4662 magno
1133 4606 1407 4666 apparatu
1453 4611 1755 4670 magnaque

1850 3404 2096 3470 tempore
2143 3397 2298 3469 (Gen.
2327 3413 2423 3466 vn,
2452 3399 2537 3470 7),
2590 3417 2698 3456 non
2744 3400 3001 3469 admisit;
3051 3409 3112 3458 ut
3157 3405 3440 3475 perspicua

1849 3500 2246 3548 monstraretur
2291 3492 2506 3548 nonnisi
2543 3493 2794 3552 innoxios
2819 3495 2906 3550 vel
2934 3496 3258 3566 pmnitentes
3285 3512 3439 3567 egre-

1849 3585 1968 3656 gios
1997 3585 2051 3641 in
2079 3584 2350 3642 dominica
2380 3585 2545 3644 domo
2574 3602 2695 3644 esse
2723 3587 2958 3644 debere?
2989 3589 3120 3657 Quis
3145 3591 3440 3648 victoribus

1851 3677 2027 3734 solum
2047 3718 2064 3746 ,
2094 3686 2152 3734 et
2178 3677 2233 3733 in
2253 3680 2578 3736 trecentario
2619 3695 2845 3737 numero
2897 3679 3027 3753 (hoc
3053 3689 3137 3738 est
3164 3682 3442 3741 Trinitatis

1849 3768 2227 3839 sacramento)
2277 3769 2506 3827 liberato
2548 3770 2694 3841 justo
2749 3770 2904 3843 (Gen.
2940 3787 3054 3840 xiv,
3089 3772 3202 3846 18),
3255 3789 3441 3844 regum

1851 3861 2088 3932 quinque
2135 3861 2544 3932 victriciumque
2589 3871 2888 3920 turmarum
2927 3867 3202 3924 exercitus
3247 3866 3443 3924 ferales

1851 3953 2206 4018 vincentibus,
2237 3959 2292 4008 et
2320 3967 2657 4023 nequaquam
2685 3955 2859 4026 aliena
2888 3957 3244 4026 cupientibus,
3272 3959 3440 4014 sacr'io

1853 4045 2032 4102 ﬁcium
2070 4043 2338 4110 offerens,
2379 4053 2440 4100 ut
2475 4045 2906 4112 Melchisedech,
2946 4047 3268 4104 benedixit?
3313 4049 3444 4116 Quis

1852 4144 2047 4207 sponte
2066 4135 2342 4207 proprium
2363 4135 2420 4190 in
2441 4135 2594 4190 altari
2623 4138 2799 4207 capite
2827 4137 3160 4204 caedendum,
3185 4145 3248 4194 ut
3272 4137 3446 4195 Abra-

1853 4227 1998 4294 ham,
2034 4227 2146 4284 Deo
2177 4227 2403 4297 jubeute
2426 4266 2442 4293 ,
2474 4227 2670 4283 obtulit
2717 4227 2882 4283 filium
2931 4226 3086 4302 (Gen.
3109 4245 3243 4298 xxu,
3268 4229 3356 4304 l);
3388 4239 3446 4286 ut

1855 4320 2031 4376 simile
2057 4319 2328 4389 quoddam
2359 4319 2483 4376 huic
2523 4321 2772 4391 impleret
2797 4319 2996 4377 Christi
3026 4322 3340 4378 mandatum
3367 4323 3447 4379 di-

1854 4413 2030 4470 centis
2055 4411 2270 4469 oculum
2299 4412 2550 4468 dextrum
2577 4415 3031 4470 scandalizantem
3058 4416 3218 4472 evelli
3251 4415 3450 4474 debere

1858 4495 2074 4576 (Matth.
2105 4521 2161 4572 v,
2192 4503 2323 4577 ‘29);
2367 4512 2424 4561 et
2448 4505 2729 4576 propheta:
2764 4515 3108 4577 prmcaveret,
3139 4521 3199 4564 se
3223 4508 3449 4564 maledi-
3469 4502 3499 4523 ’

1857 4608 2006 4656 ctum
2033 4615 2154 4657 esse
2179 4600 2411 4673 gladium
2452 4609 2502 4656 et
2539 4604 2846 4674 sanguinem
2874 4604 3252 4676 prohibentem
3297 4605 3319 4676 (
3335 4605 3444 4662 Jer.

147 4679 438 4748 phantasia
465 4681 558 4737 vel
585 4683 766 4752 potius
811 4683 1018 4739 insania
1055 4685 1376 4755 repedantes
1402 4687 1469 4743 ad
1497 4690 1750 4760 patriam,
1780 4683 1829 4744 ι)
1854 4706 2038 4760 xtvm,
2068 4691 2196 4762 10)?
2221 4690 2356 4759 Quis
2381 4693 2694 4748 memoriam
2724 4693 2994 4752 malefacti
3020 4695 3088 4752 de
3115 4695 3282 4753 corde
3309 4698 3452 4753 radi-

146 4782 214 4823 ex
243 4779 438 4826 erecto
489 4772 812 4827 erectiorem
865 4772 1133 4829 incessum
1179 4775 1427 4846 pingunt,
1468 4785 1526 4833 et
1551 4777 1752 4835 dudum

145 4863 501 4920 summitates
545 4865 810 4920 montium
855 4865 1253 4936 conspicantes,
1304 4883 1446 4926 nunc
1492 4879 1640 4926 recte
1685 4871 1754 4928 ad

145 4951 355 5008 aethera
392 4953 488 5008 vel
517 4953 584 5009 ad
627 4969 836 5010 summa
864 4956 1086 5011 nubium
1117 4957 1348 5026 vellera,
1379 4958 1637 5016 luminum
1665 4976 1754 5018 sed

143 5045 593 5116 midormitantes
618 5047 762 5102 acies
791 5047 990 5104 librant
1011 5088 1027 5114 ,
1075 5054 1148 5106 ac‘
1184 5066 1305 5106 sese
1342 5067 1481 5108 nova
1508 5055 1750 5124 qumdam

140 5133 460 5206 plasmata;
489 5137 598 5192 imo
627 5137 891 5194 diabolica
922 5154 1156 5210 organa,-
1189 5151 1249 5196 ut
1274 5142 1546 5212 quondam
1578 5144 1756 5200 Nova-

142 5233 229 5282 tus
278 5227 486 5284 Romae
531 5229 816 5286 dominiczc
861 5228 1156 5305 mulcta‘tor
1213 5235 1515 5304 margarita:
1558 5252 1758 5307 porcus

135 5319 319 5390 niger,
345 5321 548 5392 patria:
577 5321 847 5391 ingerunt,
870 5321 1142 5378 violenter
1167 5338 1358 5379 manus
1385 5341 1492 5381 non
1523 5335 1632 5382 tam
1663 5342 1760 5383 ve-

140 5413 496 5467 nerabilibus
543 5413 654 5470 aris
699 5428 861 5482 quam
909 5413 1141 5470 ﬂammis
1205 5414 1398 5470 inferni
1453 5417 1754 5486 ultricibus,

136 5503 336 5574 dignas
389 5505 450 5560 in
506 5505 601 5558 tali
647 5495 868 5560 schema
889 5514 919 5544 ι
945 5505 1108 5578 positi
1153 5509 1512 5564 sacrosanctis
1558 5508 1756 5567 Christi

135 5593 433 5650 sacrificiis
462 5595 764 5650 extensuri.

206 5687 346 5744 Car.
400 5703 486 5743 ιιι.
539 5686 618 5742 De
663 5686 846 5742 eadem
872 5705 930 5742 re
957 5703 976 5742 :
1003 5687 1090 5742 ubi
1115 5691 1383 5760 proposita
1425 5691 1661 5762 exempla
1690 5693 1754 5749 de

136 5775 394 5844 Henoch,
442 5775 585 5854 Noe,
617 5777 902 5843 Abraham,
945 5777 1344 5848 Melchisedech,
1375 5778 1596 5852 Moysis,
1625 5783 1754 5841 Phi-

133 5885 260 5928 nees
287 5879 348 5925 et
372 5868 511 5924 Iesu
542 5868 717 5924 Nave.
758 5898 831 5908 —
865 5867 1034 5938 Quid,
1062 5879 1119 5925 tu
1150 5869 1330 5926 infelix
1362 5873 1579 5944 popule,
1612 5890 1642 5932 a
1675 5885 1756 5932 ta-

211 6010 241 6040 ⁸
283 6001 472 6059 Forte
502 6003 780 6056 schemate.

1861 4781 2018 4848 citus,
2051 4789 2112 4838 ut
2133 4779 2333 4852 Joseph
2364 4780 2516 4854 (Gen.
2544 4785 2990 4856 xtv,5),evulsit?
3027 4786 3158 4855 Quis
3183 4788 3238 4844 in
3267 4797 3452 4846 monte

1860 4887 1984 4929 cum
2011 4871 2242 4929 Domino
2270 4872 2484 4929 locutus
2502 4912 2524 4940 ,
2547 4885 2604 4929 et
2629 4891 2969 4946 nequaquam
3001 4881 3453 4950 concrepantibus

1863 4965 2004 5020 tubis
2029 4965 2225 5020 exinde
2251 4967 2571 5037 perterritus
2613 4966 2808 5039 (Exod.
2838 4986 2950 5037 xix,
2981 4970 3098 5041 16),
3128 4973 3266 5030 duas
3294 4973 3452 5030 tabu-

1859 5057 1940 5112 las
1967 5066 2356 5128 cornutamque
2387 5059 2574 5115 faciem
2601 5069 2821 5132 aspectu
2850 5062 3138 5119 incredulis
3167 5065 3453 5122 inhabilem

1861 5157 1917 5204 et
1935 5149 2260 5205 horrendam
2283 5151 2492 5220 tropico
2512 5167 2694 5216 sensu,
2719 5160 2780 5208 ut
2806 5152 3016 5225 Moyses
3047 5153 3241 5226 (Exod.
3268 5171 3452 5222 xxxtv,

1859 5237 1983 5310 29),
2015 5238 2272 5296 advexit?
2324 5240 2456 5308 Quis
2495 5257 2682 5297 eorum
2721 5259 2820 5314 pro
2850 5245 3085 5314 peccatis
3111 5245 3294 5314 populi
3322 5261 3450 5302 exo-

1860 5345 1988 5386 rans
2016 5331 2125 5388 imo
2153 5330 2220 5387 de
2266 5339 2488 5402 pectore
2537 5333 2812 5399 clamavit,
2841 5342 2900 5388 ut
2929 5335 3064 5404 ipse,
3101 5335 3336 5400 Domine,
3369 5337 3454 5392 in-

1860 5423 2052 5493 quiens
2079 5467 2093 5489 ,
2126 5424 2354 5494 peccavit
2383 5423 2599 5494 populus
2635 5424 2735 5478 iste
2763 5433 3028 5496 peccatum
3055 5426 3290 5496 grande;
3321 5425 3455 5500 quod

1861 5513 1907 5566 si
1949 5513 2167 5568 dimittis
2191 5552 2207 5579 ,
2249 5514 2486 5579 dimitte;
2537 5513 2764 5586 alioquin
2805 5514 2923 5568 dele
2959 5531 3042 5570 me
3080 5515 3146 5570 de
3191 5516 3326 5572 libro
3369 5529 3456 5570 tuo

1864 5601 2060 5674 (Exod.
2084 5604 2496 5675 xxxu,51,52)?
2525 5604 2654 5672 Quis
2682 5604 2798 5660 zelo
2828 5604 2922 5660 Dei
2947 5621 3204 5682 accensus
3225 5607 3456 5664 mirabili

1861 5693 1928 5747 ad
1961 5693 2217 5750 ultionem
2247 5694 2620 5751 fornicationis
2644 5696 2761 5750 sine
2787 5695 3041 5752 dilatione
3068 5697 3308 5753 sanando
3335 5713 3456 5768 pte-

1863 5785 2107 5838 nitentiie
2135 5785 2490 5842 medicamine
2519 5787 2692 5858 stupri
2719 5786 2969 5844 affectum
2991 5825 3006 5853 ,
3046 5803 3117 5842 ne
3144 5789 3222 5843 ira
3255 5789 3456 5859 populo

1863 5877 2253 5948 inardescerct,
2285 5881 2422 5936 sicut
2452 5879 2680 5937 Phinees
2706 5879 2956 5936 sacerdos
3005 5877 3193 5952 (Nam.
3225 5897 3352 5950 xxv,
3380 5881 3452 5950 7;
