3952 6372
541 418 638 475 571

1408 415 1638 472 (ΖΙωεΕ
1681 419 2032 474 ΞΜἾΕΝΤΙΞ
2072 419 2154 474 DF.
2194 421 2464 476 EXtlellO
2503 424 2891 479 Bl‘tlTANNl/E

3692 424 3796 478 5ῖῖ

536 535 736 591 Psalm.
769 549 856 600 cv,
887 531 975 601 51)
1002 572 1017 599 ,
1070 538 1130 586 ut
1160 547 1255 601 per
1291 531 1394 586 hoc
1441 531 1493 585 in
1525 547 1642 587 :cvo
1667 542 2006 603 reputaretur
2035 533 2107 588 illi
2141 540 2187 598 Α
2216 535 2388 589 niatus
2440 553 2562 600 nos,
2605 553 2764 607 neque
2805 535 3135 606 oppressisti,
3164 550 3322 606 neque
3352 535 3512 590 tulisti
3541 536 3606 590 de
3636 553 3794 592 ruant:

529 629 758 698 justitia,
788 636 1005 681 strenue
1032 624 1402 680 consurrexit?
1432 622 1562 689 Quis
1583 639 1710 678 vero
1733 641 1917 679 eorum
1946 625 2031 678 vel
2058 625 2110 679 in

531 717 974 788 exstirpationem
997 731 1162 784 usque
1187 714 1254 768 ad
1278 715 1698 769 internecionem
1724 714 1791 768 de
1815 725 1956 770 terra
1983 730 2110 784 pro-
2177 707 2184 712 ’

532 809 803 864 missionis
823 817 1029 878 septem
1050 808 1285 876 gentium
1315 807 1507 861 morali
1536 807 1907 875 intelligentia,
1935 809 2016 862 vel
2044 810 2110 863 ad

529 899 1018 956 eonstabilitionem
1048 898 1336 968 spiritualis
1366 897 1524 954 Israel
1553 914 1652 967 pro
1681 898 1760 953 eis
1799 899 1932 968 (Jos.
1963 916 2107 965 xxiv,

533 989 624 1060 11)
661 988 846 1044 Iesum
875 989 1020 1044 Nave
1049 989 1285 1042 imitatus
1313 989 1432 1041 est?

602 1083 734 1139 CAP.
765 1097 838 1137 tv.
884 1081 1252 1151 Proponuntur
1277 1081 1430 1136 Jesus
1459 1093 1507 1135 et
1535 1081 1756 1136 Pltiuees
1789 1087 1904 1152 (seu
1932 1087 2110 1153 potius

531 1175 869 1242 Eleazarus),
912 1173 1124 1246 Iephte,
1165 1173 1396 1240 Jedeon,
1433 1175 1674 1230 Samsom
1701 1167 1750 1228 et
1777 1177 2006 1231 Samuel.
2038 1205 2111 1215 —

531 1267 663 1335 Quis
691 1282 876 1322 eorum
906 1267 1102 1337 populo
1126 1266 1218 1321 Dei
1250 1265 1432 1320 linales
1462 1267 1718 1322 terminos
1746 1275 1895 1322 trans
1920 1267 2111 1322 Jorda—

528 1372 652 1413 nem
675 1399 692 1421 ,
729 1365 788 1412 ut
810 1357 1037 1414 sciretur
1059 1356 1186 1425 quid
1213 1357 1406 1426 cuique
1435 1357 1593 1410 tribui
1620 1359 1935 1423 conveniat,
1971 1359 2108 1415 sicut

526 1448 848 1520 supradicti,
877 1448 1110 1502 Phinees
1140 1456 1166 1485 ι
1194 1447 1402 1502 scilicet
1427 1457 1483 1502 et
1508 1446 1662 1502 Jesus
1695 1447 1829 1518 (los.
1855 1465 1968 1517 xix,
1989 1449 2101 1519 51),

525 1542 792 1611 sagaciter
817 1539 1076 1605 divisere,
1108 1539 1378 1595 ostendit?
1427 1537 1558 1605 Quis
1587 1547 1646 1594 ut
1674 1539 2104 1596 adversariorum

524 1633 668 1705 plebi
699 1632 792 1687 Dei
821 1632 1114 1686 immunem
1143 1641 1485 1701 prosternere
1509 1632 1747 1701 gentium
1773 1632 1958 1697 millia,
1986 1634 2105 1688 uni-

524 1741 645 1781 cam
674 1723 836 1778 filiam
865 1739 984 1792 quae
1014 1723 1228 1793 propria
1255 1723 1505 1794 voluptas
1534 1724 1864 1794 intelligitur,
1892 1725 2103 1780 imitans

524 1815 660 1870 etin
688 1815 792 1870 hoc
819 1813 1132 1884 Apostolum
1173 1813 1438 1870 dicentem
1468 1831 1481 1867 :
1516 1811 1638 1869 Non
1683 1831 1915 1887 quiet-ens
1962 1817 2099 1888 quod

2211 626 2431 696 alicujus
2460 627 2717 696 quippiam
2749 625 2934 697 (Ibid.,
2962 625 3038 697 4).

2281 714 2410 768 Car.
2433 732 2485 769 v.
2515 716 2858 772 Rccensentur
2883 717 3117 787 exempla
3143 715 3295 783 Elite,
3323 715 3504 772 Elisazi
3530 727 3582 772 et
3611 717 3794 777 Isaia.

2208 833 2280 842 —
2308 806 2438 871 Quis
2465 823 2652 861 eorum
2685 809 2805 876 igne
2851 809 3058 864 cmlesti
3107 819 3324 864 centum
3363 812 3628 882 superbos
3656 828 3793 870 exu-

2211 910 2334 948 rens
2354 936 2368 959 ,
2401 896 2782 964 quinquaginta
2812 897 3038 951 humiles
3065 913 3286 952 servans
3323 897 3432 970 (IV
3465 899 3595 973 Reg.
3625 917 3670 972 ι,
3703 902 3793 976 ιο,

2211 985 2297 1049 11,
2333 985 2422 1057 15)
2448 1027 2463 1052 ,
2505 999 2561 1042 et
2605 989 2807 1057 absque
2849 989 3168 1046 adulationis
3206 991 3326 1047 fuco
3358 1009 3464 1051 non
3495 995 3665 1051 Deum
3693 1011 3793 1066 per

2210 1079 2515 1147 prophetas,
2546 1080 2640 1134 sed
2688 1081 2884 1134 idolum
2915 1081 3180 1149 Accaron,
3229 1084 3528 1140 consulenti
3559 1097 3792 1144 mortem

2211 1169 2577 1224 imminentem
2609 1171 2790 1240 iniquo
2819 1173 2930 1240 regi
2960 1174 3280 1228 annuntians
3307 1172 3495 1245 (Μαι,
3523 1175 3640 1246 16),
3667 1194 3791 1232 om-

2208 1274 2304 1313 nes
2333 1261 2622 1330 prophetas
2649 1262 2918 1318 simulacri
2955 1263 3082 1317 Baal
3131 1264 3244 1335 (qui
3274 1265 3609 1336 interpretati
3639 1269 3790 1324 acci-

2209 1349 2426 1418 piuntur
2467 1365 2655 1405 sensus
2697 1351 2914 1406 humani
2964 1353 3174 1408 invidia:
3199 1395 3215 1421 ,
3256 1356 3492 1410 avaritiae
3516 1402 3531 1425 ,
3575 1367 3635 1412 ut
3672 1358 3789 1428 jam

2207 1437 2456 1504 diximus,
2499 1455 2711 1510 semper
2739 1439 2961 1514 intenti)
3008 1459 3267 1500 mucrone
3294 1461 3536 1513 corusco,
3571 1447 3677 1503 hoc
3705 1457 3791 1504 est

2204 1529 2369 1585 verbo
2385 1529 2502 1599 Dei,
2515 1539 2572 1585 ut
2593 1531 2734 1586 Elias
2753 1533 2998 1602 egregius
3018 1542 3188 1598 vates,
3203 1537 3490 1604 prostravit
3512 1536 3634 1606 (111
3651 1537 3788 1610 Reg.

2205 1634 2333 1674 xvnt
2356 1658 2370 1683 ,
2411 1619 2546 1690 40),
2587 1629 2643 1676 et
2679 1621 2794 1676 zel»
2832 1621 2924 1676 Dci
2968 1631 3268 1679 commotus
3294 1625 3598 1696 iniquorum
3625 1636 3790 1685 terra

2204 1709 2402 1764 imbres
2429 1709 2668 1766 adimens
2705 1713 3017 1776 tetherales,
3049 1729 3114 1768 ac
3142 1715 3186 1769 si
3208 1712 3506 1772 fortissimo
3535 1719 3787 1788 penuriae

2202 1801 2446 1856 clustello
2491 1803 2662 1858 tribus
2723 1805 2876 1859 annis
2933 1821 3136 1874 sexque
3183 1808 3454 1864 mensibus
3500 1809 3786 1870 obseratos

522 1905 650 1960 mihi
678 1905 802 1958 utile
827 1912 936 1971 est,
962 1902 1053 1958 sed
1081 1903 1216 1975 quod
1244 1904 1446 1969 multis,
1473 1913 1528 1957 ut
1562 1904 1691 1958 salvi
1715 1905 1847 1975 ﬁant
1893 1904 1947 1976 (t
1976 1905 2095 1961 Cor.
2131 1910 2176 1970 Β
2205 1890 2326 1964 (111
2346 1891 2474 1963 Rea-
2507 1908 2636 1960 ινιιι
2667 1892 2720 1965 ι)
2741 1933 2757 1956 ο
2788 1893 2957 1960 fame.
2987 1895 3074 1949 siti
3102 1897 3453 1952 moribundus
3479 1899 3534 1953 in
3559 1898 3786 1956 deserto

521 2009 577 2059 x,
608 1993 720 2062 55),
753 1993 1058 2048 obviantem
1081 1992 1372 2048 victoribus
1399 2008 1518 2048 cum
1548 1994 1813 2065 tympanis
1843 2004 1897 2070 et
1921 1997 2101 2052 choris

522 2086 718 2156 (Judic.
751 2101 824 2148 xl,
851 2083 966 2156 51),
997 2084 1048 2140 id
1071 2093 1155 2140 est
1184 2085 1487 2140 carnalibus
1513 2085 1814 2153 desideriis,
1845 2087 1897 2142 in
1927 2088 2097 2145 sacri-

519 2174 699 2233 ﬁcium
731 2177 921 2232 votiva:
947 2175 1283 2246 placationis,
1315 2184 1374 2230 ut
1401 2174 1610 2246 Jephte,
1642 2178 1933 2232 mactavit?
1966 2177 2098 2244 Quis

517 2283 704 2324 eorum
727 2268 795 2323 ad
817 2267 1180 2324 conturbanda
1195 2307 1212 2334 ,
1237 2266 1464 2336 fuganda
1488 2269 1881 2338 sternendaque
1907 2285 2095 2340 super-

515 2359 706 2414 barum
732 2359 968 2429 gentium
998 2366 1174 2414 castra
1213 2359 1482 2430 mysteriis
1510 2358 1817 2426 Trinitatis,
1848 2369 1908 2414 ut
1933 2377 2094 2432 supra

513 2449 770 2516 diximus,
799 2464 921 2504 cum
946 2448 1163 2518 lagenas
1189 2447 1316 2502 viris
1340 2449 1646 2504 tenentibus
1684 2447 1887 2519 (ludis.
1917 2466 2008 2514 vn,
2037 2447 2090 2516 6,

515 2539 604 2606 16,
625 2538 717 2611 9.0)
747 2539 988 2608 egregias
1009 2538 1062 2594 in
1088 2537 1333 2594 manibus
1353 2547 1714 2608 sonantesque
1735 2539 1890 2594 tubas
1915 2540 1992 2611 (id
2011 2548 2094 2596 est

515 2629 861 2701 propheticos
887 2637 938 2685 et
969 2628 1293 2700 apostolicos
1329 2643 1518 2684 sensus
1539 2669 1554 2695 ,
1589 2636 1646 2684 ut
1673 2629 1808 2684 dixit
1839 2629 2091 2688 Dominus

515 2720 792 2792 propheta:
816 2738 828 2773 :
855 2719 1050 2774 Exulto
1077 2721 1224 2792 quasi
1254 2719 1376 2774 tuba
1402 2737 1570 2775 vocem
1597 2728 1736 2774 tuam
1779 2719 1910 2794 Usa.
1942 2738 2087 2791 Lvnt,

513 2811 570 2884 1]
589 2829 607 2880 ;
629 2822 684 2868 et
702 2810 982 2867 Psalmista
1007 2811 1074 2866 de
1099 2812 1388 2881 apostolis:
1410 2809 1474 2865 In
1503 2828 1703 2867 omnem
1724 2822 1914 2868 terram
1935 2817 2092 2870 exivit

513 2919 672 2958 sonus
690 2917 863 2957 eorum
885 2900 1341 2975 [Psalm.xvm,5])
1357 2911 1412 2956 et
1433 2903 1645 2970 lagenas
1660 2903 2089 2974 splendidissimo

513 2993 650 3063 ignis
677 2993 878 3048 lumine
907 3001 1068 3048 noctu
1098 3001 1444 3048 coruscantes
1491 2995 1649 3064 (quae
1676 2981 2008 3066 accipiuntur
2032 2996 2087 3052 in

512 3091 824 3140 sanctorum
873 3083 1188 3153 corporibus
1233 3083 1390 3139 bonis
1435 3086 1685 3154 operibus
1731 3087 1988 3150 annexis,
2031 3095 2087 3142 et

510 3175 682 3231 sancti
695 3173 922 3244 Spiritus
937 3173 1044 3244 igni
1057 3173 1451 3241 ardentibus,ut
1465 3174 1780 3246 Apostolus:
1798 3175 2082 3247 Habentes,

2201 1993 2531 2054 conquestus
2565 1993 2649 2042 est
2687 2005 2699 2040 :
2732 1985 2953 2042 Domine
2973 2029 2988 2054 ,
3030 1987 3312 2059 inquiens,
3359 1991 3634 2062 prophetas
3664 2002 3783 2048 tuos

2198 2073 2509 2142 occiderunt,
2537 2083 2586 2129 et
2606 2076 2794 2130 altaria
2809 2085 2894 2130 tua
2906 2078 3222 2147 stt/foderunt
3240 2096 3258 2144 ,'
3282 2089 3332 2134 et
3342 2099 3434 2151 ego
3444 2083 3651 2136 relictus
3663 2100 3782 2137 sitm

2197 2164 2356 2230 solus,
2387 2175 2436 2219 et
2465 2175 2696 2238 quierunt
2734 2169 2960 2221 animam
2994 2185 3158 2223 meam
3202 2169 3324 2240 (Ill
3351 2169 3478 2242 Reg.
3511 2187 3623 2238 xtx,
3652 2172 3781 2244 10)?

2197 2252 2325 2320 Quis
2353 2269 2539 2309 eorum
2581 2255 2953 2312 charissimutn
3001 2258 3317 2329 discipulum
3359 2262 3588 2317 terrenis
3620 2274 3779 2320 extra

2194 2347 2409 2401 solitum
2439 2348 2763 2418 ponderibus
2791 2359 3068 2404 oneratum
3111 2350 3218 2420 (IV
3252 2351 3379 2425 Reg.
3406 2369 3469 2422 v,
3496 2353 3588 2415 '25)
3609 2397 3624 2420 ,
3655 2372 3778 2426 qua:

2193 2444 2320 2490 ante
2347 2450 2412 2490 ea
2442 2451 2472 2490 a
2501 2452 2560 2492 se
2587 2452 2911 2508 magnopere
2936 2439 3060 2494 licet
3089 2450 3275 2510 rogato
3301 2451 3358 2496 ut
3380 2445 3648 2513 acciperet
3678 2446 3778 2502 de-

2193 2535 2374 2596 specta
2403 2527 2626 2582 fuissent
2667 2527 2854 2599 (Ibid.,
2889 2527 3006 2601 16),
3047 2532 3148 2586 etsi
3177 2548 3282 2586 non
3311 2543 3569 2604 perpetua
3599 2535 3772 2605 lepra,

2192 2629 2252 2673 ut
2278 2617 2527 2687 Elistcus,
2556 2621 2730 2676 saltim
2761 2623 3071 2692 expulsione
3095 2623 3370 2678 mulctavit
3412 2624 3520 2696 (IV
3550 2625 3685 2699 Reg.
3717 2644 3773 2695 v,

2189 2711 2328 2784 27)?
2384 2713 2452 2768 Et
2495 2715 2614 2784 quis
2657 2730 2725 2771 ex
2775 2715 2878 2770 illis
2920 2731 3088 2787 puero
3126 2717 3182 2770 in
3228 2717 3353 2772 vita:
3395 2717 3774 2788 desperatione

2189 2804 2458 2869 aestuanti,
2491 2812 2652 2876 atque
2679 2805 2970 2876 improviso
2997 2821 3160 2876 super
3184 2805 3379 2862 bellico
3408 2807 3642 2863 hostium
3672 2825 3773 2880 ap-

2188 2906 2380 2967 paratu
2409 2897 2679 2953 civitatem
2715 2898 2770 2952 in
2798 2913 2900 2968 qua
2930 2907 3085 2953 erant
3111 2898 3486 2954 obsidientium
3511 2904 3769 2957 tremefa-

2186 2997 2276 3044 cto
2304 2987 2411 3058 (IV
2438 2987 2565 3062 Reg.
2590 3006 2662 3055 Vl,
2687 2989 2809 3060 15),
2838 2991 2981 3046 inter
3004 3006 3103 3046 nos
3145 2989 3226 3063 (ut
3253 2991 3364 3062 ille)
3402 2993 3594 3048 animas
3621 2994 3769 3050 visus

2185 3080 2410 3137 ferventi
2438 3083 2750 3139 exoratione
2777 3085 2845 3138 ad
2876 3084 3039 3140 Deum
3067 3083 3206 3140 facta
3235 3085 3329 3156 (ita
3358 3092 3416 3140 ut
3440 3086 3637 3142 intueri
3663 3103 3767 3158 po-

2178 3172 2311 3226 terit
2339 3171 2523 3246 [Ibitl.,
2550 3170 2639 3244 17]
2669 3174 3003 3229 auxiliarium
3031 3175 3264 3232 cmlestis
3287 3178 3554 3233 exercitus
3582 3193 3766 3232 arma-

509 3265 782 3340 inquit[ll
797 3262 1102 3336 Cor.,tv,7],
1119 3266 1411 3320 thesaurum
1424 3265 1578 3320 istum
1599 3267 1651 3320 in
1672 3267 1807 3320 uasis
1821 3268 2084 3339 ﬁctilibus)
2112 3271 2157 3335 ε
2189 3267 2366 3316 lorum
2395 3277 2646 3318 curruum
2675 3279 2774 3319 ceu
2800 3265 3038 3334 equitum
3077 3265 3242 3335 ignito
3270 3267 3419 3322 vultu
3446 3265 3764 3336 fulgentium

509 3364 632 3426 post
657 3355 971 3411 idololatria:
1013 3355 1118 3411 luci
1157 3354 1324 3426 (quod
1348 3355 1622 3411 moraliter
1652 3356 2080 3426 interpretatum,

507 3445 789 3502 condensa:
798 3454 853 3501 et
864 3445 1023 3500 fuscae
1034 3443 1358 3516 cupiditatis)
1374 3445 1724 3502 succisioucm
1736 3447 2078 3520 silvaudic.

510 3553 582 3602 vt,
610 3534 704 3606 25)
723 3577 740 3604 ,
770 3545 825 3591 et
851 3535 1116 3590 evidentia
1147 3535 1393 3604 figmenta
1427 3533 1631 3592 Judaici
1660 3537 1874 3592 velleris
1893 3539 2082 3596 imbris

509 3629 740 3685 caelestis
767 3627 974 3698 experti
1023 3625 1208 3697 (lbid.,
1238 3627 1364 3698 57),
1409 3635 1462 3681 et
1486 3628 1728 3696 gentilis,
1758 3645 1882 3684 rore
1909 3633 2081 3686 sancti

509 3721 737 3790 Spiritus
765 3717 1076 3786 madefacti,
1107 3718 1208 3772 fide
1233 3733 1340 3772 non
1373 3717 1562 3784 dubia,
1597 3727 1654 3772 ut
1681 3717 1920 3783 cheon,
1951 3735 2080 3790 pro-

507 3812 670 3868 cessit
715 3811 909 3882 (Judic.
939 3827 1040 3876 vn,
1071 3809 1174 3880 l)?
1224 3810 1354 3876 Quis
1403 3826 1589 3866 eorum
1636 3812 1771 3866 mori
1819 3822 2081 3883 exoptans

507 3903 704 3960 mundo
740 3914 795 3960 et
839 3904 1020 3959 vivere
1060 3902 1272 3958 Christo
1319 3901 1538 3974 (Philip.
1568 3918 1605 3970 ι,
1639 3903 1750 3970 25),
1781 3903 2082 3961 luxuriosos

502 3996 740 4065 gentium
769 3996 1021 4051 convivas
1041 3993 1318 4050 laudantes
1345 3993 1475 4048 deos
1501 4009 1626 4048 suos
1647 3993 1842 4064 (ludia.
1860 4010 1966 4060 xvr,
1983 3994 2081 4048 25-

501 4087 590 4157 25)
623 4087 699 4158 (id
725 4094 808 4142 est
831 4101 1020 4142 sensus
1045 4085 1364 4140 extollentes
1390 4083 1620 4149 divitias,
1653 4094 1710 4138 ut
1737 4083 2023 4152 Apostolus
2058 4103 2072 4140 :

502 4176 571 4231 Et
591 4177 833 4242 auaritia,
858 4175 1028 4244 inquit
1045 4172 1430 4247 [Coloss.m,5],
1455 4189 1568 4244 qua:
1587 4181 1663 4227 est
1684 4175 2076 4230 simulacrorum

503 4268 737 4340 servitus)
753 4268 1024 4324 concussis
1038 4267 1242 4322 duabus
1258 4266 1453 4320 virtute
1468 4266 1800 4320 brachiorum
1815 4267 2076 4323 columnis

504 4361 647 4431 (quat
691 4358 1060 4426 intelliguntur
1109 4358 1163 4412 in
1209 4355 1574 4426 voluptatibus
1620 4372 1846 4427 nequam
1884 4359 2076 4412 anitnrc

503 4449 826 4519 carnisque,
862 4447 1055 4516 quibus
1081 4446 1272 4504 domus
1318 4446 1563 4500 humana:
1603 4447 1776 4501 omnis
1823 4448 2075 4518 nequitia:

503 4539 900 4612 quodammodo
924 4539 1170 4609 pangitur
1197 4555 1260 4594 ac
1287 4537 1710 4604 fulcimentatur)
1759 4547 1866 4594 tam
1919 4541 2076 4594 innu-

503 4631 806 4697 merabiles,
831 4639 889 4686 ut
915 4629 1140 4685 Samson
1171 4629 1362 4702 (Judic.
1391 4645 1498 4693 XVI,
1515 4628 1600 4695 29,
1615 4629 1726 4700 50),
1750 4632 2074 4700 prostravit?

504 4723 637 4791 Quis
655 4722 988 4779 orationibus
1008 4723 1426 4790 holocaustoque
1447 4721 1695 4776 laetantis
1724 4721 1843 4790 agni
1871 4732 2074 4777 metum

503 4815 780 4886 depellens
807 4813 1170 4886 (,IReg.vtt,9),
1203 4816 1499 4884 insperatas
1528 4815 1883 4869 touitruorum
1913 4830 2077 4870 voces

503 4907 832 4977 nubiumque
861 4907 1059 4963 imbres
1085 4908 1358 4963 concitans
1389 4905 1438 4979 (1
1464 4905 1590 4978 Reg.
1617 4922 1708 4971 xu,
1736 4905 1848 4974 i7),
1873 4904 2075 4974 absque

502 4997 810 5053 adulatione
835 5011 1016 5067 regem
1037 4998 1372 5054 constituens
1401 4995 1454 5068 (I
1477 4996 1602 5068 Reg.
1633 5014 1689 5065 x,
1714 4996 1765 5063 1,
1789 4996 1900 5067 21),
1925 5011 2077 5051 eum-

499 5094 622 5148 dem
650 5091 762 5148 Deo
791 5108 896 5147 non
921 5093 1220 5162 placentem
1249 5090 1504 5160 abjiciens
1523 5100 1684 5146 uncto
1713 5107 1812 5162 pro
1839 5091 1932 5145 illo
1959 5105 2074 5146 me-

499 5183 636 5238 liore
669 5183 723 5238 in
751 5196 920 5252 regno
959 5181 1011 5256 (1
1046 5181 1172 5254 Reg.
1200 5198 1324 5247 xm,
1355 5180 1449 5248 i4;
1479 5198 1564 5248 xv,
1593 5181 1691 5249 28;
1722 5198 1830 5248 xvr,
1860 5183 1948 5252 15)
1968 5221 1982 5244 ,
2015 5191 2075 5237 ιιι

499 5273 1108 5341 Samuel,valedicturus
1127 5274 1323 5344 populo
1347 5274 1540 5329 astabit
1559 5274 1661 5328 hoc
1682 5273 1840 5328 modo
1861 5273 2071 5327 dicens:

499 5365 638 5420 Ecce
663 5375 851 5437 praesto
876 5381 1018 5429 sum;
1049 5365 1314 5434 loquimini
1343 5381 1514 5418 coram
1546 5363 1768 5417 Domino
1794 5373 1843 5416 et
1871 5362 2074 5417 Christo

503 5472 652 5526 ejus,
701 5465 874 5508 utrum
902 5455 1074 5509 bovem
1129 5459 1428 5526 cujusquam
1485 5455 1704 5517 tulerint,
1738 5470 1804 5508 an
1834 5453 2072 5516 asinum;

501 5547 544 5599 si
574 5546 864 5615 quempiam
891 5545 1234 5598 calumniatus
1263 5561 1394 5608 sum,
1427 5544 1470 5596 si
1499 5544 1727 5611 oppressi
1759 5544 1998 5613 aliquem,
2032 5543 2077 5596 si

503 5634 565 5685 de
599 5649 758 5687 manu
785 5633 1084 5702 cujusquam
1113 5647 1294 5684 munus
1337 5631 1510 5700 accepi
1561 5630 1609 5701 (I
1639 5631 1765 5700 Reg.
1797 5647 1888 5693 xu,
1917 5629 1969 5688 2,
1993 5629 2070 5692 5).

503 5723 652 5776 Cuia
677 5724 873 5792 populo
903 5737 1215 5792 reslmnsum
1245 5729 1324 5774 cst
1353 5721 1563 5774 dicente
1597 5739 1608 5772 :
1644 5720 1764 5774 Non
1795 5737 1847 5774 cs
1877 5725 2073 5774 calum-

643 5881 892 5938 Memoria
925 5884 1100 5955 lapsus
1133 5892 1338 5936 auctnr.
1376 5879 1572 5934 ξῖῡειίιίἷ
1599 5895 1624 5933 e
1660 5881 1958 5932 ch'mi'us.

2185 3362 2426 3410 montem
2473 3354 2731 3428 plenum)
2778 3357 3069 3427 patefecit,
3111 3365 3166 3413 et
3201 3357 3424 3414 credere
3453 3358 3641 3430 (fbid.,
3670 3360 3761 3431 16)

2185 3445 2314 3516 quin
2345 3445 2536 3501 fortior
2572 3456 2714 3503 esset
2753 3447 2824 3502 ad
2872 3448 3182 3504 salvandum
3227 3464 3390 3518 quam
3440 3451 3640 3508 inimici
3690 3451 3761 3507 ad

2185 3535 2566 3606 pugnandum?
2598 3535 2662 3590 Et
2689 3538 2808 3606 quis
2834 3553 3019 3594 eorum
3044 3540 3286 3609 corporis
3312 3547 3458 3595 tactu
3488 3539 3540 3610 (l
3559 3540 3597 3595 γ
3627 3541 3757 3613 Reg.

2185 3641 2258 3692 tv,
2288 3625 2378 3696 51)
2397 3665 2411 3691 ,
2450 3627 2648 3681 mortui
2677 3627 2881 3682 scilicet
2909 3628 3129 3695 mundo,
3159 3630 3387 3684 viventis
3413 3642 3594 3684 autem
3625 3631 3755 3698 Deo,

2183 3717 2273 3771 alii
2302 3717 2514 3772 diverso
2557 3717 2744 3774 funere
2788 3721 3072 3774 occubanti
3091 3761 3106 3786 ,
3138 3721 3324 3791 procul
3350 3721 3513 3776 dubio
3541 3732 3759 3778 mortuo

2185 3807 2317 3874 Deo,
2343 3809 2484 3864 vitiis
2504 3825 2635 3865 vero
2659 3810 2876 3874 viventi,
2904 3811 3054 3881 quasi
3075 3827 3234 3882 supra
3259 3811 3449 3876 dictus,
3475 3813 3754 3882 proficiet;

2182 3897 2256 3953 ita
2287 3910 2344 3954 ut
2378 3900 2558 3956 statim
2588 3901 2871 3971 prosiliens
2914 3902 3128 3958 Christo
3175 3912 3356 3971 grates
3384 3919 3485 3973 pro
3525 3905 3758 3960 sanitate

2181 4000 2306 4060 agat
2351 4002 2667 4048 cunctorum
2728 4010 2866 4064 pene
2914 3997 3221 4051 mortalium
3273 4012 3372 4051 ore
3423 3997 3756 4067 desperata?

2181 4079 2350 4150 Cujus
2381 4098 2567 4138 eorum
2599 4083 2831 4140 carbone
2859 4085 3026 4154 ignito
3056 4086 3122 4141 de
3151 4087 3304 4142 altari
3331 4087 3534 4159 forcipe
3563 4089 3756 4144 cberu-

2179 4173 2269 4230 bin
2311 4173 2540 4229 advecto
2595 4176 2693 4246 (ut
2738 4185 2958 4244 peccata
2996 4191 3093 4232 sua
3120 4176 3427 4232 delerentur
3455 4178 3755 4232 humilitate

2180 4263 2556 4331 confessionis)
2594 4265 2760 4334 labia,
2792 4276 2850 4320 ut
2876 4265 3049 4332 Isaias,
3080 4268 3333 4323 mundata
3363 4279 3489 4324 sunt
3517 4269 3655 4341 (Isa.
3684 4285 3752 4334 vt,

2179 4355 2232 4421 6,
2263 4356 2339 4428 7),
2369 4365 2425 4412 et
2453 4357 2655 4413 efficaci
2683 4360 2926 4416 oratione
2953 4361 3054 4415 sibi
3081 4361 3327 4432 adjuncta
3358 4363 3430 4433 pii
3457 4365 3600 4432 regis
3623 4364 3754 4419 Eze-

2177 4447 2311 4502 chias
2350 4445 2455 4516 (IV
2495 4447 2618 4518 Reg.
2650 4463 2760 4513 xIx,
2792 4448 2841 4516 1,
2876 4449 2975 4516 14;
3010 4449 3119 4504 Isa.
3152 4468 3355 4517 xxxvu,
3381 4453 3432 4517 1,
3463 4453 3584 4522 15),
3633 4472 3757 4525 sup-

2178 4537 2507 4608 plantatione
2536 4546 2750 4592 centum
2788 4539 3059 4608 octoginta
3088 4541 3321 4610 quinque
3351 4543 3517 4597 millia
3545 4546 3757 4598 exerci-

2105 4648 2154 4706 D
2181 4637 2263 4682 tus
2292 4627 2630 4700 Assyriorum
2655 4668 2670 4692 ,
2703 4627 2848 4683 nullo
2901 4639 3193 4699 apparente
3242 4631 3480 4688 vulneris
3509 4635 3754 4701 vestigio,

2180 4719 2351 4790 angeli
2378 4735 2566 4786 manu,
2597 4727 2655 4773 ut
2680 4719 2999 4788 supradicti,
3029 4729 3294 4789 prostrata
3323 4731 3449 4776 sunt
3479 4721 3590 4791 (IV
3629 4723 3754 4793 Ιῖρρ.

2178 4826 2290 4874 xtx,
2321 4808 2421 4876 55;
2452 4808 2563 4863 Isa.
2593 4825 2756 4873 xxvn,
2787 4808 2916 4880 56)?
2963 4809 3092 4876 Quis
3133 4826 3320 4866 eorum
3368 4813 3439 4866 ob
3489 4825 3758 4883 praecepta

2178 4900 2274 4956 Dei
2297 4909 2352 4954 et
2379 4900 2550 4954 minas
2580 4900 2788 4953 cmlitus
2820 4898 2974 4954 datas
3003 4899 3132 4970 (Jer.
3157 4900 3338 4970 1,17),
3366 4903 3761 4973 veritatemque

2176 4989 2262 5045 vel
2291 5005 2396 5045 non
2419 4989 2754 5044 audientibus
2773 4989 3458 5059 proferendam,squalores
3486 4993 3760 5062 pmdores-

2178 5095 2284 5150 que
2329 5095 2605 5135 carcerum
2659 5080 2789 5151 (Jer.
2836 5097 2937 5146 xx,
2969 5081 3034 5146 2;
3083 5097 3262 5146 xxxu,
3290 5081 3351 5148 2;
3405 5099 3611 5150 xxxvn,
3651 5085 3756 5150 £5;

2181 5187 2401 5236 xxxvm,
2433 5170 2546 5242 6),
2593 5179 2648 5226 et
2677 5180 3081 5226 mornentaneas
3108 5181 3309 5225 mortes
3356 5171 3490 5240 (Ier.
3523 5189 3673 5237 xxvt,
3703 5174 3758 5240 8,

2182 5261 2292 5331 M),
2325 5271 2381 5316 ut
2407 5262 2594 5316 beatus
2623 5260 2900 5322 Jcremias.
2931 5261 3177 5331 excepit?
3207 5260 3273 5314 Et
3301 5277 3368 5316 ne
3393 5262 3564 5317 multa
3593 5281 3609 5316 :
3633 5263 3760 5330 Quis

2179 5367 2397 5421 eorum,
2431 5362 2487 5406 ut
2517 5353 2766 5420 Magister
2791 5352 3028 5420 gentium
3056 5351 3188 5406 dixit
3213 5351 3400 5421 (Hebr.
3427 5367 3500 5413 ιι,
3526 5352 3618 5417 57,
3641 5353 3755 5421 58),

2180 5457 2362 5497 errare
2405 5444 2459 5498 in
2510 5443 2778 5497 montibus
2799 5482 2815 5508 ,
2853 5449 2909 5497 et
2945 5441 2996 5495 in
3026 5441 3292 5511 speluncis
3321 5450 3376 5496 et
3405 5441 3458 5494 in
3486 5445 3752 5505 cavernis,

2181 5535 2426 5605 lapidari,
2471 5535 2658 5598 secari,
2705 5535 2869 5589 totius
2909 5535 3097 5589 mortis
3142 5548 3340 5604 genere
3385 5548 3486 5603 pro
3542 5535 3756 5588 nomine

2179 5625 2388 5681 Domini
2428 5626 2710 5692 attentari,
2743 5625 2881 5680 sicut
2907 5625 3076 5681 sancti
3113 5623 3391 5696 propheta:
3414 5664 3430 5691 ,
3469 5639 3756 5696 perpessus

2179 5719 2295 5772 est?
