3952 6366
175 354 280 412 373

915 355 1119 448 LIBER
1154 358 1550 428 QUERULUS.
1583 366 1758 424 PARS
1796 367 1877 424 Ill.
1922 366 2328 424 INCREPATIO
2367 367 2432 423 1N
2471 363 2773 422 CLERUM.

3349 355 3464 417 επ

245 469 380 526 ΕΜ».
411 486 488 526 vt.
525 469 728 526 Deinde
756 487 820 526 ea:
849 468 999 526 Novo
1039 451 1368 528 Testamento,
1399 473 1624 529 Iacobus
1661 477 1772 546 pri-
1803 481 1852 540 Α
1877 479 2241 551 dispersiones
2269 481 2470 536 ossium
2499 521 2515 548 ,
2545 477 3042 550 disecrptionesque
3067 471 3455 535 membrorum,

178 579 323 623 mus.
365 562 557 617 Petrus
593 571 645 616 et
680 560 897 618 Paulus.
936 593 1005 604 —
1043 561 1146 618 Sed
1175 564 1302 634 quid
1333 565 1684 620 immoramur
1713 567 1766 620 in

179 653 448 725 exemplis
475 654 749 710 veteribus
769 693 786 720 ,
823 669 886 709 ac
917 653 961 708 si
1001 670 1107 709 non
1137 663 1318 710 essent
1362 655 1416 710 in
1446 671 1586 712 novo
1617 657 1769 711 ulla?

179 747 421 803 Audiant
449 746 632 816 itaque
659 761 760 801 nos
781 746 874 816 qui
908 746 1109 814 absque
1137 747 1246 802 ullo
1277 747 1462 802 labore
1487 757 1768 816 augustum

180 839 287 892 hoc
323 837 430 892 iter
465 836 783 892 Christianae
819 837 1125 906 religionis,
1156 843 1418 908 prm'tento
1450 847 1655 892 tantum
1685 854 1774 892 sa-

180 929 445 986 cerdotali
471 928 708 993 nomine,
733 928 934 984 intrare
955 914 1014 984 se
1033 937 1241 1000 putant,
1267 938 1552 1000 carpentes
1573 946 1774 1001 paucos

182 1016 387 1086 ﬂores,
437 1017 601 1072 veluti
629 1032 886 1084 summos,
929 1017 996 1073 de
1043 1027 1265 1073 extento
1301 1029 1610 1074 sanctorum
1641 1019 1775 1074 Novi

181 1107 518 1166 Testamenti
543 1108 776 1162 tironum
804 1123 1126 1179 ammnoque
1155 1117 1329 1180 prato.
1363 1109 1494 1176 Quis
1517 1119 1772 1176 vestrum,

184 1202 278 1273 qui
306 1201 535 1270 torpetis
561 1201 740 1270 potius
765 1215 927 1269 quam
953 1203 1153 1260 sedetis
1180 1202 1415 1271 legitime
1445 1203 1499 1257 in
1525 1203 1777 1258 sacerdo-

185 1289 282 1344 tali
311 1288 475 1354 sede,
509 1287 716 1358 ejectus
743 1288 812 1345 de
846 1290 1079 1346 concilio
1107 1291 1412 1362 impiorum,
1444 1299 1569 1362 post
1596 1291 1778 1346 diver-

186 1397 371 1437 sarum
397 1379 584 1452 plagas
613 1381 880 1452 virgarum
913 1380 1052 1455 (Act.
1076 1398 1186 1448 xvr,
1209 1382 1325 1455 25),
1356 1391 1414 1438 ut
1441 1383 1614 1438 sancti
1643 1398 1779 1454 apo-

187 1474 341 1544 stoli,
361 1473 507 1545 quod
527 1473 720 1544 dignus
743 1473 956 1528 habitus
983 1481 1065 1529 est
1092 1474 1227 1545 (Act.
1251 1490 1305 1539 v,
1327 1473 1418 1546 41)
1442 1489 1542 1544 pro
1564 1472 1780 1530 Christo

187 1580 322 1622 vero
342 1563 456 1619 Deo
483 1563 866 1620 contumeliam
894 1565 1026 1635 pati,
1050 1573 1166 1620 toto
1194 1563 1356 1620 corde
1383 1563 1631 1619 Trinitati
1654 1579 1779 1634 gra-

187 1656 292 1712 tias
329 1655 480 1724 egit?
541 1654 672 1722 Quis
718 1654 789 1710 ob
843 1655 1208 1710 testimonium
1255 1669 1386 1710 vero
1437 1653 1550 1711 Deo
1599 1654 1780 1711 feren-

187 1746 319 1803 dum
365 1746 583 1802 fullonis
631 1755 784 1802 vecte
832 1747 1026 1802 crebro
1077 1763 1386 1818 percussus,
1437 1755 1495 1802 ut
1521 1745 1778 1814 Iacobus,

1875 585 1940 624 a'e
1970 571 2134 625 totius
2161 571 2404 640 corporis
2433 586 2634 641 poenae,
2659 579 2714 624 et
2739 569 2919 625 omnia
2946 567 3000 622 in
3023 580 3110 621 me
3136 577 3304 620 unum
3329 577 3458 632 sup-

1873 659 2030 728 plicia
2075 661 2271 716 diaboli
2318 671 2437 717 arte
2481 662 2702 730 quaesita
2732 659 3120 728 compleantur,
3159 652 3457 710 dummodo

1871 745 2371 803 Jesum~Christum
2421 763 2632 803 merear
2683 747 2924 817 adipisci.
2965 765 2982 798 ι
3037 743 3176 811 Quid
3221 741 3289 796 ad
3339 739 3459 794 hate

1872 837 2286 893 dormitantibus
2315 839 2504 894 animm
2531 839 2703 893 oculis
2733 836 3008 908 aspicitis?
3036 834 3173 902 Quid
3193 831 3320 888 talia
3338 843 3458 886 sur-

1873 927 1956 982 dis
1983 944 2234 984 sensuum
2261 930 2478 984 auribus
2505 929 2848 984 auscultatis?
2879 927 3135 983 Discutite
3161 939 3343 994 qumso
3372 931 3456 977 te-

1808 1060 1862 1100 .
1876 1019 2160 1074 nebrosam
2185 1029 2466 1091 atramque
2487 1021 2666 1076 cordis
2685 1019 2850 1075 vestri
2872 1017 3151 1086 caliginem
3177 1012 3458 1083 temporis,

1878 1115 1935 1161 ut
1961 1108 2206 1162 veritatis
2234 1116 2290 1163 et
2315 1109 2633 1164 humilitatis
2660 1107 3026 1179 prmfulgidum
3055 1106 3235 1160 lumen
3275 1101 3458 1156 videre

1877 1199 2114 1269 possitis.
2166 1199 2501 1256 Christianus
2542 1217 2652 1256 non
2698 1200 2986 1256 mediocris
3027 1198 3123 1254 sed
3170 1196 3456 1269 perfectus,

1881 1291 2132 1348 sacerdos
2155 1308 2260 1348 non
2281 1293 2399 1349 vilis
2420 1293 2514 1350 sed
2535 1309 2795 1360 summus,
2817 1302 3019 1365 martyr
3037 1309 3146 1348 non
3165 1291 3343 1362 segnis
3363 1286 3460 1344 sed

1883 1383 2182 1453 praecipuus
2205 1383 2336 1440 dicit
2361 1403 2374 1437 :
2400 1383 2554 1438 Nunc
2582 1387 2774 1456 incipio
2802 1401 2913 1440 esse
2937 1385 3126 1440 Christi
3155 1379 3454 1451 discipulus.

1873 1471 1942 1528 Et
1975 1489 2068 1530 vos
2101 1489 2165 1529 ac
2197 1473 2242 1528 si
2281 1471 2498 1526 Lucifer
2538 1471 2626 1525 ille
2671 1471 2739 1524 de
2767 1471 2906 1524 coelo
2930 1470 3224 1540 proiectus,
3271 1470 3450 1524 verbis

1879 1581 1987 1622 non
2017 1573 2282 1636 potestate
2311 1562 2606 1632 crigimitti,
2643 1568 2696 1614 et
2733 1559 3129 1629 quodammodo
3160 1557 3259 1614 sub
3289 1560 3452 1613 dente

1876 1659 2164 1714 ruminzttis
2187 1665 2239 1710 et
2261 1657 2503 1725 gestibus
2536 1655 2886 1723 prmteitttitis,
2915 1668 3034 1721 qua:
3060 1663 3218 1706 antea
3264 1666 3452 1707 auctor

1877 1761 2060 1806 vester
2121 1749 2446 1819 depinxerat
2477 1765 2490 1801 :
2524 1745 2588 1800 lu
2618 1745 2802 1800 caelum
2828 1784 2844 1810 ,
2902 1733 3173 1812 inquiens,
3207 1761 3449 1798 conscen-

187 1840 399 1912 primus
445 1839 499 1894 in
542 1837 696 1894 Novo
752 1837 1016 1894 duntaxat
1067 1839 1350 1911 episcopus
1410 1839 1778 1908 Testamento,
1816 1843 2024 1926 Bdam,
2057 1850 2105 1894 et
2149 1855 2236 1891 cro
2285 1837 2478 1890 similis
2521 1837 2792 1889 Altissimo
2847 1833 3000 1904 (lsa.
3056 1851 3166 1926 xiv,
3209 1835 3276 1926 il
3305 1834 3464 1926 )._F.t

190 1932 550 2004 corporaliter
576 1931 823 1987 interiit?
872 1929 1004 1998 Quis
1030 1931 1206 2002 gladio
1235 1940 1473 1988 vestrum
1501 1932 1569 1988 ab
1597 1933 1782 2003 iniquo

191 2027 478 2099 principe,
529 2031 588 2080 ut
631 2023 866 2080 Jacobus
909 2022 1131 2080 Joannis
1173 2023 1340 2079 frater
1387 2025 1533 2094 (Act.
1568 2039 1661 2089 xu,
1691 2022 1781 2094 2),

193 2121 376 2190 capite
404 2133 574 2174 cassus
602 2119 723 2173 est?
769 2116 900 2184 Quis
942 2124 1005 2172 ut
1042 2117 1450 2188 protomiuister
1475 2123 1784 2189 martyrque

193 2211 557 2280 evangelieus,
580 2211 686 2266 hoc
711 2210 884 2265 solum
909 2210 1146 2265 criminis
1172 2209 1395 2274 habens,
1420 2211 1563 2280 quod
1592 2209 1785 2266 viderit

197 2303 393 2366 Deum.
433 2317 596 2372 quem
643 2301 833 2372 perfidi
878 2301 1062 2357 videre
1115 2301 1490 2370 nequiverunt,
1542 2299 1786 2355 nefandis

195 2395 448 2452 manibus
467 2393 733 2465 lapidatus
757 2401 839 2449 est
863 2394 1001 2463 (Act.
1016 2392 1260 2463 vn,57)?
1288 2393 1418 2460 Quis
1444 2393 1669 2447 inversis
1690 2406 1787 2464 pe-

193 2486 354 2544 dibus
377 2486 557 2542 crucis
583 2484 776 2540 affixus
803 2499 904 2555 pro
931 2483 1239 2540 reverentia
1280 2481 1478 2539 Christi
1524 2481 1782 2552 patibulo,

198 2584 260 2632 ut
286 2576 664 2634 elavicularius
709 2575 801 2630 ille
843 2575 1104 2631 caelorum
1147 2575 1297 2643 regni
1326 2574 1578 2640 idoneus,
1607 2581 1789 2629 extre-

197 2681 348 2722 mum
378 2665 606 2722 halitum
634 2665 801 2720 fudit?
829 2664 960 2732 Quis
987 2680 1053 2720 ex
1083 2664 1236 2720 vobis
1262 2665 1422 2734 gladii
1452 2664 1561 2720 ictu
1585 2663 1787 2718 veridi-

194 2755 371 2812 cantis
388 2771 490 2826 pro
515 2753 856 2810 confessione
879 2754 1076 2810 Christi
1105 2761 1228 2824 post
1253 2753 1489 2819 vincula,
1519 2768 1786 2820 carceres,

196 2844 502 2915 naufragia,
524 2859 762 2900 amaram
783 2844 1056 2912 virgarum
1086 2843 1306 2910 aedem,
1338 2851 1462 2912 post
1488 2842 1786 2909 ﬂuminum,

196 2927 470 2991 latronum
489 2976 506 3003 ,
535 2935 795 3004 gentium,
851 2932 1180 3001 Judteorum,
1211 2933 1790 3004 pseudoapostolorum

199 3026 462 3082 continua
490 3025 750 3096 pericula,
782 3035 905 3096 post
933 3025 1116 3092 famis,
1139 3024 1351 3094 jejunii,
1380 3025 1682 3094 vigiliarum
1710 3026 1792 3082 la-

199 3119 386 3183 bores,
417 3125 544 3189 post
582 3125 858 3188 perpetem
888 3117 1304 3173 sollicitudinem
1332 3119 1571 3172 omnium
1601 3117 1789 3173 Eccle-

200 3209 409 3265 siarum
427 3250 443 3276 ,
476 3218 598 3280 post
622 3218 813 3264 uastum
840 3225 939 3280 pro
967 3209 1465 3277 scandalizantibus,
1497 3217 1618 3280 post
1645 3209 1793 3264 infir-

201 3302 452 3356 mitatem
481 3317 580 3373 pro
610 3301 832 3356 infirmis
857 3337 874 3362 ς
913 3287 1036 3372 post
1061 3300 1426 3357 admirabilem
1453 3301 1790 3372 praedicando

202 3391 409 3448 Christi
449 3391 794 3462 Evangelium
838 3395 984 3449 orbis
1023 3408 1161 3463 pene
1209 3394 1488 3450 circuitum
1514 3434 1531 3460 ,
1581 3403 1642 3449 ut
1686 3393 1794 3448 Vas

201 3477 496 3530 electionis
537 3478 910 3543 magisterque
941 3475 1177 3543 gentium
1207 3474 1434 3538 tflt'ClllS,
1463 3472 1640 3540 capite
1679 3471 1792 3538 ple-

197 3586 306 3627 xus
331 3579 417 3626 est
441 3568 538 3634 (ll
559 3569 684 3626 Cor.
712 3585 790 3632 xl.
813 3569 884 3624 25
905 3578 958 3623 et
986 3567 1185 3638 seqq.).

283 3659 416 3714 CAP.
437 3675 530 3714 vn.
555 3659 863 3732 Exemplum
881 3663 1046 3716 sancti
1074 3660 1268 3734 Ignatii
1291 3664 1554 3736 martyris.
1582 3693 1648 3706 --
1665 3664 1796 3732 Quis

206 3759 476 3820 vestrum,
505 3761 564 3807 ut
589 3761 807 3808 sanctus
834 3761 1036 3826 martyr
1063 3753 1299 3821 lgnatius
1323 3754 1619 3812 Antiochia).
1649 3757 1796 3814 urbis

208 3847 518 3922 episcopus,
541 3855 666 3916 post
683 3845 1020 3901 admirabiles
1042 3847 1096 3901 in
1117 3847 1332 3904 Christo
1355 3856 1530 3914 actus,
1553 3848 1624 3904 ob
1647 3849 1796 3904 testi-

207 3935 457 3990 monium
502 3935 618 4005 ejus
663 3935 878 3990 leonum
919 3936 1079 3991 molis
1113 3936 1299 3992 Romae
1325 3936 1633 3994 confractus
1669 3940 1797 3996 est?

209 4025 370 4094 cujus
396 4024 558 4079 verba
589 4040 712 4080 cum
739 4025 806 4080 ad
836 4027 1139 4096 passionem
1186 4027 1476 4084 duceretur
1519 4031 1800 4089 audientes

210 4113 282 4185 (si
309 4112 598 4182 aliquando
625 4114 803 4170 vultus
829 4115 994 4170 vestri
1022 4117 1218 4172 rubore
1245 4117 1432 4174 suffusi
1461 4119 1605 4192 sunt)
1629 4161 1647 4189 ,
1687 4137 1796 4178 non

208 4206 391 4262 solum
422 4206 476 4260 in
505 4207 907 4276 comparatione
935 4207 1052 4277 ejus
1081 4224 1176 4264 vos
1204 4225 1309 4264 non
1339 4210 1596 4280 putabitis
1621 4227 1800 4269 sacer-

209 4297 372 4353 dotes
397 4337 412 4362 ,
461 4297 651 4352 sedne
693 4298 992 4355 mediocres
1037 4299 1254 4371 quidem
1281 4300 1614 4360 Christianos
1657 4320 1795 4360 esse.

211 4385 307 4442 Ait
335 4386 479 4442 enim
527 4387 580 4441 in
628 4387 854 4457 epistola
891 4403 1050 4458 quam
1080 4389 1148 4444 ad
1178 4389 1474 4447 Romanam
1502 4392 1800 4450 Ecclesiam

209 4476 364 4532 misit
401 4495 416 4530 :
462 4496 482 4529 ι
513 4477 559 4532 Α
594 4477 748 4549 Syria
792 4488 962 4549 usque
1000 4479 1226 4536 Romam
1263 4498 1386 4538 cum
1424 4483 1612 4540 bestiis
1654 4493 1799 4541 terra

211 4567 462 4637 marique
488 4567 736 4639 depugno
763 4569 852 4626 die
882 4586 946 4627 ac
972 4582 1154 4635 nocte,
1182 4589 1462 4630 connexus
1490 4584 1546 4632 et
1577 4577 1800 4647 colliga-

212 4668 307 4717 tus
349 4661 538 4716 decem
587 4661 895 4732 leopardis,
945 4665 1204 4722 militibus
1249 4666 1372 4723 dico
1403 4667 1470 4722 ad
1500 4671 1800 4726 custodiam

211 4755 377 4822 datis,
404 4756 570 4826 quiet
593 4755 868 4812 beneficiis
892 4758 1087 4815 nostris
1109 4761 1362 4816 saeviores
1389 4760 1540 4816 ﬁunt.
1570 4762 1678 4818 Sed
1701 4779 1801 4832 ego

213 4863 408 4904 eorum
459 4847 712 4916 nequitiis
759 4849 928 4918 magis
976 4850 1212 4916 erudiar,
1255 4867 1358 4906 nec
1405 4859 1585 4908 tamen
1615 4853 1668 4908 in
1698 4855 1801 4910 hoc

207 4936 537 5010 justiﬁeatus
564 4954 702 4994 sum.
755 4936 801 4994 Ο
829 4940 1092 4996 salutares
1125 4943 1324 4998 bestias
1347 4957 1467 5012 qum
1495 4960 1801 5014 praeparau-

214 5039 311 5086 tur
369 5030 541 5098 mihi,
591 5032 806 5101 quando
852 5033 1109 5088 venient?
1171 5035 1392 5106 quando
1446 5037 1801 5094 omittentur?

213 5121 438 5192 quando
482 5122 562 5176 eis
606 5121 711 5176 frui
759 5123 942 5178 licebit
986 5125 1238 5180 carnibus
1281 5129 1462 5183 meis?
1519 5143 1655 5198 quas
1700 5144 1802 5200 ego

214 5221 423 5282 exopto
446 5213 686 5269 acriores
712 5213 925 5283 parari,
958 5222 1013 5268 et
1041 5214 1276 5270 invitabo
1305 5217 1370 5271 ad
1399 5217 1801 5276 devorationem

213 5304 350 5372 mei,
373 5310 430 5358 et
451 5305 782 5374 deprecabor
807 5319 876 5360 ne
905 5305 1042 5360 forte
1072 5306 1225 5376 (utin
1247 5307 1515 5365 nonnuliis
1535 5308 1801 5376 fecerunt)

213 5395 450 5449 timeant
473 5393 740 5462 attingere
770 5411 967 5464 corpus
997 5409 1208 5462 meum;
1247 5395 1509 5465 quinimo,
1543 5399 1642 5454 etsi
1671 5416 1806 5454 cuu-

214 5485 529 5550 etabuntur,
561 5498 662 5553 ego
690 5486 800 5540 vim
850 5486 1064 5554 faciam,
1099 5501 1199 5554 ego
1229 5502 1316 5541 me
1360 5487 1616 5555 ingeram.
1654 5491 1804 5557 Date,

215 5590 433 5646 quaeso,
460 5575 672 5630 veniam
709 5592 722 5628 :
751 5591 856 5644 ego
887 5577 1012 5631 novi
1040 5578 1169 5647 quid
1199 5577 1448 5648 expediat
1477 5579 1624 5633 mihi.
1657 5579 1810 5638 Nunc

217 5665 424 5736 incipio
455 5680 573 5722 esse
601 5663 798 5720 Christi
843 5666 1134 5736 discipulus
1167 5686 1179 5721 :
1206 5668 1438 5722 facessat
1468 5669 1661 5723 invidia
1681 5707 1695 5732 ,
1727 5673 1809 5728 vel

215 5757 446 5814 humani
473 5755 717 5820 affectus,
737 5757 822 5811 vel
852 5757 1101 5825 nequitia:
1129 5757 1436 5828 spiritualis,
1463 5769 1517 5812 ut
1549 5761 1598 5814 in
1627 5761 1806 5817 Jesum

220 5846 502 5904 Christum
552 5847 777 5917 adipisci
825 5863 1036 5902 merear
1079 5848 1264 5918 ignes,
1315 5863 1538 5916 cruces,
1587 5852 1810 5922 bestias,

1886 1929 2082 1982 iterum
2114 1944 2128 1981 :
2164 1925 2278 2000 Ego
2308 1927 2418 2000 {odi
2443 1937 2493 1983 et
2517 1927 2621 1984 bibi
2649 1943 2873 2000 aquam,
2903 1936 2952 1981 et
2976 1923 3231 1981 exsiccavi
3258 1920 3465 1992 vestigio

1884 2021 2070 2090 pedum
2091 2037 2319 2075 meorum
2339 2037 2517 2076 omnes
2540 2023 2675 2076 rivos
2695 2036 2941 2093 aggerum
2964 2017 3324 2090 (Isa..xxxvtt,
3346 2012 3460 2085 25).

1885 2111 2054 2167 Multo
2083 2112 2279 2168 rectius
2317 2113 2606 2182 oportebat
2642 2127 2740 2168 vos
2767 2111 2963 2167 imitari
3001 2109 3148 2166 illum
3175 2116 3232 2164 et
3259 2107 3462 2170 audire,

1885 2203 1978 2271 qui
2027 2203 2192 2257 totius
2254 2203 2513 2258 bonitatis
2575 2211 2630 2258 et
2676 2202 2995 2257 humilitatis
3033 2214 3163 2255 vere
3212 2189 3466 2252 invictum

1888 2294 2168 2364 exemplar
2195 2302 2297 2360 est,
2335 2294 2601 2350 dicentem
2633 2309 2730 2364 per
2758 2293 3077 2364 prophetam
3109 2308 3123 2343 ε
3155 2288 3269 2359 Ego
3298 2297 3468 2366 autem

1887 2401 2001 2440 sum
2029 2388 2214 2440 vermis
2245 2393 2295 2439 et
2323 2401 2426 2440 non
2454 2385 2628 2453 homo,
2658 2383 2986 2456 opprobrium
3013 2381 3275 2436 hominum
3302 2387 3350 2433 et
3379 2375 3469 2430 ab-

1880 2477 2043 2547 jectio
2072 2475 2234 2548 plebis
2287 2475 2531 2548 (Psalm.
2567 2491 2686 2541 xxi,
2718 2475 2814 2546 7).
2855 2471 2901 2528 Ο
2930 2471 3172 2528 mirabile
3199 2469 3469 2538 quoddam

1888 2567 2087 2622 dixisse
2116 2581 2236 2621 eum
2267 2567 2597 2636 approbrium
2622 2567 2907 2631 hominum,
2935 2578 3057 2620 cum
3085 2561 3258 2617 omnis
3285 2558 3470 2614 mundi

1890 2659 2182 2730 approbria
2211 2658 2498 2725 deleverit;
2539 2665 2596 2713 et
2642 2657 2834 2712 iterum
2879 2656 2932 2711 iu
2976 2651 3265 2722 Evangelio
3298 2667 3312 2704 :
3344 2647 3470 2705 Non

1890 2767 2098 2820 possum
2122 2766 2217 2820 ego
2247 2765 2280 2804 a
2309 2764 2388 2802 me
2415 2749 2527 2820 ipso
2555 2750 2725 2820 facere
2745 2747 3021 2820 quidquam
3060 2744 3246 2818 (Joan.
3263 2759 3314 2809 v,
3347 2737 3468 2814 30);

1892 2855 2017 2894 cum
2047 2839 2160 2909 ipse
2197 2853 2408 2894 coaevus
2437 2838 2582 2892 Patri
2610 2853 2675 2894 ac
2715 2837 2936 2908 Spiritui
2964 2846 3152 2893 sancto
3172 2832 3472 2892 communis

1891 2929 2239 2998 ejusdemque
2262 2929 2576 2983 substantia:
2611 2929 2804 2984 emtum
2845 2931 2900 2983 et
2937 2936 3136 2982 terram
3165 2941 3288 2982 cum
3325 2922 3472 2980 omni

1893 3033 2082 3074 eorum
2114 3018 2466 3073 inaestimabili
2495 3027 2813 3074 ornamento
2843 3018 3050 3084 fecerit,
3081 3033 3188 3072 non
3229 3016 3468 3080 alterius,

1893 3107 1988 3164 sed
2019 3109 2233 3179 pr0pria
2258 3116 2525 3178 potestate
2549 3125 2564 3175 ;
2589 3117 2644 3164 et
2673 3125 2766 3164 vos
2793 3117 3108 3178 arroganter
3135 3108 3298 3163 verba
3327 3107 3472 3162 exal-

1896 3205 2062 3265 tasse,
2091 3195 2352 3271 propheta
2377 3198 2589 3255 dicente
2627 3218 2639 3253 :
2675 3197 2811 3264 Quid
2849 3199 3073 3271 superbit
3103 3207 3242 3253 terra
3269 3207 3318 3252 et
3341 3199 3472 3252 cinis

1898 3287 2087 3360 (Eccli.
2119 3306 2171 3352 x,
2204 3291 2258 3358 9)
2275 3293 2300 3344 ‘t

1965 3402 2093 3458 Car.
2130 3418 2242 3459 vm.
2284 3403 2590 3475 Exemplum
2617 3405 2784 3460 sancti
2815 3403 3090 3475 Polycarpi
3120 3419 3137 3458 :
3169 3402 3254 3457 ubi
3283 3412 3332 3458 et
3359 3402 3475 3459 loca

1893 3509 2160 3548 sacrarum
2182 3494 2570 3564 Scripturarum
2599 3496 2650 3548 in
2675 3495 2896 3548 medium
2925 3493 3169 3547 adducta.
3190 3522 3262 3535 —-
3279 3491 3385 3547 Sed
3405 3491 3476 3547 ad

1894 3583 2229 3656 propositum
2270 3591 2533 3639 revertar.
2580 3585 2743 3650 Quis,
2787 3583 3038 3653 inquam,
3081 3599 3148 3638 ex
3185 3581 3374 3647 vobis,
3417 3590 3477 3636 ut

1896 3673 2239 3745 Smyrnensis
2298 3673 2549 3729 Ecclesia:
2605 3684 2791 3744 pastor
2851 3674 3095 3743 egregius
3149 3671 3476 3744 Polycarpus

1896 3767 2096 3824 Christi
2129 3770 2310 3834 testis,
2342 3784 2583 3822 mensam
2614 3769 2846 3822 humane
2875 3767 3174 3837 hospitibus
3202 3766 3270 3820 ad
3301 3766 3476 3835 ignem

1896 3873 2020 3914 eum
2049 3859 2203 3913 avide
2233 3859 2566 3912 trahentibus
2595 3857 2862 3926 apposuit,
2895 3865 2952 3911 et
2977 3856 3222 3925 objectus
3251 3854 3479 3911 flammis

1899 3966 1998 4022 pro
2017 3949 2213 4004 Christi
2240 3949 2504 4004 charitate
2525 3947 2662 4002 dixit
2688 3965 2701 4000 :
2727 3945 2827 4010 Qui
2855 3946 3148 4000 dedit~milii
3177 3945 3314 4017 ignis
3343 3946 3478 4014 ferre

1895 4041 2224 4112 supplicium,
2249 4038 2392 4093 dabit
2420 4047 2475 4092 ut
2503 4039 2614 4092 sine
2639 4039 2898 4094 clavorum
2918 4036 3211 4108 conﬁxione
3234 4037 3478 4106 ﬂammas

1899 4134 2228 4190 immobiliter
2255 4135 2533 4205 perferam.
2581 4131 2754 4187 Unum
2785 4131 2978 4196 adhuc,
3009 4137 3203 4202 praeter
3227 4143 3476 4197 magnam

1900 4225 2077 4281 verbis
2104 4225 2292 4279 volans
2329 4232 2640 4280 sanctorum
2669 4223 2858 4277 silvam
2877 4260 2893 4288 ,
2923 4221 3152 4292 exempli
3180 4222 3350 4290 gratia
3379 4237 3479 4291 po-

1899 4331 2023 4370 nam
2051 4315 2328 4382 Basilium,
2357 4315 2565 4368 scilicet
2585 4313 2968 4369 Cmsariensem
2999 4313 3331 4383 episcopum,
3361 4311 3478 4381 qui,

1899 4422 2023 4463 cum
2052 4407 2119 4462 ab
2145 4406 2328 4476 iniquo
2357 4407 2602 4476 principe
2630 4406 2787 4461 mina:
2813 4405 3118 4475 hujusmodi
3148 4405 3480 4460 intentaren-

1903 4507 2011 4566 tur,
2041 4499 2184 4568 quod
2229 4499 2332 4554 nisi
2377 4498 2430 4552 in
2477 4499 2766 4554 crastinum
2797 4498 2998 4552 Ariano
3030 4512 3186 4552 emno
3215 4505 3274 4551 ut
3301 4497 3482 4551 cmteri

1833 4607 1878 4666 υ
1903 4590 2290 4658 maeularetur,
2314 4597 2458 4644 esset
2478 4588 2696 4643 omnino
2716 4588 3029 4655 moriturus,
3051 4587 3248 4642 dixisse
3270 4585 3436 4640 fertur
3465 4603 3478 4639 :

1905 4679 2017 4752 Ego
2044 4698 2171 4736 sane
2198 4698 2287 4736 ero
2327 4697 2442 4734 cras
2478 4681 2563 4751 qui
2609 4679 2761 4734 hodie
2788 4696 2940 4744 sum;
2986 4689 3040 4733 tu
3079 4687 3127 4733 te
3155 4680 3350 4733 utinam
3379 4695 3480 4733 non

1901 4780 2124 4826 mutares
2144 4772 2164 4826 ,ν
2209 4769 2274 4824 Et
2303 4771 2498 4825 iterum
2530 4787 2543 4822 :
2580 4769 2790 4824 Utinam
2837 4769 3075 4826 haberem
3114 4769 3310 4841 aliquid
3339 4770 3485 4840 digiti

1905 4862 2150 4927 muneris,
2179 4861 2314 4932 quod
2339 4861 2578 4930 aﬂ'errem
2609 4861 2726 4914 huic
2750 4862 2836 4930 qui
2861 4861 3114 4914 maturius
3146 4859 3394 4914 Basiliam
3420 4861 3484 4914 de

1904 4953 2040 5008 nodo
2065 4955 2206 5025 follis
2235 4951 2383 5023 hujus
2410 4954 2729 5008 absolveret!
2771 4953 2902 5020 Quis
2929 4970 2998 5010 ex
3026 4954 3178 5011 vobis
3201 4955 3484 5025 apostolici

1903 5047 2165 5101 sermonis
2208 5047 2448 5114 regulam
2475 5088 2490 5114 ,
2521 5062 2640 5116 quas
2681 5047 2748 5101 ab
2774 5047 3022 5102 omnibus
3047 5062 3260 5117 semper
3287 5050 3485 5103 sanctis

1904 5135 2274 5190 sacerlotibus
2299 5135 2598 5203 quibusque
2635 5135 2967 5205 temporibus
2992 5137 3350 5204 exstantibus,
3378 5137 3482 5191 hu-

1905 5242 2119 5281 manam
2175 5226 2574 5295 suggestionem
2628 5229 3023 5297 prweipitanter
3071 5227 3139 5282 ad
3191 5227 3484 5296 nequitiam

1906 5316 2248 5374 festinantem
2285 5319 2705 5384 recutientibus,
2745 5329 2956 5375 servata
3003 5329 3122 5387 est,
3167 5321 3220 5376 in
3251 5339 3484 5378 concus-

1905 5407 2059 5462 sione
2131 5415 2478 5478 tyrannorum
2522 5407 2790 5477 indirupte
2839 5410 3107 5474 custodit,
3169 5411 3272 5466 hoc
3323 5412 3486 5468 modo

1909 5498 2092 5553 dicens
2123 5515 2137 5550 :
2175 5497 2396 5552 Obedire
2437 5508 2635 5568 Oportet
2679 5501 2844 5572 magis
2873 5499 2982 5556 Deo
3015 5518 3170 5573 quam
3196 5502 3484 5560 hminibus

1913 5589 2048 5658 (Act.
2096 5597 2153 5657 ν,
2175 5588 2307 5662 29)?
2330 5589 2493 5660 igitur
2521 5592 2890 5661 confugientes
2918 5593 3076 5648 solito
3105 5611 3253 5650 more
3282 5597 3346 5651 ad
3375 5597 3484 5652 Do-

1910 5678 2038 5730 mini
2083 5679 2500 5734 misericordiam
2526 5690 2941 5751 sanctorumque
2967 5685 3346 5754 prophetarum
3371 5688 3486 5757 ejus

1911 5782 2072 5820 voces
2096 5807 2113 5832 ,
2159 5776 2218 5820 ut
2249 5768 2319 5822 illi
2350 5783 2448 5838 pro
2477 5770 2633 5825 nobis
2670 5773 3008 5828 oraculorum
3047 5790 3264 5830 suorum
3309 5777 3486 5847 jaeuln

1912 5857 2240 5927 imperfectis
2266 5861 2588 5931 pastoribus,
2617 5871 2672 5918 ut
2701 5873 2859 5920 antea
2889 5871 3144 5939 tyrannis,
3167 5873 3316 5940 quis
3339 5889 3484 5930 «tuo
