3952 6392
433 311 538 365 5ἷό

1237 276 1846 367 omnesmanus
1887 311 1969 366 DE
2008 311 2276 367 EXCIDIO
2316 314 2705 368 sumsum:

3575 321 3694 378 576

436 426 618 497 puncti
656 433 928 492 sanentur,
961 427 1195 491 librent;
1243 425 1517 480 videamus
1561 423 1702 494 quod
1749 423 2003 480 Dominus
2032 428 2077 486 Α
2099 426 2372 497 judicium.
2433 427 2624 484 Omnes
2673 433 2810 484 enim
2857 447 3046 488 mensa
3083 433 3290 503 repleta
3333 441 3455 488 sunt
3492 437 3687 489 consita

437 535 538 591 per
563 520 851 592 prophetas
878 518 942 574 ad
973 517 1182 573 desides
1228 526 1284 572 et
1321 517 1632 572 inhonestos
1674 517 2004 581 sacerdotes,

437 622 493 666 et
517 627 624 668 non
654 613 788 666 bene
835 608 1088 680 populum
1120 616 1227 662 tam
1255 608 1500 678 exempla
1530 623 1688 678 quam
1720 608 1882 662 verba
1911 606 2008 660 do-

437 709 639 763 centes,
672 702 932 754 minarum
960 699 1228 769 loquatur.
1259 697 1391 752 Nam
1419 706 1474 751 et
1501 697 1617 752 Heli
1646 698 1734 752 ille
1755 697 2008 752 sacerdos

437 789 492 844 in
523 789 636 845 Silo
665 805 762 859 pro
791 804 856 844 eo
899 789 1042 859 quod
1089 804 1196 842 non
1243 788 1404 855 digno
1452 787 1546 842 Dei
1586 788 1702 842 zelo
1739 774 2007 843 sererein

439 881 575 935 lilios
604 887 1010 935 contemnentes
1052 877 1217 932 Deum
1263 877 1406 932 ultus
1435 875 1626 940 fuerat,
1653 876 1746 930 sed
1778 874 2011 929 molliter

438 978 493 1026 et
519 971 818 1026 clementer
854 977 913 1022 ut
959 975 1084 1038 pote
1130 975 1353 1036 paterno
1398 966 1590 1020 all'ectu
1637 965 2009 1032 adtnonuerat,

439 1063 530 1119 tali
561 1060 1024 1118 animadversione
1051 1059 1362 1124 damnatur,
1403 1057 1612 1112 dicente
1639 1056 1705 1110 ad
1735 1071 1856 1111 eum
1885 1070 2011 1125 pro-

437 1155 600 1226 pheta
635 1171 648 1208 :
692 1153 972 1225 Manifeste
1015 1150 1213 1206 ostendi
1256 1166 1337 1204 me
1384 1149 1454 1202 ad
1491 1149 1697 1203 domum
1724 1149 1887 1219 patris
1917 1148 2008 1211 tui,

440 1261 555 1299 cum
583 1253 750 1298 essent
780 1245 835 1297 in
882 1241 1112 1312 JEggpto
1142 1240 1412 1294 serrientes
1442 1237 1708 1291 Pharaoni
1735 1255 1752 1303 ;
1797 1246 1848 1291 et
1884 1237 2013 1306 elegi

440 1331 644 1386 domum
682 1333 847 1400 patris
877 1330 946 1382 tui
989 1345 1052 1382 ex
1085 1328 1318 1382 omnibus
1357 1326 1581 1381 tribubus
1611 1324 1780 1380 Israel
1806 1327 1928 1379 mihi
1960 1327 2014 1378 in

439 1421 726 1478 sacerdotio
757 1419 808 1490 (Ι
835 1419 963 1491 Reg.
992 1435 1048 1481 tt,
1085 1418 1176 1486 27,
1203 1417 1317 1488 ‘28).
1359 1417 1420 1470 Et
1450 1425 1570 1487 post
1597 1431 1766 1486 pauca
1797 1433 1812 1473 :
1843 1414 2016 1480 Quare

439 1513 713 1584 resperisti
753 1513 808 1566 in
854 1513 1117 1566 incensum
1157 1526 1324 1562 meum
1351 1517 1398 1561 et
1427 1510 1478 1562 in
1507 1508 1817 1578 sacriﬁcium
1848 1524 2014 1560 meum

440 1604 672 1675 improbo
701 1604 848 1660 oculo
873 1640 887 1661 .
943 1610 992 1656 et
1023 1601 1376 1670 honori/icasti
1403 1601 1541 1669 ﬁlios
1580 1609 1692 1652 tuos
1720 1599 1832 1668 plus
1862 1615 2014 1670 quam

439 1711 548 1759 me,
579 1704 632 1747 ut
659 1693 981 1747 benediceres
1010 1707 1096 1745 eos
1123 1707 1155 1743 a
1179 1691 1462 1760 primordio
1491 1689 1542 1742 in
1583 1687 1818 1742 omnibus
1848 1690 2014 1741 sacri-

2108 519 2359 583 sordium.
2382 521 2455 572 ita
2474 529 2530 574 ut
2558 537 2662 574 non
2687 532 2818 575 esset
2845 521 2981 577 ultra
3010 522 3169 577 locus.
3203 522 3481 594 Propterea
3509 525 3688 579 audite

2107 606 2311 660 uerbum
2352 607 2593 677 Domini,
2631 611 2725 662 viri
2762 609 3018 676 illusores,
3050 611 3136 681 qui
3164 611 3504 666 dominamini
3533 627 3688 681 super

2106 703 2350 771 papulum
2377 719 2540 758 meum
2571 714 2656 776 qut
2695 715 2772 759 est
2814 707 2868 759 in
2912 704 3216 760 Jerusalem.
3247 706 3473 761 Dixistis
3497 709 3634 760 enim
3665 720 3690 763 :

2109 792 2466 848 Percussimns
2495 798 2657 864 {cadus
2687 813 2800 850 cum
2827 806 3007 861 morte,
3035 805 3216 850 etcum
3239 798 3446 867 inferno
3475 798 3698 868 fecimur

2109 893 2332 952 pactum.
2359 882 2648 953 Flagellum
2674 886 2931 938 inundans
2951 902 3064 938 cum
3089 885 3372 953 transierit,
3396 903 3499 939 non
3525 889 3701 940 venies

2109 988 2262 1040 super
2288 989 2400 1037 nos,
2431 975 2548 1045 quia
2571 977 2832 1044 posuimus
2853 976 3173 1028 mendacium
3197 991 3338 1045 spem
3366 986 3619 1040 nostram,
3641 984 3693 1028 et

2110 1064 2376 1118 mendacio
2425 1066 2635 1134 protecti
2672 1082 2846 1118 sumus
2889 1063 3026 1128 (Isa.
3057 1081 3239 1132 xxvnt,
3275 1066 3326 1130 7,
3359 1065 3413 1132 8,
3448 1064 3536 1133 14,
3573 1065 3694 1131 l5).

2112 1149 2180 1204 Et
2205 1160 2330 1223 post
2357 1153 2626 1222 aliquanta
2660 1170 2674 1207 :
2705 1152 2770 1206 Et
2797 1153 3052 1208 subvertet
3077 1154 3276 1225 grando
3306 1171 3448 1225 spem
3475 1155 3700 1209 menda-

2110 1241 2179 1294 cii
2205 1251 2254 1295 et
2281 1244 2645 1313 protectionem
2677 1259 2823 1314 aqua:
2851 1243 3195 1298 inundabunt.
3226 1242 3294 1296 Et
3321 1244 3572 1300 delebitur
3599 1249 3696 1317 [ω-

2112 1331 2206 1384 dus
2231 1342 2450 1385 vestrum
2475 1350 2588 1386 cum
2613 1342 2794 1400 morte,
2816 1344 2864 1387 et
2883 1343 3087 1401 pactum
3111 1343 3329 1388 uestrum
3351 1351 3464 1388 cum
3483 1335 3695 1403 inferno

2113 1437 2215 1474 non
2238 1421 2426 1486 stabit;
2455 1423 2717 1493 ﬂagellum
2740 1423 3000 1477 inundans
3027 1439 3141 1476 cum
3171 1424 3453 1490 transierit,
3479 1424 3625 1478 eritis
3645 1427 3694 1479 ei

2112 1512 2166 1565 in
2197 1515 2669 1574 conculcatiouem;
2707 1514 3109 1584 quandocunque
3131 1515 3509 1583 pertransierit,
3549 1515 3694 1570 tollet

2111 1617 2198 1653 t'os
2231 1599 2414 1672 (Ibid,
2442 1601 2642 1673 17-19).
2677 1601 2738 1655 Ει
2763 1604 2954 1657 iterum
2993 1621 3005 1656 :
3041 1602 3108 1656 Et
3135 1604 3267 1656 dixit
3296 1602 3588 1659 Dominus:
3613 1605 3694 1661 Eo

2114 1690 2249 1758 quod
2276 1692 2651 1761 appropinquat
2676 1691 2893 1761 populus
2920 1693 3014 1745 iste
3037 1710 3123 1746 ore
3145 1709 3257 1759 suo,
3279 1703 3328 1746 et
3349 1694 3502 1748 labiis
3528 1697 3696 1766 glori-

440 1787 574 1858 ficiis
602 1801 778 1839 coram
803 1785 920 1837 nte?
959 1781 1026 1836 Et
1069 1797 1204 1835 nunc
1246 1782 1352 1834 lucc
1392 1781 1516 1834 dicit
1547 1779 1797 1834 Dominus
1826 1794 1844 1832 :
1873 1778 2012 1842 Quo-
2047 1784 2083 1841 Β
2111 1779 2234 1848 ﬁcat
2265 1795 2364 1840 me,
2397 1795 2486 1833 cor
2514 1789 2684 1832 autem
2709 1795 2884 1833 eorum
2925 1781 3074 1850 longe
3113 1789 3188 1834 est
3217 1799 3248 1834 a
3273 1798 3353 1835 me
3372 1798 3391 1846 ;
3439 1783 3555 1836 ideo
3579 1801 3698 1839 ecce

441 1879 583 1932 niam
625 1875 710 1947 qui
741 1873 1083 1942 houoriﬁcant
1127 1888 1207 1925 me
1227 1911 1242 1936 ,
1274 1869 1536 1925 honorabo
1563 1885 1687 1932 eos;
1730 1876 1780 1922 et
1807 1869 1892 1940 qui
1919 1885 2010 1937 pro

441 1967 602 2020 nihilo
631 1965 818 2018 habent
847 1979 926 2016 me
946 2003 960 2026 ,
999 1961 1068 2015 ad
1095 1961 1312 2014 nihilum
1341 1962 1654 2028 redigentur.
1705 1955 1773 2011 Et
1801 1959 1895 2011 hoc
1921 1956 2014 2010 tibi

440 2058 643 2128 signum
667 2057 755 2121 sit,
781 2053 914 2126 quod
941 2053 1099 2106 veniet
1125 2067 1276 2122 super
1301 2051 1429 2104 duos
1459 2051 1595 2117 filios
1625 2057 1736 2103 tuos
1769 2047 1938 2117 Oplmi
1963 2055 2012 2101 et

441 2147 694 2208 Phinees;
719 2145 774 2198 in
797 2160 897 2196 uno
925 2143 1008 2196 die
1031 2142 1313 2196 morientur
1332 2139 1482 2194 ambo
1507 2141 1558 2193 in
1586 2139 1760 2210 gladio
1789 2140 2010 2193 rirorum

440 2239 641 2312 (Ibid,
672 2236 761 2302 29,
793 2236 884 2303 5i,
914 2235 1026 2302 '54).
1079 2234 1137 2290 Si
1181 2235 1295 2289 haec
1339 2233 1518 2302 itaque
1561 2233 1871 2304 patiuntur,
1919 2233 2008 2300 qui

435 2329 612 2384 verbis
661 2336 865 2382 tantum
914 2324 1223 2392 subjectos,
1253 2330 1308 2378 et
1349 2338 1456 2376 non
1497 2320 1762 2388 condigna
1808 2321 2012 2375 ultione

437 2419 758 2481 emendant;
806 2415 931 2485 quid
987 2414 1116 2484 ipsis
1157 2413 1249 2467 tiet
1303 2413 1393 2481 qui
1437 2410 1504 2465 ad
1550 2411 1691 2464 mala
1730 2411 2014 2465 hortantur

436 2507 711 2580 peccando
749 2516 806 2562 et
847 2505 1100 2559 trahunt?
1143 2502 1278 2569 Quid
1318 2502 1393 2556 illi
1431 2516 1645 2590 qpoque
1673 2501 2012 2571 perspicuum

437 2608 519 2655 est
548 2615 677 2654 vero
700 2599 840 2665 vati,
869 2605 992 2666 post
1017 2595 1379 2665 expletionem
1407 2593 1542 2661 signi
1565 2593 1631 2647 ab
1657 2591 1847 2646 eodem
1877 2607 2014 2663 pne-

438 2692 589 2756 dicti,
611 2700 665 2746 et
695 2689 1088 2745 restitutionem
1109 2688 1270 2742 aridae
1299 2701 1488 2740 manus
1510 2685 1671 2754 impio
1691 2683 1826 2753 regi,
1847 2685 2011 2740 misso

437 2797 469 2837 a
496 2781 675 2836 Judzea
705 2779 1031 2850 prophetare
1059 2777 1112 2832 in
1147 2774 1362 2840 Bethel,
1387 2773 1765 2845 prohibitoque
1789 2788 1857 2828 ne
1883 2773 2010 2844 quid

435 2871 637 2930 ibidem
667 2871 774 2927 cibi
801 2877 1059 2941 gustaret,
1092 2883 1157 2924 ac
1182 2867 1408 2936 decepto
1439 2865 1507 2921 ab
1537 2865 1644 2921 alio
1689 2867 1770 2936 (ut
1795 2865 2011 2920 diceba-

439 2965 548 3036 tur)
578 2961 862 3035 propheta,
887 2969 944 3016 ut
970 2975 1158 3032 parum
1179 2959 1304 3030 quid
1329 2958 1482 3028 panis
1503 2967 1558 3012 et
1578 2971 1730 3026 aqua:
1753 2965 2004 3022 sumeret,

437 3055 650 3124 obtigit,
679 3053 890 3108 dicente
919 3052 986 3107 ad
1013 3066 1135 3106 eum
1163 3065 1262 3106 suo
1297 3048 1510 3118 hospite
1542 3065 1556 3101 :
1589 3046 1720 3102 Haec
1747 3048 1869 3101 dicit
1900 3046 2008 3102 Do-

2113 1887 2206 1940 ego
2235 1870 2424 1923 addam
2443 1912 2458 1935 ,
2489 1879 2544 1923 ut
2573 1871 2967 1926 admirationem
2997 1874 3187 1942 faciam
3223 1875 3412 1944 populo
3447 1875 3565 1928 huic
3591 1879 3694 1929 mi-

2111 1961 2286 2014 raculo
2315 1963 2502 2031 grandi
2537 1971 2585 2016 et
2627 1963 2898 2031 stupenda.
2950 1962 3149 2017 Peribit
3191 1965 3327 2018 enim
3368 1968 3630 2036 sapientia
3659 1985 3694 2022 ιι

2111 2056 2426 2125 sapientibus
2446 2059 2576 2126 ejus,
2605 2066 2654 2112 et
2673 2058 2959 2112 intellectus
2980 2060 3302 2130 prudentium
3327 2061 3438 2131 ejus
3467 2060 3693 2116 abscon~

2111 2145 2279 2200 detur.
2323 2145 2412 2200 Va:
2438 2149 2521 2218 qui
2549 2149 2791 2218 profundi
2820 2151 2940 2202 estis
2969 2151 3148 2216 corde,
3178 2160 3233 2204 ut
3259 2169 3290 2204 a
3321 2151 3544 2207 Domino
3572 2153 3698 2205 abs-
3783 2209 3796 2218 ,

2112 2235 2346 2290 condatis
2375 2239 2674 2303 consilium;
2702 2255 2915 2312 quorum
2947 2252 3062 2295 sunt
3095 2243 3146 2296 in
3184 2243 3402 2298 teuebris
3431 2259 3609 2315 Opera,
3642 2252 3694 2299 et

2112 2327 2334 2381 dicunt:
2367 2325 2494 2391 Quis
2531 2330 2664 2383 ridet
2692 2331 2821 2384 nos?
2863 2340 2911 2386 et
2948 2335 3061 2402 quis
3099 2335 3234 2387 ttovit
3264 2336 3394 2388 nos?
3438 2336 3694 2391 Pert'ersa

2113 2418 2250 2470 enim
2288 2417 2398 2470 lucc
2430 2427 2596 2472 vestra
2622 2422 2865 2491 cogitatio
2913 2423 3048 2486 (Isa.
3073 2439 3218 2486 xxxx,
3245 2423 3442 2494 15-16).
3476 2423 3540 2480 Εῑ
3567 2434 3695 2496 post

2111 2505 2384 2574 aliquanta
2418 2523 2432 2558 :
2466 2505 2595 2561 Htec
2621 2509 2744 2561 dicit
2768 2509 3020 2564 Dominus
3045 2527 3062 2564 :
3095 2511 3284 2565 Castam
3311 2513 3456 2566 sedes
3481 2531 3616 2578 mea,
3639 2523 3695 2568 et

2113 2603 2250 2647 terra
2274 2595 2552 2648 scabetlum
2572 2598 2759 2666 pedum
2781 2615 3006 2653 meorum
3027 2611 3122 2654 est.
3142 2603 3269 2668 Qucu
3287 2604 3388 2655 ista
3408 2612 3484 2656 est
3505 2605 3689 2658 domus

2109 2699 2264 2754 quam
2283 2686 2606 2755 ardiﬁcabitis
2631 2689 2754 2742 mihi
2769 2690 2793 2743 .’
2817 2698 2868 2743 et
2891 2691 3003 2760 quis
3031 2692 3126 2744 erit
3152 2694 3294 2746 locus
3321 2695 3502 2763 quietis
3523 2696 3694 2750 mete?

2113 2772 2302 2827 Omnia
2339 2774 2445 2828 haec
2472 2791 2656 2829 manus
2683 2793 2796 2829 mea
2838 2780 2960 2848 fecit
2981 2817 2995 2841 ,
3045 2789 3095 2832 et
3135 2781 3276 2850 facta
3303 2789 3422 2834 sunt
3448 2782 3690 2837 universa

2107 2866 2227 2929 ista,
2253 2866 2377 2920 dicit
2406 2866 2678 2922 Dominus.
2709 2869 2790 2920 Ad
2818 2885 2961 2938 quem
2992 2879 3160 2924 autem
3187 2873 3454 2942 aspiciam,
3486 2873 3590 2926 nisi
3618 2874 3691 2928 ad

2109 2958 2470 3027 pauperculam
2497 2967 2544 3011 et
2572 2959 2848 3010 contritum
2872 2961 3054 3028 spiritu
3083 2969 3132 3014 et
3160 2969 3456 3015 trementem
3485 2977 3689 3016 sermo-

2109 3065 2200 3102 nes
2228 3049 2406 3103 meos?
2447 3046 2549 3112 Qui
2573 3050 2807 3103 immolat
2841 3049 3014 3104 bovem
3041 3093 3056 3118 ,
3103 3053 3250 3122 quasi
3293 3054 3378 3123 qui
3406 3054 3707 3129 interﬁciat.

435 3146 604 3200 minus
631 3143 771 3198 Deus
797 3159 814 3196 :
842 3139 974 3208 Quia
1000 3139 1294 3196 inobediens
1313 3141 1456 3211 fuisti
1483 3140 1560 3195 ori
1587 3138 1811 3200 Domini,
1833 3146 1883 3191 et
1905 3153 2006 3192 non
2033 3140 2076 3201 C
2108 3141 2403 3209 cirum;qni
2418 3150 2608 3194 mactat
2619 3158 2789 3211 pecus,
2805 3145 2948 3213 quasi
2962 3145 3044 3214 qui
3060 3143 3346 3198 excerebret
3366 3161 3577 3209 canem;
3598 3147 3688 3217 qui

433 3236 698 3292 custodisti
721 3235 1020 3290 mandatum
1038 3234 1173 3306 quod
1191 3235 1429 3305 prcecepit
1446 3231 1694 3287 Dominus
1713 3231 1850 3286 Deus
1873 3243 2004 3298 tuus,

433 3337 484 3384 et
512 3343 740 3383 reversus
763 3344 836 3394 es,
869 3336 918 3382 et
941 3327 1206 3382 comedisti
1231 3341 1437 3394 panem,
1471 3335 1521 3378 et
1549 3323 1718 3377 bibisti
1747 3340 1932 3394 aquam
1953 3324 2008 3376 in

435 3421 528 3476 hoc
546 3421 659 3476 loco
678 3421 732 3474 in
753 3436 851 3490 quo
871 3418 1236 3474 mandaueram
1260 3417 1350 3472 tibi
1377 3432 1442 3470 ne
1467 3415 1803 3470 manducares
1823 3431 2008 3485 panem

433 3527 524 3566 nec
553 3510 744 3566 biberes
759 3525 976 3581 aquam,
1000 3525 1104 3564 non
1130 3516 1346 3578 ponetur
1372 3523 1554 3577 corpus
1583 3515 1724 3560 tuum
1752 3507 1804 3560 in
1833 3505 2007 3575 sepul-

434 3619 522 3658 cro
545 3611 751 3672 patrum
793 3609 1012 3655 tuorum.
1058 3597 1128 3652 Et
1156 3600 1346 3669 factum
1383 3607 1487 3664 est,
1519 3599 1706 3666 inquit,
1741 3607 2006 3669 postquam

431 3691 761 3747 manducavit
805 3705 990 3761 panem
1037 3699 1086 3744 et
1107 3688 1230 3743 bibit
1250 3706 1458 3761 aquam,
1481 3690 1660 3744 strarit
1684 3690 1780 3743 sibi
1803 3692 2006 3744 asinam

431 3800 580 3841 suam
606 3793 657 3838 et
684 3785 808 3838 a'biit
836 3799 854 3838 :
880 3792 930 3838 et
973 3785 1164 3839 invenit
1213 3799 1328 3839 eum
1369 3783 1448 3839 leo
1489 3785 1544 3838 in
1582 3784 1696 3850 via,
1727 3791 1776 3836 et
1821 3782 2009 3838 occidit

432 3893 548 3932 eum
578 3874 698 3950 (111
727 3875 854 3949 Reg.
887 3892 998 3940 xm,
1025 3875 1234 3948 21-24).

502 3964 630 4021 CAP.
683 3981 755 4021 ts.
806 3965 891 4019 Ea:
938 3961 1101 4020 Isaia.
1149 3997 1221 4011 —
1265 3965 1455 4020 lsaiam
1502 3978 1717 4034 quoque
1761 3971 2004 4021 sanctum

427 4056 744 4126 prophetam
771 4055 838 4112 de
863 4056 1230 4111 sacerdotibus
1257 4056 1360 4110 hoc
1385 4054 1545 4110 modo
1572 4055 1879 4124 loquentem
1910 4070 2005 4110 au-

428 4147 540 4202 dite
570 4165 584 4200 :
623 4146 716 4202 Vw
741 4149 898 4218 impio
931 4148 987 4202 in
1024 4149 1253 4212 malum;
1293 4139 1560 4201 retributio
1594 4148 1729 4200 enim
1761 4163 2005 4202 manuum

427 4239 537 4308 ejus
561 4239 651 4309 fiet
672 4241 739 4293 ei.
766 4239 1024 4308 Populum
1051 4255 1218 4292 meum
1245 4248 1508 4291 exactores
1531 4239 1610 4292 sui
1634 4238 2004 4306 spoliaverunt,

425 4338 476 4383 et
493 4330 732 4383 mulieres
753 4329 1032 4383 dominata
1057 4336 1176 4383 sunt
1202 4327 1332 4398 ejus.
1371 4326 1564 4398 Popule
1591 4343 1748 4392 meus,
1772 4329 1856 4399 qui
1883 4327 2004 4382 bea-

428 4431 532 4472 tum
563 4428 611 4472 te
638 4419 834 4484 dicunt,
857 4419 959 4488 ipsi
986 4429 1034 4472 te
1061 4404 1344 4485 decipiunt,
1365 4427 1414 4471 et
1439 4419 1570 4472 uiam
1600 4434 1861 4488 gressuum
1887 4425 2003 4472 tuo-

2109 3231 2260 3297 o/fert
2281 3229 2604 3294 oblationem,
2631 3232 2778 3301 quasi
2797 3232 2884 3301 qui
2905 3233 3207 3303 sanguinem
3233 3233 3440 3287 suillum
3467 3235 3687 3304 οἷα-(ιτς

2107 3321 2192 3391 qui
2219 3321 2518 3374 recordatur
2547 3321 2741 3388 thuris,
2774 3338 2920 3392 quast
2947 3323 3035 3394 qui
3059 3323 3322 3377 benedicat
3349 3326 3508 3380 idolo.
3555 3326 3692 3382 Hec

2107 3413 2279 3466 omnia
2305 3415 2566 3484 elegerunt
2593 3414 2644 3466 in
2665 3415 2759 3468 uiis
2783 3415 2908 3480 suis,
2936 3423 2985 3468 et
3009 3416 3062 3468 in
3089 3415 3552 3472 abominationibus
3579 3421 3689 3478 suis

2109 3503 2285 3556 anima
2311 3517 2486 3556 eorum
2515 3503 2765 3556 delectata
2794 3512 2870 3558 est
2909 3503 3040 3575 (Isa.
3073 3521 3216 3571 LXVI,
3244 3505 3380 3574 1-5).

2180 3591 2308 3648 Car.
2343 3609 2396 3648 x.
2446 3591 2530 3647 Ea:
2559 3593 2804 3649 Jeremia.
2849 3625 2924 3638 —
2965 3594 3228 3653 Jeremias
3272 3611 3488 3667 quoque
3532 3602 3686 3669 virgo

2042 3687 2048 3694 ‘
2107 3683 2476 3753 prophetaque
2503 3683 2632 3752 quid
2675 3683 3045 3754 insipientibus
3081 3685 3331 3754 loquatur
3358 3687 3684 3758 paStoribus,

2109 3773 2371 3828 attendite
2394 3790 2407 3825 :
2434 3771 2563 3827 Htec
2583 3773 2707 3827 dicit
2729 3773 3012 3830 Dominus:
3031 3776 3169 3840 Quid
3189 3778 3492 3833 invenerunt
3510 3790 3688 3849 patres

2105 3864 2257 3916 uestri
2284 3864 2338 3916 in
2365 3879 2445 3916 me
2479 3864 2766 3935 iniquitatis
2789 3906 2805 3933 ,
2849 3869 2968 3937 quia
3013 3866 3378 3938 elongaverunt
3403 3886 3438 3924 α
3467 3887 3549 3925 me
3571 3912 3588 3937 ,
3630 3883 3684 3928 et

2109 3951 2495 4007 ambulaverunt
2519 3963 2634 4022 post
2661 3956 2937 4010 vanitatem
2961 3995 2976 4019 ,
3007 3967 3056 4010 et
3083 3959 3200 4012 vani
3228 3959 3357 4029 facti
3378 3969 3502 4014 sunt
3547 3961 3679 4031 (Jer.

2107 4057 2164 4108 ιι,
2196 4042 2290 4112 5)?
2333 4042 2399 4096 Et
2436 4044 2598 4114 paulo
2628 4053 2749 4114 post
2780 4063 2792 4098 :
2821 4044 2891 4099 Et
2914 4045 3136 4118 ingressi
3163 4049 3555 4104 contaminastis
3584 4060 3688 4105 ter-

2107 4149 2221 4187 ram
2250 4149 2446 4199 meam,
2476 4143 2526 4189 et
2548 4135 2900 4190 hcereditatem
2928 4153 3093 4190 meam
3132 4138 3375 4207 posuistis
3402 4139 3455 4194 in
3483 4140 3685 4194 abomi-

2105 4225 2390 4279 nationem.
2421 4224 2730 4280 Sacerdotes
2753 4243 2855 4282 non
2878 4227 3156 4282 dixerunt:
3181 4227 3279 4283 Ubi
3299 4238 3374 4284 est
3395 4229 3688 4288 Dominus!

2106 4325 2156 4368 et
2185 4325 2409 4370 tenentes
2437 4317 2596 4387 legem
2625 4319 2916 4372 nescierunt
2944 4335 3023 4372 me
3041 4361 3055 4388 ,
3087 4330 3138 4374 et
3171 4330 3404 4390 pastores
3431 4325 3685 4394 prevari-

2106 4407 2209 4460 cati
2237 4416 2355 4460 sunt
2382 4408 2433 4461 in
2463 4424 2563 4461 me.
2613 4406 2897 4477 Propterea
2940 4409 3106 4464 adhuc
3136 4411 3334 4482 judicio
3375 4415 3684 4468 contendam

425 4526 538 4562 rum
579 4509 851 4577 dissipant.
899 4507 1019 4562 Stat
1047 4509 1116 4561 ad
1135 4508 1476 4578 judicandum
1515 4507 1791 4570 Dominus,
1821 4517 1871 4562 et
1897 4515 2003 4560 stat
2032 4509 2078 4567 D
2105 4501 2380 4564 vobiscum,
2415 4503 2489 4557 ait
2519 4502 2790 4571 Dominus,
2818 4512 2868 4558 et
2889 4520 3002 4556 cum
3030 4506 3154 4574 ﬁliis
3183 4507 3360 4560 vestris
3390 4506 3682 4578 disceptabo

424 4599 496 4652 ad
509 4598 825 4668 judicandos
856 4598 1089 4667 papulas.
1142 4596 1392 4651 Dominus
1439 4597 1508 4650 ad
1540 4597 1796 4668 judicium
1837 4597 2000 4650 veniet

423 4705 538 4742 cum
565 4689 770 4742 senibus
795 4687 969 4758 populi
995 4689 1075 4742 sui
1099 4697 1148 4742 et
1174 4688 1486 4756 principibus
1511 4689 1640 4759 ejus.
1675 4687 1778 4742 Vos
1798 4687 1998 4758 depasti

421 4779 545 4832 estis
587 4779 786 4831 rineam
827 4795 992 4831 meam
1022 4794 1040 4832 :
1069 4779 1254 4848 rapina
1280 4781 1518 4848 pauperis
1545 4780 1599 4832 in
1627 4778 1778 4833 domo
1805 4787 1993 4832 vestra.

421 4869 596 4932 Quare
639 4869 859 4922 atterilis
905 4870 1148 4939 populum
1183 4885 1349 4922 meum
1374 4911 1388 4935 ,
1433 4877 1482 4923 et
1527 4870 1684 4939 facies
1711 4886 1992 4939 pauperum

417 4959 744 5025 commolitis,
761 4960 882 5014 dicit
904 4959 1156 5016 Dominus
1175 4963 1489 5016 exercituum
1512 4959 1648 5030 (Isa.
1673 4976 1745 5026 ιιι,
1773 4961 1994 5030 11-15)?

413 5048 482 5106 Et
509 5051 635 5104 item
669 5068 681 5102 :
725 5049 815 5106 Vat
847 5053 933 5121 qui
963 5051 1187 5106 condunt
1215 5051 1350 5122 leges
1378 5050 1610 5120 iniquas,
1640 5059 1688 5104 et
1715 5051 1993 5107 scribentes

413 5141 722 5211 injustitiam
747 5142 1080 5211 scripserunt,
1110 5149 1167 5194 ut
1192 5141 1534 5210 apprimerent
1559 5143 1611 5194 in
1631 5142 1833 5212 judicio
1861 5159 1992 5212 pau-

414 5245 578 5300 peres,
606 5239 654 5283 et
683 5231 783 5284 vim
825 5232 1056 5301 facerent
1085 5245 1259 5283 causte
1289 5230 1556 5282 humilium
1584 5231 1759 5300 populi
1786 5233 1906 5296 mei,
1935 5239 1993 5284 ut

413 5328 580 5375 essent
599 5319 765 5372 eiduce
784 5319 962 5388 pratda
989 5334 1185 5384 eorum,
1207 5325 1255 5370 et
1283 5318 1502 5387 pupillos
1523 5318 1818 5387 diriperent.
1853 5316 1992 5382 Quid

414 5409 615 5477 facietis
642 5408 695 5460 in
725 5407 809 5460 die
846 5407 1155 5461 uisitationis
1191 5415 1241 5460 et
1277 5407 1590 5462 calamitatis
1627 5411 1691 5460 de
1729 5407 1880 5478 longe
1907 5425 1991 5462 ve-

413 5501 601 5552 nientis
633 5497 768 5569 (Isa.
800 5515 853 5562 x,
887 5498 1029 5564 1-3)?
1057 5498 1126 5552 Et
1151 5497 1287 5553 inl'ra
1321 5515 1335 5552 :
1377 5498 1563 5552 Verum
1591 5499 1643 5551 hi
1669 5514 1864 5569 quoque
1885 5515 1996 5568 prce

413 5589 528 5641 sino
557 5591 848 5642 nescierunt
871 5628 886 5652 ,
926 5605 1036 5658 prce
1063 5587 1305 5642 ebrietate
1331 5597 1633 5642 erraverunt
1656 5628 1670 5653 ,
1702 5591 1994 5646 sacerdotes

414 5688 704 5729 nescierunt
730 5692 839 5743 pra:
865 5677 1125 5739 ebrietate,
1157 5677 1386 5743 absorpti
1415 5684 1534 5728 sunt
1569 5693 1600 5728 a
1629 5677 1764 5741 vino,
1793 5693 1996 5732 errave-

411 5782 533 5822 ruut
567 5784 622 5822 in
659 5767 904 5824 ebrietate
929 5807 943 5836 ,
989 5769 1278 5825 nescierunt
1319 5766 1600 5833 videntem,
1631 5767 1997 5838 ignorat'erunt

2109 4589 2296 4662 (Ibid.,
2325 4592 2377 4657 7,
2403 4595 2480 4662 9).
2513 4593 2642 4647 item
2672 4602 2796 4664 post
2823 4594 3094 4662 aliquanta
3125 4612 3140 4649 :
3170 4594 3365 4665 Stupor
3391 4605 3442 4650 et
3469 4599 3684 4652 mirabi-

2105 4681 2178 4734 lia
2207 4683 2348 4752 [αι-ιιι
2375 4691 2492 4736 sunt
2521 4683 2574 4736 in
2603 4691 2758 4736 terra.
2783 4681 3440 4754 Prophetat'prwdicabant
3466 4686 3682 4738 menda-

2103 4776 2258 4838 cium,
2287 4781 2334 4826 et
2363 4773 2654 4827 sacerdotes
2683 4771 3066 4843 applaudebant
3092 4773 3330 4828 manibus
3362 4775 3489 4840 suis,
3517 4786 3568 4829 et
3591 4793 3686 4846 po-

2102 4866 2252 4936 pulus
2282 4881 2424 4918 meus
2452 4864 2633 4919 dilexit
2661 4865 2808 4917 talia.
2844 4862 2982 4926 Quid
3009 4865 3166 4935 igitur
3189 4865 3280 4934 ﬁet
3307 4865 3361 4919 in
3391 4867 3682 4920 novissimis

2104 4959 2216 5029 ejus
2248 4955 2376 5024 (Jer.
2407 4968 2459 5019 ν,
2488 4955 2576 5018 ⁸50,
2602 4955 2695 5024 5)?
2732 4953 2824 5008 Cui
2854 4955 3036 5026 loquar
3063 4965 3112 5010 et
3137 4954 3476 5022 contestabor,
3507 4967 3568 5010 ut
3591 4974 3683 5010 au-

2102 5045 2252 5096 diat?
2294 5042 2427 5096 Ecce
2463 5045 2835 5098 incircumcisa,’
2869 5060 3020 5098 aures
3045 5060 3221 5098 eorum
3245 5083 3262 5109 ,
3291 5054 3344 5098 et
3367 5046 3552 5102 audire
3577 5063 3682 5102 non

2099 5142 2331 5202 possunt.
2359 5131 2491 5185 Ecce
2509 5131 2712 5186 uerbum
2738 5133 2944 5188 Domini
2967 5137 3159 5206 factum
3181 5143 3259 5190 est
3281 5135 3385 5191 illis
3409 5139 3467 5190 in
3487 5155 3682 5208 oppro~

2099 5223 2287 5285 brium,
2315 5232 2364 5277 et
2393 5239 2494 5276 non
2524 5224 2807 5292 suscipiunt
2832 5224 2960 5278 illud
2987 5223 3130 5294 (Jer.
3160 5241 3234 5290 vr,
3267 5225 3362 5294 l0)
3398 5243 3410 5280 :
3441 5229 3566 5298 quia
3593 5245 3685 5283 ea:—

2099 5315 2308 5366 tendam
2337 5330 2544 5368 manum
2574 5331 2740 5368 nteam
2781 5333 2936 5387 super
2963 5316 3255 5371 habitantes
3296 5328 3486 5373 terram
3509 5358 3527 5382 ,
3558 5321 3685 5374 dicit

2099 5403 2372 5460 Dominus.
2419 5407 2461 5457 A
2503 5407 2701 5460 minore
2728 5407 2911 5476 quippe
2939 5424 3096 5478 usque
3124 5408 3194 5461 ad
3224 5410 3478 5479 majorem
3506 5427 3686 5467 omnes

2099 5498 2332 5550 avaritia:
2357 5497 2599 5560 student,
2635 5505 2686 5550 et
2709 5514 2741 5550 a
2768 5498 3020 5566 propheta
3055 5515 3214 5570 usque
3255 5499 3324 5551 ad
3363 5502 3686 5556 sacerdotem

2099 5588 2268 5640 cuncti
2299 5589 2496 5658 faciunt
2523 5588 2715 5642 dolum.
2765 5587 2836 5641 Et
2880 5587 3128 5642 curabant
3169 5591 3530 5644 contritionem
3556 5593 3683 5661 filiai

2101 5680 2275 5747 populi
2299 5680 2395 5731 mei
2423 5695 2534 5732 cum
2556 5679 2862 5748 ignominia,
2884 5679 3145 5734 dicentes:
3171 5679 3307 5745 Pax,
3333 5698 3440 5750 pax
3461 5698 3481 5745 ;
3504 5691 3558 5736 et
3575 5698 3681 5737 non

2100 5779 2208 5822 erat
2240 5787 2360 5838 pax.
2411 5769 2624 5841 Confusi
2654 5780 2789 5832 sunt,
2814 5773 2931 5836 quia
2955 5773 3383 5828 abominationem
3407 5775 3674 5844 {cremati
