3952 6380
170 365 268 421 577

867 375 1068 432 LIBER
1106 379 1496 446 QUERULUS.
1541 381 1716 439 PARS

1826 426 1840 439 .
1880 384 2290 448 INCREPATIO
2323 393 2392 450 1N
2428 393 2732 457 CLEBUM.

3317 412 3422 470 573

162 485 279 555 quin
307 486 480 554 potius
511 489 808 560 confusione
841 509 942 547 non
971 505 1091 548 sunt
1117 498 1339 567 confusi,
1371 505 1419 550 et
1446 498 1737 552 erubescere
1767 503 1808 558 Α
1840 517 2007 555 meum
2037 500 2227 561 Israel.
2261 505 2332 561 Et
2368 511 2424 564 in
2457 513 2720 582 prophetis
2745 512 3038 574 Jerusalem
3062 520 3423 582 vidisitnilitu-

164 575 472 632 nescierunt.
517 577 858 643 Quamobrem
885 585 1070 639 cadent
1099 587 1233 640 inter
1257 599 1493 654 ruentes;
1524 590 1576 644 in
1607 600 1735 645 tem-

161 685 280 736 pore
305 669 616 725 uisitationis
645 689 816 728 eorum
847 687 1084 730 corruent
1110 719 1126 745 ,
1168 679 1294 732 dicit
1322 679 1570 744 Dominus
1601 681 1733 755 (Jer.

163 773 231 816 vt.
254 756 456 828 12-15).
490 757 552 813 Et
580 761 770 816 iterum
803 781 816 816 :
851 765 1042 820 Omnes
1068 767 1154 821 isti
1182 771 1439 842 principes
1467 771 1736 826 declinan-

191 855 282 918 tes,
306 845 630 905 ambulantes
673 851 1048 922 fraudulenter,
1080 872 1150 912 tes
1177 865 1227 911 et
1257 859 1484 928 ferrum;
1513 861 1736 915 universi

160 935 382 1006 corrupti
405 947 546 990 sunt.
577 936 772 1010 Defecit
795 941 1127 1011 suﬂiatorium
1148 947 1202 999 in
1222 947 1370 1016 igne;
1393 948 1592 1018 frustra'
1612 966 1737 1004 con»

161 1026 297 1094 flavit
323 1029 626 1097 con/lator;
665 1032 882 1088 malitiae
921 1042 1092 1088 autem
1130 1053 1306 1092 eorum
1334 1055 1439 1093 non
1465 1048 1582 1093 sunt
1611 1057 1737 1095 con-

158 1126 392 1184 sumpta'.
417 1118 701 1190 Argentum
724 1121 993 1190 reprobum
1015 1135 1190 1180 vocate
1207 1143 1314 1192 eos,
1337 1129 1455 1200 quia
1490 1129 1736 1184 Dominus

159 1207 368 1277 projecit
398 1207 517 1262 illos
549 1208 736 1280 (Ibid.,
765 1209 967 1285 28-50).
991 1213 1203 1286 Et-post
1221 1233 1388 1288 pauca
1421 1237 1434 1272 :
1464 1217 1579 1292 Ego
1599 1236 1734 1286 sum,

157 1314 244 1368 ego
270 1315 417 1365 sum;
447 1317 540 1370 ego
568 1303 690 1367 vidi,
717 1303 842 1358 dicit
870 1303 1142 1362 Dominus.
1171 1306 1252 1362 Ite
1277 1309 1348 1363 ad
1373 1311 1540 1364 locum
1568 1328 1736 1367 meum

157 1389 208 1442 in
237 1390 369 1456 Silo,
393 1390 484 1446 ubi
511 1391 759 1449 habitavit
785 1411 972 1452 nomen
1000 1415 1167 1454 meum
1191 1417 1224 1454 a
1252 1401 1536 1470 principio;
1572 1411 1622 1456 et
1656 1405 1732 1458 vi-

157 1481 264 1536 dete
291 1499 406 1554 quae
452 1485 664 1555 fecerim
703 1486 750 1539 ei
778 1498 990 1558 propter
1019 1489 1274 1544 malitiam
1317 1493 1491 1562 pepuli
1542 1491 1730 1548 Israel.

157 1566 222 1622 Et
239 1585 373 1623 nunc
393 1572 515 1642 quia
536 1573 730 1642 fecistis
758 1575 933 1629 omnia
956 1593 1112 1646 opera
1140 1577 1276 1643 ha’c,
1301 1579 1424 1633 dicit
1445 1578 1731 1646 Dominus;

153 1667 200 1713 et
220 1659 417 1714 locutus
443 1677 561 1716 sum
589 1661 659 1716 ad
687 1679 771 1718 vos
800 1680 952 1720 mane
989 1681 1302 1737 consurgens
1336 1676 1387 1722 et
1421 1667 1651 1740 loquens,
1683 1679 1734 1724 et

153 1767 252 1807 non
279 1753 535 1820 audistis;
577 1765 628 1810 et
655 1757 828 1812 vocavi
858 1775 964 1824 vos,
991 1769 1042 1814 et
1075 1777 1179 1816 non
1207 1763 1543 1834 respondistis
1572 1779 1592 1818 :
1619 1762 1734 1819 Fa-

1837 591 2012 646 dinem
2035 593 2440 652 adulterantium
2457 639 2474 666 ,
2507 611 2555 654 et
2584 603 2684 656 iter
2718 606 3005 674 mendacii;
3029 621 3080 666 et
3097 617 3421 686 confortaveo

1837 690 1957 734 runt
1996 699 2182 738 manus
2219 688 2577 758 pessimorum,
2613 701 2670 748 ut
2708 711 2811 748 non
2853 709 3230 757 converteretur
3264 721 3420 762 unus-

1835 771 2045 842 quisque
2063 789 2096 826 a
2119 775 2318 829 malitia
2337 793 2460 842 sua;
2484 781 2611 850 facti
2627 793 2747 838 sunt
2761 785 2885 840 mihi
2903 803 3079 844 omnes
3095 791 3412 861 utSodonta,

1835 871 1885 915 et
1907 863 2222 920 habitatores
2243 869 2352 939 ejus
2373 873 2517 941 quasi
2535 870 2840 929 Gomorrha.
2863 876 3148 948 Prbpterea
3161 883 3272 940 haec
3291 877 3416 942 dies?

1835 949 2094 1009 Dominus
2119 957 2190 1010 ad
2211 961 2485 1029 prophetas
2507 978 2528 1016 :
2554 961 2687 1018 Ecce
2707 983 2800 1036 ego
2821 966 3108 1032 cibaboeos
3135 971 3413 1043 absinthio,

1834 1052 1884 1096 et
1908 1045 2098 1114 potabo
2119 1063 2205 1101 eos
2227 1048 2377 1119 felle;
2407 1067 2438 1103 a
2461 1054 2722 1121 prephetis
2741 1057 2878 1110 enim
2897 1056 3186 1116 Jerusalem
3205 1080 3424 1134 egressa

1833 1145 1908 1190 est
1943 1139 2158 1207 pollutio
2191 1158 2344 1210 super
2365 1161 2566 1198 omnem
2588 1156 2798 1202 terram.
2845 1149 2977 1206 litvo
3015 1155 3138 1209 dicit
3160 1155 3414 1215 Dominus

1832 1230 2148 1284 exercituum
2189 1249 2206 1285 :
2252 1231 2430 1290 Nolite
2469 1238 2651 1292 audire
2689 1239 2842 1296 verba
2888 1245 3252 1314 prophetarum
3273 1288 3290 1314 ,
3325 1252 3414 1323 qui

1831 1319 2140 1388 prophetam
2162 1321 2300 1377 vobis
2326 1334 2376 1378 et
2397 1325 2658 1398 decipiunt
2678 1346 2794 1393 vos;
2820 1332 3062 1390 visionem
3083 1339 3219 1392 enim
3240 1319 3414 1399 cordis

1831 1409 1914 1462 sui
1939 1409 2237 1482 loquuntur,
2268 1431 2369 1470 non
2391 1415 2456 1471 de
2475 1433 2566 1472 ore
2588 1417 2820 1476 Domini.
2857 1421 3049 1478 Dicunt
3069 1428 3205 1482 enim
3223 1429 3304 1484 his
3325 1433 3412 1502 qui

1831 1518 1912 1555 me
1964 1504 2318 1574 blasphemant
2362 1523 2383 1563 :
2433 1507 2659 1565 Locutus
2697 1521 2775 1566 est
2814 1512 3066 1572 Dominus
3097 1532 3116 1572 :
3155 1517 3276 1574 Pax
3313 1524 3412 1576 erit

1831 1592 1994 1648 vobis.
2017 1593 2087 1649 Et
2109 1596 2344 1652 omnibus
2365 1599 2450 1669 qui
2473 1599 2739 1656 ambulant
2759 1604 2812 1657 in
2831 1607 3087 1675 pravitate
3107 1610 3280 1666 cordis
3307 1614 3408 1679 sui,

1833 1682 2074 1740 dixerunt
2107 1703 2126 1745 ;
2163 1684 2284 1740 Non
2323 1690 2488 1748 veniet
2525 1705 2682 1760 super
2718 1709 2807 1748 vos
2847 1696 3062 1752 malum.
3105 1696 3239 1763 Quis
3271 1705 3412 1758 enim

1831 1771 2002 1842 adfuit
2022 1775 2076 1828 in
2099 1777 2314 1832 consilio
2337 1776 2568 1846 Domini,
2595 1790 2646 1834 et
2673 1783 2799 1837 vidit
2819 1793 2874 1840 .et
2903 1787 3098 1842 audivit
3127 1805 3411 1846 sermonem

154 1843 279 1897 σίσηι
303 1843 478 1898 dmin“
507 1844 623 1901 Ῐιαίε
647 1846 702 1901 ίη
731 1863 830 1919 qn“
858 1852 1147 1904 ίηυοεαίιιηι
1169 1861 1245 1906 εει
1264 1868 1449 1906 nomen
1471 1869 1659 1922 meum:
1681 1864 1732 1910 ει
1761 1867 1808 1930 Β
1831 1864 1981 1936 ejus?
2003 1863 2130 1930 Quis
2163 1869 2507 1928 consideravit
2535 1843 2739 1930 verbum
2766 1876 2908 1934 illius
2941 1887 2990 1933 et
3021 1881 3253 1938 audivit?
3281 1883 3414 1940 Ecce

152 1933 203 1987 in
230 1951 327 2006 qua
353 1951 442 1990 vos
464 1935 666 1992 habetis
685 1937 954 2008 fiduciam,
978 1949 1028 1994 et
1053 1941 1164 1995 loco
1193 1958 1342 2010 quem
1368 1943 1487 1998 dedi
1517 1943 1658 2001 vobis
1683 1953 1733 2000 et

153 2027 378 2096 patribus
413 2031 599 2084 vestris
626 2071 644 2098 ,
689 2031 822 2085 sicut
864 2033 966 2103 feci
1013 2032 1159 2100 Silo;
1199 2043 1248 2089 et
1283 2037 1558 2108 projiciam
1585 2055 1732 2094 vosa

155 2116 280 2186 facie
299 2133 412 2171 mea
441 2117 576 2189 (Jer.
601 2135 692 2185 vn,
721 2119 808 2188 11,
837 2120 946 2192 15).
971 2121 1038 2177 Et
1062 2123 1254 2180 iterum
1279 2143 1292 2178 :
1318 2125 1447 2184 Filii
1469 2129 1567 2184 mei
1591 2129 1733 2185 exie-

153 2215 266 2261 runt
291 2223 324 2261 a
348 2225 464 2276 me,
493 2219 545 2263 et
571 2226 676 2265 non
703 2211 1016 2280 subsistunt;
1053 2223 1105 2270 et
1129 2233 1232 2271 non
1261 2227 1338 2272 est
1371 2220 1458 2289 qui
1485 2220 1732 2276 extendat

153 2297 282 2352 ultra
328 2301 609 2354 tentorium
655 2318 823 2356 meum
846 2341 862 2367 ,
889 2313 940 2358 et
977 2306 1148 2376 erigat
1181 2307 1338 2376 pelles
1379 2325 1544 2364 meas.
1595 2308 1730 2376 Quia

152 2387 297 2442 stulte
321 2399 538 2460 egerunt
562 2401 819 2461 pastores,
848 2402 897 2448 et
928 2391 1206 2450 Dominum
1232 2413 1339 2452 non
1377 2402 1728 2470 quaesierunt;

153 2491 414 2551 propterea
442 2497 550 2537 non
587 2484 978 2556 intellexerunt,
1015 2495 1064 2542 et
1089 2505 1218 2560 grex
1255 2507 1431 2545 eorum
1468 2491 1727 2563 dispersus

152 2579 222 2624 est
249 2570 377 2643 (Jer.
401 2589 458 2640 ι,
489 2573 582 2640 20,
609 2574 723 2646 21).
753 2575 822 2631 Et
847 2587 972 2648 post
997 2579 1271 2650 aliquanta
1296 2599 1309 2636 :
1336 2581 1474 2647 Quid
1499 2593 1574 2640 est
1593 2587 1729 2656 quod

154 2663 358 2718 dilectus
386 2681 535 2720 meus
551 2667 621 2720 .in
649 2667 804 2724 domo
827 2686 942 2724 mea
967 2673 1090 2742 fecit
1117 2673 1314 2727 scelera
1337 2675 1502 2730 multa
1518 2677 1543 2729 ε)
1579 2675 1728 2732 Nun-

151 2753 266 2824 quid
291 2771 476 2810 carnes
505 2767 702 2814 sancta:
723 2761 961 2832 auferent
983 2777 1016 2816 a
1038 2771 1086 2816 te
1112 2763 1339 2818 malitias
1370 2774 1501 2831 tuas,
1530 2767 1586 2820 in
1608 2767 1725 2838 qui-

153 2843 236 2901 bus
251 2848 478 2918 gloriata
498 2850 589 2904 es?
610 2850 811 2906 Olivam
830 2852 1054 2921 uberem,
1072 2857 1360 2925 pulchram,
1381 2859 1726 2930 fructiferam,

149 2941 424 3008 speciosam
465 2943 664 2997 vocavit
702 2941 954 2999 Dominus
995 2963 1180 3002 nomen
1227 2956 1402 3015 tuum;
1451 2951 1521 3004 ad
1555 2968 1727 3008 vocem

149 3026 373 3100 loquela,
403 3029 624 3101 grandis
651 3032 850 3085 exarsit
878 3033 1015 3103 ignis
1044 3034 1098 3088 in
1125 3051 1208 3100 ea,
1239 3045 1288 3089 et
1312 3035 1578 3092 combusta
1604 3047 1724 3093 sunt

149 3119 330 3188 fruteta
355 3121 474 3190 ejus
503 3119 634 3192 (Jer.
657 3137 734 3186 ιι,
761 3119 846 3186 15,
877 3121 985 3191 16).
1019 3122 1086 3178 Et
1112 3125 1305 3179 iterum
1331 3143 1344 3178 :
1376 3115 1576 3195 Venite,
1599 3145 1723 3183 con-

1835 1957 1982 2014 turbo
2023 1959 2295 2018 dominica:
2333 1963 2708 2036 indignationis
2749 1970 3028 2040 egreditur,
3061 1982 3111 2026 et
3137 1983 3414 2042 tempestas

1831 2063 2102 2118 erumpens
2119 2067 2273 2122 super
2291 2063 2446 2123 caput
2477 2055 2754 2126 impiorum
2772 2061 2958 2122 veniet.
2986 2060 3123 2118 Non.
3137 2075 3414 2126 revertetur

1832 2141 2212 2212 furorDontini
2229 2160 2389 2216 usque
2409 2145 2529 2202 dum
2551 2147 2736 2218 faciat,
2766 2159 2816 2207 et
2838 2167 2996 2224 usque
3015 2154 3139 2209 dum
3158 2158 3412 2226 compleat

1831 2231 2194 2301 cogitationem
2231 2233 2404 2289 cordis
2433 2236 2534 2292 sui.
2574 2235 2646 2290 In
2676 2239 2968 2297 novissimis
3005 2242 3182 2301 diebus
3219 2247 3412 2302 intelli-

1829 2321 1958 2390 getis
1977 2323 2245 2378 consilium
2265 2329 2378 2398 ejus
2395 2379 2400 2388 ,
2423 2326 2612 2400 (Ibid.,
2637 2329 2836 2403 11-20).

1899 2411 2030 2468 Cn.
2061 2429 2135 2468 si.
2165 2413 2252 2468 Ex
2279 2417 2414 2484 .Ioel,
2445 2417 2596 2484 Osee,
2642 2423 2921 2480 Amos..——
2948 2423 3142 2482 Parum
3169 2439 3408 2498 namque

1829 2499 2078 2570 cogitatis
2107 2503 2191 2558 vel
2217 2504 2392 2562 facitis
2413 2545 2430 2572 ,
2468 2511 2615 2578 quod
2654 2521 2872 2574 sanctus
2890 2528 3109 2586 quoque
3133 2514 3253 2576 ἔθει
3286 2533 3408 2574 lno-

1825 2593 1965 2646 ’nens
1993 2592 2194 2650 inertes
2233 2597 2562 2664 sacerdotes,
2591 2615 2656 2656 ac
2681 2599 2884 2658 deﬂens
2908 2603 3289 2664 detrimentum
3316 2623 3410 2678 po-

1827 2685 1939 2754 puli
1969 2703 2067 2756 pro
2101 2689 2472 2760 iniquitatibus
2499 2707 2686 2752 eorum
2755 2694 2890 2750 dixit
2922 2712 2936 2749 :
2974 2694 3408 2770 Expergiscimini

1827 2777 1913 2847 qui
1945 2780 2068 2833 estis
2095 2779 2223 2835 ebrii
2261 2799 2293 2835 a
2315 2784 2430 2839 vino
2457 2793 2642 2850 vestro,
2673 2795 2723 2840 et
2753 2787 2956 2856 plorate
2979 2797 3029 2843 et
3053 2788 3415 2847 lamentamini.

1826 2885 2004 2925 omnes
2030 2873 2116 2942 qui
2145 2871 2316 2928 bibitis
2354 2876 2525 2930 vinum
2553 2878 2607 2931 in
2633 2876 2952 2943 ebrietatem,
2987 2881 3110 2950 quia
3133 2879 3312 2939 ablata
3330 2892 3409 2939 est

1827 2955 1891 3010 ab
1915 2975 2002 3013 ore
2026 2970 2190 3015 vcstro
2221 2963 2530 3032 jucunditas
2569 2973 2620 3019 et
2645 2967 2891 3037 gaudium
2926 2967 3083 3038 (Joel.
3113 2984 3150 3033 ι,
3188 2969 3266 3040 5).
3299 2968 3408 3025 Lu-

1824 3060 1960 3120 gete,
1988 3051 2302 3118 sacerdotes,
2335 3055 2418 3124 qui
2448 3057 2715 3110 deservitis
2737 3056 2914 3121 altari,
2936 3058 3057 3129 quia
3081 3059 3258 3116 miseri
3277 3061 3406 3132 facti

1824 3149 1946 3194 sunt
1983 3143 2171 3212 comm.
2219 3141 2418 3214 Lugeat
2459 3153 2628 3212 terra,
2666 3147 2788 3216 quia
2827 3147 3070 3202 miserum
3109 3151 3304 3220 factum
3326 3162 3406 3206 est

149 3212 424 3282 grrgmnini
455 3228 630 3270 omnes
659 3211 834 3271 bestia
863 3223 1034 3283 terrai,
1059 3226 1332 3290 properate
1364 3217 1434 3278 ad
1461 3219 1718 3278 det'oran-
1748 3239 1794 3306 ε
1825 3211 2170 3303 frumentum,
2220 3241 2270 3286 et
2301 3211 2565 3292 siccatam
2608 3211 2684 3293 est
2734 3237 2924 3302 tinum,
2972 3237 3280 3296 diminutum
3325 3251 3402 3305 est

149 3302 280 3357 dum.
310 3303 568 3360 Pastores
592 3306 741 3360 multi
770 3307 1000 3362 demoliti
1033 3319 1153 3364 sunt
1186 3312 1386 3365 vineam
1414 3329 1598 3379 meam,
1631 3315 1720 3368 de-

147 3389 320 3446 derunt
364 3395 659 3462 pcrtionem
703 3413 868 3452 meam
921 3396 1310 3454 desiderabilem
1361 3401 1418 3456 in
1464 3401 1722 3456 desertum

147 3482 434 3541 solitudinis
477 3483 608 3556 (Jer.
644 3502 736 3551 xu,
772 3484 824 3552 9,
853 3487 963 3559 10).
1009 3487 1247 3558 Itemque
1276 3490 1513 3561 loquitur
1545 3511 1557 3545 :
1591 3491 1721 3547 Haec

148 3572 260 3628 dicit
290 3575 766 3655 Domipuspopulo
795 3580 912 3636 huic
935 3621 950 3648 ,
994 3583 1080 3654 qui
1107 3583 1292 3638 dilexit
1327 3601 1526 3640 movere
1546 3585 1720 3656 pedes

145 3678 257 3720 suos
285 3675 334 3720 et
356 3684 466 3723 non
496 3670 700 3740 quievit,
732 3680 781 3726 et
809 3671 1030 3728 Domino
1058 3691 1161 3728 non
1186 3674 1398 3745 placuit.
1450 3675 1606 3730 Nunc
1637 3693 1721 3731 re-

147 3753 798 3830 cordabitur._iniquitatum
819 3778 1014 3827 eorum,
1044 3772 1094 3817 et
1121 3762 1346 3818 visitabit
1371 3775 1582 3833 peccata
1601 3765 1723 3821 illo-

146 3861 251 3900 rum
290 3845 428 3916 (Jer.
460 3865 570 3916 11v,
606 3851 716 3920 10).
763 3851 1042 3922 Propheta:
1069 3853 1245 3910 dicunt
1271 3855 1346 3908 eis
1374 3871 1394 3910 :
1424 3853 1551 3910 Non
1579 3857 1721 3912 vide-

145 3931 255 3992 bitis
293 3937 548 4009 gladium,
588 3949 639 3993 et
683 3941 848 4011 fames
887 3956 989 3994 non
1019 3942 1119 3995 erit
1155 3941 1210 3996 in
1241 3942 1404 4009 vobis,
1435 3943 1524 3998 sed
1543 3959 1721 4014 pacem

143 4041 310 4082 veram
334 4029 482 4084 dabit
516 4029 774 4086 Dominus
801 4029 1025 4086 vobisin
1049 4031 1165 4086 loco
1196 4033 1318 4088 ista.
1349 4031 1420 4086 Et
1447 4034 1579 4088 dixit
1605 4033 1719 4087 Da-

146 4119 306 4176 minus
336 4122 409 4176 ad
450 4139 531 4177 me
554 4139 573 4177 :
599 4121 762 4178 Falso
789 4122 1053 4194 propheta:
1073 4123 1418 4178 vaticinantur
1435 4124 1492 4178 in
1514 4125 1721 4179 nomine

143 4227 284 4279 meo;
319 4231 427 4270 non
453 4215 571 4269 misi
593 4232 706 4280 eos,
727 4225 777 4270 et
803 4231 907 4271 non
931 4214 1155 4287 pracepi
1179 4217 1286 4281 eis;
1313 4216 1563 4272 visionem
1583 4234 1722 4272 men-

102 4296 107 4301 ’
143 4301 333 4372 dacem,
359 4315 412 4360 et
445 4305 838 4373 divinationem,
867 4314 916 4359 et
944 4304 1368 4375 fraudulentiam,
1396 4314 1446 4359 et
1473 4305 1723 4360 seductio-

142 4411 252 4450 nem
279 4397 453 4452 cordis
473 4397 555 4451 sui
586 4396 895 4468 prophetaut
919 4396 1078 4452 vobis.
1110 4394 1236 4451 Ideo
1260 4396 1368 4452 hate
1401 4397 1526 4450 dicit
1549 4395 1721 4451 Domi-

141 4503 236 4541 nus
258 4505 276 4541 :
303 4487 368 4542 In
399 4488 576 4560 gladio
597 4497 646 4542 et
667 4489 805 4559 fame
829 4496 1192 4544 consumentur
1217 4489 1480 4558 prapheta:
1508 4489 1608 4544 illi.
1649 4487 1720 4543 Et

1823 3323 2021 3390 oleum,
2073 3335 2322 3380 aruerunt
2367 3329 2629 3398 agricolaz.
2671 3327 2864 3400 Lugete
2910 3333 3258 3401 possessiones
3305 3351 3400 3403 pro

1824 3416 1992 3471 tritico
2022 3424 2072 3470 et
2097 3416 2314 3482 hordeo,
2359 3421 2480 3489 quia
2507 3420 2659 3490 periit
2684 3421 2939 3476 vindemia
2983 3437 3050 3476 ex
3075 3438 3220 3494 agro,
3262 3424 3382 3478 vitis

1821 3508 2054 3576 arefacta
2081 3516 2159 3561 est
2175 3546 2192 3573 ,
2220 3508 2354 3578 ficus
2379 3509 2648 3564 diminuta:
2673 3519 2833 3564 sunt:
2857 3519 3097 3582 grauata,
3125 3520 3176 3566 et
3201 3512 3396 3582 palma,

1821 3603 1871 3648 et
1893 3594 2110 3664 malum,
2139 3606 2189 3650 et
2216 3597 2390 3652 omnia
2420 3597 2562 3670 ligna
2591 3601 2705 3670 agri
2732 3601 2968 3671 arefacta
2990 3609 3128 3667 sunt,
3155 3601 3400 3673 quoniam

1821 3685 2168 3757 confuderunt
2203 3688 2451 3759 gaudium
2496 3688 2594 3759 ﬁlii
2639 3690 2913 3746 hominum.
2953 3689 3148 3762 (Ibid.,
3198 3689 3252 3756 9,
3285 3690 3396 3762 12).

1821 3774 1950 3842 Quae
1978 3776 2158 3832 omnia
2191 3777 2545 3846 spiritualiter
2573 3779 2918 3848 intelligenda
2947 3789 3106 3836 erunt
3131 3781 3307 3851 vobis,
3329 3797 3402 3838 ne

1821 3873 1930 3921 tam
1959 3867 2229 3938 pestilenti
2257 3866 2399 3923 fame
2426 3869 2574 3924 verbi
2605 3869 2698 3926 Dei
2727 3871 2919 3930 animm
2943 3879 3136 3926 vestrm
3178 3886 3397 3930 aresce-

1818 3965 1960 4012 rent.
1987 3955 2052 4010 Et
2076 3957 2298 4012 iterum:
2315 3957 2482 4024 Flete,
2499 3959 2790 4016 sacerdotes
2813 3961 2903 4032 qui
2923 3960 3194 4016 deservitis
3215 3960 3400 4016 Domi-

1819 4048 2152 4115 no,dicentes
2177 4064 2197 4103 :
2221 4047 2408 4115 Parce,
2430 4047 2676 4119 Domine,
2699 4051 2888 4122 populo
2917 4057 3026 4116 tuo,
3039 4059 3163 4106 etne
3184 4052 3272 4106 des
3285 4053 3396 4110 Ita:-

1818 4139 2091 4194 reditatem
2119 4149 2261 4195 tuam
2284 4141 2338 4194 in
2360 4141 2711 4212 opprobrium,
2725 4151 2776 4196 et
2797 4159 2860 4196 ne
2876 4142 3202 4197 dominentur
3220 4159 3398 4198 eorum

1818 4238 2031 4299 gentes,
2084 4232 2158 4284 uti
2200 4247 2265 4284 ne
2304 4231 2482 4286 dicant
2520 4240 2744 4302 gentes:
2787 4231 2888 4287 Ubi
2921 4241 2999 4287 est
3035 4231 3178 4286 Deus
3221 4249 3398 4286 eorum

1819 4316 1980 4389 (loci.
2008 4335 2064 4384 ιι,
2099 4319 2230 4390 17)?
2256 4319 2363 4376 Sed
2392 4321 2508 4376 haec
2543 4337 2642 4376 vos
2683 4337 3021 4392 nequaquam
3049 4323 3266 4390 auditis,
3303 4324 3398 4378 sed

1821 4407 2003 4462 omnia
2043 4408 2237 4478 quibus
2278 4410 2602 4480 propensius
2645 4409 2812 4466 divini
2859 4409 3056 4466 furoris
3105 4411 3400 4481 indignatio

1821 4494 2151 4563 inardescat,
2183 4495 2486 4552 admittitis.
2511 4497 2649 4564 Quid
2677 4499 2841 4554 etiam
2869 4508 3085 4556 sanctus
3111 4497 3247 4556 Osee
3269 4517 3398 4571 pro-

141 4579 309 4648 populi
353 4579 540 4650 quibus
579 4579 1047 4649 propltetaverunt,
1091 4579 1307 4650 projecti
1347 4587 1494 4632 erunt
1533 4579 1587 4632 in
1623 4580 1718 4633 viis
1745 4587 1980 4668 Dpheta
2030 4587 2400 4642 sacerdotibus
2434 4589 2598 4644 vestri
2633 4590 2836 4645 moduli
2882 4591 3097 4657 dixerit,
3125 4591 3401 4661 signanter

139 4667 424 4724 Jerusalem
447 4685 559 4737 pra:
579 4671 718 4741 fame
735 4679 783 4724 et
804 4670 1012 4740 gladio;
1053 4678 1102 4724 et
1135 4686 1238 4725 non
1271 4670 1369 4723 erit
1395 4669 1480 4724 aui
1503 4669 1716 4724 sepeliet

143 4755 330 4828 (Ibid.,
365 4757 566 4827 15:16).
605 4757 674 4812 Et
699 4759 891 4814 iterum
926 4776 940 4812 :
981 4757 1075 4814 Va:
1095 4757 1387 4827 pastoribus
1413 4759 1498 4830 qui
1526 4758 1722 4827 dispen-

138 4847 262 4902 dunt
285 4865 336 4903 et
356 4850 645 4904 dilacerant
673 4866 877 4922 gregem
897 4866 1103 4921 pascua:
1122 4866 1267 4916 mete,
1291 4849 1416 4902 dicit
1441 4849 1716 4906 Dominus.

143 4938 264 4993 Ideo
286 4941 400 4994 hazc
421 4940 545 4994 dicit
581 4938 834 4996 Dominus
876 4939 1013 4995 Deus
1057 4937 1224 4994 Israel
1255 4940 1324 4994 ad
1357 4949 1592 5008 pastores
1629 4955 1716 5011 qus

139 5040 352 5097 pascunt
407 5031 650 5101 populum
695 5047 868 5087 meum
915 5046 935 5086 :
992 5029 1096 5086 Vos
1143 5031 1460 5098 dispersistis
1510 5045 1716 5100 gregem

140 5136 322 5186 meum,
347 5129 397 5177 et
431 5123 654 5192 ejecistis
681 5139 786 5188 eos,
817 5132 864 5177 et
891 5139 995 5177 non
1028 5123 1274 5176 visitastis
1297 5122 1435 5177 illos.
1462 5121 1598 5176 Ecce
1620 5137 1714 5193 ego

139 5211 351 5267 visitabo
373 5229 528 5282 super
547 5229 634 5267 vos
653 5214 910 5267 malitiam
949 5213 1236 5267 studiorum
1262 5223 1560 5276 vestrorum,
1591 5213 1718 5266 dicit

139 5300 394 5360 Dominus
420 5303 554 5375 (Jer.
577 5321 728 5371 xxut,
755 5305 808 5369 1,
831 5305 908 5376 2).
949 5304 1216 5376 Propheta
1237 5322 1452 5376 namque
1471 5316 1519 5360 et
1542 5323 1716 5360 sacer-

138 5395 226 5450 dos
248 5398 432 5468 polluti
453 5407 604 5462 sunt;
635 5407 684 5452 et
703 5399 757 5450 in
778 5397 930 5452 domo
961 5414 1074 5451 mea
1097 5397 1264 5450 inveni
1293 5397 1484 5450 malum
1514 5413 1710 5462 eorum,

139 5485 256 5540 dicit
279 5485 556 5542 Dominus.
584 5486 648 5540 Et
673 5487 864 5542 idcirco
884 5489 964 5541 via
985 5503 1159 5542 eorum
1185 5489 1280 5540 erit
1299 5487 1445 5556 quasi
1460 5485 1714 5540 lubricum

139 5577 189 5630 in
220 5576 471 5642 tenebris;
502 5577 831 5649 impellentur
858 5579 1018 5644 enim,
1045 5586 1096 5631 et
1124 5585 1359 5632 corruent
1388 5577 1441 5628 in
1463 5593 1556 5639 ea;
1593 5576 1718 5644 affe-

139 5685 246 5722 ram
268 5671 405 5724 enim
433 5687 586 5741 super
607 5686 695 5730 eos
718 5670 858 5722 mala
883 5709 897 5734 ,
939 5685 1131 5723 annuat
1170 5669 1477 5724 uisitationis
1518 5685 1714 5734 eorum,

141 5761 259 5814 dicit
289 5761 560 5816 Dominus.
605 5761 672 5815 Et
701 5762 754 5814 in
779 5761 1038 5832 praphetis
1079 5760 1337 5816 Samaria:
1377 5760 1480 5813 vidi
1510 5762 1718 5830 fatuita-

141 5859 268 5920 tem;
301 5864 352 5908 et
377 5851 758 5925 prop/ietabant
787 5851 839 5904 in
869 5849 1000 5906 Baal
1019 5894 1033 5919 ,
1057 5861 1103 5906 ct
1129 5849 1449 5922 decipiebant
1470 5851 1714 5922 papulum

1821 4677 2084 4734 attendite
2115 4695 2128 4732 :
2159 4677 2348 4732 Audite
2374 4678 2506 4746 hazc,
2543 4681 2858 4744 sacerdotes,
2891 4689 2940 4735 et
2965 4682 3198 4736 intendat
3217 4681 3400 4739 domus

1823 4765 1998 4822 Israel
2026 4777 2076 4821 et
2102 4767 2285 4822 domus
2316 4769 2453 4840 regis
2479 4809 2495 4836 ,
2536 4769 2740 4840 infigite
2773 4771 2986 4826 auribus
3012 4773 3196 4826 vestris
3227 4788 3246 4826 :
3274 4789 3402 4846 quo-

1820 4859 1964 4912 niam
2005 4859 2076 4912 ad
2118 4875 2205 4914 vos
2245 4868 2323 4914 est
2355 4859 2640 4932 judicium,
2693 4862 3068 4934 quia.laqueus
3105 4864 3231 4934 facti
3275 4865 3400 4921 estis

1819 4949 2158 5020 speculationi
2184 4957 2232 5004 et
2259 4949 2391 5004 velut
2434 4951 2706 5005 reticulum
2731 4961 3000 5008 extensum
3025 4971 3180 5024 super
3216 4953 3402 5009 Itabu-

1817 5039 1954 5093 rium
1998 5039 2136 5111 quod
2179 5039 2510 5112 indagatores
2549 5043 2836 5097 venationis
2875 5045 3202 5114 confixerunt
3237 5041 3396 5110 (Ose.

1819 5143 1873 5196 v,
1907 5129 1984 5200 1).
2017 5129 2182 5188 Vobis
2211 5130 2376 5192 etiam
2403 5144 2434 5184 a
2483 5130 2711 5187 Domino
2743 5131 2996 5188 alienatio
3029 5132 3400 5201 hujuscemodi

1819 5219 2131 5276 intendatur
2176 5235 2276 5292 per
2321 5221 2644 5292 prophetam
2679 5221 2844 5279 Amos
2883 5222 3168 5280 dicentem
3199 5239 3213 5276 :
3261 5219 3433 5280 Odia

1819 5310 1976 5365 habui
2007 5319 2056 5365 et
2107 5311 2272 5381 repuli
2310 5311 2420 5366 dies
2459 5313 2618 5384 festos
2663 5315 2877 5374 vestros,
2915 5321 3099 5367 etnon
3143 5310 3420 5383 accipiant-

1819 5401 2029 5456 odorem
2056 5402 2110 5455 in
2134 5402 2444 5476 solemnibus
2484 5401 2902 5458 convcntionibus
2939 5403 3120 5458 vestris
3149 5417 3168 5456 :
3201 5401 3322 5474 quia
3349 5408 3400 5460 et

1819 5493 1865 5548 si
1894 5492 2183 5557 obtuleritis
2223 5493 2669 5550 holocaustomata
2713 5501 2764 5548 et
2791 5492 2987 5548 hostias
3023 5501 3254 5560 vestras,
3291 5506 3400 5547 non

1821 5583 2073 5653 accipiam
2110 5600 2172 5637 ea
2211 5599 2230 5637 :
2278 5583 2348 5654 (et
2395 5583 2624 5638 salutare
2663 5581 3032 5658 declarationis
3065 5589 3399 5638 vestranon

1821 5673 2118 5743 aspiciam.)
2151 5672 2403 5744 Transfer
2430 5689 2462 5726 a
2503 5689 2582 5726 me
2609 5688 2794 5727 sonum
2820 5671 3120 5742 cantionum
3159 5679 3396 5736 tuarum,

1821 5770 1871 5814 et
1897 5761 2155 5832 psalmum
2179 5778 2491 5833 organorum
2521 5772 2722 5816 tuorum
2749 5778 2854 5816 non
2886 5760 3104 5816 audiam
3132 5759 3314 5834 (Amos
3342 5777 3401 5832 γ,

1783 5895 1790 5900 .
1821 5850 1908 5920 21,
1937 5851 2051 5925 25).
2076 5851 2254 5910 Famis
2274 5854 2416 5911 enim
2431 5853 2724 5922 evangelici
2744 5852 2848 5910 cibi
2869 5851 3048 5909 culina
3069 5851 3184 5926 ipsa
3205 5860 3400 5912 vestra
