3952 6386
469 409 576 468 379

1354 405 1586 463 GILDAE
1625 405 1972 464 SAPIENTIS
2010 407 2098 464 DE
2136 405 2408 463 EXClDlO
2443 403 2834 461 BRITANNIE

3617 405 3728 461 580

470 524 664 580 animus
685 519 888 576 viscera
919 517 1280 575 excomedens
1307 528 1582 588 grassatur
1607 521 1660 576 in
1693 521 1870 590 vobis,
1903 522 2042 577 sicut
2069 529 2116 582 Α
2147 521 2228 575 leo
2255 522 2516 591 rugientes
2546 535 2565 574 :
2586 519 2792 590 judices
2812 519 2942 572 sicut
2972 517 3078 587 lupi
3106 515 3314 570 Αναῡὶαι
3336 531 3440 570 non
3468 515 3734 587 relinque-

466 627 627 682 suprs
651 610 823 665 dictus
851 609 1111 679 prapheta
1140 608 1388 678 praedixit
1417 627 1430 661 :
1464 608 1618 675 Ecce,
1641 609 1907 681 inquiens,
1933 611 2042 666 dies

467 701 692 763 veniunt,
724 698 848 752 dicit
884 697 1138 752 Dominus
1169 713 1188 752 :
1221 707 1272 751 et
1301 699 1534 752 emittam
1569 702 1760 771 famem
1789 703 1844 756 in
1879 710 2041 770 terra,

466 806 571 846 non
592 792 782 860 famem
808 790 961 859 panis
987 805 1148 859 neque
1172 790 1312 842 sitim
1340 805 1505 860 aqua,
1530 791 1624 844 sed
1643 793 1832 861 famem
1864 794 1919 846 in
1943 807 2041 845 au—

467 880 654 935 diendo
677 880 880 934 verbum
903 878 1019 932 Dei.
1057 878 1126 932 Et
1147 878 1478 933 movebuntur
1499 897 1647 951 aqua:
1668 897 1700 934 a
1721 880 1864 934 Mari
1887 897 2044 953 usque

473 971 540 1024 ad
569 987 733 1036 mare,
771 979 821 1024 et
852 969 915 1023 ab
946 969 1198 1040 Aquilone
1239 985 1398 1040 usque
1425 969 1497 1022 ad
1544 966 1803 1022 Orientem
1831 985 2046 1038 percur-

470 1069 616 1122 rent,
667 1070 952 1131 qua'rentes
997 1059 1202 1113 verbum
1249 1058 1492 1126 Domini,
1548 1070 1598 1114 et
1647 1077 1750 1114 non
1784 1061 2046 1114 invenient

470 1152 648 1214 {Amos
679 1167 788 1217 vm,
824 1148 1044 1218 “,12).

539 1237 667 1293 Cn.
697 1254 789 1294 sn.
821 1236 906 1292 Ex
936 1235 1179 1291 Michaa.
1199 1234 1514 1291 —Auribus
1539 1250 1754 1306 quoque
1782 1236 2046 1308 percipite

466 1338 714 1386 sanctum
743 1329 1039 1395 Michtcam,
1081 1343 1145 1382 ac
1173 1327 1218 1382 si
1245 1328 1522 1383 cmlestem
1548 1327 1834 1398 quamdam
1862 1328 2045 1383 tubam

467 1418 726 1474 adversus
752 1417 1008 1473 subdolos
1034 1416 1218 1486 populi
1255 1417 1526 1487 principes
1565 1418 1830 1472 concisius
1857 1433 2048 1488 perso-

468 1517 708 1565 nantem.
739 1509 926 1562 Audite
953 1525 1110 1573 nunc,
1145 1507 1411 1577 inquiens,
1448 1509 1708 1580 principes
1741 1507 1920 1562 domus
1946 1507 2046 1562 Ia-

470 1601 585 1656 cob.
633 1599 824 1657 Nonne
873 1599 1012 1655 vobis
1042 1609 1136 1664 est,
1169 1609 1225 1654 ut
1246 1601 1568 1672 cognoscatis
1584 1599 1840 1670 judicium
1867 1599 2050 1654 adien-

472 1693 606 1747 tibus
633 1693 788 1758 bona,
817 1703 866 1747 et
893 1689 1237 1762 querentibus
1264 1691 1515 1762 maligna,
1547 1691 1864 1762 rapientibus
1888 1689 2048 1759 pelles

469 1799 646 1838 eorum
665 1782 729 1836 ab
751 1783 846 1850 eis,
861 1791 913 1836 et
937 1798 1114 1836 carnes
1133 1797 1309 1836 eorum
1321 1779 1384 1834 ab
1403 1780 1605 1836 ossibus
1630 1782 1846 1836 eorum?
1870 1779 2051 1846 Quem-

2145 608 2270 662 bant
2301 608 2356 662 in
2384 623 2537 661 mane
2567 621 2587 661 :
2624 607 2886 678 prophetae
2913 606 3023 676 ejus
3051 607 3290 675 spiritum
3333 612 3603 675 portantes
3633 605 3735 658 viri

2143 706 2560 768 contemptores:
2591 697 2884 751 sacerdotes
2916 696 3030 767 ejus
3062 693 3411 766 profanabant
3439 704 3646 760 sancta,
3677 703 3733 749 et

2142 787 2298 858 impie
2319 785 2542 858 agebant
2567 787 2622 840 in
2647 787 2773 856 lege.
2806 784 3062 839 Dominus
3087 795 3258 838 autem
3270 786 3445 855 justus
3471 785 3527 840 in
3557 787 3734 841 medio

2143 877 2276 947 ejus,
2303 885 2352 929 et
2391 891 2496 929 non
2523 876 2678 946 faciet
2705 875 2956 946 injustam
2985 890 3003 928 :
3030 891 3204 940 mane,
3233 891 3386 928 mane
3407 875 3554 928 dabit
3567 875 3734 946 justi-

2147 965 2272 1017 tiam
2293 980 2442 1018 suam
2464 963 2723 1034 (Sep/ton.
2745 978 2822 1029 tn,
2854 963 2930 1034 5).
2957 963 3062 1018 Sed
3092 973 3148 1020 et
3169 964 3384 1019 beatum
3409 965 3730 1020 Zachariam

2144 1062 2455 1109 monentem
2487 1069 2584 1108 vos
2612 1054 2664 1106 in
2693 1055 2860 1110 verbo
2892 1053 2986 1108 Dei
3028 1054 3210 1109 audite
3237 1072 3250 1107 :
3278 1053 3407 1110 Haec
3434 1057 3572 1110 enim
3601 1055 3736 1110 άιάε

2145 1143 2403 1199 Dominus
2431 1144 2752 1214 omnipotens
2787 1161 2806 1198 :
2837 1143 3105 1198 Iudicium
3124 1144 3326 1214 justum
3359 1145 3630 1215 judicate,
3681 1153 3734 1200 et

2146 1233 2554 1288 misericordiam
2581 1243 2631 1287 et
2659 1235 3042 1289 miserationem
3072 1237 3247 1306 facite,
3281 1239 3631 1310 unusquisque
3659 1241 3735 1294 ad

2147 1325 2366 1396 fratrem
2395 1341 2544 1378 suum
2567 1341 2586 1379 :
2617 1334 2666 1378 et
2695 1325 2900 1380 viduam
2923 1335 2973 1380 et
3001 1329 3291 1397 orphanum
3315 1338 3364 1382 et
3395 1330 3650 1386 advenam
3681 1342 3737 1389 et

2149 1431 2428 1486 pauperem
2469 1433 2560 1485 per
2595 1417 2880 1487 potentiam
2918 1417 3079 1472 nolite
3106 1434 3290 1472 nocere
3319 1435 3338 1473 :
3381 1428 3430 1474 et
3472 1423 3735 1477 malitiam

2147 1506 2496 1577 unusquisque
2523 1507 2704 1577 fratris
2726 1506 2807 1560 sui
2835 1522 2938 1560 non
2963 1508 3326 1561 reminiscatur
3353 1510 3407 1562 in
3428 1511 3585 1564 corde
3613 1529 3731 1566 suo.

2147 1593 2219 1648 Et
2253 1606 2580 1652 contumaces
2623 1599 2830 1668 fuerunt
2875 1614 2940 1651 ne
2979 1598 3340 1666 observarent,
3380 1610 3431 1654 et
3478 1603 3735 1656 dederunt

2150 1685 2363 1740 dorsum
2390 1687 2642 1753 stultitia,
2684 1695 2736 1740 et
2759 1703 2908 1741 aures
2934 1703 3058 1742 suas
3097 1688 3504 1759 degrauaverunt
3540 1699 3598 1743 ut
3627 1708 3738 1746 non

2151 1777 2391 1831 audirent
2419 1793 2440 1831 :
2467 1787 2517 1832 et
2535 1793 2626 1832 cor
2650 1794 2798 1832 suum
2818 1781 3459 1845 statueruntinsuadibile,
3490 1798 3556 1836 ne
3575 1785 3734 1836 audi-

472 1871 752 1927 admodum
791 1872 1118 1928 comederunt
1167 1887 1350 1926 carnes
1384 1871 1543 1942 plebis
1591 1885 1744 1938 mete,
1795 1880 1846 1926 et
1890 1871 2049 1942 pelles
2082 1888 2126 1948 Β
2151 1875 2266 1921 rent
2293 1866 2455 1938 legem
2485 1884 2674 1931 meam,
2711 1877 2760 1922 et
2783 1869 2936 1922 verba
2964 1885 3080 1940 qua
3103 1867 3244 1924 misit
3271 1869 3528 1926 Dominus
3556 1874 3734 1928 omni-

470 1978 648 2018 eorum
675 1962 740 2016 ab
763 1965 838 2017 eis
867 1963 1280 2026 excoriaverunt,
1313 1979 1433 2017 ossa
1461 1978 1637 2018 eorum
1667 1963 2050 2034 confregerunt,

473 2063 525 2108 et
549 2055 873 2108 laniaverant
912 2055 1065 2126 quasi
1096 2070 1280 2108 carnes
1307 2053 1362 2108 in
1392 2053 1518 2108 olla.
1551 2051 1958 2109 Succlamabunt
1986 2053 2056 2107 ad

373 2175 381 2180 -
472 2141 662 2211 Deum,
693 2152 744 2198 et
779 2160 882 2198 non
921 2142 1162 2198 exaudiet
1189 2159 1306 2209 eos,
1346 2149 1398 2198 et
1435 2151 1626 2197 avertet
1673 2145 1861 2215 faciem
1906 2159 2056 2197 suam

474 2229 540 2284 ab
580 2231 654 2285 eis
695 2231 746 2284 in
777 2231 868 2286 illo
909 2240 1154 2302 tempore,
1189 2241 1399 2303 propter
1425 2230 1563 2302 quod
1591 2231 1850 2287 malitiose
1877 2248 2056 2304 gesseo

471 2330 594 2378 runt
621 2323 676 2377 in
718 2323 1169 2380 adinventionibus
1205 2325 1313 2379 suis
1353 2340 1509 2395 super
1549 2325 1712 2395 ipsos.
1757 2324 1887 2380 Hinc
1924 2325 2056 2380 dicit

473 2411 728 2468 Dominus
747 2429 900 2484 super
918 2415 1196 2486 praphetas
1220 2417 1306 2487 qui
1326 2415 1574 2469 seducunt
1595 2414 1837 2487 populum
1863 2432 2054 2483 meum,

473 2503 563 2574 qui
588 2504 827 2558 mordent
861 2504 1100 2560 dentibus
1128 2506 1269 2571 suis,
1309 2514 1359 2562 et
1402 2507 1694 2578 pradicant
1719 2509 1774 2562 in
1814 2525 1928 2564 eum
1967 2527 2058 2579 pa-

479 2609 611 2659 cem,
649 2601 700 2648 et
748 2610 852 2649 non
888 2603 966 2649 est
1007 2595 1134 2650 data
1157 2597 1214 2650 in
1245 2613 1303 2651 os
1332 2613 1509 2651 eorum
1549 2613 1568 2652 :
1598 2598 1818 2653 excitavi
1858 2601 1913 2654 in
1937 2616 2057 2654 eum

476 2681 682 2737 bellum.
715 2681 1000 2755 Propterea
1023 2701 1126 2740 nox
1153 2688 1251 2740 erit
1269 2684 1408 2740 vobis
1427 2702 1492 2740 ex
1520 2686 1732 2752 visione,
1761 2697 1812 2741 et
1837 2687 2056 2744 tenebrat

475 2775 618 2830 vobis
641 2785 792 2830 erunt
831 2792 896 2830 ex
924 2777 1244 2832 divinatione
1281 2794 1300 2832 :
1328 2788 1378 2832 et
1419 2779 1616 2833 occidet
1643 2780 1723 2834 sol
1749 2787 1904 2852 super
1929 2798 2054 2852 pro-

477 2865 682 2936 phetas,
714 2875 765 2920 et
812 2867 1224 2923 contenebrescet
1250 2886 1404 2939 super
1448 2886 1535 2924 eos
1570 2871 1701 2926 dies.
1732 2869 1804 2926 Et
1831 2876 2052 2946 confun~

477 2956 668 3011 dentur
692 2957 919 3012 videntes
947 2959 1173 3026 somnia,
1204 2969 1256 3015 et
1281 2961 1650 3016 deridebuntur
1675 2962 1852 3031 divini,
1883 2974 1932 3019 et
1959 2964 2053 3020 ob-

481 3050 773 3102 trectabant
809 3049 1054 3104 adversus
1095 3067 1271 3105 omnes
1315 3053 1417 3122 ipsi
1463 3069 1483 3107 :
1515 3056 1758 3124 quoniam
1814 3073 1918 3111 non
1956 3057 2056 3110 erit

477 3138 566 3209 qui
603 3138 852 3192 exaudiat
875 3155 982 3193 eos.
1017 3139 1078 3194 Si
1119 3156 1222 3194 non
1269 3158 1364 3213 ego
1392 3144 1668 3214 implevero
1697 3146 2053 3216 fortitudinem

2153 1965 2335 2027 potens
2381 1957 2438 2010 in
2466 1959 2651 2028 spiritu
2694 1974 2788 2012 suo
2815 1959 2870 2012 in
2900 1959 3136 2014 manibus
3181 1962 3548 2032 prophetarum
3583 1965 3737 2032 prio-

2153 2061 2270 2100 rum
2298 2061 2317 2100 :
2343 2054 2391 2100 et
2438 2049 2580 2118 facta
2607 2056 2684 2102 est
2717 2047 2802 2102 ira
2840 2065 3031 2120 magna
3059 2066 3092 2103 a
3130 2048 3356 2105 Domino
3383 2054 3739 2122 omnipotente

2155 2135 2340 2208 (Zach.
2367 2153 2458 2203 vn,
2484 2137 2660 2205 5-12).
2694 2138 2762 2193 Et
2791 2142 2982 2194 lterum
3013 2156 3028 2193 :
3057 2139 3318 2205 Quoniam
3333 2144 3420 2214 qui
3444 2145 3734 2216 loqueban-

2153 2234 2260 2294 tur,
2301 2227 2457 2282 locuti
2484 2238 2604 2282 sunt
2629 2230 2912 2295 molestias,
2938 2240 2989 2284 et
3016 2231 3178 2285 divini
3206 2233 3317 2286 visa
3345 2233 3484 2305 falsa
3509 2243 3558 2289 et
3587 2251 3733 2290 som-

2154 2318 2244 2370 nia
2276 2317 2412 2390 falsa
2438 2318 2792 2392 loquebantur,
2827 2331 2876 2375 et
2899 2337 3028 2376 vane
3051 2322 3490 2380 consolabantur:
3520 2336 3740 2397 prapter

2153 2406 2251 2463 hoc
2279 2409 2416 2462 aridi
2441 2411 2566 2480 facti
2590 2420 2708 2464 sunt
2729 2412 2861 2465 sicut
2889 2428 3023 2475 oves,
3057 2422 3107 2467 et
3133 2413 3308 2484 afﬂicti
3333 2425 3452 2469 sunt
3488 2419 3736 2488 quoniam

2154 2513 2258 2551 non
2283 2507 2397 2552 erat
2437 2502 2656 2553 sanitas.
2702 2499 2873 2571 Super
2897 2509 3128 2571 pastores
3165 2503 3478 2558 exacerbata
3516 2515 3593 2560 est
3619 2509 3735 2561 ira-

2153 2587 2344 2640 cundia
2383 2603 2518 2652 mea,
2550 2598 2600 2641 et
2625 2604 2779 2658 super
2807 2604 2970 2660 agnos
3000 2590 3216 2647 visitabo
3255 2591 3442 2664 (Zach.
3473 2609 3526 2658 ι,
3566 2594 3622 2661 2,
3653 2595 3733 2664 5).

2154 2675 2217 2731 Et
2243 2688 2366 2748 post
2403 2693 2574 2749 pauca
2618 2695 2638 2734 :
2678 2679 2792 2734 Vox
2839 2682 3238 2738 lamentantium
3281 2693 3571 2756 pastorum,
3613 2688 3740 2741 auia

2153 2769 2345 2824 misera
2388 2771 2532 2842 facta
2575 2779 2653 2825 est
2678 2771 2982 2842 magnitudo
3029 2788 3226 2830 eorum.
3280 2774 3398 2832 Vox
3424 2777 3739 2849 rugientium

2155 2857 2377 2922 leonum,
2407 2861 2656 2930 quoniam
2682 2861 2839 2915 miser
2869 2863 3038 2933 factus
3074 2871 3153 2917 est
3179 2863 3423 2921 decursus
3458 2866 3737 2924 Iordanis.

2154 2949 2287 3006 Hac
2315 2951 2441 3006 dicit
2467 2951 2722 3008 Dominus
2741 2955 3068 3025 omnipotens
3096 2971 3116 3010 :
3144 2954 3245 3020 Qui
3270 2958 3624 3028 possidebant,
3655 2960 3743 3015 in-

2155 3040 2479 3110 terﬁciebant
2501 3081 2518 3109 ,
2556 3051 2606 3097 et
2647 3060 2753 3098 non
2791 3045 3028 3114 paenituit
3063 3062 3184 3111 eos;
3234 3055 3286 3100 et
3323 3048 3410 3117 qui
3447 3049 3741 3108 vendebant

2153 3148 2262 3198 eas,
2312 3131 2604 3188 dicebant:
2647 3133 2953 3191 Benedictus
2994 3135 3265 3204 Dominus,
3310 3140 3435 3210 quia
3460 3141 3616 3197 dilati
3643 3161 3739 3198 su-

477 3226 533 3280 εκ
560 3227 744 3297 spiritu
773 3226 984 3281 Domini
1013 3237 1062 3281 ει
1079 3228 1277 3298 judicio
1297 3238 1347 3284 ει
1373 3239 1644 3300 potestate,
1673 3242 1728 3286 αι
1753 3235 2053 3290 annuum,"
2082 3255 2126 3316 ρ
2157 3240 2306 3316 mus:
2333 3234 2383 3279 et
2402 3235 2637 3294 pastores
2657 3243 2835 3281 earum
2855 3229 2985 3283 nihil
3003 3231 3146 3299 passi
3171 3241 3288 3286 sunt
3316 3233 3370 3287 in
3391 3234 3485 3288 eis.
3513 3236 3742 3308 Propter

479 3315 654 3370 domui
691 3314 854 3370 Iacob
891 3318 1180 3388 impietates
1230 3336 1354 3374 suas
1389 3330 1439 3375 et
1490 3320 1662 3376 Israel
1695 3335 1907 3393 peccata
1936 3342 2050 3382 sua.

477 3403 670 3456 Audite
711 3404 807 3458 hoc
844 3405 1019 3476 itaque
1047 3405 1201 3460 duces
1238 3407 1418 3462 domus
1445 3409 1608 3464 Iacob
1655 3420 1704 3466 et
1733 3413 1928 3467 residui
1955 3415 2055 3470 do-

477 3508 592 3547 mus
626 3490 811 3558 Israel,
839 3496 925 3566 qui
952 3495 1320 3550 abominamini
1345 3488 1600 3568 judicium
1637 3510 1686 3555 et
1713 3504 1886 3557 omnia
1913 3513 2056 3560 recta

478 3583 798 3652 pervertitis,
827 3585 914 3655 qui
952 3585 1222 3654 wdiﬁcatis
1249 3585 1378 3640 Sion
1407 3588 1460 3641 in
1499 3591 1786 3659 sanguine,
1825 3601 1874 3645 et
1901 3591 2055 3648 Ieru-

479 3677 643 3730 salem
659 3676 713 3728 in
740 3675 1111 3747 iniquitatibus.
1131 3675 1301 3731 Duces
1317 3677 1429 3748 ejus
1449 3697 1565 3733 cum
1593 3682 1885 3738 muneribus
1905 3684 2056 3754 judi-

480 3763 690 3834 cabant,
719 3774 768 3820 et
794 3766 1084 3822 sacerdotes
1117 3769 1228 3839 ejus
1253 3785 1366 3822 cum
1400 3771 1631 3825 mercede
1657 3774 2054 3844 respondebant,

479 3865 532 3910 et
572 3857 833 3927 prophette
861 3858 971 3929 ejus
999 3875 1113 3912 cum
1141 3861 1360 3928 pecunia
1401 3861 1731 3928 divinabant,
1771 3875 1822 3918 et
1857 3867 1909 3919 in
1941 3865 2056 3920 Do-

479 3948 620 4001 mino
648 3948 1053 4019 requiescebant,
1083 3949 1310 4004 dicentes
1339 3967 1357 4004 :
1388 3950 1580 4006 Nonne
1611 3953 1858 4009 Dominus
1878 3957 1932 4010 in
1961 3973 2056 4010 no-

479 4039 558 4093 bis
585 4039 696 4094 est?
718 4037 843 4094 Non
870 4043 1072 4094 venient
1097 4056 1250 4110 super
1271 4059 1365 4096 nos
1395 4043 1553 4097 mala.
1583 4043 1705 4098 Ideo
1733 4057 1942 4116 propter
1968 4063 2055 4102 vos

485 4129 618 4185 Sion
652 4132 785 4186 sicut
822 4147 947 4202 ager
995 4132 1246 4197 arabitur,
1276 4141 1326 4185 et
1363 4132 1652 4188 Ierusalem
1678 4137 1810 4188 sicut
1849 4138 2056 4207 specula

478 4222 701 4286 pomarii
729 4221 846 4284 erit,
875 4229 927 4274 et
961 4237 1109 4276 mons
1136 4221 1319 4276 domus
1347 4223 1478 4276 sicut
1505 4225 1671 4278 saltus
1695 4226 1839 4281 silva:
1864 4227 2052 4297 (Mich.

478 4327 557 4376 tu,
582 4309 764 4382 1,12).
787 4309 855 4364 Ει
880 4319 1003 4380 post
1022 4312 1294 4380 aliquanta
1315 4331 1328 4366 :
1348 4313 1465 4367 Heu
1492 4333 1572 4368 me
1589 4319 1732 4387 lquia
1754 4320 1922 4389 factus
1942 4337 2054 4374 sum

476 4401 610 4453 sicut
637 4401 722 4468 qui
750 4401 946 4470 colligit
971 4403 1214 4472 stipulam
1241 4403 1295 4457 in
1323 4420 1501 4469 messe,
1525 4415 1574 4458 et
1597 4407 1726 4460 sicut
1748 4425 1978 4464 racemus
1999 4412 2052 4466 in

477 4488 752 4552 vindemia,
788 4505 904 4542 cum
943 4505 1046 4544 non
1073 4491 1143 4544 sit
1189 4491 1363 4546 botrus
1401 4494 1470 4546 ad
1496 4495 1910 4552 manducandum
1939 4501 2053 4570 pri-

477 4582 676 4636 mitiva.
713 4580 831 4636 Heu
861 4586 967 4640 mel
989 4585 1164 4636 anima
1192 4585 1312 4655 quia
1339 4586 1490 4654 periit
1520 4589 1735 4642 terrenis
1763 4589 2001 4660 operibus
2031 4607 2050 4646 :

475 4686 678 4736 semper
715 4679 1002 4726 reverentia
1030 4673 1264 4728 exoritur
1305 4691 1538 4730 reverens
1577 4694 1611 4730 a
1656 4689 1796 4732 terra
1823 4695 1842 4733 :
1884 4690 1934 4734 et
1965 4683 2052 4752 qui

477 4763 706 4830 corrigat
738 4760 874 4814 inter
900 4760 1132 4815 homines
1165 4778 1269 4817 non
1300 4773 1394 4817 est.
1431 4762 1621 4820 Omnes
1664 4769 1718 4821 in
1747 4771 2052 4838 sanguinem

471 4851 672 4923 judicio
713 4852 1053 4918 contendunt,
1105 4862 1156 4907 et
1191 4856 1536 4926 unusquisque
1573 4858 1866 4927 proximum
1901 4876 2050 4915 suum

476 4941 808 4996 tribulatione
837 4943 1077 5009 tribulat,
1115 4945 1170 4998 in
1197 4944 1394 4998 malum
1419 4961 1602 5000 manus
1638 4963 1762 5001 suas
1787 4961 2051 5018 prxparat

474 5029 660 5104 (.lliclt.
695 5046 786 5098 vn,
823 5031 876 5098 ι,
906 5034 984 5105 ὅ).

543 5123 672 5180 CAP.
705 5139 818 5180 xm.
851 5124 934 5180 Ex
979 5125 1276 5198 Sophonia,
1323 5127 1612 5195 Zacltaria,
1660 5127 1946 5184 Malachia.
1977 5159 2052 5176 --—

474 5215 615 5284 Quid
654 5215 956 5287 Sophonias
983 5219 1146 5274 etiam
1183 5219 1444 5290 propheta
1491 5219 1734 5290 egregius
1760 5220 1829 5276 de
1855 5222 2050 5277 vestris

475 5308 606 5365 olim
635 5309 1029 5366 comessoribus
1069 5310 1475 5382 disceptaverit,
1526 5311 1784 5366 attendite
1816 5329 1830 5366 :
1867 5311 1936 5368 de
1959 5311 2049 5368 Ie-

473 5399 706 5458 rusalem
720 5415 950 5470 namque
961 5400 1298 5470 loquebatur,
1321 5415 1439 5470 qua:
1449 5401 1800 5470 spiritualiter
1809 5400 2046 5459 Ecclesia

471 5489 560 5545 vel
584 5489 760 5545 anima
795 5491 1124 5560 intelligitur.
1171 5491 1240 5560 0,
1270 5492 1545 5562 inquiens,
1573 5510 1688 5566 qua:
1712 5503 1824 5548 erat
1867 5494 2043 5566 splen-

472 5579 598 5634 dida
626 5591 675 5635 et
695 5580 916 5636 liberata
954 5582 1153 5646 civitas,
1177 5583 1442 5652 confidens
1469 5583 1724 5646 columba,
1755 5601 1856 5639 non
1883 5585 2044 5639 obau-

473 5669 599 5722 divit
628 5687 798 5726 vocem
825 5686 920 5724 nec
949 5673 1173 5740 percepit
1207 5671 1535 5741 disciplinam
1561 5689 1580 5726 :
1604 5674 1658 5727 in
1693 5673 1910 5729 Domino
1938 5691 2043 5729 non

474 5757 676 5827 confisa
713 5768 810 5823 est,
839 5769 890 5813 et
923 5758 994 5812 ad
1031 5756 1196 5812 Deum
1225 5775 1372 5813 suum
1399 5777 1500 5814 non
1537 5763 1750 5815 accessit
1784 5761 2038 5831 (Sophon.

480 5860 560 5914 tu.
584 5845 634 5915 l,
659 5845 738 5919 2).
771 5845 838 5903 Et
864 5847 915 5904 id
941 5862 1130 5921 quare,
1161 5848 1396 5906 ostendit
1426 5867 1439 5905 :
1477 5849 1746 5920 Principes
1773 5866 1882 5923 ejus
1911 5851 2040 5906 sicut

2080 4629 2133 4688 D

2154 3315 2291 3383 quod
2313 3331 2418 3370 non
2444 3332 2655 3386 parcam
2674 3316 2789 3388 jam
2809 3333 2963 3386 super
2987 3319 3336 3376 inhabitantes
3363 3332 3578 3390 terram,
3612 3329 3740 3382 dicit

2153 3403 2408 3460 Dominus
2438 3405 2626 3476 (Zach.
2649 3423 2724 3473 χι,
2748 3410 2806 3472 3,
2836 3407 2912 3478 6).
2941 3409 3077 3476 Quid
3099 3419 3358 3480 praeterea
3377 3425 3599 3473 sanctus
3627 3417 3741 3474 Ma-

2154 3493 2359 3550 lachias
2400 3496 2665 3565 propheta
2710 3497 2864 3552 vobis
2890 3497 3288 3556 denuntiaverit
3327 3504 3510 3560 audite
3543 3524 3556 3559 :
3610 3507 3737 3576 Vos,

2155 3583 2422 3654 inquiens,
2474 3587 2768 3641 sacerdotes
2794 3590 2880 3660 qui
2925 3591 3170 3659 spernitis
3197 3608 3383 3648 nomen
3425 3611 3597 3650 meum
3623 3640 3640 3666 ,
3688 3610 3741 3654 et

2156 3675 2365 3729 dixistis
2393 3691 2413 3730 :
2460 3674 2528 3729 In
2555 3693 2654 3748 quo
2681 3680 2970 3747 spernimus
2999 3696 3183 3734 nomen
3219 3685 3405 3738 tuum?
3453 3684 3738 3756 O/ferendo

2156 3765 2228 3819 ad
2253 3766 2423 3820 altare
2459 3783 2628 3822 meum
2655 3785 2815 3839 panes
2853 3771 3102 3840 pollutos,
3131 3783 3183 3827 et
3227 3774 3437 3832 dixistis
3474 3794 3494 3832 :
3527 3778 3596 3833 In
3637 3799 3736 3848 quo

2155 3855 2432 3924 polluimus
2507 3857 2601 3917 te?
2637 3855 2704 3911 In
2746 3875 2805 3912 eo
2843 3859 2980 3930 quod
3016 3861 3222 3916 dixistis
3249 3879 3268 3917 :
3301 3863 3489 3920 Mensa
3519 3865 3738 3924 Domini

2155 3961 2250 4016 pro
2295 3946 2460 4001 nihilo
2494 3954 2591 4000 est.
2623 3945 2695 4001 Et
2721 3963 2838 4018 qute
2883 3953 3209 4021 superposita
3250 3964 3372 4009 sunt
3417 3960 3687 4028 sprevistis
3715 3978 3740 4015 :

2154 4035 2399 4104 quoniam
2428 4035 2472 4090 si
2501 4033 2774 4090 adducatis
2803 4053 2993 4092 catcum
3016 4039 3086 4092 ad
3110 4041 3388 4108 victimam,
3422 4061 3595 4101 nonne
3619 4064 3733 4103 ma-

2156 4126 2301 4181 lum?
2336 4127 2398 4183 Si
2439 4127 2754 4183 admoveatis
2785 4130 3026 4185 claudum
3058 4141 3148 4186 aut
3179 4134 3520 4206 languidum,
3563 4157 3738 4197 nonne

2153 4217 2388 4272 malum?
2415 4215 2562 4286 θίγεν
2585 4219 2758 4289 itaque
2785 4219 2916 4273 illud
2959 4223 3237 4291 praposito
3282 4233 3387 4289 tuo,
3419 4226 3468 4280 si
3492 4231 3738 4300 suscipiet

2155 4308 2306 4372 illud,
2336 4307 2384 4362 si
2410 4307 2626 4377 accipiet
2665 4324 2940 4378 personam
2985 4320 3145 4376 tuam,
3175 4312 3298 4366 dicit
3326 4312 3587 4372 Dominus
3625 4335 3735 4373 om-

2155 4398 2412 4467 nipotens.
2439 4397 2509 4452 Et
2536 4415 2672 4453 nunc
2699 4411 2911 4456 exorate
2939 4404 3124 4474 faciem
3145 4403 3243 4458 Dei
3271 4409 3446 4471 vestri,
3478 4419 3530 4463 et
3553 4410 3734 4481 depre-

2156 4489 2345 4542 camini
2372 4505 2487 4543 eum
2516 4505 2535 4544 :
2561 4491 2616 4545 in
2635 4491 2872 4547 manibus
2893 4495 3072 4549 vestris
3101 4497 3242 4566 facta
3264 4509 3385 4552 sunt
3411 4500 3541 4566 haec,
3577 4504 3622 4557 si
3649 4519 3734 4557 ac-

2155 4579 2346 4646 cipiam
2375 4595 2439 4633 ex
2460 4580 2598 4636 vobis
2625 4599 2872 4652 personas
2895 4593 3087 4640 vestras
3111 4586 3265 4658 (Mal.
3292 4605 3327 4656 ι,
3351 4589 3404 4656 6,
3432 4591 3512 4661 9).
3545 4591 3614 4648 Et
3636 4593 3733 4651 ite-

2155 4684 2274 4723 rum
2306 4687 2320 4722 :
2353 4669 2422 4722 Et
2450 4672 2696 4726 intulistis
2725 4674 2788 4727 de
2821 4676 3008 4746 rapina
3045 4679 3286 4733 claudum
3315 4691 3365 4734 et
3405 4683 3734 4756 languidum,

2153 4770 2203 4813 et
2232 4759 2478 4816 intulistis
2508 4778 2712 4816 munus.
2741 4763 2997 4836 Nunquid
3022 4771 3301 4838 suscipiam
3329 4772 3465 4826 illud
3483 4774 3550 4828 de
3578 4792 3736 4831 manu

2152 4859 2320 4903 vestra
2340 4890 2356 4916 ,
2400 4851 2524 4904 dicit
2553 4849 2841 4907 Dominus?
2885 4855 3195 4912 Maledictus
3225 4860 3435 4916 dolosus
3462 4867 3552 4935 qui
3584 4866 3736 4921 habet

2151 4940 2204 4994 in
2235 4959 2386 5012 grege
2421 4959 2515 4996 suo
2543 4946 2846 5012 masculum,
2885 4958 2935 5001 et
2962 4959 3130 5003 votum
3152 4953 3350 5022 faciens
3370 4956 3610 5012 immolat
3639 4961 3732 5014 de—

2151 5030 2250 5084 bile
2279 5031 2526 5097 Domino,
2578 5036 2698 5104 quia
2729 5034 2843 5091 Rex
2869 5054 3090 5110 magnus
3118 5058 3211 5112 ego
3237 5060 3368 5110 sum,
3394 5046 3523 5102 dicit
3549 5048 3733 5105 Domi-

2148 5136 2246 5176 nus
2274 5124 2608 5189 exercituum,
2640 5136 2690 5178 et
2723 5143 2906 5182 nomen
2935 5145 3103 5184 meum
3136 5133 3386 5190 horribile
3414 5139 3469 5191 in
3495 5141 3733 5210 gentibus

2151 5210 2338 5283 (lbid.,
2371 5212 2457 5276 i3,
2488 5212 2597 5284 14,.
2622 5214 2693 5269 Et
2718 5233 2854 5271 nunc
2884 5219 2952 5272 ad
2981 5237 3068 5276 vos
3097 5225 3400 5281 mandatum
3428 5228 3549 5299 hoc,
3591 5249 3622 5286 ο
3651 5251 3733 5286 sa-

2149 5303 2400 5356 cerdotes.
2433 5302 2495 5357 Si
2524 5305 2792 5362 nolueritis
2820 5308 3000 5364 audire
3025 5321 3074 5365 et
3115 5330 3308 5381 ponere
3347 5334 3502 5388 super
3537 5337 3649 5387 cor,
3677 5333 3732 5376 ut

2150 5397 2281 5450 detis
2311 5396 2531 5466 gloriam
2557 5400 2754 5453 nomini
2793 5417 2924 5462 meo,
2976 5405 3052 5457 ait
3079 5403 3334 5461 Dominus
3363 5413 3681 5468 exercituum
3710 5429 3730 5468 :

2150 5490 2351 5542 mittam
2371 5489 2424 5543 in
2453 5485 2538 5545 vos
2563 5503 2857 5561 egestatem,
2889 5503 2938 5548 et
2961 5498 3264 5553 maledicam
3294 5500 3731 5560 benedictionibus

2150 5581 2348 5642 vestris,
2361 5582 2602 5650 quoniam
2631 5599 2732 5636 non
2755 5587 2992 5653 posuistis
3022 5604 3172 5657 super
3187 5605 3294 5644 cor.
3322 5589 3458 5647 Ecce
3485 5611 3580 5666 ego
3608 5613 3730 5666 pro-

2149 5665 2331 5735 ficiam
2369 5671 2510 5725 vobis
2556 5672 2820 5726 brachium
2846 5715 2860 5738 ,
2909 5685 2958 5728 et
2998 5677 3288 5747 dispergam
3329 5697 3486 5750 super
3535 5665 3727 5738 vultum

2151 5773 2372 5818 vestrum
2425 5773 2618 5819 stercus
2671 5766 3050 5820 solcmnitatum
3103 5780 3385 5825 vestrarum
3433 5773 3594 5847 (Mal.
3647 5792 3684 5832 tt
3708 5815 3725 5838 .

2159 5852 2203 5920 ι,
2232 5850 2310 5922 3).
