3952 6378
205 427 303 485 881

907 427 1103 486 LIBER
1146 427 1534 499 QUERULUS.
1580 430 1758 489 PARS
1797 431 1882 490 111.
1922 433 2338 491 [NCREPATIO
2373 434 2443 491 IN
2494 431 2798 492 CLERUM.

3389 425 3496 485 383

278 547 412 605 CAP.
448 565 561 604 xw.
601 547 796 604 Rursus
824 565 888 604 etc
928 548 1214 604 Malacltia.
1245 581 1317 593 —-
1353 548 1461 605 Sed
1513 550 1719 604 interea
1749 556 1809 605 ut
1837 556 1883 614 Α
1911 569 2012 622 qua
2033 552 2290 624 principes
2323 551 2376 605 in
2406 549 2574 604 medio
2603 548 2716 619 ejus
2739 547 2873 602 sicut
2895 546 3069 601 leones
3097 545 3378 618 rugientes,
3405 559 3498 600 ra-

209 639 418 696 avidius
441 655 647 709 organa
677 640 930 710 nequitia:
955 641 1268 711 prteparetis
1294 640 1360 696 ad
1391 641 1550 708 bona,
1581 641 1707 713 quid
1735 641 1804 697 de

205 739 400 786 sancto
444 729 730 784 sacerdote
781 728 927 784 dicat
976 729 1040 794 (si
1069 729 1601 798 quantulumcunque
1630 729 1804 786 adhuc

208 820 407 874 interni
442 819 664 875 auditus
694 821 746 874 in
788 818 938 873 vobis
966 821 1256 890 remanet),
1293 819 1589 874 auscultate
1616 837 1628 872 :
1655 817 1800 873 Pac-

211 918 318 964 tum
347 925 544 976 meum,
591 909 854 978 inquiens,
888 911 988 980 fuit
1017 925 1132 963 cum
1181 927 1240 965 eo
1273 909 1362 980 (de
1396 909 1523 965 Levi
1570 923 1802 978 namque

212 999 294 1054 vel
325 998 517 1072 Moyse
559 999 856 1055 secundum
899 998 1177 1054 historiam
1229 999 1568 1068 loquebatur)
1610 1001 1727 1054 vita:
1753 1007 1804 1054 et

211 1090 355 1156 pacis
386 1107 408 1145 :
437 1091 558 1146 dedi
589 1092 636 1145 ei
666 1091 920 1157 timorem,
970 1098 1019 1144 et
1049 1089 1219 1143 timuit
1246 1104 1328 1143 me
1353 1105 1372 1144 :
1421 1105 1453 1142 a
1482 1091 1617 1159 facie
1643 1088 1804 1142 nomi-

212 1186 294 1238 nis
322 1187 428 1239 mei
450 1185 691 1256 parebat.
734 1183 845 1239 Lex
875 1185 1104 1240 veritatis
1136 1184 1231 1256 fuit
1257 1185 1313 1239 in
1343 1201 1432 1239 ore
1453 1184 1584 1256 ejus,
1626 1193 1674 1238 et
1695 1185 1801 1238 ini-

211 1277 384 1347 quitas
415 1292 520 1330 non
567 1284 644 1330 est
671 1276 878 1330 inventa
906 1277 962 1330 in
1007 1275 1159 1330 labiis
1185 1277 1299 1346 ejus
1345 1292 1364 1330 :
1404 1277 1457 1330 in
1499 1291 1626 1346 pace
1656 1284 1706 1329 et
1745 1277 1800 1330 in

211 1365 457 1437 (equitate
485 1365 765 1420 ambulavit
789 1382 986 1420 mecum
1014 1383 1032 1425 :
1075 1375 1124 1421 et
1167 1367 1357 1422 multos
1387 1369 1572 1422 avertit
1599 1367 1662 1420 ab
1694 1368 1799 1421 ini-

211 1455 429 1524 quitate.
464 1451 632 1508 Lttbia
658 1455 794 1507 enim
816 1455 1101 1510 sacerdotis
1125 1455 1416 1510 custodient
1437 1455 1726 1522 scientiam,
1752 1463 1802 1510 et

211 1542 372 1614 legem
396 1543 658 1614 requirent
675 1559 738 1596 ea;
761 1559 849 1598 ore
863 1544 975 1615 ejus
998 1560 1016 1601 :
1039 1545 1160 1616 quia
1181 1545 1395 1616 angelus
1419 1544 1629 1600 Domini
1649 1563 1800 1600 excr-

211 1634 403 1688 cituum
415 1643 492 1688 est
506 1632 662 1707 (litat.
676 1649 732 1699 n,
749 1631 799 1700 5,
821 1633 896 1702 7).
918 1633 1070 1689 Nunc
1085 1634 1212 1690 item
1232 1635 1459 1690 mutavit
1482 1650 1725 1701 sensum,
1743 1643 1801 1692 et

211 1725 384 1780 malos
397 1725 680 1796 increpare
700 1741 809 1780 non
823 1725 1020 1782 desinit
1040 1745 1054 1780 :
1079 1726 1207 1796 Vos,
1225 1727 1492 1798 inquiens,
1517 1729 1798 1783 recessistis

211 1816 275 1870 de
296 1817 400 1881 via,
439 1826 490 1870 et
554 1811 960 1872 scandalizastis
989 1818 1236 1888 plurimos
1265 1819 1320 1874 in
1346 1820 1458 1891 lege
1479 1836 1499 1876 :
1517 1829 1566 1874 et
1591 1821 1798 1874 irritum

1907 642 2102 712 pientes
2131 643 2369 710 rapinas,
2396 640 2598 692 animas
2623 637 2922 692 devorantes
2952 637 3004 689 in
3025 636 3280 706 potentia,
3302 645 3354 691 et
3375 651 3498 712 pre-

1907 709 1977 785 tia
2007 709 2314 799 accipientes
2335 747 2353 784 :
2379 739 2429 784 et
2457 729 2623 784 vidua:
2654 727 3134 797 tuae-multiplicata:
3153 737 3275 782 sunt
3301 728 3356 782 in
3386 709 3495 782 meo

1905 823 1990 876 dio
2023 823 2114 886 tui,
2158 830 2208 875 et
2237 822 2530 876 sacerdotes
2576 821 2690 891 ejus
2731 819 3076 888 despexerunt
3103 819 3266 892 legem
3297 836 3488 884 meam,

1901 921 1952 965 et
1979 911 2271 982 polluerunt
2313 920 2498 964 sancta
2522 927 2658 964 mea.
2703 909 2849 963 Inter
2881 921 3118 963 sanctum
3163 918 3212 964 et
3242 909 3492 980 pollutum

1903 1019 2006 1056 non
2033 1001 2440 1073 distinguebant,
2468 1011 2518 1056 et
2544 1002 2679 1056 inter
2705 1001 2932 1055 medium
2960 1001 3214 1056 immundi
3237 1011 3286 1055 et
3313 1002 3492 1058 mundi

1902 1108 2007 1146 non
2035 1093 2372 1146 dividebant:
2414 1100 2464 1147 et
2493 1108 2525 1145 ιι
2552 1090 2780 1146 sabbatis
2818 1091 2947 1146 meis
2987 1089 3296 1146 obvelabant
3317 1091 3492 1147 oculos

1901 1199 2042 1245 suos,
2086 1191 2136 1237 et
2165 1183 2466 1254 polluebant
2503 1183 2557 1236 in
2587 1182 2756 1236 medio
2785 1198 2962 1236 eorum
2993 1181 3206 1249 (blzech.
3239 1197 3372 1248 xm,
3397 1181 3488 1247 26,

1900 1272 2016 1343 26).
2041 1272 2108 1326 Et
2134 1273 2326 1327 iterum
2353 1291 2366 1326 :
2401 1272 2470 1326 Et
2503 1273 2793 1345 quazrebam
2822 1288 2888 1326 ex
2907 1273 2982 1326 eis
3011 1273 3171 1326 virum
3203 1279 3338 1328 recte
3363 1289 3493 1327 con-

1901 1373 2210 1430 versantem,
2243 1372 2292 1418 et
2322 1373 2545 1418 stantem
2570 1373 2691 1417 ante
2720 1363 2901 1434 faciem
2929 1363 3139 1417 omnino
3169 1363 3222 1416 in
3251 1370 3480 1434 tempore

1900 1457 2016 1522 iraa,
2044 1472 2114 1510 ne
2148 1457 2202 1510 in
2231 1455 2338 1525 ﬁne
2365 1455 2586 1509 delerent
2613 1471 2730 1508 eam
2751 1471 2769 1508 :
2800 1463 2851 1508 et
2875 1468 2979 1508 non
3007 1454 3200 1508 inveni.
3232 1453 3302 1508 Et
3324 1454 3490 1524 effudi

1903 1545 1957 1600 in
1987 1561 2103 1599 eam
2130 1546 2360 1599 animum
2385 1561 2547 1599 meum
2576 1545 2633 1598 in
2660 1544 2780 1617 igne
2805 1545 2900 1599 irte
2926 1561 3055 1600 mete
3093 1546 3164 1598 ad
3193 1561 3494 1600 consumen-

1903 1635 2025 1689 dum
2052 1651 2180 1690 eos:
2223 1636 2333 1690 vias
2361 1652 2538 1690 eorum
2565 1635 2619 1689 in
2643 1645 2796 1705 caput
2833 1652 3008 1691 eorum
3051 1637 3188 1702 dedi,
3219 1637 3344 1692 dicit
3376 1635 3490 1693 Do-

1901 1727 2070 1780 minus
2102 1723 2292 1796 (Ibid.,
2333 1724 2422 1790 50,
2454 1723 2567 1796 3|).
2609 1723 2678 1778 Et
2707 1732 2831 1795 post
2865 1725 3179 1793 aliquanta:
3223 1723 3292 1778 Et
3322 1726 3491 1796 {actus

1901 1825 1978 1870 est
2000 1833 2168 1871 sermo
2201 1815 2407 1872 Domini
2435 1817 2506 1870 ad
2534 1833 2614 1870 me
2639 1815 2856 1870 dicens:
2880 1814 2990 1871 Fili
3011 1816 3255 1882 hominis,
3285 1815 3494 1886 loquere

211 1905 412 1976 fecistis
443 1916 649 1976 pactum
678 1923 793 1960 cum
821 1905 962 1974 Levi,
1013 1907 1139 1962 dicit
1175 1907 1432 1964 Dominus
1461 1911 1796 1966 exercituum.
1833 1920 1878 1981 Β
1903 1905 2028 1975 ﬁliis
2057 1907 2232 1977 populi
2275 1908 2396 1972 mei,
2426 1914 2476 1961 et
2503 1907 2645 1961 dices
2682 1907 2754 1960 ad
2781 1923 2909 1962 eos:
2942 1906 3102 1961 Terra
3147 1908 3200 1962 in
3223 1923 3375 1980 quam
3397 1923 3492 1979 ego

211 1994 446 2067 Propter
471 1997 609 2069 quod
633 2005 684 2051 et
703 2015 796 2070 ego
817 1998 937 2053 dedi
960 2015 1046 2054 vos
1071 2001 1477 2071 contemptibiles
1506 2010 1556 2057 et
1585 2001 1800 2057 humiles

211 2088 264 2142 in
293 2089 533 2144 omnibus
572 2090 810 2162 populis,
842 2093 975 2146 sicut
1003 2109 1106 2147 non
1135 2095 1378 2149 servastis
1416 2095 1525 2149 vias
1565 2111 1726 2160 meas,
1751 2104 1802 2150 et

211 2183 484 2251 accepistis
529 2183 716 2255 faciem
764 2185 817 2239 in
849 2184 978 2256 lege.
1027 2183 1283 2256 Nunquid
1328 2203 1433 2241 non
1476 2195 1625 2258 pater
1666 2203 1800 2240 unus

209 2271 441 2324 omnium
493 2273 770 2328 nostrum?
817 2275 1054 2346 nunquid
1099 2292 1204 2330 non
1257 2274 1400 2330 Deus
1446 2294 1579 2331 unus
1609 2279 1801 2332 creavit

209 2361 352 2415 nos?
397 2378 560 2433 quare
599 2379 723 2436 ergo
769 2364 984 2435 despicit
1010 2366 1360 2438 unusquisque
1389 2367 1604 2438 fratrem
1651 2383 1800 2421 suum

211 2450 402 2522 (Ibid.,
425 2451 480 2520 8,
506 2452 633 2522 10)?
655 2453 722 2508 Et
749 2453 940 2510 iterum
974 2473 987 2508 :
1020 2452 1156 2509 Ecce
1185 2457 1350 2510 veniet
1378 2454 1633 2510 Dominus
1651 2473 1802 2511 exer-

185 2545 402 2598 cituum
435 2561 454 2604 ;
484 2553 534 2598 et
571 2546 686 2618 quis
723 2547 912 2618 poterit
941 2550 1168 2618 cogitare
1195 2546 1332 2600 diem
1359 2547 1607 2601 adventus
1641 2548 1754 2618 ejus
1775 2548 1801 2602 ἵ

209 2639 413 2710 et’quis
441 2637 598 2692 stabit
625 2639 694 2693 ad
715 2639 987 2693 videndum
1015 2639 1166 2692 eum?
1197 2637 1318 2710 Ipse
1341 2639 1478 2693 enim
1507 2640 1801 2710 egredietur

209 2731 360 2800 quasi
382 2730 522 2802 ignis
548 2730 758 2794 ardens,
791 2738 840 2785 et
873 2731 1023 2801 quasi
1043 2746 1146 2800 poa
1173 2730 1454 2784 lavantium
1489 2747 1508 2783 :
1540 2738 1588 2784 et
1609 2731 1802 2785 sedebit

212 2821 456 2893 conﬂatis
501 2831 552 2876 et
587 2822 874 2876 emundans
913 2830 1187 2893 argentum
1211 2860 1228 2886 ,
1283 2831 1333 2876 et
1381 2819 1624 2892 purgabit
1659 2821 1800 2891 ﬁlios

211 2912 368 2980 Levi,
403 2925 450 2970 et
495 2913 686 2970 celabit
733 2931 821 2969 eos
865 2916 1013 2988 quasi
1040 2930 1222 2968 aurum
1251 2923 1302 2968 et
1345 2913 1495 2986 quasi
1528 2921 1800 2984 argentum

212 3003 376 3079 (Hal.
407 3021 487 3075 ιιι,
512 3004 566 3074 l,
595 3005 674 3076 ὅ).
700 3003 769 3060 Ει
795 3014 918 3076 post
941 3020 1145 3076 pauca:
1178 3003 1515 3058 Invaluerunt
1541 3019 1694 3075 super
1719 3020 1801 3058 me

213 3097 370 3150 verba
407 3103 593 3160 vestra,
627 3095 751 3149 dicit
799 3093 1095 3152 Dominus:
1125 3107 1173 3148 et
1213 3094 1471 3150 dixistis:
1515 3093 1690 3148 Vanus
1716 3101 1796 3148 est

215 3189 307 3260 qui
331 3189 490 3243 servit
525 3187 632 3242 Deo
655 3205 673 3243 :
704 3197 753 3242 et
773 3187 909 3260 quod
931 3187 1347 3249 emolumentum,
1373 3186 1494 3258 quia
1520 3185 1796 3238 custodiui-

212 3297 329 3336 ntus
359 3289 622 3352 praecepta
661 3279 792 3351 ejus,
835 3288 883 3332 et
911 3279 1031 3352 quia
1071 3278 1444 3333 ambulavimus
1472 3293 1646 3332 coram
1688 3275 1800 3330 Do-
1823 3293 1869 3355 ρ

210 3373 356 3426 mino
383 3373 700 3426 exercituum
739 3371 951 3425 tristes?
997 3368 1138 3442 Ergo
1184 3385 1320 3424 nunc
1349 3367 1524 3422 beatos
1571 3367 1798 3422 dicemus

209 3471 521 3534 arrogantes
546 3477 565 3516 :
594 3461 844 3534 siquidem
866 3460 1114 3531 tedi/icati
1138 3469 1258 3514 sunt
1285 3460 1532 3530 facientes
1553 3457 1800 3528 iniquita-

190 3563 316 3610 'tem
333 3571 352 3612 :
371 3563 687 3609 tentaverunt
705 3552 888 3619 Deum,
913 3562 961 3606 et
980 3553 1110 3608 salvi
1121 3554 1247 3624 facti
1259 3560 1376 3606 sunt
1391 3549 1792 3623 (Ibid.,l3,16).

283 3646 416 3702 Cn.
464 3663 554 3702 xv.
608 3645 695 3700 Ea:
741 3644 1029 3700 Ezechiele.
1081 3673 1151 3686 —
1199 3643 1338 3710 Quid
1375 3659 1506 3699 vero
1549 3641 1797 3698 Ezechiel

209 3738 481 3810 propheta
502 3737 717 3804 dixerit,
751 3736 1012 3791 attendite
1037 3753 1050 3788 :
1091 3734 1212 3801 Vat,
1237 3734 1514 3804 inquiens,
1545 3749 1697 3803 super
1724 3747 1800 3786 va:

211 3831 404 3898 veniet,
433 3839 482 3884 et
503 3832 714 3884 nuntius
743 3845 897 3899 super
936 3830 1170 3882 nuntium
1196 3829 1331 3882 erit:
1362 3836 1410 3882 et
1438 3836 1696 3900 quwretur
1721 3827 1798 3880 vi-

124 3905 128 3909 .
210 3922 292 3976 sio
315 3938 348 3974 a
375 3920 644 3992 propheta,
670 3928 718 3974 et
747 3920 834 3974 lex
858 3917 1042 3990 peribit
1072 3934 1104 3972 a
1134 3917 1422 3984 sacerdote,
1453 3926 1503 3971 et
1523 3917 1798 3970 consilium

212 4017 282 4072 de
306 4016 597 4070 senioribus
627 4013 841 4085 (Ezeclt.
871 4029 964 4077 vn,
994 4012 1108 4083 ‘26).
1140 4011 1206 4064 Et
1236 4011 1428 4066 iterum
1454 4028 1466 4063 :
1513 4009 1644 4064 Παῖς
1674 4009 1798 4064 dicit

213 4107 511 4162 Domihus:
545 4103 624 4160 Eo
644 4103 780 4177 quod
806 4117 1064 4158 sermones
1093 4101 1247 4156 vestri
1273 4109 1392 4154 sunt
1419 4099 1713 4163 mendaces,
1743 4107 1793 4152 et

213 4196 560 4251 divinationes
588 4202 766 4247 vestrae
791 4207 974 4256 canta;
1006 4197 1214 4260 propter
1233 4189 1330 4242 hoc
1349 4203 1463 4241 ecce
1484 4203 1578 4258 ego
1599 4185 1670 4239 ad
1690 4201 1794 4250 vos,

213 4287 343 4340 dicit
372 4283 626 4339 Dominus
649 4298 668 4336 :
717 4281 1014 4336 Extendam
1043 4295 1253 4333 manum
1281 4293 1448 4331 meam
1491 4293 1645 4346 super
1670 4293 1797 4346 pro—

214 4377 399 4450 phetas
427 4375 513 4447 qui
529 4375 700 4429 vident
721 4372 1012 4437 mendacia,
1042 4379 1092 4424 et
1111 4386 1198 4425 eos
1218 4369 1306 4440 qui
1321 4367 1596 4438 loquuntur
1617 4383 1752 4420 vana
1777 4382 1796 4420 :

211 4470 271 4522 in
301 4466 580 4536 disciplina
608 4465 784 4536 populi
811 4465 911 4518 mei
932 4479 1034 4517 non
1061 4468 1228 4525 erunt,
1262 4470 1312 4514 et
1338 4460 1393 4514 in
1419 4461 1676 4528 scriptura
1707 4457 1802 4512 do-

211 4575 330 4614 mus
355 4557 522 4612 Israel
549 4573 653 4611 non
675 4556 982 4623 scribentur,
1013 4563 1063 4608 et
1089 4555 1143 4608 in
1171 4562 1361 4606 terram
1392 4548 1560 4604 Israel
1587 4565 1689 4604 non
1712 4550 1798 4604 in-

214 4651 462 4705 trabunt:
491 4657 542 4703 et
572 4649 761 4714 scietis,
793 4649 913 4720 quia
951 4664 1043 4719 ego
1078 4645 1352 4700 Dominus.
1385 4643 1676 4713 PrOpterea
1703 4660 1799 4713 po-
1829 4670 1878 4731 ι)

209 4740 396 4810 pulum
423 4755 590 4793 meum
619 4738 952 4802 seduxerunt,
989 4737 1257 4790 dicentes:
1309 4733 1424 4788 Pax
1452 4731 1702 4798 Domini;
1750 4743 1801 4788 et

213 4849 320 4887 non
346 4841 425 4886 est
450 4847 557 4902 pas:
598 4829 832 4885 Domini.
875 4827 979 4883 Hic
1007 4829 1158 4882 struit
1186 4828 1474 4898 parietem;
1503 4834 1553 4879 et
1581 4825 1682 4895 ipsi
1702 4842 1804 4880 un-

211 4931 344 4995 gunt
371 4937 511 4990 eum,
533 4929 582 4975 et
610 4922 756 4974 cadet
781 4918 994 4992 (Ezech.
1026 4934 1143 4984 xm,
1171 4916 1227 4985 8,
1260 4915 1370 4987 10).
1422 4915 1490 4970 Et
1535 4923 1659 4986 post
1701 4915 1802 4969 ali-

211 5023 456 5086 quanta:
496 5013 590 5068 Va:
611 5013 689 5067 Itis
715 5013 802 5084 qui
841 5012 1154 5066 concinnant
1179 5008 1452 5064 cervicalia
1479 5005 1655 5060 subtus
1690 5021 1800 5060 om-

213 5122 334 5162 nem
361 5103 588 5159 cubitum
614 5119 821 5167 manus,
864 5110 914 5156 et
953 5100 1154 5172 faciunt
1177 5099 1430 5154 velamina
1455 5113 1610 5168 super
1648 5111 1801 5150 omne

211 5205 372 5265 caput
399 5195 654 5248 universte
693 5193 861 5248 aetatis
891 5191 962 5244 ad
1007 5189 1370 5245 subvertendas
1399 5189 1620 5241 animas.
1668 5187 1801 5239 Ani-

213 5300 414 5357 ntwque
441 5283 693 5338 subverste
721 5289 840 5336 sunt
877 5281 1055 5352 populi
1095 5280 1216 5344 mei,
1243 5286 1294 5332 et
1319 5277 1522 5330 animus
1563 5276 1800 5346 posside-

213 5374 364 5439 bant,
394 5383 442 5426 et
468 5369 898 5426 contuminabant
924 5386 1006 5423 me
1027 5367 1098 5422 ad
1123 5367 1369 5439 populum
1396 5377 1565 5420 meum
1593 5375 1804 5436 propter

211 5483 428 5524 manum
453 5465 658 5536 plenam
688 5463 870 5518 hordei
897 5471 948 5516 et
985 5470 1195 5532 propter
1239 5460 1590 5530 fragmentum
1625 5457 1800 5527 panis,

213 5557 286 5612 ad
314 5554 628 5610 occidendus
655 5553 860 5606 animus
889 5567 1017 5622 quas
1046 5566 1151 5604 non
1193 5547 1460 5620 oportebat
1482 5547 1636 5612 mori,
1665 5556 1716 5600 et
1735 5545 1806 5600 ad

212 5645 518 5702 liberandas
541 5645 746 5698 animas
772 5659 900 5712 quas
927 5659 1030 5696 non
1065 5639 1332 5712 oportebat
1359 5639 1542 5703 vivere,
1576 5639 1695 5692 dum
1727 5639 1806 5693 lo-

211 5737 432 5814 quimini
453 5736 644 5808 populo
665 5733 966 5788 exaudienti
991 5749 1124 5787 vana
1143 5731 1344 5803 eloquia
1369 5728 1556 5800 (Ibid.,
1583 5727 1669 5794 l8,
1693 5729 1803 5800 l9).

212 5831 284 5886 Et
311 5828 450 5885 infra
479 5843 494 5880 :
524 5825 636 5881 Fili
665 5825 886 5878 hominis
916 5825 999 5878 dic
1019 5839 1039 5877 :
1071 5822 1148 5877 Tu
1167 5839 1222 5876 es
1247 5831 1386 5876 terra
1405 5836 1520 5891 qua:
1541 5837 1640 5874 non
1663 5837 1807 5875 com-

213 5920 430 5989 sluitur,
461 5933 623 5990 neque
649 5913 822 5989 pluvia
850 5915 989 5984 facta
1012 5924 1087 5968 est
1115 5927 1267 5983 super
1307 5921 1354 5966 te
1383 5911 1436 5966 in
1469 5909 1550 5964 die
1578 5912 1712 5978 iraz;
1744 5911 1801 5965 in

1901 1995 2131 2068 gladium
2161 1998 2581 2068 superinducam,
2609 2008 2658 2052 et
2679 1999 2932 2068 acceperit
2959 1999 3179 2069 populus
3209 2007 3364 2054 terra
3389 1998 3488 2054 ho-

1903 2089 2090 2143 minem
2119 2105 2276 2142 unum
2303 2107 2369 2144 ex
2405 2091 2555 2160 ipsis,
2581 2099 2632 2144 et
2659 2090 2858 2144 dederit
2898 2106 3015 2144 eum
3041 2090 3142 2144 sibi
3163 2090 3215 2144 in
3239 2091 3486 2162 specula-

1903 2189 2102 2246 torem;
2132 2189 2180 2235 et
2203 2181 2385 2235 viderit
2409 2181 2641 2252 gladium
2682 2183 2964 2236 venientem
2991 2197 3144 2252 super
3186 2191 3397 2244 terram,
3439 2189 3492 2235 et

1903 2272 2024 2325 tuba
2050 2271 2310 2336 cecinerit,
2335 2279 2384 2325 et
2412 2271 2783 2342 signiﬁcaverit
2809 2271 2996 2341 populo
3019 2286 3037 2324 :
3063 2279 3113 2324 et
3141 2271 3364 2324 audierit
3401 2270 3490 2342 qui

1903 2359 2070 2422 audit,
2121 2376 2293 2414 vocem
2324 2359 2476 2424 tubte,
2527 2369 2576 2413 et
2618 2358 3155 2422 don.observaverit;
3202 2369 3254 2412 et
3293 2361 3488 2412 venerit

1903 2452 2128 2524 gladius,
2177 2459 2226 2505 et
2273 2450 2714 2522 comprehenderit
2755 2465 2903 2503 eum:
2951 2451 3166 2520 sanguis
3197 2450 3307 2520 ejus
3333 2465 3490 2519 super

1902 2552 2054 2612 caput
2083 2543 2192 2612 ejus
2213 2543 2348 2607 erit;
2395 2541 2518 2613 quia
2557 2557 2669 2594 cum
2707 2557 2877 2594 vocent
2919 2538 3053 2594 tuba:
3081 2539 3338 2602 audierit,
3372 2556 3478 2592 non

1903 2633 2226 2688 observavit:
2271 2631 2487 2702 sanguis
2515 2631 2626 2702 ejus
2656 2631 2710 2684 in
2741 2631 2852 2700 ipso
2881 2631 3016 2682 erit:
3059 2639 3109 2682 et
3147 2629 3226 2682 hic
3250 2629 3370 2698 quia
3397 2646 3488 2682 cu-

1901 2723 2110 2778 stodivit
2133 2723 2362 2776 animam
2391 2737 2556 2784 suam,
2581 2719 2834 2774 liberavit.
2867 2717 2933 2772 Et
2963 2719 3256 2789 speculator
3275 2721 3320 2772 si
3348 2719 3489 2774 vide-

1901 2817 1972 2870 rit
2010 2814 2240 2885 gladium
2275 2815 2578 2878 venientem,
2622 2821 2672 2866 et
2715 2828 2819 2866 non
2853 2811 3169 2883 significavit
3217 2806 3378 2877 tuba;
3433 2819 3485 2868 et

1899 2905 2118 2978 populus
2147 2922 2248 2960 non
2283 2903 2656 2968 observaverit;
2685 2912 2735 2957 et
2763 2903 2968 2957 veniens
2997 2902 3206 2974 gladius
3233 2901 3489 2972 acceperit

1899 3011 1964 3050 ex
1985 2997 2060 3050 eis
2097 2995 2327 3048 animam
2353 3011 2370 3058 ;
2396 3001 2445 3046 et
2475 2995 2586 3064 ipsa
2615 3003 2826 3063 propter
2865 2991 3190 3063 iniquitatem
3220 3006 3369 3044 suam
3398 3005 3488 3044 ca.

1899 3095 1990 3157 pta
2010 3094 2108 3150 est,
2131 3085 2435 3156 sanguinem
2463 3083 2526 3136 de
2548 3099 2706 3136 manu
2734 3083 3074 3152 speculatoris
3103 3083 3383 3153 requiram.
3416 3079 3465 3134 Ε
3472 3088 3492 3134 ι

1901 3183 1972 3238 tu,
2005 3175 2084 3245 fili
2113 3173 2356 3234 hominis.
2385 3173 2761 3244 speculatorem
2793 3182 2840 3226 te
2866 3171 2982 3226 dedi
3013 3172 3187 3226 domui
3218 3171 3406 3238 Israel,
3438 3179 3488 3224 et

1900 3267 2082 3320 audies
2102 3283 2166 3320 ea:
2185 3282 2274 3319 ore
2294 3280 2404 3318 meo
2425 3262 2647 3328 verbum,
2674 3279 2789 3317 cum
2811 3263 2980 3316 dicam
2995 3262 3252 3334 peccatori
3275 3276 3294 3316 :
3317 3259 3373 3314 Μ
3377 3269 3488 3315 orte

1900 3357 2182 3422 morieris;
2229 3365 2279 3410 et
2306 3372 2409 3410 non
2437 3355 2662 3426 loqueris
2687 3362 2744 3408 ut
2782 3361 2980 3408 avertat
3007 3371 3062 3407 se
3097 3369 3130 3406 α
3159 3353 3240 3406 via
3267 3369 3364 3406 sua
3393 3352 3488 3405 im-

1901 3453 2036 3523 pius,
2055 3460 2104 3505 et
2125 3451 2233 3521 ipse
2260 3450 2447 3520 impius
2475 3450 2531 3502 in
2555 3449 2831 3520 iniquitate
2857 3463 2951 3502 sua
2980 3446 3246 3512 morietur,
3275 3445 3488 3516 sangui-

1901 3556 2016 3594 nem
2043 3547 2214 3593 autem
2241 3539 2352 3610 ejus
2374 3539 2436 3592 de
2460 3554 2615 3592 manu
2641 3547 2728 3590 tua
2751 3535 3027 3606 requiram.
3055 3533 3130 3588 Tu
3153 3551 3268 3588 vero
3287 3534 3334 3588 si
3352 3549 3488 3600 prat—

1901 3631 2096 3686 dixeris
2137 3633 2297 3700 impio
2327 3631 2463 3686 viam
2482 3630 2613 3701 ejus,
2643 3637 2700 3684 ut
2727 3637 2927 3683 avertat
2947 3644 3004 3682 se
3026 3625 3091 3681 ab
3116 3644 3196 3691 ea,
3228 3636 3276 3681 et
3305 3643 3408 3681 non
3433 3641 3488 3680 ss

1900 3723 2143 3778 averterit
2162 3741 2193 3776 a
2216 3724 2296 3778 via
2315 3738 2446 3776 sua:
2463 3723 2547 3776 hic
2568 3722 2620 3776 in
2647 3738 2742 3776 sua
2760 3721 3026 3791 impietate
3064 3720 3331 3785 morietur,
3350 3727 3400 3772 et
3432 3726 3486 3771 tu

1900 3817 2124 3870 animam
2149 3827 2288 3870 tuam
2315 3816 2548 3887 eripuisti
2575 3813 2788 3884 (Ezech.
2821 3829 3008 3878 xum,
3037 3811 3177 3881 2-9).

1970 3905 2100 3962 Ωιι».
2127 3912 2238 3961 xw.
2268 3903 2356 3960 Ea:
2383 3904 2669 3975 Evangelia
2693 3903 2748 3957 Μ
2757 3903 2950 3981 att/tati.
2981 3932 3056 3944 —-
3081 3900 3188 3957 Sed
3217 3899 3488 3957 sufficiant

1899 3999 2014 4054 haec
2061 4011 2230 4068 pauca
2277 3996 2346 4051 de
2397 3995 2640 4066 pluribus
2699 3995 3084 4065 prophetarum
3137 3993 3482 4060 testimoniis,

1898 4091 2052 4162 queis
2097 4088 2402 4146 retunditur
2445 4087 2699 4158 superbia
2744 4086 2828 4141 vel
2879 4085 3088 4154 ignavia
3137 4083 3480 4140 sacerdotum

1899 4181 2318 4245 contumacium,
2346 4193 2412 4234 ne
2440 4182 2630 4248 putent
2659 4191 2758 4231 nos
2785 4175 2998 4247 propria
3024 4173 3204 4244 potius
3224 4171 3484 4227 adiuven-

1901 4273 2050 4328 tione
2078 4287 2239 4342 quam
2267 4271 2400 4341 legis
2428 4277 2740 4327 sanctorum
2781 4267 2866 4322 vel
2894 4265 3216 4322 auctoritate
3245 4263 3323 4318 eis
3353 4262 3480 4317 talia

1899 4363 2236 4419 denuntiare.
2287 4363 2575 4416 Videamus
2623 4359 2784 4428 igitur
2833 4356 2957 4427 quid
3005 4355 3312 4424 evangelica
3355 4353 3486 4408 tuba

1901 4454 2102 4509 mundo
2121 4467 2420 4524 personans
2443 4449 2757 4506 inordinatis
2779 4445 3148 4502 sacerdotibus
3167 4445 3484 4514 eloquetur:

1902 4561 2012 4600 non
2033 4545 2176 4599 enim
2205 4544 2272 4599 de
2319 4543 2443 4606 illis,
2475 4549 2536 4596 ut
2572 4541 2682 4610 jam
2733 4539 2986 4602 diximus,
3014 4537 3106 4606 qui
3135 4533 3487 4605 apostolicam

1903 4636 2084 4690 sedem
2112 4634 2350 4703 legitime
2387 4633 2652 4695 obtinent,
2681 4629 2882 4698 quique
2910 4628 3050 4682 bene
3080 4631 3278 4680 norunt
3303 4623 3486 4692 largiri

1905 4726 2202 4796 Spiritoalia
2234 4723 2511 4779 conservis
2567 4721 2680 4776 suis
2709 4721 2760 4774 in
2800 4729 3043 4788 tempore
3071 4716 3271 4771 cibaria
3301 4714 3366 4787 (si
3396 4713 3489 4784 qui

1907 4827 2086 4874 tamen
2117 4816 2267 4872 multi
2299 4813 2759 4885 inprtesentiarum
2783 4808 2948 4880 sunt),
2976 4807 3070 4862 sed
3095 4804 3164 4862 de
3186 4804 3490 4876 pastoribus

1906 4910 2187 4980 imperitis,
2234 4908 2325 4976 qui
2356 4905 2734 4973 derelinquunt
2775 4917 2906 4957 oves
2953 4907 3010 4956 et
3055 4905 3283 4970 pascunt
3327 4911 3486 4963 vana,

1905 5010 1960 5056 et
1983 5017 2088 5055 non
2118 4999 2322 5054 habent
2345 4996 2506 5050 verba
2536 4995 2767 5064 pastor's
2791 4991 2971 5062 periti,
3003 4989 3156 5045 nobis
3183 5000 3363 5043 sermo
3382 4995 3486 5042 est.

1906 5090 2138 5145 Evidens
2167 5103 2297 5157 ergo
2327 5087 2578 5142 indicium
2609 5092 2715 5151 est,
2744 5098 2854 5138 non
2883 5096 3003 5138 esse
3035 5069 3161 5136 eum
3190 5077 3488 5146 legitimum

1904 5191 2197 5254 pastorem,
2243 5180 2335 5235 sed
2365 5179 2689 5234 mediocrem
2719 5176 2933 5247 quidem
2961 5172 3344 5238 Christianum,
3393 5169 3490 5240 qui

1906 5271 2021 5326 haec
2046 5285 2152 5324 non
2182 5277 2288 5322 tam
2326 5277 2506 5322 nostra
2538 5267 2650 5337 (qui
2679 5267 2835 5320 valde
2863 5263 3042 5332 exigui
3067 5261 3298 5328 sumus),
3325 5274 3488 5329 quam

1906 5359 2118 5416 Veteris
2144 5359 2382 5428 Novique
2410 5356 2740 5412 Testamenti
2770 5355 2985 5408 decreta
3013 5350 3275 5406 recusarit
3302 5349 3389 5402 vel
3415 5349 3493 5404 in-

1913 5455 2125 5511 liciatus
2155 5452 2334 5518 fuerit,
2377 5451 2516 5506 sicut
2558 5449 2699 5504 bene
2741 5446 2957 5516 quidam
3003 5451 3310 5498 nostrorum
3354 5441 3432 5495 ait
3466 5457 3484 5494 :

1917 5565 1937 5598 t
1963 5543 2284 5616 Optabiliter
2320 5543 2566 5612 cupimus
2593 5547 2652 5594 ut
2679 5539 2861 5592 hostes
2891 5533 3142 5591 Ecclesiae
3182 5533 3293 5588 sint
3320 5531 3490 5587 nostri

1908 5649 2126 5705 quoque
2153 5633 2358 5702 absque
2384 5632 2495 5688 ullo
2524 5629 2729 5686 {cedere
2757 5629 2965 5688 hostes,
3016 5631 3072 5679 et
3113 5623 3270 5678 amici
3299 5636 3365 5676 ac
3389 5621 3490 5676 de-

1906 5724 2153 5781 fensores
2177 5723 2344 5778 nostri
2378 5737 2485 5778 non
2513 5721 2687 5777 solum
2739 5715 3015 5784 fmdcrati,
3055 5713 3149 5770 sed
3187 5713 3350 5769 etiam
3396 5726 3466 5782 pa

1907 5825 2019 5872 tres
2063 5829 2130 5870 ac
2177 5813 2379 5870 domini
2427 5813 2748 5867 habeantur.
2791 5828 2810 5862 ι
2867 5805 3206 5862 Conveniunt
3257 5817 3493 5872 namque

1906 5905 2097 5975 singuli
2127 5919 2254 5960 vero
2277 5903 2522 5960 examine
2551 5899 2936 5956 conscientiam
2967 5911 3140 5961 suam,
3183 5904 3240 5950 et
3285 5893 3358 5949 ita
3397 5889 3488 5947 de-
