3952 6404
424 415 550 469 δεδο

1315 366 1542 460 cuna;
1581 398 1869 458 SAPlENT
1896 396 1934 452 s
1970 396 2058 450 DE
2097 394 2362 450 EXCIDIO
2400 391 2792 452 BRlTANNHS

3580 389 3696 445 εει

426 527 761 604 prehendeut
787 540 854 580 an
884 520 1177 578 secundum
1214 526 1419 574 rectam
1454 516 1720 570 rationem
1750 526 1845 566 sac
1879 510 2003 565 rdo-
2035 514 2080 573 Α
2110 505 2352 572 Domine,
2391 507 2638 574 Domine,
2682 503 2899 560 intrabit
2936 503 2989 558 in
3029 519 3243 574 regnum
3282 503 3526 558 calorum
3549 521 3567 557 :
3599 501 3697 557 sed

428 599 525 674 tali
571 615 838 673 cathedra:
886 611 1168 667 insideant.
1220 608 1539 674 Videamus,
1592 605 1827 674 inquam,
1875 599 2004 670 quid

427 710 680 767 Salvator
706 705 892 763 mundi
923 703 1201 770 factorque
1228 701 1408 755 dicat:
1465 697 1568 751 Vos
1615 697 1759 758 estis,
1809 693 2002 762 inquit,

426 799 509 854 sal
540 805 713 851 terrae.
767 791 917 858 Quod
945 792 990 845 si
1018 791 1097 844 sal
1127 788 1410 850 evanuerit,
1440 787 1495 839 in
1525 801 1623 852 quo
1652 783 1867 838 salietur
1887 781 1912 833 ?
1938 779 2008 832 ad

429 889 649 944 nihilum
668 886 800 940 valet
824 885 982 948 ultra,
1011 882 1112 935 nisi
1135 890 1188 933 ut
1213 877 1518 949 projiciatur
1539 877 1704 945 foras,
1727 882 1775 927 et
1797 872 2008 925 concul-

428 991 572 1034 cetur
600 978 665 1032 ab
695 973 982 1031 hominibus
1009 971 1224 1042 (Matth.
1250 985 1305 1034 v,
1333 965 1444 1038 15).
1487 965 1602 1020 Hoc
1645 977 1809 1016 unum
1853 959 2007 1014 testi-

432 1071 675 1126 monium
704 1067 772 1122 ad
799 1063 1158 1121 coxilutandos
1176 1057 1514 1130 impudentes
1533 1070 1776 1126 quosque
1798 1051 2011 1107 abunde

431 1156 680 1214 sufficere
705 1161 907 1226 posset.
936 1149 1041 1206 Sed
1083 1157 1139 1204 ut
1162 1145 1580 1203 evidentioribus
1607 1141 1782 1196 adhuc
1811 1138 2004 1207 astipu‘

430 1249 742 1312 lationibus,
791 1245 1008 1316 quantis
1060 1241 1379 1310 semetipsos
1429 1232 1856 1291 intolerabilibus
1891 1244 2012 1284 sce-

437 1339 608 1393 lerum
637 1337 872 1393 fascibus
900 1334 1020 1388 falsi
1051 1333 1104 1387 bi
1132 1329 1442 1389 sacerdotes
1467 1324 1806 1394 opprimant,
1835 1319 2016 1374 verbis

432 1427 629 1483 Christi
650 1425 1050 1494 comprobatur,
1079 1421 1256 1488 aliqua
1288 1413 1620 1472 adnectenda
1650 1418 1793 1466 sunt.
1822 1407 2014 1476 Sequi-

436 1526 526 1572 tur
563 1515 750 1572 enim:
810 1512 914 1567 Vos
943 1513 1066 1566 estis
1105 1511 1195 1564 lux
1234 1505 1434 1562 mundi.
1482 1501 1606 1558 Non
1645 1508 1809 1571 potest
1838 1499 2016 1552 civitas

440 1605 686 1662 abscondi
714 1620 872 1674 supra
915 1610 1139 1656 montem
1167 1607 1356 1670 posita.
1400 1593 1579 1664 Neque
1607 1588 1891 1644 accendunt
1932 1587 2016 1640 lu-

433 1712 666 1762 cernam,
694 1703 743 1748 et
772 1699 968 1764 ponunt
993 1706 1108 1744 eam
1135 1687 1227 1742 sub
1255 1684 1446 1747 modio,
1478 1680 1570 1736 sed
1598 1697 1752 1750 super
1772 1675 2017 1730 candela-

437 1787 605 1852 brum,
632 1794 688 1838 ut
719 1785 886 1838 luceat
906 1779 1138 1837 omnibus
1167 1778 1252 1850 qui
1281 1777 1334 1830 in
1360 1790 1513 1829 aomo
1533 1781 1653 1827 sunt
1683 1767 1870 1841 (Ibid.,
1907 1764 2014 1836 14).

2109 601 2195 670 qui
2237 600 2360 670 facit
2389 598 2700 652 uoluntatem
2729 595 2910 649 Patris
2952 594 3053 648 mei
3080 595 3166 666 qui
3195 595 3249 647 in
3278 594 3418 648 oculis
3450 603 3550 663 est,
3581 595 3695 664 ipse

2109 691 2321 744 intrabit
2351 691 2403 742 in
2431 705 2642 760 regnum
2667 687 2909 740 calorum
2942 683 3127 755 (Ibid.,
3153 682 3266 752 21).

2181 783 2310 836 Cu.
2348 795 2474 834 xvu.
2513 778 2706 834 Iterum
2745 792 2808 831 ea:
2852 775 3134 846 Evrmgelio
3163 771 3422 828 Matt/tari.
3451 803 3524 816 —
3551 771 3696 838 Quid

2111 889 2240 928 sane
2267 873 2415 926 vobis
2446 870 2535 924 lict
2563 870 2672 939 qui,
2705 877 2762 923 ut
2799 869 3066 937 propheta
3097 867 3232 920 dixit
3261 863 3554 937 (Isa.xxrx,
3577 864 3695 933 15),

2113 964 2269 1018 labiis
2300 971 2508 1016 tantum
2553 968 2609 1014 et
2645 975 2751 1012 non
2788 957 2952 1012 corde
2997 955 3110 1011 Deo
3148 955 3412 1010 creditis?
3450 953 3698 1019 Qualiter

2115 1062 2294 1108 autem
2327 1050 2558 1121 impletis
2582 1047 2726 1118 quod
2747 1047 3030 1116 sequitur:
3067 1044 3216 1110 Ecce,
3248 1042 3438 1112 inquit,
3470 1058 3564 1112 ego
3584 1044 3693 1095 mit-

2116 1155 2166 1200 to
2195 1161 2285 1200 uos
2311 1145 2444 1198 sicut
2475 1157 2590 1196 ores
2638 1143 2692 1194 in
2740 1139 2910 1193 medio
2959 1137 3198 1208 luporum
3247 1135 3462 1206 (Matth.
3498 1151 3550 1198 x,
3587 1132 3697 1200 l6),

2115 1235 2206 1305 qui
2237 1248 2390 1288 versa
2419 1231 2538 1287 vice
2584 1238 2644 1285 ut
2683 1229 2792 1298 lupi
2824 1230 2876 1282 in
2903 1243 3121 1296 gregem
3152 1227 3332 1280 ovium
3361 1224 3702 1296 proceditis?

2115 1327 2200 1382 vel
2228 1324 2371 1398 quod
2395 1324 2472 1378 ait
2495 1341 2508 1376 :
2540 1321 2720 1376 Estote
2747 1319 3022 1386 prudentes
3051 1319 3182 1372 sicut
3209 1325 3494 1388 serpentes,
3514 1324 3564 1368 et
3583 1315 3708 1370 sint-

2117 1419 2276 1490 plices
2303 1417 2436 1472 sicut
2460 1413 2709 1468 columba:
2739 1409 2973 1480 (Ibid)?
3001 1408 3298 1464 Prudentes
3325 1407 3545 1476 quidem
3573 1404 3706 1459 estis

2123 1515 2182 1561 ut
2207 1507 2440 1575 aliquem
2481 1519 2577 1558 ore
2607 1501 2869 1556 exitiabili
2918 1497 3228 1562 mordeatis,
3278 1513 3384 1553 non
3431 1504 3489 1551 ut
3540 1502 3709 1564 caput

2117 1605 2354 1652 vestrum
2398 1593 2542 1664 quod
2587 1601 2668 1646 est
2707 1589 2985 1657 Christus,
3041 1588 3257 1657 objectu
3303 1585 3706 1656 quodammodo

2119 1687 2368 1758 corporis
2416 1684 2744 1749 defendatis,
2793 1697 2953 1752 quem
2997 1681 3124 1734 totis
3171 1694 3396 1749 operum
3437 1677 3708 1732 malorum

2121 1779 2404 1836 conatibus
2441 1776 2790 1832 conculcatis.
2834 1774 2943 1829 Nec
2986 1773 3129 1827 enim
3179 1771 3580 1842 simplicitatem
3608 1785 3708 1825 co—

440 1877 572 1944 Quis
599 1889 726 1943 ergo
755 1873 1096 1929 sacerdotum
1126 1867 1286 1938 hujus
1313 1864 1571 1935 temporis
1611 1863 1682 1916 ita
1709 1858 2020 1928 ignorantia:

2133 1871 2423 1926 lumbarum
2470 1869 2701 1935 habetis,
2750 1867 2878 1937 quin
2923 1865 3104 1937 potius
3150 1864 3374 1919 corvino
3423 1863 3710 1918 assimilati

438 1967 685 2022 caecitate
719 1977 1020 2034 possessus,
1071 1969 1130 2014 ut
1168 1959 1260 2013 lux
1305 1953 1616 2012 clarissima:
1661 1950 1917 2011 lucerna',
1961 1948 2014 2000 in

439 2062 617 2132 aliqua
659 2059 822 2115 domo
847 2055 1053 2112 cunctis
1081 2059 1245 2107 noctu
1275 2047 1633 2104 residentibus
1676 2039 1914 2096 scientize
1943 2036 2018 2091 si-

442 2127 554 2206 mul
601 2157 658 2205 et
702 2149 968 2203 bonorum
1010 2155 1234 2212 Operum
1285 2135 1535 2207 lampade
1564 2131 1752 2187 lucet?
1787 2127 1918 2195 Quis
1946 2127 2018 2180 ita

439 2241 704 2296 universis
751 2237 1008 2296 Ecclesia:
1047 2233 1188 2298 filiis,
1237 2238 1430 2291 tutum,
1483 2225 1756 2296 publicum
1805 2219 2023 2288 conSpi-

439 2344 708 2399 cuumque
749 2327 1033 2394 refugium,
1087 2333 1148 2377 ut
1191 2322 1262 2378 sit
1303 2319 1510 2374 civibus
1551 2313 1854 2369 firmissima
1882 2309 2022 2364 forte

438 2423 569 2480 editi
593 2420 790 2476 montis
817 2419 1009 2474 civitas
1036 2405 1240 2470 vertice
1264 2411 1579 2474 constituta,
1615 2402 1888 2460 habetur?
1914 2399 2022 2455 Sed

441 2523 498 2570 et
523 2510 667 2584 quod
694 2510 972 2579 sequitur:
1007 2505 1098 2562 Sic
1139 2505 1304 2558 luceat
1333 2503 1422 2555 tua:
1446 2507 1619 2553 vestra
1652 2511 1828 2550 coram
1857 2493 2026 2546 homi-

445 2606 630 2670 nibus,
675 2613 732 2656 ut
775 2602 981 2670 uideant
1025 2613 1185 2666 opera
1215 2602 1384 2649 vestra
1411 2590 1566 2654 bona,
1616 2597 1664 2643 et
1694 2586 2025 2658 magniﬁcent

445 2668 658 2749 Patrem
685 2668 926 2755 uestrum,
975 2688 1060 2758 qui
1106 2685 1162 2738 in
1211 2682 1350 2737 caelis
1399 2689 1475 2735 est
1505 2677 1693 2750 (Ibid.,
1727 2675 1853 2745 l6):
1905 2673 2025 2744 quis

444 2800 633 2842 eorum
661 2798 770 2838 uno
797 2781 988 2836 saltem
1027 2777 1114 2833 die
1155 2781 1334 2846 potest
1373 2771 1644 2843 implere?
1685 2767 1822 2834 Quin
1844 2765 2028 2836 potius

447 2875 764 2934 densissima
791 2871 1034 2943 quaedam
1085 2882 1276 2925 eorum
1317 2863 1530 2928 nebula,
1576 2869 1800 2929 atraque
1828 2873 2022 2930 pecca-

446 2969 652 3024 minum
681 2965 828 3022 omni
857 2962 1047 3020 Insula:
1075 2961 1149 3016 ita
1175 2957 1433 3015 incumbit
1461 2971 1588 3019 nox,
1623 2961 1682 3008 ut
1709 2967 1899 3008 omnes
1927 2965 2024 3021 pe-

447 3079 519 3120 ne
547 3078 579 3118 a
600 3061 686 3116 via
715 3068 865 3115 recta
894 3063 1120 3121 avertat,
1169 3068 1236 3110 ac
1279 3067 1378 3123 per
1421 3049 1596 3104 invios
1631 3045 2027 3116 impeditosque

445 3153 708 3210 scelerum
732 3151 898 3207 calles
926 3162 1110 3204 errare
1139 3145 1321 3213 faciat,
1347 3157 1578 3213 quorum
1607 3155 1715 3196 non
1735 3137 1896 3194 modo
1925 3136 2027 3191 Pa-

2124 1964 2345 2034 nigrori,
2386 1979 2448 2018 ac
2477 1961 2644 2016 scmcl
2671 1959 2738 2015 de
2766 1973 2923 2024 arca,
2949 1958 3001 2013 id
3031 1966 3114 2013 est
3142 1955 3404 2023 Ecclesia,
3437 1955 3711 2010 evolitan-

2125 2066 2224 2120 tes,
2272 2057 2503 2111 inventis
2532 2055 2830 2110 carnalium
2859 2053 3198 2123 voluptatum
3243 2051 3523 2114 fetoribus,
3572 2067 3708 2107 nus-

2123 2161 2287 2215 quam
2318 2145 2385 2199 ad
2411 2161 2530 2200 eam
2560 2159 2697 2211 puro
2723 2143 2888 2199 corde
2926 2143 3231 2198 revolastis.
3283 2142 3390 2197 Sed
3431 2141 3712 2197 videamus

2123 2243 2180 2291 ct
2205 2248 2418 2290 etetera.
2450 2234 2648 2301 Nolite,
2681 2235 2776 2302 ait,
2807 2235 2986 2289 timere
3013 2251 3098 2288 eos
3120 2234 3206 2305 qui
3234 2233 3473 2288 occidunt
3497 2249 3708 2303 corpus,

2122 2329 2351 2382 animam
2378 2339 2548 2382 autem
2581 2345 2684 2383 non
2709 2337 2924 2398 possunt
2943 2327 3210 2390 occidere;
3235 2326 3326 2380 sed
3346 2328 3514 2396 potius
3537 2326 3714 2381 timete
3795 2339 3804 2344 ‘

2123 2435 2261 2479 eum,
2287 2419 2374 2489 qui
2401 2428 2567 2487 potest
2584 2426 2633 2471 et
2657 2419 2884 2471 animum
2907 2427 2954 2470 et
2981 2433 3168 2480 corpus
3197 2417 3414 2487 perdere
3440 2417 3496 2471 in
3520 2418 3712 2488 gehen-

2125 2524 2245 2560 nam
2267 2507 2455 2578 (Ibid.,
2481 2506 2589 2576 l8).
2613 2491 2878 2574 Quidnam
2898 2507 3092 2562 borum
3109 2506 3366 2570 feceritis,
3391 2507 3711 2576 recogitate.

2123 2594 2296 2663 Quem
2339 2612 2470 2652 vero
2518 2604 2756 2652 vestrum
2799 2611 3038 2666 sequens
3070 2594 3460 2652 testimonium
3501 2613 3613 2653 non
3657 2597 3715 2653 in

2125 2685 2392 2758 profundo
2443 2686 2625 2742 cordis
2664 2702 2864 2743 arcano
2907 2686 3171 2755 vulneret,
3225 2686 3374 2757 quod
3419 2687 3488 2744 de
3526 2688 3713 2758 pravis

2125 2777 2456 2834 antistitibus
2492 2777 2742 2833 Salvator
2784 2777 2854 2832 ad
2897 2778 3174 2848 apostolos
3202 2777 3488 2849 loquitur?
3536 2778 3716 2838 Sinite

2123 2870 2242 2926 illos
2263 2885 2282 2924 :
2306 2871 2430 2924 cwci
2457 2879 2576 2923 sunt
2599 2869 2756 2924 duces
2783 2885 3036 2924 caecorum
3059 2885 3078 2922 :
3108 2884 3275 2924 caecus
3304 2878 3475 2924 autem
3501 2871 3546 2924 si
3575 2885 3736 2926 catco'

2125 2959 2370 3012 ducatum
2398 2964 2632 3028 prastat,
2654 2955 2803 3011 ambo
2833 2957 2888 3010 in
2915 2959 3115 3027 foveam
3157 2956 3346 3010 cadent
3377 2955 3593 3030 (Matth.
3617 2974 3713 3025 xv,

2126 3048 2239 3119 11).
2281 3047 2454 3118 Egent
2490 3061 2621 3104 sane
2645 3048 2828 3118 populi
2855 3047 3046 3118 quibus
3085 3049 3353 3118 prmestis,
3398 3048 3486 3104 vel
3527 3049 3717 3120 potius

2125 3155 2264 3212 quos
2291 3138 2596 3210 decepistis,
2629 3137 2836 3193 audire.
2877 3138 3152 3194 Attendite
3202 3140 3366 3195 verba
3395 3138 3610 3196 Domini
3642 3141 3713 3196 ad

451 3252 536 3302 ter
559 3241 795 3300 ccelestis
825 3256 931 3296 non
953 3237 1202 3294 laudatur
1227 3251 1323 3306 per
1349 3249 1544 3304 Opera,
1571 3230 1664 3286 sed
1691 3230 1856 3286 etiam
1883 3229 2024 3282 into—
2051 3263 2098 3326 ϐ
2129 3231 2408 3301 apostolos
2460 3237 2517 3285 et
2563 3228 2632 3283 ad
2676 3228 2862 3284 turbas
2907 3227 3195 3298 loquentis,
3248 3243 3370 3298 quae
3408 3237 3464 3284 et
3507 3245 3626 3294 vos,
3656 3237 3720 3286 ut

445 3335 742 3393 lerabiliter
769 3333 1191 3402 blasphematur.
1209 3327 1382 3384 Velim
1405 3325 1622 3395 quidem
1644 3323 1758 3378 haec
1779 3320 2024 3391 Scriptu-

447 3438 523 3480 ra:
541 3438 708 3480 sacrte
729 3421 1034 3478 testimonia
1052 3420 1178 3474 huic
1197 3417 1438 3487 epistolae
1460 3417 1657 3470 inserta
1683 3413 1766 3469 vel
1781 3413 2026 3468 inseren-

447 3515 540 3581 da,
561 3515 702 3570 sicut
728 3522 910 3568 nostra
936 3509 1280 3564 mediocritas
1313 3513 1516 3578 posset,
1547 3504 1727 3560 omnia
1757 3511 2030 3572 utcunque

452 3603 714 3661 historico
758 3601 846 3656 vel
888 3599 1081 3656 morali
1130 3613 1293 3654 sensu
1320 3595 1686 3666 interpretari.
1729 3594 1836 3651 Sed
1876 3609 1946 3648 ue
1974 3593 2029 3648 in

451 3696 772 3751 immensum
801 3692 1021 3747 modum
1049 3689 1366 3761 Opusculum
1396 3687 1504 3743 hoc
1551 3686 1634 3742 his
1663 3687 1756 3758 qui
1784 3701 1894 3742 non
1921 3693 2030 3740 tam

452 3793 638 3841 nostra
685 3798 848 3853 quam
891 3782 989 3838 Dei
1033 3781 1362 3853 despiciunt,
1409 3778 1706 3846 fastidiunt,
1755 3786 2028 3842 avertunt,

450 3875 768 3948 proteletur,
795 3873 1114 3944 simpliciter
1140 3880 1196 3928 et
1223 3873 1426 3940 absque
1455 3870 1564 3925 ulla
1604 3870 1894 3926 verborum
1923 3869 2033 3929 cit.-

454 3967 694 4022 cuitione
717 3973 972 4035 congesta
997 3964 1083 4019 vel
1109 3962 1450 4032 congerenda
1473 3969 1616 4016 sunt.
1650 3960 1718 4016 Et
1747 3969 1872 4032 post
1899 3975 2035 4032 pau-

451 4073 516 4113 ca
541 4075 555 4112 :
585 4055 686 4122 Qui
711 4058 848 4112 enim
871 4056 1079 4112 soluerit
1104 4071 1264 4110 unum
1285 4055 1350 4110 de
1367 4053 1632 4109 mandatis
1647 4054 1764 4108 istis
1785 4054 2031 4118 minimis,

453 4157 504 4204 et
531 4149 758 4204 docuerit
786 4150 861 4204 sic
901 4149 1154 4207 homines,
1206 4147 1453 4200 minimus
1497 4143 1761 4199 vocabitur
1793 4145 1849 4200 in
1877 4160 2035 4215 reg-no

454 4241 700 4294 caelorum
735 4236 951 4302 (Matth.
981 4254 1035 4302 v,
1067 4237 1180 4307 19).
1221 4234 1500 4290 Etiterum
1526 4253 1540 4288 :
1572 4233 1750 4288 Nolite
1772 4234 2034 4305 judicare,

453 4338 510 4382 ut
539 4344 644 4382 non
675 4327 984 4398 judicemini
1005 4343 1024 4380 :
1063 4327 1119 4379 in
1147 4341 1247 4394 quo
1276 4326 1414 4378 enim
1430 4323 1632 4396 judicio
1655 4324 2032 4395 judicaveritis,

448 4416 772 4490 judicabitur
801 4415 865 4470 de
896 4415 1034 4469 vobis
1063 4413 1278 4486 (Matth.
1310 4429 1401 4480 vn,
1453 4413 1506 4479 1,
1545 4413 1625 4484 ‘2).
1672 4413 1834 4481 Quis,
1881 4428 2035 4484 rogo,

457 4516 696 4563 vestrum
742 4505 994 4572 respiciet
1023 4503 1077 4558 id
1103 4504 1246 4573 quod
1273 4504 1558 4574 sequitur?
1607 4503 1745 4568 Quid
1771 4515 1943 4560 autem
1971 4507 2042 4560 ui-

2127 3321 2308 3384 audio,
2337 3321 2391 3374 in
2425 3319 2659 3375 medium
2681 3319 2872 3374 crebro
2900 3318 3143 3390 proferre
3180 3335 3291 3375 non
3317 3318 3504 3390 pudet.
3536 3319 3717 3388 Super

2127 3417 2428 3474 cathedram
2453 3417 2624 3489 Moysi
2646 3417 2888 3471 sederunt
2916 3415 3117 3472 Scriba:
3141 3426 3190 3471 et
3212 3415 3489 3474 Pharistei.
3522 3417 3720 3472 Omnia

2129 3528 2254 3584 ergo
2280 3527 2593 3583 quaecunque
2619 3510 2850 3564 dixerint
2876 3507 3036 3574 vobis,
3082 3519 3283 3564 servate
3317 3517 3368 3565 et
3396 3511 3556 3582 facite
3575 3525 3597 3564 :
3634 3525 3721 3564 se-

2129 3603 2351 3658 cundum
2381 3619 2498 3656 vero
2521 3619 2678 3672 opera
2702 3618 2878 3656 eorum
2907 3601 3064 3656 nolite
3099 3603 3272 3673 facere
3293 3617 3313 3655 :
3350 3601 3529 3656 dicunt
3555 3603 3718 3669 enim,

2129 3704 2180 3751 et
2225 3696 2327 3766 ipsi
2369 3711 2475 3751 non
2506 3695 2704 3766 faciunt
2759 3693 2979 3766 (Matth.
3006 3710 3155 3761 χχιιι,
3183 3693 3237 3759 2,
3275 3693 3353 3765 5).
3403 3693 3720 3750 Periculosa

2135 3793 2287 3841 certe
2313 3799 2379 3840 ac
2407 3797 2740 3854 supervacua
2768 3781 3144 3838 sacerdotibus
3171 3782 3416 3838 doctrina
3443 3791 3548 3850 est,
3596 3797 3722 3852 quae

2136 3877 2318 3947 pravis
2346 3875 2602 3948 operibus
2629 3874 2960 3930 obfuscatur.
2999 3873 3092 3928 Va:
3119 3871 3278 3940 vobis,
3313 3873 3618 3945 hypocrilat,
3633 3875 3721 3946 qui

2133 3966 2378 4022 clauditis
2425 3981 2639 4038 regnum
2667 3965 2910 4020 caelorum
2946 3974 3068 4019 ante
3093 3965 3367 4020 homines:
3416 3982 3504 4020 uos
3547 3974 3722 4020 autem

2133 4073 2239 4112 non
2259 4057 2488 4123 intratis,
2519 4072 2610 4110 nec
2638 4056 2951 4110 introeuntes
2976 4057 3147 4110 sinitis
3170 4057 3369 4110 intrare
3393 4053 3582 4129 (Ibid.,
3609 4055 3722 4126 15).

2137 4145 2254 4202 Non
2301 4145 2475 4201 solum
2533 4144 2679 4200 enim
2733 4160 2844 4216 pm
2890 4145 3055 4200 tantis
3097 4145 3363 4200 malorum
3405 4145 3724 4201 criminibus

2138 4250 2259 4306 qua:
2286 4235 2492 4304 geritis,
2535 4234 2589 4290 in
2615 4232 2813 4301 futuro,
2864 4234 2958 4290 sed
2986 4235 3150 4290 etiam
3180 4250 3280 4304 pro
3306 4235 3394 4290 his
3423 4235 3517 4306 qui
3544 4242 3725 4292 vestro

2138 4326 2380 4397 quotidie
2405 4325 2656 4396 exemplo
2682 4333 2932 4396 pereunt,
2963 4325 3160 4396 ptenali
3189 4340 3348 4396 parua
3371 4327 3722 4396 plectemini:

2139 4433 2368 4487 quorum
2393 4417 2612 4486 sanguis
2637 4417 2692 4472 in
2719 4416 2806 4472 die
2831 4416 3018 4486 judicii
3040 4417 3112 4472 de
3136 4417 3330 4473 vestris
3359 4417 3610 4474 manibus
3635 4432 3726 4472 re-

2139 4505 2402 4575 quiretur.
2434 4503 2542 4561 Sed
2564 4505 2692 4575 quid
2720 4505 2845 4560 mali
2869 4505 3012 4574 quod
3041 4505 3181 4562 servi
3211 4506 3470 4575 parabola
3497 4514 3730 4577 praeten-

461 4597 576 4690 des,
607 4596 801 4665 inquit,
835 4599 1086 4666 festucam
1109 4597 1162 4649 in
1191 4596 1340 4650 oculo
1367 4597 1546 4666 fratris
1568 4597 1660 4660 tui,
1683 4604 1734 4650 et
1762 4595 1958 4651 trabem
1983 4597 2038 4651 in
2069 4630 2122 4690 Β
2141 4595 2281 4651 derit
2308 4595 2576 4666 inspicite,
2606 4595 2837 4651 dicentis
2873 4597 2929 4648 in
2969 4595 3124 4651 corde
3167 4612 3262 4652 suo
3285 4612 3304 4650 :
3348 4596 3558 4652 Moram
3603 4599 3728 4670 facit

459 4689 609 4748 oculo
639 4696 726 4742 tuo
751 4704 853 4742 non
881 4687 1224 4742 consideras?
1269 4687 1370 4740 Αιιι
1416 4689 1670 4759 quomodo
1714 4688 1844 4742 dicis
1885 4689 2040 4759 fratri

462 4785 572 4846 tuo,
601 4776 726 4832 Sine
753 4777 961 4846 ejiciam
989 4778 1237 4846 festucam
1269 4776 1332 4830 de
1362 4777 1508 4830 oculo
1539 4785 1646 4839 tuo,
1677 4784 1726 4830 et
1753 4791 1869 4830 ecce
1899 4775 2040 4830 trabs

459 4870 514 4928 in
564 4869 712 4924 oculo
751 4877 838 4923 tuo
877 4877 954 4922 est
995 4867 1185 4938 (Ibid.,
1217 4867 1272 4934 5,
1313 4867 1390 4938 4).
1435 4867 1528 4923 Vel
1567 4867 1712 4937 quod
1757 4868 2038 4937 sequitur:

463 4958 644 5028 Nolite
671 4960 798 5014 dare
824 4969 1059 5013 sanctum
1085 4960 1321 5025 canibus,
1354 4975 1516 5030 neque
1554 4960 1796 5014 miseritis
1825 4975 2042 5032 marga-

458 5051 592 5106 ritas
618 5058 815 5104 vestras
841 5059 960 5104 ante
988 5064 1170 5116 porcos
1199 5065 1216 5102 :
1246 5064 1311 5102 ne
1347 5050 1480 5120 forte
1509 5048 1805 5104 conculcent
1830 5064 1921 5103 eas
1945 5065 2040 5120 pe-

459 5139 610 5198 dibus
651 5142 794 5206 suis,
841 5151 892 5195 et
929 5141 1161 5194 conversi
1199 5140 1524 5209 disrumpunt
1568 5156 1657 5194 vos
1703 5138 1890 5207 (Ibid.,
1941 5139 2043 5210 6):

462 5231 608 5302 quod
637 5232 930 5302 sepissime
967 5231 1124 5286 vobis
1171 5230 1370 5284 evenit.
1416 5227 1482 5284 Et
1526 5229 1787 5299 populum
1819 5245 2047 5287 monens

357 5365 370 5376 .
466 5338 539 5380 ne
576 5339 608 5378 a
635 5323 839 5378 dolosis
865 5323 1207 5386 doctoribus,
1258 5330 1319 5376 ut
1344 5321 1475 5377 estis
1497 5336 1630 5385 vos,
1677 5321 2043 5387 seduceretur,

461 5413 635 5472 dixit:
667 5413 928 5468 Attendite
952 5413 1094 5468 uobis
1112 5430 1146 5467 a
1172 5413 1322 5484 falsis
1350 5412 1612 5483 prophetis
1639 5413 1725 5484 qui
1744 5413 1953 5466 ueniunt
1979 5412 2049 5466 ad

461 5520 554 5562 vos
579 5505 636 5559 in
672 5505 855 5559 uestitu
883 5504 1072 5571 ouium,
1119 5503 1428 5558 intrinsecus
1465 5513 1638 5558 autem
1665 5511 1786 5557 sunt
1815 5502 1926 5573 lupi
1952 5519 2044 5558 ra-

465 5614 617 5670 paces
638 5613 658 5652 :
705 5615 739 5652 a
777 5596 1026 5670 fructibus
1073 5613 1250 5652 eorum
1277 5598 1591 5668 cognoscetis
1631 5613 1741 5652 eos.
1797 5596 2050 5668 Nunquid

469 5687 717 5760 colligunt
762 5689 829 5744 de
863 5689 1031 5758 spinis.
1065 5704 1211 5753 uvas,
1255 5697 1344 5740 aut
1379 5687 1444 5740 de
1491 5688 1692 5741 tribulis
1741 5687 1918 5757 ﬁcus?
1959 5685 2051 5742 Sic

466 5779 636 5832 omnis
663 5777 819 5832 arbor
845 5776 981 5832 bona
1009 5776 1172 5832 bonos
1200 5779 1398 5848 fructus
1429 5778 1577 5847 facit,
1625 5785 1675 5829 et
1723 5777 1861 5830 mala
1885 5776 2050 5830 malos

471 5866 660 5939 σιτία..
695 5865 902 5938 15-17).
954 5866 1020 5922 Et
1047 5867 1223 5924 infra:
1268 5867 1393 5925 Non
1435 5869 1602 5923 cumis
1633 5869 1716 5938 qui
1743 5867 1871 5922 dicit
1899 5867 2048 5934 mihi,

2147 4687 2384 4742 dominus
2410 4702 2553 4740 meus
2577 4687 2768 4742 venire.
2798 4687 2898 4754 Qui
2928 4701 3027 4756 pro
3061 4687 3166 4742 hoc
3195 4686 3420 4743 forsitan
3447 4690 3730 4760 inceperat

2145 4787 2406 4846 percutere
2446 4793 2714 4832 conservos
2751 4793 2902 4841 suos,
2953 4777 3277 4831 manducans
3323 4787 3373 4832 et
3413 4777 3588 4835 bibam
3619 4789 3733 4834 cum

2145 4866 2320 4922 ebriis.
2356 4867 2534 4922 Veniet
2561 4883 2706 4938 ergo,
2739 4868 2930 4936 inquit,
2959 4868 3200 4922 dominus
3228 4871 3358 4923 servi
3388 4871 3529 4924 illius
3568 4873 3623 4925 in
3651 4871 3735 4924 die

2147 4975 2250 5029 qua
2288 4974 2392 5013 non
2436 4968 2631 5029 sperat,
2674 4968 2724 5012 et
2761 4959 2889 5014 hora
2918 4977 3018 5030 qua
3043 4963 3287 5030 ignorat:
3324 4969 3374 5014 et
3399 4961 3595 5015 dividet
3621 4979 3734 5017 eum

2151 5051 2208 5119 (a
2230 5050 2429 5105 sanctis
2449 5050 2655 5105 scilicet
2681 5051 3078 5120 sacerdotibus)
3106 5061 3404 5124 partemque
3440 5053 3556 5124 ejus
3580 5061 3734 5125 ponet

2147 5158 2264 5196 cum
2301 5141 2584 5212 hypocritis
2629 5144 2774 5212 (cum
2803 5145 2883 5199 eis
2928 5153 3098 5212 certe,
3145 5145 3239 5213 qui
3266 5145 3367 5200 sub
3406 5147 3736 5203 sacerdotali

2148 5231 2382 5298 tegmine
2401 5231 2627 5286 multum
2645 5233 2970 5288 obumbrant
2986 5234 3257 5301 nequitiae)
3277 5251 3290 5287 :
3317 5234 3444 5300 illic,
3462 5234 3736 5305 inquiens,

2147 5323 2245 5376 erit
2283 5323 2435 5390 ﬂetus
2462 5332 2511 5376 et
2546 5324 2741 5378 stridor
2778 5325 3008 5378 dentium
3052 5323 3267 5389 (Matth.
3299 5340 3446 5390 xxiv,
3477 5324 3735 5396 b8—5l);

2149 5411 2342 5479 quibus
2368 5413 2420 5466 in
2448 5413 2549 5468 hac
2577 5414 2685 5468 vita
2719 5431 2826 5469 non
2863 5416 3056 5470 crebro
3085 5415 3264 5469 evenit
3290 5416 3369 5480 ob,
3390 5416 3740 5484 quotidianus

2153 5502 2405 5560 Ecclesia:
2431 5506 2620 5563 matris
2645 5507 2830 5563 ruinas
2859 5505 3113 5576 filiorum,
3143 5506 3231 5562 vel
3268 5505 3543 5563 desideria
3587 5509 3741 5580 regal

2154 5597 2432 5652 caelorum.

2224 5685 2351 5741 Cu.
2385 5702 2528 5743 xvm.
2562 5686 2648 5742 Ea:
2678 5686 2835 5742 Pauli
2861 5686 3099 5758 Epistola
3118 5687 3189 5746 ad
3218 5687 3508 5746 Romanos.
3531 5721 3610 5734 —
3633 5687 3742 5746 Sed

2153 5776 2432 5834 videamus
2475 5779 2603 5848 quid
2654 5777 2852 5835 Christi
2897 5793 3058 5834 verus
3103 5779 3433 5850 discipulus,
3482 5783 3742 5850 magister

2155 5869 2422 5936 gentium,
2485 5869 2712 5939 Paulus,
2776 5871 2869 5944 qui
2915 5869 3062 5928 omni
3106 5870 3479 5929 ecclesiastico
3527 5871 3735 5930 doctori
