3952 6406
233 309 341 367 δῖε

934 315 1137 373 LIBER
1175 316 1568 384 QUERULUS.
1610 321 1786 377 PARS
1825 370 1826 375 η

1952 324 2363 380 lNCllEl‘ATlO
2401 323 2468 380 ΙΝ
2502 323 2804 382 οιεῐιωι.

3400 329 3509 386 586

231 430 528 488 imitandus
549 440 630 490 est
660 431 832 502 (sicut
859 441 909 485 et
935 449 1028 503 ego
1057 431 1248 488 Christi
1277 432 1331 504 (I
1363 432 1482 488 Cor.
1516 451 1588 500 ιι,
1627 433 1675 507 1]
1695 435 1736 506 ),
1769 437 1822 492 in
1851 440 1903 499 Α
1930 439 2012 492 (iis
2042 437 2218 506 (Rom.
2251 456 2365 504 sui,
2395 439 2478 506 i2,
2516 439 2627 512 ii).
2678 441 2746 496 Et
2767 442 2963 497 iterum
3002 442 3072 499 ad
3099 444 3411 503 Corinthios
3451 449 3508 506 in

234 522 328 578 tali
379 523 599 592 negotio
629 519 995 591 prmloquatur
1040 523 1092 578 in
1122 524 1296 594 prima
1323 523 1563 595 Epistola
1593 525 1818 582 dicens:

233 613 370 678 Quia
399 628 514 668 cum
537 613 894 684 cognovissent
922 611 1108 678 Deum,
1136 630 1239 667 non
1269 615 1401 668 sicut
1425 613 1588 669 Deum
1618 616 1822 686 magni-

231 703 539 774 ficaverunt,
567 713 658 756 aut
681 704 878 773 gratias
901 711 1108 774 egerunt
1132 719 1150 757 :
1190 703 1280 756 sed
1318 713 1631 759 evanuerunt
1658 707 1713 761 in
1736 721 1824 761 co-

123 810 133 819 ·
233 793 566 866 gitationibus
607 795 756 858 suis;
808 799 858 847 et
895 791 1206 848 obctecatum
1238 801 1314 847 est
1341 795 1591 864 insipiens
1618 813 1706 849 cor
1729 812 1821 850 eo-

231 900 346 938 rum
369 899 388 937 :
419 884 647 938 dicentes
673 899 727 937 se
747 899 858 938 esse
873 885 1153 954 sapientes,
1182 884 1323 938 stulti
1348 887 1472 956 facti
1495 895 1614 940 sunt
1639 883 1814 958 (Rom.

232 989 271 1036 ι,
301 971 390 1038 2i,
419 971 537 1044 22).
590 971 744 1028 Licet
772 971 878 1028 hoc
905 974 1155 1041 gentibus
1201 973 1304 1029 dici
1333 975 1600 1041 videatur,
1647 977 1822 1032 intue-

231 1064 364 1120 mini
393 1075 576 1120 tamen
597 1065 724 1136 quia
750 1075 1121 1137 competenter
1146 1067 1299 1122 istius
1321 1069 1421 1124 aevi
1447 1068 1822 1126 sacerdotibus

233 1171 355 1212 cum
387 1155 604 1226 populis
631 1155 991 1226 coaptabitur.
1024 1155 1089 1212 Et
1135 1165 1258 1226 post
1285 1173 1456 1229 pauca
1484 1175 1496 1211 :
1520 1156 1632 1222 ,ριιὶ
1675 1175 1821 1213 com-

234 1255 580 1314 mutaverunt,
609 1246 800 1318 inquit,
831 1248 1092 1302 veritatem
1126 1247 1220 1302 Dei
1261 1249 1316 1302 in
1363 1249 1725 1304 mendacium:
1773 1259 1822 1304 et

233 1339 519 1402 solumut,
552 1346 602 1392 et
615 1339 896 1393 servierunt
921 1348 1171 1394 creatum
1197 1341 1366 1410 potius
1386 1357 1540 1413 quam
1563 1340 1818 1407 Creatori,

231 1433 319 1501 qui
345 1442 424 1486 est
455 1431 749 1488 benedictus
792 1433 844 1486 in
876 1432 1086 1488 swcula.
1129 1430 1414 1503 Pr0pterea
1457 1433 1673 1488 tradidit
1703 1433 1820 1490 illos

233 1524 377 1580 Deus
419 1526 473 1579 in
497 1525 771 1596 passiones
811 1525 1111 1596 ignominia:
1141 1522 1329 1594 (Ibid.,
1359 1523 1447 1592 25,
1479 1524 1592 1596 26).
1623 1523 1690 1578 Et
1717 1525 1820 1580 ite-

232 1631 353 1672 rum
379 1632 394 1670 :
443 1614 516 1670 Et
557 1615 690 1670 sicut
719 1631 824 1670 non
851 1613 1195 1686 probaverunt
1233 1613 1403 1670 Deum
1433 1613 1619 1670 habere
1644 1615 1699 1669 in
1727 1630 1822 1669 no-

236 1710 372 1776 tilia,
405 1707 623 1762 tradidit
661 1707 781 1762 illos
812 1706 950 1761 Deus
995 1707 1051 1761 in
1081 1703 1356 1777 reprobum
1393 1721 1620 1770 sensum,
1661 1716 1719 1760 ut
1745 1708 1826 1777 fa-

1927 528 2097 596 prima
2129 526 2369 598 Epistola
2403 547 2415 582 :
2453 529 2520 584 Ut
2570 532 2803 601 sapiens,
2834 531 3028 602 inquit,
3051 535 3360 591 architectus
3388 539 3514 608 fun-

1925 618 2221 674 damentum
2237 623 2387 691 posui
2420 638 2440 675 .'
2459 622 2591 677 alter
2613 626 3016 696 superardiﬁcat.
3045 627 3404 702 Unusquisque
3421 648 3512 686 au-

1925 718 2023 764 tem
2077 712 2284 778 videat,
2334 715 2586 785 quomodo
2632 717 3032 789 supertcdificet.
3082 718 3512 778 Fundamentum

1923 803 2059 855 enim
2088 803 2232 857 aliud
2253 822 2400 859 nemo
2421 814 2586 877 potest
2613 825 2830 879 ponere,
2863 819 3052 880 prwter
3077 813 3130 866 id
3151 814 3290 884 quod
3313 824 3391 868 est
3416 814 3506 870 Je—

1923 907 2010 944 sus
2041 889 2294 948 Christus.
2329 894 2388 950 Si
2443 899 2556 967 quis
2603 905 2774 953 autem
2819 903 3194 972 superwdiﬁcet
3235 920 3389 975 super
3415 905 3512 961 hoc

1923 999 2106 1037 aurum
2135 994 2184 1038 et
2213 995 2503 1057 argentum,
2551 989 2749 1059 lapides
2798 993 3072 1060 pretiosos,
3102 995 3266 1065 ligna,
3313 998 3510 1066 fenum,

1921 1074 2166 1143 stipulam
2195 1092 2214 1130 :
2253 1079 2647 1150 unumquodque
2688 1097 2817 1150 Opus
2845 1084 3179 1154 manifestum
3225 1085 3341 1138 erit.
3384 1083 3512 1141 Dies

1921 1163 2059 1216 enim
2082 1162 2292 1218 Domini
2323 1165 2608 1221 declarabit
2626 1167 2777 1235 illud,
2807 1169 2928 1239 quia
2949 1169 3002 1223 in
3024 1171 3140 1242 igne
3159 1171 3462 1227 revelabitur
3489 1188 3511 1229 :

1923 1261 1973 1304 et
1999 1253 2402 1326 uniuscujusque
2429 1273 2560 1328 opus
2581 1258 2734 1329 quale
2755 1259 2843 1326 sit,
2867 1260 3004 1331 ignis
3031 1259 3291 1330 probabit.
3324 1262 3386 1318 Si
3415 1281 3510 1322 cu-

1917 1341 2006 1414 jus
2034 1360 2160 1414 opus
2185 1347 2455 1412 manserit,
2484 1349 2660 1403 omnia
2687 1367 2780 1420 per
2798 1352 2969 1422 ignem
2989 1353 3378 1426 judicabuntur.
3409 1353 3510 1421 Qui

1922 1434 2433 1504 superardi/icaverit,
2481 1440 2762 1494 mercedem
2812 1443 3046 1514 accipiet.
3079 1443 3140 1500 Si
3183 1447 3331 1516 cujus
3381 1465 3512 1518 opus

1923 1524 2128 1588 arserit,
2152 1525 2515 1580 detrimentum
2542 1531 2766 1597 patietur
2789 1529 2840 1602 (Ι
2865 1530 2986 1588 Cor.
3033 1549 3110 1597 tu,
3145 1534 3231 1600 10,
3261 1534 3374 1604 15).
3398 1535 3510 1592 Νε-

1922 1613 2068 1666 scitis
2096 1614 2218 1684 quia
2247 1616 2487 1686 templum
2513 1617 2611 1672 Dei
2633 1619 2777 1687 estis,
2796 1629 2846 1674 et
2865 1621 3094 1693 Spiritus
3116 1623 3213 1680 Dei
3233 1626 3430 1682 habitat
3454 1631 3510 1683 in

1923 1703 2098 1759 vobis?
2127 1705 2187 1760 Si
2215 1707 2328 1775 quis
2351 1717 2522 1763 autem
2547 1712 2791 1782 templum
2815 1711 2907 1768 Dei
2937 1715 3218 1782 violaverit,
3248 1720 3509 1790 disperdat

237 1801 384 1855 ciant
426 1813 540 1870 quae
568 1814 673 1852 non
709 1798 1038 1865 conveniunt,
1080 1797 1304 1868 repletos
1343 1797 1486 1852 omni
1527 1796 1818 1890 iniquitate,
1855 1831 1897 1890 Β
1925 1795 2072 1890 illum
2103 1796 2239 1853 Deus
2263 1798 2452 1872 (Ibid,
2479 1801 2704 1876 16,17).
2730 1803 2798 1860 Et
2819 1806 3012 1863 iterum
3038 1825 3056 1863 :
3087 1811 3148 1866 Si
3170 1815 3284 1883 quis
3314 1815 3513 1870 videtur

236 1890 464 1958 malitia,
500 1889 844 1959 impudicitia,
894 1889 1257 1962 fornicatione,
1285 1889 1526 1955 avaritia,
1568 1889 1819 1962 nequitia,

237 1978 419 2051 plenos
464 1977 681 2044 invidia,
727 1977 1005 2034 homicidio
1036 1977 1262 2050 (scilicet
1289 1977 1586 2033 animarum
1614 1977 1821 2050 populi)

237 2073 588 2141 contentione,
616 2071 755 2140 dolo,
788 2070 1110 2143 malignitate
1131 2087 1150 2126 :
1191 2087 1521 2140 susurrones,
1561 2070 1826 2126 detracto-

237 2181 345 2229 res,
371 2163 485 2219 Deo
514 2161 750 2229 odibiles,
779 2161 1198 2230 contumeliosos,
1234 2159 1496 2232 superbos,
1525 2161 1710 2229 elatos,
1740 2160 1826 2214 in-

238 2263 474 2311 ventores
501 2255 778 2324 malorum,
804 2253 1098 2326 parentibus
1119 2252 1487 2319 inobedientes,
1511 2253 1821 2320 insensatos,

237 2347 634 2417 incompositos,
675 2346 790 2402 sine
834 2344 1209 2411 misericordia,
1240 2345 1352 2400 sine
1379 2343 1674 2414 affectione.
1721 2341 1826 2409 Qui

240 2454 359 2493 cum
397 2439 660 2510 justitiam
703 2435 804 2492 Dei
845 2438 1230 2509 cognovissent,
1279 2451 1384 2491 non
1429 2437 1824 2506 intellexerunt,

239 2530 486 2600 quoniam
505 2529 588 2602 qui
615 2528 740 2583 talia
762 2535 943 2600 agunt,
987 2527 1129 2599 digni
1155 2535 1276 2582 sunt
1307 2535 1473 2582 morte
1496 2524 1686 2599 (Ibid.,
1729 2525 1829 2580 2:3-

242 2619 356 2692 52).
416 2619 673 2688 Quisnam
714 2619 1144 2690 supradictorum
1193 2618 1278 2674 his
1314 2617 1565 2674 omnibus
1602 2617 1657 2673 in
1687 2617 1827 2673 veri-

241 2723 358 2772 tate
379 2715 596 2772 caruit?
623 2713 671 2774 si
715 2715 859 2771 enim
887 2720 1050 2781 esset,
1093 2711 1233 2768 forte
1267 2719 1554 2783 caperetur
1581 2709 1827 2782 subjecto

241 2823 428 2876 sensu,
473 2807 530 2866 in
571 2822 682 2879 quo
729 2807 842 2864 ait:
893 2802 1019 2863 Non
1053 2805 1219 2860 solum
1265 2807 1350 2878 qui
1373 2805 1574 2875 faciunt
1613 2821 1698 2872 ea,
1736 2804 1828 2872 sed

241 2900 402 2953 etiam
431 2898 518 2971 qui
547 2897 872 2954 consentiunt
914 2895 1223 2970 facientibus
1270 2893 1460 2964 (Ibid.,
1490 2894 1581 2965 32)
1613 2911 1628 2962 ;
1677 2895 1828 2952 nullo

241 2990 456 3046 scilicet
485 2989 588 3046 hoc
609 2987 752 3044 malo
778 3002 966 3044 eorum
990 2993 1237 3043 exstante
1262 2985 1505 3044 immuni.
1551 2983 1618 3040 Et
1647 2985 1824 3042 intra:

246 3079 324 3134 Tu
348 3087 519 3143 autem
545 3076 823 3134 secundum
849 3073 1096 3130 duritiam
1118 3085 1278 3142 tuam,
1297 3083 1346 3130 et
1372 3090 1462 3130 cor
1483 3073 1826 3145 impaenitens,

246 3170 566 3224 thesaurizas
596 3169 684 3224 tibi
711 3170 842 3224 iram
865 3169 922 3224 in
939 3168 1024 3223 die
1064 3168 1179 3236 irae,
1227 3175 1279 3222 et
1325 3167 1655 3222 reuelationis
1693 3165 1828 3237 justi
1853 3197 1900 3262 Ο

238 3263 428 3335 judicii
455 3261 578 3328 Dei,
617 3262 703 3332 qui
727 3261 906 3317 reddet
926 3261 1196 3332 unicuique
1241 3259 1522 3316 secundum
1545 3274 1705 3330 opera
1731 3273 1829 3314 sua

244 3354 428 3426 (Rom.
459 3369 518 3423 ιι,
547 3351 600 3422 5,
631 3353 708 3426 6).
759 3351 824 3408 Et
850 3351 1086 3410 iterum:
1133 3350 1259 3408 Non
1301 3360 1378 3406 est
1419 3351 1556 3406 enim
1600 3349 1828 3418 acceptio

244 3461 590 3516 personarum
632 3443 771 3516 apud
810 3442 996 3500 Deum.
1046 3441 1345 3516 Quicunque
1388 3442 1526 3498 enim
1564 3441 1678 3499 sine
1717 3444 1832 3514 lege

245 3544 603 3610 peccaverunt,
633 3538 744 3592 sine
773 3535 884 3608 lege
909 3533 1149 3607 peribunt
1181 3549 1200 3590 :
1243 3540 1294 3588 et
1327 3534 1612 3606 quicunque
1637 3532 1694 3588 in
1719 3531 1831 3604 lege

245 3639 604 3702 peccaverunt,
629 3647 721 3698 per
750 3631 910 3702 legem
930 3627 1319 3702 judicabantur.
1355 3625 1478 3683 Non
1508 3627 1646 3682 enim
1678 3626 1832 3682 audi-

247 3733 385 3779 tores
425 3723 554 3795 legis
576 3723 708 3794 justi
749 3729 868 3776 sunt
907 3719 1046 3792 apud
1086 3719 1272 3788 Deum,
1317 3719 1410 3774 sed
1442 3721 1666 3789 factores
1701 3717 1830 3792 legis

235 3814 668 3888 justiﬁcabuntur
709 3809 894 3886 (lbid.,
939 3811 1176 3884 11-15).
1208 3810 1348 3880 Quid
1373 3825 1502 3882 ergo
1529 3812 1832 3869 severitatis

244 3905 449 3976 ingruit
489 3903 570 3960 bis
598 3903 692 3974 qui
729 3919 837 3960 non
863 3900 1038 3960 solum
1065 3901 1335 3973 implenda
1364 3917 1473 3958 non
1514 3900 1737 3965 faciunt,
1777 3908 1835 3958 et

230 3993 518 4068 prohibita
542 4006 668 4050 'non
707 3992 997 4061 declinant,
1028 3991 1122 4049 sed
1151 3993 1315 4048 etiam
1343 3991 1516 4062 ipsam
1546 3991 1832 4049 verborum

245 4085 348 4142 Dei
390 4085 682 4141 lectionem
729 4079 816 4140 vel
863 4085 1097 4140 tenuiter
1150 4081 1369 4140 auribus
1413 4082 1678 4154 ingestam
1730 4097 1834 4156 pro

245 4177 544 4234 επνὶεεὶωο
575 4189 749 4246 angue
771 4173 1090 4245 refugiunt?
1673 4191 1682 4204 -
1711 4181 1757 4222 ar

318 4266 450 4324 Car.
474 4282 582 4326 xxx.
605 4264 756 4333 Item,
779 4282 846 4322 ea:
871 4265 1050 4320 eadem
1064 4263 1304 4338 Epistola
1321 4275 1372 4320 et
1397 4281 1464 4320 ea:
1487 4263 1684 4320 duabus
1699 4263 1832 4336 Epi-

247 4361 400 4418 stolis
429 4359 498 4413 ad
526 4357 843 4414 Corinthios.
865 4389 924 4400 —
944 4355 1050 4412 Sed
1079 4363 1412 4412 transeamus
1435 4355 1503 4412 ad
1527 4355 1828 4426 sequentia.

249 4451 393 4520 Quid
421 4468 562 4523 ergo,
586 4450 778 4521 inquit,
811 4448 1082 4504 dicemus?
1126 4446 1494 4502 Permanemus
1526 4447 1582 4501 in
1601 4455 1828 4518 peccato,

1925 1889 2067 1958 apud
2093 1905 2180 1945 vos
2206 1891 2416 1962 sapiens
2443 1908 2554 1946 esse
2581 1894 2634 1948 in
2665 1894 2760 1948 hoc
2783 1897 2994 1964 steculo,
3025 1901 3210 1956 stultus
3231 1903 3345 1972 fiat,
3369 1913 3426 1957 ut
3443 1906 3513 1959 sit

1922 1979 2154 2049 sapiens.
2176 1978 2450 2052 Sapientia
2470 1984 2606 2038 enim
2629 1985 2784 2056 hujus
2813 1991 3010 2056 mundi,
3033 1991 3254 2048 stultitia
3274 2002 3351 2050 cst
3371 1996 3512 2066 apud

1922 2067 2091 2124 Deum
2121 2069 2307 2142 (Ibid,
2340 2071 2428 2137 18,
2472 2073 2584 2143 19).
2625 2073 2692 2130 Et
2719 2086 2842 2146 post
2869 2079 3139 2149 aliquanta
3172 2101 3186 2136 :
3219 2081 3344 2140 Non
3375 2086 3511 2142 bona

1921 2161 2171 2234 gloriatio
2189 2172 2377 2218 vestra.
2403 2162 2632 2222 Nescitis
2655 2169 2777 2239 quia
2822 2171 3079 2226 modicum
3101 2175 3406 2244 fermentum
3432 2185 3512 2233 to-

1926 2260 2032 2306 tam
2061 2269 2286 2307 massam
2314 2255 2635 2326 corrumpit?
2675 2255 2982 2331 Expurgate
3024 2264 3182 2334 igitur
3230 2276 3368 2320 vetus
3404 2268 3512 2338 fer-

1924 2351 2170 2412 mentum,
2200 2352 2258 2398 ut
2286 2345 2398 2401 sitis
2420 2362 2552 2402 nova
2578 2353 2870 2419 conspersio
2895 2349 2949 2422 (I
2973 2351 3094 2407 Cor.
3119 2370 3172 2420 ν,
3194 2353 3249 2422 6,
3272 2355 3350 2428 7).
3371 2355 3513 2424 Quo-

1925 2433 2090 2491 modo
2141 2437 2524 2507 expurgabitur
2546 2447 2703 2496 vetns
2745 2439 3086 2508 fermentum,
3119 2444 3172 2500 id
3201 2453 3285 2502 est
3311 2461 3510 2516 pecca-

1928 2533 2064 2593 tum,
2087 2525 2231 2595 quod
2260 2541 2292 2582 a
2318 2527 2506 2584 diebus
2545 2528 2598 2583 in
2625 2529 2739 2585 dies
2778 2531 2986 2588 cunctis
3015 2534 3296 2590 conatibus
3321 2551 3512 2592 eumu-

1927 2614 2105 2671 latur?
2132 2615 2198 2672 Et
2225 2617 2418 2674 iterum
2452 2636 2466 2672 :
2499 2618 2700 2690 Scripsi
2721 2619 2859 2676 vobis
2880 2623 2936 2676 in
2965 2621 3202 2693 Epistola
3224 2641 3244 2680 :
3270 2625 3356 2682 Ne
3371 2643 3512 2682 cem-

1929 2707 2250 2762 misceamini
2278 2708 2596 2780 fornicariis.
2628 2708 2754 2766 Non
2807 2711 2980 2784 utique
3024 2716 3321 2786 fornicariis
3358 2717 3511 2788 hujus

1927 2798 2126 2863 mundi,
2152 2808 2243 2852 aut
2286 2802 2480 2869 avaris,
2509 2811 2600 2856 aut
2625 2804 2934 2874 rapacibus,
2955 2816 3046 2860 aut
3064 2807 3218 2862 idolis
3243 2810 3514 2864 servienti-

1929 2888 2022 2943 bus
2048 2905 2066 2943 :
2095 2889 2322 2962 alioquin
2351 2891 2642 2948 debueratis
2671 2895 2736 2948 de
2779 2895 2878 2950 hoc
2926 2897 3121 2952 mundo
3149 2897 3312 2953 exire.
3355 2897 3513 2953 Nunc

1929 2989 2099 3034 autem
2124 2981 2310 3052 scripsi
2339 2981 2477 3037 vobis
2507 3000 2608 3038 non
2636 2986 2959 3040 commisceri
2986 3003 3006 3041 :
3034 2988 3080 3042 si
3117 2989 3231 3060 quis
3263 2990 3503 3046 nomina-

1931 3079 2014 3124 tur
2033 3073 2219 3142 frater,
2248 3083 2298 3126 et
2316 3081 2394 3127 est
2414 3074 2721 3145 fornicator,
2750 3087 2841 3132 aut
2869 3093 3074 3142 avarus,
3105 3088 3196 3134 aut
3221 3081 3376 3136 idolis
3403 3097 3511 3138 ser-

1929 3161 2091 3232 viens,
2118 3171 2208 3216 aut
2229 3163 2530 3230 maledicus,
2552 3173 2641 3219 aut
2661 3165 2911 3233 ebriosus,
2943 3175 3034 3221 aut
3061 3185 3260 3240 rapax;
3285 3186 3402 3225 cum
3417 3171 3514 3225 hu-

1923 3251 2156 3324 jusmodi
2177 3269 2270 3308 nec
2298 3253 2466 3308 cibum
2507 3254 2710 3323 quidem
2733 3273 2933 3312 sumere
2961 3257 3150 3330 (Ibid.,
3179 3257 3232 3326 9,
3261 3259 3370 3330 11).
3402 3261 3511 3316 Sed

1930 3343 2070 3400 latro
2094 3359 2434 3415 nequaquam
2455 3359 2554 3416 pro
2573 3343 2717 3402 furto
2736 3347 2823 3402 vel
2843 3347 3128 3406 latrocinio
3155 3350 3326 3406 iurem
3345 3351 3511 3408 alium

1929 3436 2169 3503 damnat,
2197 3451 2358 3506 quem
2387 3437 2568 3509 potius
2598 3447 2772 3511 optat,
2797 3447 2996 3508 tuetur,
3017 3450 3185 3508 amat,
3209 3452 3410 3514 utpote
3428 3445 3513 3501 sui

1929 3528 2150 3586 sceleris
2177 3538 2508 3586 consortem.
2537 3529 2672 3586 Item
2717 3531 2772 3586 in
2813 3530 3060 3602 Epistula
3095 3533 3164 3588 ad
3203 3533 3516 3592 Corinthios

1927 3619 2161 3679 secunda
2194 3636 2208 3672 :
2243 3618 2394 3689 Ideo,
2433 3621 2624 3690 inquit,
2655 3621 2900 3677 habentes
2927 3623 3062 3677 hanc
3091 3624 3512 3682 administratio-

1929 3724 2049 3764 nem
2079 3709 2236 3781 juxta
2263 3709 2400 3776 quod
2425 3710 2837 3769 misericordiam
2856 3714 3126 3768 consecuti
3171 3730 3383 3783 sumus,
3411 3732 3516 3771 non

1932 3799 2240 3870 deﬁciamus
2261 3817 2280 3854 :
2308 3801 2399 3855 sed
2427 3800 2732 3872 abjiciamus
2753 3807 2952 3857 occulta
2975 3804 3260 3871 dedecoris,
3277 3823 3380 3861 non
3402 3823 3524 3862 am-

1931 3887 2166 3944 bulantes
2205 3889 2262 3943 in
2306 3891 2520 3958 astutia,
2561 3906 2726 3961 neque
2769 3891 3119 3948 adulterantes
3165 3893 3368 3948 verbum
3418 3895 3519 3950 Dei

1933 3978 2023 4052 (Il
2063 3979 2184 4035 Cor.
2227 3995 2300 4048 tv,
2334 3981 2384 4045 i,
2413 3977 2491 4048 2).
2522 3978 2580 4035 In
2631 3981 3083 4052 subsequentibus
3111 3993 3292 4039 autem
3342 3985 3418 4040 ita
3445 3985 3516 4042 de

1932 4073 2088 4129 malis
2115 4071 2427 4129 doctoribus
2449 4071 2578 4128 dicit
2603 4091 2616 4126 :
2649 4071 2794 4126 Nam
2823 4073 3078 4143 ejusmodi
3097 4076 3515 4147 pseudoapostoli

1932 4174 2052 4221 sunt
2079 4165 2306 4236 operarii
2345 4163 2580 4228 subdoli,
2616 4164 3046 4235 transﬁgurantes
3085 4181 3140 4220 se
3165 4167 3217 4220 in
3245 4169 3512 4238 apostolos

1933 4256 2146 4314 Christi.
2171 4256 2243 4311 Et
2265 4273 2368 4313 non
2391 4258 2575 4313 mirum
2595 4258 2738 4326 :ipse
2757 4258 2894 4312 enim
2917 4257 3146 4314 Satanas
3170 4263 3510 4333 transfigurat

1931 4363 1988 4402 se
2012 4348 2067 4402 in
2094 4347 2334 4418 angelum
2361 4346 2511 4403 lucis.
2538 4345 2664 4402 Non
2689 4355 2766 4401 est
2791 4363 3036 4420 magnum
3070 4351 3249 4422 igitur,
3269 4353 3313 4406 si
3333 4354 3516 4408 minis-

1933 4437 2000 4492 tri
2018 4437 2132 4508 ejus
2162 4439 2600 4510 transﬁgurentur
2619 4449 2675 4492 ut
2696 4440 2870 4510 angeli
2881 4440 3122 4512 justitiw,
3152 4459 3366 4514 quorum
3392 4445 3516 4516 ﬁnis

244 4557 310 4616 ut
333 4547 507 4620 gratia
537 4541 800 4604 abundet?
827 4540 980 4596 absit.
1002 4537 1103 4604 Qui
1125 4539 1261 4593 enim
1290 4537 1480 4591 mortui
1503 4553 1678 4592 sumus
1705 4553 1825 4609 pec-
1854 4559 1907 4623 Ι)
1929 4529 2334 4623 eritsccundun:
2347 4545 2506 4623 opera
2534 4545 2710 4623 eorum
2740 4529 2836 4623 (Il
2861 4530 2982 4586 Cor.
3007 4549 3080 4597 XI,
3105 4533 3192 4592 15,
3224 4533 3334 4606 15).

243 4646 391 4706 cato,
410 4633 664 4709 quomodo
701 4633 886 4686 iterum
913 4630 1134 4686 vivemus
1153 4629 1208 4684 in
1229 4629 1320 4684 illo
1351 4626 1528 4700 (Rom.
1558 4642 1634 4689 vt.
1658 4627 1708 4693 1,
1731 4627 1828 4699 2)?

245 4726 316 4782 Et
334 4735 457 4799 post
485 4724 757 4794 aliquanta
782 4739 795 4775 :
827 4718 952 4786 Quis
973 4737 1088 4787 nos,
1117 4719 1211 4786 ait,
1236 4717 1498 4791 separabit
1517 4734 1550 4773 a
1575 4718 1833 4773 charitate

246 4815 489 4874 Christi?
516 4813 800 4879 tribulatio,
833 4828 902 4866 an
924 4810 1187 4883 angustia,
1209 4825 1279 4864 an
1307 4809 1590 4880 persecutio
1607 4847 1624 4876 ,
1643 4823 1712 4862 an
1740 4809 1830 4880 fa-

247 4925 377 4974 mes,
409 4922 476 4962 an
496 4905 724 4970 auditas,
752 4919 821 4958 an
845 4900 1150 4987 periculum,
1178 4915 1247 4954 an
1266 4899 1473 4972 gladius
1509 4897 1686 4971 (Rom.
1713 4912 1828 4968 vm,
1877 4975 1881 4979 .

246 5000 379 5074 55)?
405 4998 576 5066 Quem
598 5004 856 5060 vestrum,
879 5008 1082 5064 quaeso,
1109 4991 1234 5048 talis
1262 4991 1452 5048 intimo
1477 4989 1640 5047 corde
1667 5005 1833 5048 occu-

245 5094 400 5168 pabit
425 5090 669 5160 allectus,
693 5088 785 5160 qui
808 5101 915 5142 non
943 5085 1107 5142 modo
1131 5099 1231 5156 pro
1259 5083 1464 5154 pietate
1484 5097 1593 5138 non
1617 5081 1830 5138 labora-

246 5191 338 5256 tis,
365 5187 462 5244 sed
485 5185 651 5243 etiam
674 5193 736 5242 ut
762 5183 944 5252 inique
963 5179 1135 5251 agatis
1153 5186 1210 5234 et
1227 5177 1500 5234 Christum
1522 5172 1828 5238 oil'endatis,

245 5275 419 5334 multa
447 5272 740 5348 patimini?
766 5271 864 5328 Vel
888 5267 1035 5342 quod
1061 5267 1306 5338 sequitur
1335 5283 1350 5322 :
1380 5265 1507 5322 Non:
1543 5264 1826 5338 praecessit,

247 5367 360 5424 dies
381 5375 556 5422 autem
595 5361 1046 5437 appropinquavit.
1077 5357 1395 5429 Abjiciamus
1419 5374 1542 5428 ergo
1569 5372 1728 5427 opera
1756 5363 1832 5410 te-

244 5459 550 5523 nebrarum,
577 5464 628 5510 et
664 5453 944 5508 induamur
990 5464 1142 5505 arma
1169 5446 1320 5501 lucis.
1356 5445 1504 5501 Sicut
1524 5447 1580 5500 in
1607 5445 1710 5512 die,
1733 5444 1829 5498 ho-

243 5560 392 5608 neste
419 5546 739 5604 ambulemus
761 5561 780 5600 :
805 5560 912 5600 non
957 5544 1014 5599 in
1051 5537 1506 5596 comessationibus
1531 5546 1582 5594 et
1607 5536 1830 5592 ebrieta-

246 5643 401 5709 tibus,
425 5656 532 5695 non
560 5637 619 5693 in
647 5634 894 5690 cubilibus
920 5644 970 5690 et
993 5628 1354 5702 impudicitiis,
1384 5643 1490 5682 non
1521 5625 1579 5681 in
1619 5635 1832 5681 conten-

248 5737 385 5790 tione
407 5740 460 5788 et
511 5727 844 5786 aemulatione
868 5739 887 5781 :
917 5722 1008 5780 sed
1043 5719 1322 5776 induimini
1354 5717 1628 5772 Dominum
1653 5717 1832 5772 Jesum

245 5827 532 5896 Christum,
553 5831 605 5881 et
629 5823 801 5880 carnis
835 5835 1012 5878 curam
1041 5833 1108 5875 ne
1135 5815 1356 5888 feceritis
1381 5816 1435 5873 in
1465 5815 1831 5888 concupiscen-

2001 4618 2131 4676 Csr.
2165 4636 2256 4675 xx.
2287 4619 2374 4675 Ea:
2397 4619 2672 4692 Epistolis,
2701 4623 2770 4676 ad
2793 4621 3064 4695 Ephesios,
3079 4625 3160 4678 ad
3183 4625 3520 4682 Thessaloni-

1932 4726 2107 4766 censes
2130 4709 2180 4776 1,
2213 4721 2264 4766 et
2285 4712 2354 4765 ad
2376 4710 2727 4778 Colossenses.
2749 4743 2822 4754 —
2849 4713 3126 4772 Attendite
3151 4731 3370 4787 quoque
3389 4719 3517 4787 quid

1933 4805 2000 4861 ad
2023 4793 2284 4876 Ephesios
2305 4805 2470 4861 dicat.
2501 4807 2584 4861 An
2622 4808 2845 4863 nescitis
2869 4823 2968 4864 vos
2988 4824 3090 4879 pro
3117 4810 3222 4864 hoc
3249 4811 3305 4865 in
3334 4812 3518 4880 aliquo

1932 4911 2058 4953 reos
2085 4898 2294 4954 teneri?
2341 4897 2479 4964 Hoc,
2509 4897 2786 4968 inquiens,
2817 4899 2935 4954 dico
2963 4910 3012 4955 et
3057 4902 3303 4972 testificor
3323 4904 3381 4956 in
3411 4901 3517 4958 Do-

1934 4990 2096 5056 mino,
2123 4999 2182 5044 ut
2202 4990 2319 5062 jam
2346 5007 2451 5046 non
2475 4991 2748 5046 ambuletis
2795 4994 2929 5047 sicut
2965 5002 3140 5064 gentes
3173 4993 3440 5050 ambutant
3459 4997 3515 5050 in

1934 5083 2162 5137 vanitate
2180 5097 2359 5139 sensus
2383 5083 2484 5148 sui,
2507 5083 2728 5138 tenebris
2748 5083 3074 5139 obscuratum
3097 5084 3339 5140 habentes
3365 5087 3516 5140 intel-

1917 5172 2122 5232 lectum
2131 5189 2152 5240 ,°
2175 5173 2392 5227 alienati
2410 5189 2442 5227 a
2468 5175 2572 5229 vita
2593 5173 2714 5242 Dei,
2744 5191 2835 5244 per
2857 5174 3208 5248 ignorantiam
3227 5191 3342 5244 qua:
3361 5185 3440 5230 est
3463 5177 3517 5232 in

1918 5265 2040 5335 illis
2059 5272 2270 5336 propter
2301 5265 2586 5319 ctecitatem
2622 5265 2796 5319 cordis
2834 5281 3046 5330 eorum;
3072 5266 3159 5336 qui
3186 5265 3516 5335 desperantes

1933 5357 2234 5426 semetipsos
2285 5355 2612 5409 tradiderunt
2663 5355 3004 5425 impudicitia:
3047 5356 3105 5410 in
3163 5357 3514 5426 operationem

1929 5449 2103 5506 omnis
2122 5449 2466 5504 inmunditia
2489 5457 2541 5503 et
2560 5450 2797 5504 avaritiae
2825 5448 3045 5520 (Ephes.
3079 5465 3154 5513 ιν,
3187 5449 3272 5514 17,
3305 5448 3419 5520 19).
3451 5448 3516 5505 Et

1933 5542 2055 5614 quis
2083 5551 2320 5598 vestrum
2363 5549 2560 5612 sponte
2598 5541 2895 5610 expleverit
2939 5541 2993 5598 id
3035 5542 3182 5612 quod
3227 5542 3518 5612 sequitur?

1933 5631 2218 5702 Propterea
2265 5632 2426 5686 nolite
2469 5631 2584 5702 ﬁeri
2622 5631 3000 5702 imprudentes,
3029 5633 3122 5686 sed
3165 5632 3518 5705 intelligentes

1933 5738 2048 5796 qua
2094 5723 2164 5776 sit
2188 5721 2425 5776 voluntas
2450 5719 2551 5776 Dei
2579 5737 2598 5776 :
2627 5731 2676 5776 et
2705 5722 2866 5778 nolite
2905 5721 3158 5777 inebriari
3198 5725 3316 5780 vino
3337 5723 3392 5778 in
3411 5739 3522 5796 quo

1934 5823 2012 5872 est
2039 5812 2266 5886 luxuria,
2296 5811 2387 5871 sed
2438 5811 2705 5886 reptemini
2757 5811 2959 5886 Spiritu
3004 5821 3186 5871 sancto
3214 5812 3432 5890 (Ephes.
3461 5828 3524 5888 v,
