  <div class='ocr_page' id='page_1' title='image "/cluster/home/n/w/nwhite01/storage/ocr_20150623/69/umn.31951002477362u/203.png"; bbox 0 0 3952 6384; ppageno 0'>
   <div class='ocr_carea' id='block_1_1' title="bbox 475 285 576 340">
    <p class='ocr_par' dir='ltr' id='par_1_1' title="bbox 475 285 576 340">
     <span class='ocr_line' id='line_1_1' title="bbox 475 285 576 340; baseline -0.02 0"><span class='ocrx_word' id='word_1_1' title='bbox 475 285 576 340; x_wconf 77' lang='grc'><strong><em>587</em></strong></span> 
     </span>
    </p>
   </div>
   <div class='ocr_carea' id='block_1_2' title="bbox 1355 260 2067 334">
    <p class='ocr_par' dir='ltr' id='par_1_2' title="bbox 1355 271 2067 334">
     <span class='ocr_line' id='line_1_2' title="bbox 1355 271 2067 334; baseline -0.013 -1"><span class='ocrx_word' id='word_1_2' title='bbox 1355 276 1582 334; x_wconf 63' lang='grc' dir='ltr'><strong>ςιωιιι</strong></span> <span class='ocrx_word' id='word_1_3' title='bbox 1621 271 1970 332; x_wconf 77' lang='lat' dir='ltr'><strong><em>SAPIENTIS</em></strong></span> <span class='ocrx_word' id='word_1_4' title='bbox 2008 271 2067 325; x_wconf 82' lang='lat' dir='ltr'><strong><em>D1</em></strong></span> 
     </span>
    </p>
   </div>
   <div class='ocr_carea' id='block_1_3' title="bbox 2169 260 3476 334">
    <p class='ocr_par' dir='ltr' id='par_1_3' title="bbox 2169 260 3476 324">
     <span class='ocr_line' id='line_1_3' title="bbox 2169 260 3476 324; baseline -0.015 0"><span class='ocrx_word' id='word_1_5' title='bbox 2169 267 2406 324; x_wconf 74' lang='lat' dir='ltr'><strong><em>LXClDlO</em></strong></span> <span class='ocrx_word' id='word_1_6' title='bbox 2445 260 2835 319; x_wconf 65' lang='lat' dir='ltr'><strong><em>liill&#39;l&#39;.\.\&#39;.‘\&#39;l.E</em></strong></span> <span class='ocrx_word' id='word_1_7' title='bbox 2965 309 2980 322; x_wconf 82' lang='grc'><strong><em>,</em></strong></span> <span class='ocrx_word' id='word_1_8' title='bbox 3445 285 3476 304; x_wconf 71' lang='grc' dir='ltr'><strong><em>ρ</em></strong></span> 
     </span>
    </p>
   </div>
   <div class='ocr_carea' id='block_1_4' title="bbox 3622 260 3729 316">
    <p class='ocr_par' dir='ltr' id='par_1_4' title="bbox 3622 260 3729 316">
     <span class='ocr_line' id='line_1_4' title="bbox 3622 260 3729 316; baseline 0.019 -2"><span class='ocrx_word' id='word_1_9' title='bbox 3622 260 3729 316; x_wconf 78' lang='grc'><strong><em>588</em></strong></span> 
     </span>
    </p>
   </div>
   <div class='ocr_carea' id='block_1_5' title="bbox 476 367 3730 462">
    <p class='ocr_par' dir='ltr' id='par_1_5' title="bbox 476 367 3730 462">
     <span class='ocr_line' id='line_1_5' title="bbox 476 367 3730 462; baseline -0.006 -15"><span class='ocrx_word' id='word_1_10' title='bbox 476 393 566 458; x_wconf 76' lang='grc' dir='ltr'><strong>Π,</strong></span> <span class='ocrx_word' id='word_1_11' title='bbox 593 391 704 462; x_wconf 82' lang='grc'>18).</span> <span class='ocrx_word' id='word_1_12' title='bbox 736 389 842 448; x_wconf 87' lang='lat' dir='ltr'><strong><em>Sed</em></strong></span> <span class='ocrx_word' id='word_1_13' title='bbox 872 399 926 445; x_wconf 91' lang='lat' dir='ltr'><strong><em>et</em></strong></span> <span class='ocrx_word' id='word_1_14' title='bbox 949 387 1088 458; x_wconf 87' lang='lat' dir='ltr'><strong><em>quod</em></strong></span> <span class='ocrx_word' id='word_1_15' title='bbox 1109 386 1176 441; x_wconf 88' lang='lat' dir='ltr'><strong><em>ad</em></strong></span> <span class='ocrx_word' id='word_1_16' title='bbox 1205 385 1710 441; x_wconf 83' lang='lat' dir='ltr'><strong><em>Thessalonicenses</em></strong></span> <span class='ocrx_word' id='word_1_17' title='bbox 1733 382 1864 437; x_wconf 86' lang='lat' dir='ltr'><strong><em>dicit</em></strong></span> <span class='ocrx_word' id='word_1_18' title='bbox 1895 399 1908 434; x_wconf 89' lang='lat'><strong>:</strong></span> <span class='ocrx_word' id='word_1_19' title='bbox 1941 377 2048 433; x_wconf 86' lang='lat' dir='ltr'><strong><em>Ne-</em></strong></span> <span class='ocrx_word' id='word_1_20' title='bbox 2072 389 2117 445; x_wconf 71' lang='grc' dir='ltr'>Α</span> <span class='ocrx_word' id='word_1_21' title='bbox 2148 376 2498 440; x_wconf 86' lang='lat' dir='ltr'><strong><em>coronabitur,</em></strong></span> <span class='ocrx_word' id='word_1_22' title='bbox 2522 374 2620 428; x_wconf 89' lang='lat' dir='ltr'><strong><em>nisi</em></strong></span> <span class='ocrx_word' id='word_1_23' title='bbox 2646 373 2870 440; x_wconf 72' lang='lat' dir='ltr'><strong><em>legitime</em></strong></span> <span class='ocrx_word' id='word_1_24' title='bbox 2894 370 3165 462; x_wconf 78' lang='lat' dir='ltr'><strong><em>certaverit</em></strong></span> <span class='ocrx_word' id='word_1_25' title='bbox 3190 367 3254 462; x_wconf 50' lang='grc' dir='ltr'>(ζ</span> <span class='ocrx_word' id='word_1_26' title='bbox 3252 367 3278 422; x_wconf 92' lang='grc'><strong><em>1</em></strong></span> <span class='ocrx_word' id='word_1_27' title='bbox 3310 369 3443 462; x_wconf 79' lang='lat' dir='ltr'><strong><em>Tim.</em></strong></span> <span class='ocrx_word' id='word_1_28' title='bbox 3489 384 3549 438; x_wconf 89' lang='grc' dir='ltr'><strong><em>ιι,</em></strong></span> <span class='ocrx_word' id='word_1_29' title='bbox 3569 369 3627 462; x_wconf 80' lang='grc'><strong>5,</strong></span> <span class='ocrx_word' id='word_1_30' title='bbox 3648 369 3730 439; x_wconf 78' lang='lat'><strong>5).</strong></span> 
     </span>
    </p>
   </div>
   <div class='ocr_carea' id='block_1_6' title="bbox 476 470 2048 554">
    <p class='ocr_par' dir='ltr' id='par_1_6' title="bbox 476 470 2048 554">
     <span class='ocr_line' id='line_1_6' title="bbox 476 470 2048 554; baseline -0.009 -18"><span class='ocrx_word' id='word_1_31' title='bbox 476 498 573 554; x_wconf 90' lang='lat' dir='ltr'><strong><em>que</em></strong></span> <span class='ocrx_word' id='word_1_32' title='bbox 609 481 746 535; x_wconf 88' lang='lat' dir='ltr'><strong><em>enim</em></strong></span> <span class='ocrx_word' id='word_1_33' title='bbox 773 481 961 551; x_wconf 87' lang='lat' dir='ltr'><strong><em>fuimus</em></strong></span> <span class='ocrx_word' id='word_1_34' title='bbox 989 476 1126 546; x_wconf 88' lang='lat' dir='ltr'><strong><em>apud</em></strong></span> <span class='ocrx_word' id='word_1_35' title='bbox 1155 493 1239 530; x_wconf 91' lang='lat' dir='ltr'><strong><em>vos</em></strong></span> <span class='ocrx_word' id='word_1_36' title='bbox 1268 475 1550 547; x_wconf 76' lang='lat' dir='ltr'><strong><em>aliquando</em></strong></span> <span class='ocrx_word' id='word_1_37' title='bbox 1579 475 1633 528; x_wconf 92' lang='lat' dir='ltr'><strong><em>in</em></strong></span> <span class='ocrx_word' id='word_1_38' title='bbox 1654 489 1888 527; x_wconf 75' lang='lat' dir='ltr'><strong><em>sermone</em></strong></span> <span class='ocrx_word' id='word_1_39' title='bbox 1915 470 2048 524; x_wconf 79' lang='lat' dir='ltr'><strong><em>adu—</em></strong></span> 
     </span>
    </p>
   </div>
   <div class='ocr_carea' id='block_1_7' title="bbox 479 560 2049 637">
    <p class='ocr_par' dir='ltr' id='par_1_7' title="bbox 479 560 2049 637">
     <span class='ocr_line' id='line_1_7' title="bbox 479 560 2049 637; baseline -0.01 -10"><span class='ocrx_word' id='word_1_40' title='bbox 479 572 711 637; x_wconf 87' lang='lat' dir='ltr'><strong><em>lationis,</em></strong></span> <span class='ocrx_word' id='word_1_41' title='bbox 740 571 871 622; x_wconf 88' lang='lat' dir='ltr'><strong><em>sicttt</em></strong></span> <span class='ocrx_word' id='word_1_42' title='bbox 925 566 1107 620; x_wconf 90' lang='lat' dir='ltr'><strong><em>scitis:</em></strong></span> <span class='ocrx_word' id='word_1_43' title='bbox 1139 581 1300 634; x_wconf 89' lang='lat' dir='ltr'><strong><em>neque</em></strong></span> <span class='ocrx_word' id='word_1_44' title='bbox 1353 566 1407 618; x_wconf 91' lang='lat' dir='ltr'><strong><em>in</em></strong></span> <span class='ocrx_word' id='word_1_45' title='bbox 1455 565 1721 618; x_wconf 83' lang='lat' dir='ltr'><strong><em>occasione</em></strong></span> <span class='ocrx_word' id='word_1_46' title='bbox 1777 560 2049 614; x_wconf 75' lang='lat' dir='ltr'><strong><em>avaritim:</em></strong></span> 
     </span>
    </p>
   </div>
   <div class='ocr_carea' id='block_1_8' title="bbox 479 649 2050 732">
    <p class='ocr_par' dir='ltr' id='par_1_8' title="bbox 479 649 2050 732">
     <span class='ocr_line' id='line_1_8' title="bbox 479 649 2050 732; baseline -0.008 -16"><span class='ocrx_word' id='word_1_47' title='bbox 479 679 570 716; x_wconf 90' lang='lat' dir='ltr'><strong><em>nec</em></strong></span> <span class='ocrx_word' id='word_1_48' title='bbox 616 668 900 732; x_wconf 68' lang='lat' dir='ltr'><strong><em>quaerentes</em></strong></span> <span class='ocrx_word' id='word_1_49' title='bbox 927 655 992 710; x_wconf 91' lang='lat' dir='ltr'><strong><em>ab</em></strong></span> <span class='ocrx_word' id='word_1_50' title='bbox 1037 655 1326 711; x_wconf 88' lang='lat' dir='ltr'><strong><em>hominibus</em></strong></span> <span class='ocrx_word' id='word_1_51' title='bbox 1357 655 1604 726; x_wconf 82' lang='lat' dir='ltr'><strong><em>gloriari,</em></strong></span> <span class='ocrx_word' id='word_1_52' title='bbox 1633 669 1794 724; x_wconf 86' lang='lat' dir='ltr'><strong><em>neque</em></strong></span> <span class='ocrx_word' id='word_1_53' title='bbox 1821 669 1855 704; x_wconf 89' lang='lat' dir='ltr'><strong><em>a</em></strong></span> <span class='ocrx_word' id='word_1_54' title='bbox 1892 649 2050 714; x_wconf 84' lang='lat' dir='ltr'><strong><em>vobis,</em></strong></span> 
     </span>
    </p>
   </div>
   <div class='ocr_carea' id='block_1_9' title="bbox 435 739 2056 822">
    <p class='ocr_par' dir='ltr' id='par_1_9' title="bbox 435 739 2056 822">
     <span class='ocr_line' id='line_1_9' title="bbox 435 739 2056 822; baseline -0.009 -15"><span class='ocrx_word' id='word_1_55' title='bbox 435 793 444 812; x_wconf 69' lang='grc' dir='ltr'><strong><em>ι</em></strong></span> <span class='ocrx_word' id='word_1_56' title='bbox 481 767 638 822; x_wconf 88' lang='lat' dir='ltr'><strong><em>neque</em></strong></span> <span class='ocrx_word' id='word_1_57' title='bbox 677 749 740 802; x_wconf 86' lang='lat' dir='ltr'><strong><em>ab</em></strong></span> <span class='ocrx_word' id='word_1_58' title='bbox 769 748 918 811; x_wconf 89' lang='lat' dir='ltr'><strong><em>aliis;</em></strong></span> <span class='ocrx_word' id='word_1_59' title='bbox 943 763 1057 800; x_wconf 90' lang='lat' dir='ltr'><strong><em>cum</em></strong></span> <span class='ocrx_word' id='word_1_60' title='bbox 1087 763 1350 817; x_wconf 86' lang='lat' dir='ltr'><strong><em>possemus</em></strong></span> <span class='ocrx_word' id='word_1_61' title='bbox 1405 745 1553 798; x_wconf 81' lang='lat' dir='ltr'><strong><em>oneri</em></strong></span> <span class='ocrx_word' id='word_1_62' title='bbox 1574 759 1703 807; x_wconf 87' lang='lat' dir='ltr'><strong><em>esse,</em></strong></span> <span class='ocrx_word' id='word_1_63' title='bbox 1735 742 1864 795; x_wconf 90' lang='lat' dir='ltr'><strong><em>sicut</em></strong></span> <span class='ocrx_word' id='word_1_64' title='bbox 1885 739 2056 794; x_wconf 75' lang='lat' dir='ltr'><strong><em>cwteri</em></strong></span> 
     </span>
    </p>
   </div>
   <div class='ocr_carea' id='block_1_10' title="bbox 479 829 2056 911">
    <p class='ocr_par' dir='ltr' id='par_1_10' title="bbox 479 829 2056 911">
     <span class='ocr_line' id='line_1_10' title="bbox 479 829 2056 911; baseline -0.008 -17"><span class='ocrx_word' id='word_1_65' title='bbox 479 839 702 911; x_wconf 86' lang='lat' dir='ltr'><strong><em>apostoli</em></strong></span> <span class='ocrx_word' id='word_1_66' title='bbox 729 837 941 892; x_wconf 75' lang='lat' dir='ltr'><strong><em>Christi.</em></strong></span> <span class='ocrx_word' id='word_1_67' title='bbox 973 835 1080 892; x_wconf 89' lang='lat' dir='ltr'><strong><em>Sed</em></strong></span> <span class='ocrx_word' id='word_1_68' title='bbox 1106 838 1233 906; x_wconf 87' lang='lat' dir='ltr'><strong><em>facti</em></strong></span> <span class='ocrx_word' id='word_1_69' title='bbox 1260 850 1434 887; x_wconf 88' lang='lat' dir='ltr'><strong><em>suntus</em></strong></span> <span class='ocrx_word' id='word_1_70' title='bbox 1481 833 1610 886; x_wconf 88' lang='lat' dir='ltr'><strong><em>sicut</em></strong></span> <span class='ocrx_word' id='word_1_71' title='bbox 1638 829 1836 900; x_wconf 83' lang='lat' dir='ltr'><strong><em>parvuli</em></strong></span> <span class='ocrx_word' id='word_1_72' title='bbox 1867 830 1921 882; x_wconf 88' lang='lat' dir='ltr'><strong><em>in</em></strong></span> <span class='ocrx_word' id='word_1_73' title='bbox 1945 844 2056 882; x_wconf 87' lang='lat' dir='ltr'><strong><em>me-</em></strong></span> 
     </span>
    </p>
   </div>
   <div class='ocr_carea' id='block_1_11' title="bbox 480 915 2057 994">
    <p class='ocr_par' dir='ltr' id='par_1_11' title="bbox 480 915 2057 994">
     <span class='ocr_line' id='line_1_11' title="bbox 480 915 2057 994; baseline -0.01 -12"><span class='ocrx_word' id='word_1_74' title='bbox 480 929 567 982; x_wconf 87' lang='lat' dir='ltr'><strong><em>dio</em></strong></span> <span class='ocrx_word' id='word_1_75' title='bbox 611 934 854 992; x_wconf 89' lang='lat' dir='ltr'><strong><em>vestrum,</em></strong></span> <span class='ocrx_word' id='word_1_76' title='bbox 896 923 972 978; x_wconf 79' lang='lat' dir='ltr'><strong><em>vel</em></strong></span> <span class='ocrx_word' id='word_1_77' title='bbox 1001 932 1246 994; x_wconf 88' lang='lat' dir='ltr'><strong><em>tanquam</em></strong></span> <span class='ocrx_word' id='word_1_78' title='bbox 1285 921 1329 975; x_wconf 91' lang='lat' dir='ltr'><strong><em>si</em></strong></span> <span class='ocrx_word' id='word_1_79' title='bbox 1376 920 1552 973; x_wconf 67' lang='lat' dir='ltr'><strong><em>nutriat</em></strong></span> <span class='ocrx_word' id='word_1_80' title='bbox 1603 920 1768 989; x_wconf 86' lang='lat' dir='ltr'><strong><em>foveat</em></strong></span> <span class='ocrx_word' id='word_1_81' title='bbox 1819 915 2057 986; x_wconf 88' lang='lat' dir='ltr'><strong><em>parvulos</em></strong></span> 
     </span>
    </p>
   </div>
   <div class='ocr_carea' id='block_1_12' title="bbox 482 1006 2062 1080">
    <p class='ocr_par' dir='ltr' id='par_1_12' title="bbox 482 1006 2062 1080">
     <span class='ocr_line' id='line_1_12' title="bbox 482 1006 2062 1080; baseline -0.008 -9"><span class='ocrx_word' id='word_1_82' title='bbox 482 1035 624 1073; x_wconf 81' lang='lat' dir='ltr'><strong><em>suos.</em></strong></span> <span class='ocrx_word' id='word_1_83' title='bbox 653 1016 738 1072; x_wconf 85' lang='lat' dir='ltr'><strong><em>Ita</em></strong></span> <span class='ocrx_word' id='word_1_84' title='bbox 759 1015 1110 1070; x_wconf 82' lang='lat' dir='ltr'><strong><em>desiderantes</em></strong></span> <span class='ocrx_word' id='word_1_85' title='bbox 1139 1029 1246 1080; x_wconf 88' lang='lat' dir='ltr'><strong><em>vos,</em></strong></span> <span class='ocrx_word' id='word_1_86' title='bbox 1269 1011 1450 1080; x_wconf 86' lang='lat' dir='ltr'><strong><em>cupide</em></strong></span> <span class='ocrx_word' id='word_1_87' title='bbox 1475 1009 1763 1064; x_wconf 83' lang='lat' dir='ltr'><strong><em>volebamus</em></strong></span> <span class='ocrx_word' id='word_1_88' title='bbox 1784 1006 1920 1061; x_wconf 88' lang='lat' dir='ltr'><strong><em>vobis</em></strong></span> <span class='ocrx_word' id='word_1_89' title='bbox 1949 1015 2062 1060; x_wconf 89' lang='lat' dir='ltr'><strong><em>tra-</em></strong></span> 
     </span>
    </p>
   </div>
   <div class='ocr_carea' id='block_1_13' title="bbox 483 1099 2060 1173">
    <p class='ocr_par' dir='ltr' id='par_1_13' title="bbox 483 1099 2060 1173">
     <span class='ocr_line' id='line_1_13' title="bbox 483 1099 2060 1173; baseline -0.008 -13"><span class='ocrx_word' id='word_1_90' title='bbox 483 1107 604 1160; x_wconf 84' lang='lat' dir='ltr'><strong><em>dere</em></strong></span> <span class='ocrx_word' id='word_1_91' title='bbox 630 1123 733 1160; x_wconf 90' lang='lat' dir='ltr'><strong><em>non</em></strong></span> <span class='ocrx_word' id='word_1_92' title='bbox 759 1105 925 1159; x_wconf 86' lang='lat' dir='ltr'><strong><em>solum</em></strong></span> <span class='ocrx_word' id='word_1_93' title='bbox 952 1101 1311 1173; x_wconf 85' lang='lat' dir='ltr'><strong><em>Evangelium.</em></strong></span> <span class='ocrx_word' id='word_1_94' title='bbox 1335 1100 1426 1154; x_wconf 79' lang='lat' dir='ltr'><strong><em>sed</em></strong></span> <span class='ocrx_word' id='word_1_95' title='bbox 1453 1101 1607 1153; x_wconf 72' lang='lat' dir='ltr'><strong><em>etiam</em></strong></span> <span class='ocrx_word' id='word_1_96' title='bbox 1632 1099 1832 1150; x_wconf 83' lang='lat' dir='ltr'><strong><em>animus</em></strong></span> <span class='ocrx_word' id='word_1_97' title='bbox 1856 1107 2060 1150; x_wconf 86' lang='lat' dir='ltr'><strong><em>nostras</em></strong></span> 
     </span>
    </p>
   </div>
   <div class='ocr_carea' id='block_1_14' title="bbox 489 1184 2062 1268">
    <p class='ocr_par' dir='ltr' id='par_1_14' title="bbox 489 1184 2062 1268">
     <span class='ocr_line' id='line_1_14' title="bbox 489 1184 2062 1268; baseline -0.01 -16"><span class='ocrx_word' id='word_1_98' title='bbox 489 1197 541 1268; x_wconf 82' lang='grc' dir='ltr'><strong><em>(Ι</em></strong></span> <span class='ocrx_word' id='word_1_99' title='bbox 577 1197 756 1251; x_wconf 84' lang='lat' dir='ltr'><strong><em>Thess.</em></strong></span> <span class='ocrx_word' id='word_1_100' title='bbox 783 1211 838 1259; x_wconf 86' lang='grc' dir='ltr'><strong><em>ιι,</em></strong></span> <span class='ocrx_word' id='word_1_101' title='bbox 869 1193 920 1259; x_wconf 85' lang='grc'><strong>5,</strong></span> <span class='ocrx_word' id='word_1_102' title='bbox 952 1193 1028 1261; x_wconf 87' lang='lat'><strong><em>8).</em></strong></span> <span class='ocrx_word' id='word_1_103' title='bbox 1061 1193 1118 1246; x_wconf 89' lang='lat' dir='ltr'><strong><em>Si</em></strong></span> <span class='ocrx_word' id='word_1_104' title='bbox 1148 1193 1290 1246; x_wconf 80' lang='lat' dir='ltr'><strong><em>hunc</em></strong></span> <span class='ocrx_word' id='word_1_105' title='bbox 1318 1206 1412 1244; x_wconf 84' lang='lat' dir='ltr'><strong><em>vos</em></strong></span> <span class='ocrx_word' id='word_1_106' title='bbox 1441 1188 1684 1258; x_wconf 81' lang='lat' dir='ltr'><strong><em>Apostoli</em></strong></span> <span class='ocrx_word' id='word_1_107' title='bbox 1727 1185 1969 1241; x_wconf 74' lang='lat' dir='ltr'><strong><em>retinetis</em></strong></span> <span class='ocrx_word' id='word_1_108' title='bbox 2007 1184 2062 1238; x_wconf 91' lang='lat' dir='ltr'><strong><em>in</em></strong></span> 
     </span>
    </p>
   </div>
   <div class='ocr_carea' id='block_1_15' title="bbox 485 1273 2066 1350">
    <p class='ocr_par' dir='ltr' id='par_1_15' title="bbox 485 1273 2066 1350">
     <span class='ocr_line' id='line_1_15' title="bbox 485 1273 2066 1350; baseline -0.009 -10"><span class='ocrx_word' id='word_1_109' title='bbox 485 1285 734 1341; x_wconf 80' lang='lat' dir='ltr'><strong><em>omnibus</em></strong></span> <span class='ocrx_word' id='word_1_110' title='bbox 757 1283 1031 1349; x_wconf 77' lang='lat' dir='ltr'><strong><em>allectum,</em></strong></span> <span class='ocrx_word' id='word_1_111' title='bbox 1057 1280 1174 1350; x_wconf 85' lang='lat' dir='ltr'><strong><em>ejus</em></strong></span> <span class='ocrx_word' id='word_1_112' title='bbox 1193 1295 1406 1349; x_wconf 90' lang='lat' dir='ltr'><strong><em>quoque</em></strong></span> <span class='ocrx_word' id='word_1_113' title='bbox 1434 1276 1705 1332; x_wconf 76' lang='lat' dir='ltr'><strong><em>cathedra:</em></strong></span> <span class='ocrx_word' id='word_1_114' title='bbox 1725 1275 1960 1342; x_wconf 81' lang='lat' dir='ltr'><strong><em>legitime</em></strong></span> <span class='ocrx_word' id='word_1_115' title='bbox 1981 1273 2066 1327; x_wconf 90' lang='lat' dir='ltr'><strong><em>in-</em></strong></span> 
     </span>
    </p>
   </div>
   <div class='ocr_carea' id='block_1_16' title="bbox 485 1359 2065 1435">
    <p class='ocr_par' dir='ltr' id='par_1_16' title="bbox 485 1359 2065 1435">
     <span class='ocr_line' id='line_1_16' title="bbox 485 1359 2065 1435; baseline -0.009 -7"><span class='ocrx_word' id='word_1_116' title='bbox 485 1373 660 1428; x_wconf 85' lang='lat' dir='ltr'><strong><em>sidere</em></strong></span> <span class='ocrx_word' id='word_1_117' title='bbox 691 1371 943 1425; x_wconf 89' lang='lat' dir='ltr'><strong><em>noscatis.</em></strong></span> <span class='ocrx_word' id='word_1_118' title='bbox 973 1368 1070 1423; x_wconf 76' lang='lat' dir='ltr'><strong><em>Vel</em></strong></span> <span class='ocrx_word' id='word_1_119' title='bbox 1091 1369 1252 1422; x_wconf 59' lang='lat' dir='ltr'><strong><em>edam</em></strong></span> <span class='ocrx_word' id='word_1_120' title='bbox 1282 1366 1425 1435; x_wconf 90' lang='lat' dir='ltr'><strong><em>quod</em></strong></span> <span class='ocrx_word' id='word_1_121' title='bbox 1449 1363 1691 1432; x_wconf 85' lang='lat' dir='ltr'><strong><em>sequitur</em></strong></span> <span class='ocrx_word' id='word_1_122' title='bbox 1723 1379 1736 1414; x_wconf 88' lang='lat'><strong>:</strong></span> <span class='ocrx_word' id='word_1_123' title='bbox 1772 1361 1950 1424; x_wconf 70' lang='lat' dir='ltr'><strong><em>Scitis,</em></strong></span> <span class='ocrx_word' id='word_1_124' title='bbox 1977 1359 2065 1413; x_wconf 88' lang='lat' dir='ltr'><strong><em>in-</em></strong></span> 
     </span>
    </p>
   </div>
   <div class='ocr_carea' id='block_1_17' title="bbox 486 1450 2066 1532">
    <p class='ocr_par' dir='ltr' id='par_1_17' title="bbox 486 1450 2066 1532">
     <span class='ocr_line' id='line_1_17' title="bbox 486 1450 2066 1532; baseline -0.009 -17"><span class='ocrx_word' id='word_1_125' title='bbox 486 1461 624 1531; x_wconf 85' lang='lat' dir='ltr'><strong><em>quit,</em></strong></span> <span class='ocrx_word' id='word_1_126' title='bbox 651 1475 763 1532; x_wconf 77' lang='lat' dir='ltr'><strong><em>qua:</em></strong></span> <span class='ocrx_word' id='word_1_127' title='bbox 801 1467 1060 1529; x_wconf 68' lang='lat' dir='ltr'><strong><em>praecepta</em></strong></span> <span class='ocrx_word' id='word_1_128' title='bbox 1085 1456 1313 1509; x_wconf 87' lang='lat' dir='ltr'><strong><em>dederim</em></strong></span> <span class='ocrx_word' id='word_1_129' title='bbox 1343 1453 1516 1508; x_wconf 80' lang='lat' dir='ltr'><strong><em>‘vobis.</em></strong></span> <span class='ocrx_word' id='word_1_130' title='bbox 1548 1451 1680 1506; x_wconf 80' lang='lat' dir='ltr'><strong><em>lltec</em></strong></span> <span class='ocrx_word' id='word_1_131' title='bbox 1712 1460 1788 1506; x_wconf 90' lang='lat' dir='ltr'><strong><em>est</em></strong></span> <span class='ocrx_word' id='word_1_132' title='bbox 1828 1450 2066 1504; x_wconf 81' lang='lat' dir='ltr'><strong><em>voluntas</em></strong></span> 
     </span>
    </p>
   </div>
   <div class='ocr_carea' id='block_1_18' title="bbox 486 1541 2070 1618">
    <p class='ocr_par' dir='ltr' id='par_1_18' title="bbox 486 1541 2070 1618">
     <span class='ocr_line' id='line_1_18' title="bbox 486 1541 2070 1618; baseline -0.008 -14"><span class='ocrx_word' id='word_1_133' title='bbox 486 1548 586 1604; x_wconf 90' lang='lat' dir='ltr'><strong><em>Dei</em></strong></span> <span class='ocrx_word' id='word_1_134' title='bbox 625 1547 970 1618; x_wconf 80' lang='lat' dir='ltr'><strong><em>sanctiﬁcatio</em></strong></span> <span class='ocrx_word' id='word_1_135' title='bbox 1024 1555 1194 1600; x_wconf 86' lang='lat' dir='ltr'><strong><em>vestra</em></strong></span> <span class='ocrx_word' id='word_1_136' title='bbox 1216 1559 1234 1598; x_wconf 90' lang='lat'><strong><em>:</em></strong></span> <span class='ocrx_word' id='word_1_137' title='bbox 1256 1553 1311 1598; x_wconf 88' lang='lat' dir='ltr'><strong><em>ut</em></strong></span> <span class='ocrx_word' id='word_1_138' title='bbox 1339 1542 1642 1597; x_wconf 82' lang='lat' dir='ltr'><strong><em>abstineatis</em></strong></span> <span class='ocrx_word' id='word_1_139' title='bbox 1672 1557 1758 1595; x_wconf 90' lang='lat' dir='ltr'><strong><em>vos</em></strong></span> <span class='ocrx_word' id='word_1_140' title='bbox 1780 1557 1812 1592; x_wconf 94' lang='lat' dir='ltr'><strong><em>a</em></strong></span> <span class='ocrx_word' id='word_1_141' title='bbox 1839 1541 2070 1612; x_wconf 87' lang='lat' dir='ltr'><strong><em>fornica-</em></strong></span> 
     </span>
    </p>
   </div>
   <div class='ocr_carea' id='block_1_19' title="bbox 489 1631 2068 1707">
    <p class='ocr_par' dir='ltr' id='par_1_19' title="bbox 489 1631 2068 1707">
     <span class='ocr_line' id='line_1_19' title="bbox 489 1631 2068 1707; baseline -0.006 -14"><span class='ocrx_word' id='word_1_142' title='bbox 489 1639 646 1701; x_wconf 85' lang='lat' dir='ltr'><strong><em>tione,</em></strong></span> <span class='ocrx_word' id='word_1_143' title='bbox 679 1647 736 1692; x_wconf 90' lang='lat' dir='ltr'><strong><em>ut</em></strong></span> <span class='ocrx_word' id='word_1_144' title='bbox 762 1640 892 1692; x_wconf 86' lang='lat' dir='ltr'><strong><em>sciat</em></strong></span> <span class='ocrx_word' id='word_1_145' title='bbox 910 1637 1254 1707; x_wconf 85' lang='lat' dir='ltr'><strong><em>unusquisque</em></strong></span> <span class='ocrx_word' id='word_1_146' title='bbox 1272 1643 1490 1688; x_wconf 89' lang='lat' dir='ltr'><strong><em>vestrum</em></strong></span> <span class='ocrx_word' id='word_1_147' title='bbox 1522 1649 1612 1688; x_wconf 87' lang='lat' dir='ltr'><strong><em>vas</em></strong></span> <span class='ocrx_word' id='word_1_148' title='bbox 1640 1648 1788 1686; x_wconf 90' lang='lat' dir='ltr'><strong><em>suum</em></strong></span> <span class='ocrx_word' id='word_1_149' title='bbox 1807 1631 2068 1700; x_wconf 85' lang='lat' dir='ltr'><strong><em>possidere</em></strong></span> 
     </span>
    </p>
   </div>
   <div class='ocr_carea' id='block_1_20' title="bbox 2154 458 3734 534">
    <p class='ocr_par' dir='ltr' id='par_1_20' title="bbox 2154 458 3734 534">
     <span class='ocr_line' id='line_1_20' title="bbox 2154 458 3734 534; baseline -0.006 -12"><span class='ocrx_word' id='word_1_150' title='bbox 2154 467 2279 521; x_wconf 67' lang='lat' dir='ltr'><strong><em>Hinc</em></strong></span> <span class='ocrx_word' id='word_1_151' title='bbox 2297 464 2512 534; x_wconf 89' lang='lat' dir='ltr'><strong><em>quidem</em></strong></span> <span class='ocrx_word' id='word_1_152' title='bbox 2541 463 2803 515; x_wconf 88' lang='lat' dir='ltr'><strong><em>bonorum</em></strong></span> <span class='ocrx_word' id='word_1_153' title='bbox 2849 458 3178 512; x_wconf 83' lang='lat' dir='ltr'><strong><em>adhortatio.</em></strong></span> <span class='ocrx_word' id='word_1_154' title='bbox 3218 458 3373 524; x_wconf 86' lang='lat' dir='ltr'><strong><em>Quod</em></strong></span> <span class='ocrx_word' id='word_1_155' title='bbox 3419 474 3552 514; x_wconf 87' lang='lat' dir='ltr'><strong><em>vero</em></strong></span> <span class='ocrx_word' id='word_1_156' title='bbox 3602 460 3734 514; x_wconf 88' lang='lat' dir='ltr'><strong><em>item</em></strong></span> 
     </span>
    </p>
   </div>
   <div class='ocr_carea' id='block_1_21' title="bbox 2152 549 3738 625">
    <p class='ocr_par' dir='ltr' id='par_1_21' title="bbox 2152 549 3738 625">
     <span class='ocr_line' id='line_1_21' title="bbox 2152 549 3738 625; baseline -0.006 -12"><span class='ocrx_word' id='word_1_157' title='bbox 2152 553 2585 625; x_wconf 88' lang='lat' dir='ltr'><strong><em>comprehendit,</em></strong></span> <span class='ocrx_word' id='word_1_158' title='bbox 2617 550 2878 605; x_wconf 86' lang='lat' dir='ltr'><strong><em>malorum</em></strong></span> <span class='ocrx_word' id='word_1_159' title='bbox 2925 549 3200 602; x_wconf 77' lang='lat' dir='ltr'><strong><em>hominum</em></strong></span> <span class='ocrx_word' id='word_1_160' title='bbox 3249 552 3342 617; x_wconf 92' lang='lat' dir='ltr'><strong><em>(ut</em></strong></span> <span class='ocrx_word' id='word_1_161' title='bbox 3381 564 3477 604; x_wconf 89' lang='lat' dir='ltr'><strong><em>vos</em></strong></span> <span class='ocrx_word' id='word_1_162' title='bbox 3511 549 3738 618; x_wconf 84' lang='lat' dir='ltr'><strong><em>quihus-</em></strong></span> 
     </span>
    </p>
   </div>
   <div class='ocr_carea' id='block_1_22' title="bbox 2153 639 3736 718">
    <p class='ocr_par' dir='ltr' id='par_1_22' title="bbox 2153 639 3736 718">
     <span class='ocr_line' id='line_1_22' title="bbox 2153 639 3736 718; baseline -0.003 -17"><span class='ocrx_word' id='word_1_163' title='bbox 2153 663 2259 718; x_wconf 89' lang='lat' dir='ltr'><strong><em>que</em></strong></span> <span class='ocrx_word' id='word_1_164' title='bbox 2313 643 2730 713; x_wconf 77' lang='lat' dir='ltr'><strong><em>intelligentibus</em></strong></span> <span class='ocrx_word' id='word_1_165' title='bbox 2783 641 3091 710; x_wconf 87' lang='lat' dir='ltr'><strong><em>apparetis)</em></strong></span> <span class='ocrx_word' id='word_1_166' title='bbox 3141 639 3476 695; x_wconf 85' lang='lat' dir='ltr'><strong><em>denuntiatio</em></strong></span> <span class='ocrx_word' id='word_1_167' title='bbox 3524 650 3631 695; x_wconf 89' lang='lat' dir='ltr'><strong><em>est.</em></strong></span> <span class='ocrx_word' id='word_1_168' title='bbox 3675 641 3736 696; x_wconf 90' lang='lat' dir='ltr'><strong><em>Si</em></strong></span> 
     </span>
    </p>
   </div>
   <div class='ocr_carea' id='block_1_23' title="bbox 2155 731 3736 810">
    <p class='ocr_par' dir='ltr' id='par_1_23' title="bbox 2155 731 3736 810">
     <span class='ocr_line' id='line_1_23' title="bbox 2155 731 3736 810; baseline -0.004 -20"><span class='ocrx_word' id='word_1_169' title='bbox 2155 734 2508 810; x_wconf 67' lang='lat' dir='ltr'><strong><em>quis,‘inquil,</em></strong></span> <span class='ocrx_word' id='word_1_170' title='bbox 2541 734 2691 786; x_wconf 88' lang='lat' dir='ltr'><strong><em>aliter</em></strong></span> <span class='ocrx_word' id='word_1_171' title='bbox 2717 731 2878 796; x_wconf 89' lang='lat' dir='ltr'><strong><em>docet,</em></strong></span> <span class='ocrx_word' id='word_1_172' title='bbox 2911 739 2958 783; x_wconf 87' lang='lat' dir='ltr'><strong><em>et</em></strong></span> <span class='ocrx_word' id='word_1_173' title='bbox 2980 748 3082 784; x_wconf 92' lang='lat' dir='ltr'><strong><em>non</em></strong></span> <span class='ocrx_word' id='word_1_174' title='bbox 3109 732 3386 802; x_wconf 83' lang='lat' dir='ltr'><strong><em>acquiescit</em></strong></span> <span class='ocrx_word' id='word_1_175' title='bbox 3414 731 3736 785; x_wconf 82' lang='lat' dir='ltr'><strong><em>sermonibus</em></strong></span> 
     </span>
    </p>
   </div>
   <div class='ocr_carea' id='block_1_24' title="bbox 2157 821 3738 892">
    <p class='ocr_par' dir='ltr' id='par_1_24' title="bbox 2157 821 3738 892">
     <span class='ocr_line' id='line_1_24' title="bbox 2157 821 3738 892; baseline -0.005 -8"><span class='ocrx_word' id='word_1_176' title='bbox 2157 830 2299 884; x_wconf 89' lang='lat' dir='ltr'><strong><em>sanis</em></strong></span> <span class='ocrx_word' id='word_1_177' title='bbox 2324 827 2531 882; x_wconf 86' lang='lat' dir='ltr'><strong><em>Domini</em></strong></span> <span class='ocrx_word' id='word_1_178' title='bbox 2556 826 2717 879; x_wconf 86' lang='lat' dir='ltr'><strong><em>nostri</em></strong></span> <span class='ocrx_word' id='word_1_179' title='bbox 2749 823 2873 876; x_wconf 72' lang='lat' dir='ltr'><strong><em>Iesu</em></strong></span> <span class='ocrx_word' id='word_1_180' title='bbox 2903 821 3114 888; x_wconf 80' lang='lat' dir='ltr'><strong><em>Clnisti,</em></strong></span> <span class='ocrx_word' id='word_1_181' title='bbox 3144 832 3192 876; x_wconf 89' lang='lat' dir='ltr'><strong><em>et</em></strong></span> <span class='ocrx_word' id='word_1_182' title='bbox 3242 823 3290 876; x_wconf 90' lang='lat' dir='ltr'><strong><em>ei</em></strong></span> <span class='ocrx_word' id='word_1_183' title='bbox 3318 839 3431 892; x_wconf 74' lang='lat' dir='ltr'><strong><em>quin</em></strong></span> <span class='ocrx_word' id='word_1_184' title='bbox 3456 823 3738 876; x_wconf 76' lang='lat' dir='ltr'><strong><em>secundum</em></strong></span> 
     </span>
    </p>
   </div>
   <div class='ocr_carea' id='block_1_25' title="bbox 2159 913 3742 992">
    <p class='ocr_par' dir='ltr' id='par_1_25' title="bbox 2159 913 3742 992">
     <span class='ocr_line' id='line_1_25' title="bbox 2159 913 3742 992; baseline -0.005 -18"><span class='ocrx_word' id='word_1_185' title='bbox 2159 923 2404 992; x_wconf 81' lang='lat' dir='ltr'><strong><em>pietatem</em></strong></span> <span class='ocrx_word' id='word_1_186' title='bbox 2431 929 2506 971; x_wconf 89' lang='lat' dir='ltr'><strong><em>est</em></strong></span> <span class='ocrx_word' id='word_1_187' title='bbox 2535 918 2804 979; x_wconf 72' lang='lat' dir='ltr'><strong><em>doctrinm,</em></strong></span> <span class='ocrx_word' id='word_1_188' title='bbox 2847 913 3091 978; x_wconf 82' lang='lat' dir='ltr'><strong><em>superbus</em></strong></span> <span class='ocrx_word' id='word_1_189' title='bbox 3118 922 3224 977; x_wconf 80' lang='lat' dir='ltr'><strong><em>est,</em></strong></span> <span class='ocrx_word' id='word_1_190' title='bbox 3256 914 3387 966; x_wconf 83' lang='lat' dir='ltr'><strong><em>nihil</em></strong></span> <span class='ocrx_word' id='word_1_191' title='bbox 3432 915 3623 977; x_wconf 89' lang='lat' dir='ltr'><strong><em>sciens,</em></strong></span> <span class='ocrx_word' id='word_1_192' title='bbox 3652 913 3742 968; x_wconf 81' lang='lat' dir='ltr'><strong><em>sed</em></strong></span> 
     </span>
    </p>
   </div>
   <div class='ocr_carea' id='block_1_26' title="bbox 2157 1001 3740 1078">
    <p class='ocr_par' dir='ltr' id='par_1_26' title="bbox 2157 1001 3740 1078">
     <span class='ocr_line' id='line_1_26' title="bbox 2157 1001 3740 1078; baseline -0.004 -16"><span class='ocrx_word' id='word_1_193' title='bbox 2157 1009 2493 1078; x_wconf 85' lang='lat' dir='ltr'><strong><em>languescens</em></strong></span> <span class='ocrx_word' id='word_1_194' title='bbox 2543 1023 2665 1075; x_wconf 83' lang='lat' dir='ltr'><strong><em>erga</em></strong></span> <span class='ocrx_word' id='word_1_195' title='bbox 2693 1005 2996 1078; x_wconf 77' lang='lat' dir='ltr'><strong><em>quazsliones</em></strong></span> <span class='ocrx_word' id='word_1_196' title='bbox 3029 1012 3075 1054; x_wconf 92' lang='lat' dir='ltr'><strong><em>et</em></strong></span> <span class='ocrx_word' id='word_1_197' title='bbox 3103 1018 3304 1071; x_wconf 86' lang='lat' dir='ltr'><strong><em>pugnas</em></strong></span> <span class='ocrx_word' id='word_1_198' title='bbox 3333 1001 3604 1056; x_wconf 83' lang='lat' dir='ltr'><strong><em>verborum</em></strong></span> <span class='ocrx_word' id='word_1_199' title='bbox 3627 1017 3648 1056; x_wconf 90' lang='lat'><strong><em>:</em></strong></span> <span class='ocrx_word' id='word_1_200' title='bbox 3678 1019 3740 1056; x_wconf 75' lang='lat' dir='ltr'><strong><em>ea:</em></strong></span> 
     </span>
    </p>
   </div>
   <div class='ocr_carea' id='block_1_27' title="bbox 2161 1073 3740 1170">
    <p class='ocr_par' dir='ltr' id='par_1_27' title="bbox 2161 1073 3740 1170">
     <span class='ocr_line' id='line_1_27' title="bbox 2161 1073 3740 1170; baseline -0.004 -20"><span class='ocrx_word' id='word_1_201' title='bbox 2161 1097 2339 1170; x_wconf 88' lang='lat' dir='ltr'><strong><em>quibus</em></strong></span> <span class='ocrx_word' id='word_1_202' title='bbox 2385 1097 2620 1150; x_wconf 90' lang='lat' dir='ltr'><strong><em>oriuntur</em></strong></span> <span class='ocrx_word' id='word_1_203' title='bbox 2661 1073 2914 1153; x_wconf 63' lang='lat' dir='ltr'><strong><em>invidin</em></strong></span> <span class='ocrx_word' id='word_1_204' title='bbox 2936 1093 3321 1157; x_wconf 87' lang='lat' dir='ltr'><strong><em>contentiones,</em></strong></span> <span class='ocrx_word' id='word_1_205' title='bbox 3373 1089 3740 1160; x_wconf 68' lang='lat' dir='ltr'><strong><em>blasphemiae,</em></strong></span> 
     </span>
    </p>
   </div>
   <div class='ocr_carea' id='block_1_28' title="bbox 2161 1183 3745 1258">
    <p class='ocr_par' dir='ltr' id='par_1_28' title="bbox 2161 1183 3745 1258">
     <span class='ocr_line' id='line_1_28' title="bbox 2161 1183 3745 1258; baseline -0.004 -15"><span class='ocrx_word' id='word_1_206' title='bbox 2161 1189 2478 1258; x_wconf 90' lang='lat' dir='ltr'><strong><em>suspiciones</em></strong></span> <span class='ocrx_word' id='word_1_207' title='bbox 2509 1186 2679 1249; x_wconf 71' lang='lat' dir='ltr'><strong><em>malm,</em></strong></span> <span class='ocrx_word' id='word_1_208' title='bbox 2703 1185 3111 1251; x_wconf 86' lang='lat' dir='ltr'><strong><em>conflictationes</em></strong></span> <span class='ocrx_word' id='word_1_209' title='bbox 3134 1183 3396 1236; x_wconf 87' lang='lat' dir='ltr'><strong><em>hominum</em></strong></span> <span class='ocrx_word' id='word_1_210' title='bbox 3425 1191 3598 1235; x_wconf 80' lang='lat' dir='ltr'><strong><em>mente</em></strong></span> <span class='ocrx_word' id='word_1_211' title='bbox 3624 1199 3745 1236; x_wconf 84' lang='lat' dir='ltr'><strong><em>cor-</em></strong></span> 
     </span>
    </p>
   </div>
   <div class='ocr_carea' id='block_1_29' title="bbox 2163 1273 3748 1348">
    <p class='ocr_par' dir='ltr' id='par_1_29' title="bbox 2163 1273 3748 1348">
     <span class='ocr_line' id='line_1_29' title="bbox 2163 1273 3748 1348; baseline -0.003 -17"><span class='ocrx_word' id='word_1_212' title='bbox 2163 1287 2448 1348; x_wconf 88' lang='lat' dir='ltr'><strong><em>ruptorum,</em></strong></span> <span class='ocrx_word' id='word_1_213' title='bbox 2485 1275 2571 1346; x_wconf 88' lang='lat' dir='ltr'><strong><em>qui</em></strong></span> <span class='ocrx_word' id='word_1_214' title='bbox 2603 1275 2810 1328; x_wconf 80' lang='lat' dir='ltr'><strong><em>veritate</em></strong></span> <span class='ocrx_word' id='word_1_215' title='bbox 2837 1273 3022 1342; x_wconf 85' lang='lat' dir='ltr'><strong><em>privati</em></strong></span> <span class='ocrx_word' id='word_1_216' title='bbox 3051 1282 3190 1338; x_wconf 91' lang='lat' dir='ltr'><strong><em>sunt,</em></strong></span> <span class='ocrx_word' id='word_1_217' title='bbox 3219 1273 3576 1326; x_wconf 72' lang='lat' dir='ltr'><strong><em>existimantes</em></strong></span> <span class='ocrx_word' id='word_1_218' title='bbox 3605 1289 3748 1343; x_wconf 73' lang='lat' dir='ltr'><strong><em>quae-</em></strong></span> 
     </span>
    </p>
   </div>
   <div class='ocr_carea' id='block_1_30' title="bbox 2165 1357 3750 1433">
    <p class='ocr_par' dir='ltr' id='par_1_30' title="bbox 2165 1357 3750 1433">
     <span class='ocr_line' id='line_1_30' title="bbox 2165 1357 3750 1433; baseline -0.001 -15"><span class='ocrx_word' id='word_1_219' title='bbox 2165 1373 2297 1418; x_wconf 89' lang='lat' dir='ltr'><strong><em>stum</em></strong></span> <span class='ocrx_word' id='word_1_220' title='bbox 2317 1380 2426 1418; x_wconf 87' lang='lat' dir='ltr'><strong><em>esse</em></strong></span> <span class='ocrx_word' id='word_1_221' title='bbox 2455 1364 2696 1433; x_wconf 85' lang='lat' dir='ltr'><strong><em>pietatem</em></strong></span> <span class='ocrx_word' id='word_1_222' title='bbox 2724 1359 2774 1430; x_wconf 88' lang='lat' dir='ltr'><strong><em>(l</em></strong></span> <span class='ocrx_word' id='word_1_223' title='bbox 2800 1360 2932 1414; x_wconf 86' lang='lat' dir='ltr'><strong><em>Tim.</em></strong></span> <span class='ocrx_word' id='word_1_224' title='bbox 2950 1376 3020 1424; x_wconf 79' lang='lat' dir='ltr'><strong><em>v1,</em></strong></span> <span class='ocrx_word' id='word_1_225' title='bbox 3045 1359 3099 1423; x_wconf 80' lang='grc'><strong>5,</strong></span> <span class='ocrx_word' id='word_1_226' title='bbox 3124 1357 3201 1428; x_wconf 83' lang='grc'>5).</span> <span class='ocrx_word' id='word_1_227' title='bbox 3233 1358 3341 1414; x_wconf 88' lang='lat' dir='ltr'><strong><em>Sed</em></strong></span> <span class='ocrx_word' id='word_1_228' title='bbox 3361 1360 3489 1428; x_wconf 89' lang='lat' dir='ltr'><strong><em>quid</em></strong></span> <span class='ocrx_word' id='word_1_229' title='bbox 3515 1363 3750 1430; x_wconf 80' lang='lat' dir='ltr'><strong><em>sparsim</em></strong></span> 
     </span>
    </p>
   </div>
   <div class='ocr_carea' id='block_1_31' title="bbox 2167 1450 3750 1525">
    <p class='ocr_par' dir='ltr' id='par_1_31' title="bbox 2167 1450 3750 1525">
     <span class='ocr_line' id='line_1_31' title="bbox 2167 1450 3750 1525; baseline -0.001 -18"><span class='ocrx_word' id='word_1_230' title='bbox 2167 1454 2356 1525; x_wconf 79' lang='lat' dir='ltr'><strong><em>positis</em></strong></span> <span class='ocrx_word' id='word_1_231' title='bbox 2385 1453 2614 1523; x_wconf 78' lang='lat' dir='ltr'><strong><em>amplius</em></strong></span> <span class='ocrx_word' id='word_1_232' title='bbox 2642 1461 2855 1506; x_wconf 88' lang='lat' dir='ltr'><strong><em>utentes</em></strong></span> <span class='ocrx_word' id='word_1_233' title='bbox 2907 1450 3259 1517; x_wconf 87' lang='lat' dir='ltr'><strong><em>testimoniis,</em></strong></span> <span class='ocrx_word' id='word_1_234' title='bbox 3285 1465 3542 1506; x_wconf 84' lang='lat' dir='ltr'><strong><em>sensuum</em></strong></span> <span class='ocrx_word' id='word_1_235' title='bbox 3571 1466 3638 1506; x_wconf 90' lang='lat' dir='ltr'><strong><em>ac</em></strong></span> <span class='ocrx_word' id='word_1_236' title='bbox 3668 1452 3750 1506; x_wconf 90' lang='lat' dir='ltr'><strong><em>di-</em></strong></span> 
     </span>
    </p>
   </div>
   <div class='ocr_carea' id='block_1_32' title="bbox 2166 1541 3750 1612">
    <p class='ocr_par' dir='ltr' id='par_1_32' title="bbox 2166 1541 3750 1612">
     <span class='ocr_line' id='line_1_32' title="bbox 2166 1541 3750 1612; baseline -0.001 -14"><span class='ocrx_word' id='word_1_237' title='bbox 2166 1558 2446 1598; x_wconf 88' lang='lat' dir='ltr'><strong><em>versorum</em></strong></span> <span class='ocrx_word' id='word_1_238' title='bbox 2477 1543 2632 1596; x_wconf 89' lang='lat' dir='ltr'><strong><em>undis</em></strong></span> <span class='ocrx_word' id='word_1_239' title='bbox 2675 1542 2726 1595; x_wconf 91' lang='lat' dir='ltr'><strong><em>in</em></strong></span> <span class='ocrx_word' id='word_1_240' title='bbox 2756 1542 3006 1610; x_wconf 81' lang='lat' dir='ltr'><strong><em>despecta</em></strong></span> <span class='ocrx_word' id='word_1_241' title='bbox 3032 1541 3229 1609; x_wconf 79' lang='lat' dir='ltr'><strong><em>ingenii</em></strong></span> <span class='ocrx_word' id='word_1_242' title='bbox 3278 1541 3447 1594; x_wconf 86' lang='lat' dir='ltr'><strong><em>nostri</em></strong></span> <span class='ocrx_word' id='word_1_243' title='bbox 3495 1541 3750 1612; x_wconf 79' lang='lat' dir='ltr'><strong><em>cymhula</em></strong></span> 
     </span>
    </p>
   </div>
   <div class='ocr_carea' id='block_1_33' title="bbox 2168 1630 3752 1700">
    <p class='ocr_par' dir='ltr' id='par_1_33' title="bbox 2168 1630 3752 1700">
     <span class='ocr_line' id='line_1_33' title="bbox 2168 1630 3752 1700; baseline 0.001 -14"><span class='ocrx_word' id='word_1_244' title='bbox 2168 1631 2580 1689; x_wconf 82' lang='lat' dir='ltr'><strong><em>ﬂuctuahimur?</em></strong></span> <span class='ocrx_word' id='word_1_245' title='bbox 2603 1631 2897 1686; x_wconf 81' lang='lat' dir='ltr'><strong><em>Recurrere</em></strong></span> <span class='ocrx_word' id='word_1_246' title='bbox 2923 1631 3138 1685; x_wconf 83' lang='lat' dir='ltr'><strong><em>tandem</em></strong></span> <span class='ocrx_word' id='word_1_247' title='bbox 3174 1630 3461 1700; x_wconf 85' lang='lat' dir='ltr'><strong><em>aliquando</em></strong></span> <span class='ocrx_word' id='word_1_248' title='bbox 3483 1645 3656 1700; x_wconf 88' lang='lat' dir='ltr'><strong><em>usque</em></strong></span> <span class='ocrx_word' id='word_1_249' title='bbox 3681 1631 3752 1687; x_wconf 86' lang='lat' dir='ltr'><strong><em>ad</em></strong></span> 
     </span>
    </p>
   </div>
   <div class='ocr_carea' id='block_1_34' title="bbox 486 1719 3747 1794">
    <p class='ocr_par' dir='ltr' id='par_1_34' title="bbox 486 1719 3747 1794">
     <span class='ocr_line' id='line_1_34' title="bbox 486 1719 3747 1794; baseline -0.001 -13"><span class='ocrx_word' id='word_1_250' title='bbox 486 1729 544 1781; x_wconf 89' lang='lat' dir='ltr'><strong><em>in</em></strong></span> <span class='ocrx_word' id='word_1_251' title='bbox 571 1727 762 1782; x_wconf 87' lang='lat' dir='ltr'><strong><em>honore</em></strong></span> <span class='ocrx_word' id='word_1_252' title='bbox 789 1735 839 1780; x_wconf 92' lang='lat' dir='ltr'><strong><em>et</em></strong></span> <span class='ocrx_word' id='word_1_253' title='bbox 866 1725 1296 1794; x_wconf 83' lang='lat' dir='ltr'><strong><em>sanctificatione,</em></strong></span> <span class='ocrx_word' id='word_1_254' title='bbox 1326 1725 1506 1777; x_wconf 90' lang='lat' dir='ltr'><strong><em>nonin</em></strong></span> <span class='ocrx_word' id='word_1_255' title='bbox 1538 1723 1778 1794; x_wconf 84' lang='lat' dir='ltr'><strong><em>passione</em></strong></span> <span class='ocrx_word' id='word_1_256' title='bbox 1803 1719 2064 1785; x_wconf 78' lang='lat' dir='ltr'><strong><em>desiderii,</em></strong></span> <span class='ocrx_word' id='word_1_257' title='bbox 2099 1734 2142 1792; x_wconf 75' lang='grc' dir='ltr'><strong>Β</strong></span> <span class='ocrx_word' id='word_1_258' title='bbox 2171 1724 2431 1778; x_wconf 86' lang='lat' dir='ltr'><strong><em>lectiones</em></strong></span> <span class='ocrx_word' id='word_1_259' title='bbox 2452 1723 2567 1778; x_wconf 86' lang='lat' dir='ltr'><strong><em>illas</em></strong></span> <span class='ocrx_word' id='word_1_260' title='bbox 2592 1725 2732 1793; x_wconf 78' lang='lat' dir='ltr'><strong><em>(quae</em></strong></span> <span class='ocrx_word' id='word_1_261' title='bbox 2761 1723 2827 1776; x_wconf 89' lang='lat' dir='ltr'><strong><em>ad</em></strong></span> <span class='ocrx_word' id='word_1_262' title='bbox 2854 1723 2957 1776; x_wconf 89' lang='lat' dir='ltr'><strong><em>hoc</em></strong></span> <span class='ocrx_word' id='word_1_263' title='bbox 2987 1737 3093 1776; x_wconf 91' lang='lat' dir='ltr'><strong><em>non</em></strong></span> <span class='ocrx_word' id='word_1_264' title='bbox 3133 1722 3306 1777; x_wconf 89' lang='lat' dir='ltr'><strong><em>solum</em></strong></span> <span class='ocrx_word' id='word_1_265' title='bbox 3351 1732 3410 1778; x_wconf 92' lang='lat' dir='ltr'><strong><em>ut</em></strong></span> <span class='ocrx_word' id='word_1_266' title='bbox 3433 1725 3747 1791; x_wconf 88' lang='lat' dir='ltr'><strong><em>recitentur,</em></strong></span> 
     </span>
    </p>
   </div>
   <div class='ocr_carea' id='block_1_35' title="bbox 496 1810 2068 1887">
    <p class='ocr_par' dir='ltr' id='par_1_35' title="bbox 496 1810 2068 1887">
     <span class='ocr_line' id='line_1_35' title="bbox 496 1810 2068 1887; baseline -0.007 -15"><span class='ocrx_word' id='word_1_267' title='bbox 496 1819 628 1872; x_wconf 88' lang='lat' dir='ltr'><strong><em>sicut</em></strong></span> <span class='ocrx_word' id='word_1_268' title='bbox 647 1824 697 1870; x_wconf 93' lang='lat' dir='ltr'><strong><em>et</em></strong></span> <span class='ocrx_word' id='word_1_269' title='bbox 723 1825 897 1887; x_wconf 87' lang='lat' dir='ltr'><strong><em>gentes</em></strong></span> <span class='ocrx_word' id='word_1_270' title='bbox 919 1831 1035 1886; x_wconf 77' lang='lat' dir='ltr'><strong><em>qua:</em></strong></span> <span class='ocrx_word' id='word_1_271' title='bbox 1064 1816 1306 1886; x_wconf 87' lang='lat' dir='ltr'><strong><em>ignorant</em></strong></span> <span class='ocrx_word' id='word_1_272' title='bbox 1332 1811 1518 1867; x_wconf 90' lang='lat' dir='ltr'><strong><em>Deum.</em></strong></span> <span class='ocrx_word' id='word_1_273' title='bbox 1549 1810 1618 1865; x_wconf 85' lang='lat' dir='ltr'><strong><em>Et</em></strong></span> <span class='ocrx_word' id='word_1_274' title='bbox 1654 1828 1718 1865; x_wconf 92' lang='lat' dir='ltr'><strong><em>ne</em></strong></span> <span class='ocrx_word' id='word_1_275' title='bbox 1745 1811 1856 1882; x_wconf 86' lang='lat' dir='ltr'><strong><em>quis</em></strong></span> <span class='ocrx_word' id='word_1_276' title='bbox 1885 1825 2068 1878; x_wconf 81' lang='lat' dir='ltr'><strong><em>super—</em></strong></span> 
     </span>
    </p>
   </div>
   <div class='ocr_carea' id='block_1_36' title="bbox 493 1902 2069 1976">
    <p class='ocr_par' dir='ltr' id='par_1_36' title="bbox 493 1902 2069 1976">
     <span class='ocr_line' id='line_1_36' title="bbox 493 1902 2069 1976; baseline -0.002 -19"><span class='ocrx_word' id='word_1_277' title='bbox 493 1905 760 1976; x_wconf 83' lang='lat' dir='ltr'><strong><em>grediatur</em></strong></span> <span class='ocrx_word' id='word_1_278' title='bbox 789 1921 948 1976; x_wconf 88' lang='lat' dir='ltr'><strong><em>neque</em></strong></span> <span class='ocrx_word' id='word_1_279' title='bbox 967 1904 1332 1958; x_wconf 89' lang='lat' dir='ltr'><strong><em>circumveniat</em></strong></span> <span class='ocrx_word' id='word_1_280' title='bbox 1354 1903 1406 1956; x_wconf 92' lang='lat' dir='ltr'><strong><em>in</em></strong></span> <span class='ocrx_word' id='word_1_281' title='bbox 1436 1902 1642 1973; x_wconf 89' lang='lat' dir='ltr'><strong><em>negotio</em></strong></span> <span class='ocrx_word' id='word_1_282' title='bbox 1660 1903 1874 1972; x_wconf 88' lang='lat' dir='ltr'><strong><em>fratrem</em></strong></span> <span class='ocrx_word' id='word_1_283' title='bbox 1899 1915 2069 1967; x_wconf 88' lang='lat' dir='ltr'><strong><em>suum,</em></strong></span> 
     </span>
    </p>
   </div>
   <div class='ocr_carea' id='block_1_37' title="bbox 490 1991 2072 2071">
    <p class='ocr_par' dir='ltr' id='par_1_37' title="bbox 490 1991 2072 2071">
     <span class='ocr_line' id='line_1_37' title="bbox 490 1991 2072 2071; baseline -0.004 -18"><span class='ocrx_word' id='word_1_284' title='bbox 490 1997 733 2071; x_wconf 84' lang='lat' dir='ltr'><strong><em>quoniam</em></strong></span> <span class='ocrx_word' id='word_1_285' title='bbox 779 1997 964 2052; x_wconf 73' lang='lat' dir='ltr'><strong><em>vindex</em></strong></span> <span class='ocrx_word' id='word_1_286' title='bbox 1011 2005 1086 2050; x_wconf 90' lang='lat' dir='ltr'><strong><em>est</em></strong></span> <span class='ocrx_word' id='word_1_287' title='bbox 1133 1995 1386 2049; x_wconf 86' lang='lat' dir='ltr'><strong><em>Dominus</em></strong></span> <span class='ocrx_word' id='word_1_288' title='bbox 1435 1994 1498 2049; x_wconf 87' lang='lat' dir='ltr'><strong><em>de</em></strong></span> <span class='ocrx_word' id='word_1_289' title='bbox 1538 1994 1617 2048; x_wconf 88' lang='lat' dir='ltr'><strong><em>his</em></strong></span> <span class='ocrx_word' id='word_1_290' title='bbox 1664 1993 1917 2049; x_wconf 90' lang='lat' dir='ltr'><strong><em>omnibus.</em></strong></span> <span class='ocrx_word' id='word_1_291' title='bbox 1945 1991 2072 2047; x_wconf 87' lang='lat' dir='ltr'><strong><em>Non</em></strong></span> 
     </span>
    </p>
   </div>
   <div class='ocr_carea' id='block_1_38' title="bbox 491 2083 2066 2152">
    <p class='ocr_par' dir='ltr' id='par_1_38' title="bbox 491 2083 2066 2152">
     <span class='ocr_line' id='line_1_38' title="bbox 491 2083 2066 2152; baseline -0.005 -10"><span class='ocrx_word' id='word_1_292' title='bbox 491 2089 629 2144; x_wconf 89' lang='lat' dir='ltr'><strong><em>enim</em></strong></span> <span class='ocrx_word' id='word_1_293' title='bbox 652 2088 845 2141; x_wconf 85' lang='lat' dir='ltr'><strong><em>vocavit</em></strong></span> <span class='ocrx_word' id='word_1_294' title='bbox 861 2103 954 2141; x_wconf 90' lang='lat' dir='ltr'><strong><em>nos</em></strong></span> <span class='ocrx_word' id='word_1_295' title='bbox 985 2085 1126 2141; x_wconf 86' lang='lat' dir='ltr'><strong><em>Deus</em></strong></span> <span class='ocrx_word' id='word_1_296' title='bbox 1151 2085 1206 2139; x_wconf 89' lang='lat' dir='ltr'><strong><em>in</em></strong></span> <span class='ocrx_word' id='word_1_297' title='bbox 1233 2083 1738 2151; x_wconf 86' lang='lat' dir='ltr'><strong><em>immunditiam,sed</em></strong></span> <span class='ocrx_word' id='word_1_298' title='bbox 1757 2085 1810 2136; x_wconf 90' lang='lat' dir='ltr'><strong><em>in</em></strong></span> <span class='ocrx_word' id='word_1_299' title='bbox 1834 2083 2066 2152; x_wconf 83' lang='lat' dir='ltr'><strong><em>sanctifi-</em></strong></span> 
     </span>
    </p>
   </div>
   <div class='ocr_carea' id='block_1_39' title="bbox 491 2173 2072 2248">
    <p class='ocr_par' dir='ltr' id='par_1_39' title="bbox 491 2173 2072 2248">
     <span class='ocr_line' id='line_1_39' title="bbox 491 2173 2072 2248; baseline -0.004 -17"><span class='ocrx_word' id='word_1_300' title='bbox 491 2179 764 2233; x_wconf 88' lang='lat' dir='ltr'><strong><em>cationem.</em></strong></span> <span class='ocrx_word' id='word_1_301' title='bbox 798 2175 982 2247; x_wconf 88' lang='lat' dir='ltr'><strong><em>Itaque</em></strong></span> <span class='ocrx_word' id='word_1_302' title='bbox 1003 2175 1089 2248; x_wconf 89' lang='lat' dir='ltr'><strong><em>qui</em></strong></span> <span class='ocrx_word' id='word_1_303' title='bbox 1114 2175 1224 2230; x_wconf 69' lang='lat' dir='ltr'><strong><em>ha&#39;c</em></strong></span> <span class='ocrx_word' id='word_1_304' title='bbox 1250 2175 1475 2244; x_wconf 86' lang='lat' dir='ltr'><strong><em>spernit,</em></strong></span> <span class='ocrx_word' id='word_1_305' title='bbox 1509 2190 1613 2228; x_wconf 90' lang='lat' dir='ltr'><strong><em>non</em></strong></span> <span class='ocrx_word' id='word_1_306' title='bbox 1637 2173 1896 2228; x_wconf 86' lang='lat' dir='ltr'><strong><em>hominem</em></strong></span> <span class='ocrx_word' id='word_1_307' title='bbox 1921 2189 2072 2243; x_wconf 85' lang='lat' dir='ltr'><strong><em>sper-</em></strong></span> 
     </span>
    </p>
   </div>
   <div class='ocr_carea' id='block_1_40' title="bbox 493 2265 2072 2341">
    <p class='ocr_par' dir='ltr' id='par_1_40' title="bbox 493 2265 2072 2341">
     <span class='ocr_line' id='line_1_40' title="bbox 493 2265 2072 2341; baseline -0.001 -19"><span class='ocrx_word' id='word_1_308' title='bbox 493 2271 590 2334; x_wconf 85' lang='lat' dir='ltr'><strong><em>nit,</em></strong></span> <span class='ocrx_word' id='word_1_309' title='bbox 614 2269 705 2324; x_wconf 87' lang='lat' dir='ltr'><strong><em>sed</em></strong></span> <span class='ocrx_word' id='word_1_310' title='bbox 733 2269 897 2323; x_wconf 89' lang='lat' dir='ltr'><strong><em>Deum</em></strong></span> <span class='ocrx_word' id='word_1_311' title='bbox 925 2267 976 2341; x_wconf 80' lang='lat'><strong><em>(1</em></strong></span> <span class='ocrx_word' id='word_1_312' title='bbox 1004 2267 1183 2322; x_wconf 86' lang='lat' dir='ltr'><strong><em>Thess.</em></strong></span> <span class='ocrx_word' id='word_1_313' title='bbox 1209 2283 1281 2334; x_wconf 73' lang='grc' dir='ltr'><strong>ιν,</strong></span> <span class='ocrx_word' id='word_1_314' title='bbox 1304 2266 1358 2333; x_wconf 73' lang='lat'><strong><em>2,</em></strong></span> <span class='ocrx_word' id='word_1_315' title='bbox 1385 2265 1464 2336; x_wconf 92' lang='lat'><strong><em>8).</em></strong></span> <span class='ocrx_word' id='word_1_316' title='bbox 1491 2266 1620 2334; x_wconf 89' lang='lat' dir='ltr'><strong><em>Quis</em></strong></span> <span class='ocrx_word' id='word_1_317' title='bbox 1649 2267 1812 2322; x_wconf 89' lang='lat' dir='ltr'><strong><em>etiam</em></strong></span> <span class='ocrx_word' id='word_1_318' title='bbox 1835 2274 2072 2321; x_wconf 89' lang='lat' dir='ltr'><strong><em>vestrum</em></strong></span> 
     </span>
    </p>
   </div>
   <div class='ocr_carea' id='block_1_41' title="bbox 493 2357 2073 2432">
    <p class='ocr_par' dir='ltr' id='par_1_41' title="bbox 493 2357 2073 2432">
     <span class='ocr_line' id='line_1_41' title="bbox 493 2357 2073 2432; baseline -0.001 -17"><span class='ocrx_word' id='word_1_319' title='bbox 493 2361 880 2432; x_wconf 87' lang='lat' dir='ltr'><strong><em>circumspecte</em></strong></span> <span class='ocrx_word' id='word_1_320' title='bbox 926 2365 1192 2430; x_wconf 86' lang='lat' dir='ltr'><strong><em>cauteque</em></strong></span> <span class='ocrx_word' id='word_1_321' title='bbox 1220 2359 1511 2416; x_wconf 88' lang='lat' dir='ltr'><strong><em>custodivit</em></strong></span> <span class='ocrx_word' id='word_1_322' title='bbox 1537 2357 1588 2413; x_wconf 89' lang='lat' dir='ltr'><strong><em>id</em></strong></span> <span class='ocrx_word' id='word_1_323' title='bbox 1617 2358 1760 2428; x_wconf 83' lang='lat' dir='ltr'><strong><em>quod</em></strong></span> <span class='ocrx_word' id='word_1_324' title='bbox 1795 2359 2073 2427; x_wconf 82' lang='lat' dir='ltr'><strong><em>sequitur?</em></strong></span> 
     </span>
    </p>
   </div>
   <div class='ocr_carea' id='block_1_42' title="bbox 416 2448 2070 2520">
    <p class='ocr_par' dir='ltr' id='par_1_42' title="bbox 416 2448 2070 2520">
     <span class='ocr_line' id='line_1_42' title="bbox 416 2448 2070 2520; baseline -0.002 -14"><span class='ocrx_word' id='word_1_325' title='bbox 416 2487 432 2506; x_wconf 88' lang='lat'><strong>.</strong></span> <span class='ocrx_word' id='word_1_326' title='bbox 493 2448 812 2520; x_wconf 72' lang='lat' dir='ltr'><strong><em>Mortificate</em></strong></span> <span class='ocrx_word' id='word_1_327' title='bbox 835 2465 957 2520; x_wconf 85' lang='lat' dir='ltr'><strong><em>ergo</em></strong></span> <span class='ocrx_word' id='word_1_328' title='bbox 979 2448 1206 2503; x_wconf 89' lang='lat' dir='ltr'><strong><em>membra</em></strong></span> <span class='ocrx_word' id='word_1_329' title='bbox 1229 2459 1397 2502; x_wconf 91' lang='lat' dir='ltr'><strong><em>vestra</em></strong></span> <span class='ocrx_word' id='word_1_330' title='bbox 1415 2463 1530 2520; x_wconf 75' lang='lat' dir='ltr'><strong><em>qua:</em></strong></span> <span class='ocrx_word' id='word_1_331' title='bbox 1549 2455 1668 2502; x_wconf 92' lang='lat' dir='ltr'><strong><em>sunt</em></strong></span> <span class='ocrx_word' id='word_1_332' title='bbox 1688 2463 1840 2519; x_wconf 86' lang='lat' dir='ltr'><strong><em>super</em></strong></span> <span class='ocrx_word' id='word_1_333' title='bbox 1858 2456 2070 2512; x_wconf 88' lang='lat' dir='ltr'><strong><em>terram,</em></strong></span> 
     </span>
    </p>
   </div>
   <div class='ocr_carea' id='block_1_43' title="bbox 493 2538 2074 2612">
    <p class='ocr_par' dir='ltr' id='par_1_43' title="bbox 493 2538 2074 2612">
     <span class='ocr_line' id='line_1_43' title="bbox 493 2538 2074 2612; baseline -0.001 -18"><span class='ocrx_word' id='word_1_334' title='bbox 493 2541 920 2612; x_wconf 73' lang='lat' dir='ltr'><strong><em>fornicationem,</em></strong></span> <span class='ocrx_word' id='word_1_335' title='bbox 949 2538 1351 2604; x_wconf 83' lang='lat' dir='ltr'><strong><em>immunditiam,</em></strong></span> <span class='ocrx_word' id='word_1_336' title='bbox 1401 2538 1686 2603; x_wconf 85' lang='lat' dir='ltr'><strong><em>libidinem,</em></strong></span> <span class='ocrx_word' id='word_1_337' title='bbox 1727 2546 1777 2592; x_wconf 91' lang='lat' dir='ltr'><strong><em>et</em></strong></span> <span class='ocrx_word' id='word_1_338' title='bbox 1825 2539 2074 2608; x_wconf 88' lang='lat' dir='ltr'><strong><em>concupi-</em></strong></span> 
     </span>
    </p>
   </div>
   <div class='ocr_carea' id='block_1_44' title="bbox 493 2628 2074 2702">
    <p class='ocr_par' dir='ltr' id='par_1_44' title="bbox 493 2628 2074 2702">
     <span class='ocr_line' id='line_1_44' title="bbox 493 2628 2074 2702; baseline 0 -18"><span class='ocrx_word' id='word_1_339' title='bbox 493 2633 745 2685; x_wconf 89' lang='lat' dir='ltr'><strong><em>scentiam</em></strong></span> <span class='ocrx_word' id='word_1_340' title='bbox 764 2631 992 2684; x_wconf 88' lang='lat' dir='ltr'><strong><em>malam:</em></strong></span> <span class='ocrx_word' id='word_1_341' title='bbox 1014 2639 1222 2702; x_wconf 87' lang='lat' dir='ltr'><strong><em>propter</em></strong></span> <span class='ocrx_word' id='word_1_342' title='bbox 1240 2646 1354 2701; x_wconf 77' lang='lat' dir='ltr'><strong><em>qute</em></strong></span> <span class='ocrx_word' id='word_1_343' title='bbox 1373 2630 1506 2684; x_wconf 85' lang='lat' dir='ltr'><strong><em>venit</em></strong></span> <span class='ocrx_word' id='word_1_344' title='bbox 1527 2631 1609 2684; x_wconf 91' lang='lat' dir='ltr'><strong><em>ira</em></strong></span> <span class='ocrx_word' id='word_1_345' title='bbox 1624 2628 1722 2684; x_wconf 89' lang='lat' dir='ltr'><strong><em>Dei</em></strong></span> <span class='ocrx_word' id='word_1_346' title='bbox 1743 2630 1799 2683; x_wconf 90' lang='lat' dir='ltr'><strong><em>in</em></strong></span> <span class='ocrx_word' id='word_1_347' title='bbox 1816 2629 1954 2700; x_wconf 77' lang='lat' dir='ltr'><strong><em>filios</em></strong></span> <span class='ocrx_word' id='word_1_348' title='bbox 1967 2630 2074 2702; x_wconf 88' lang='lat' dir='ltr'><strong><em>dif-</em></strong></span> 
     </span>
    </p>
   </div>
   <div class='ocr_carea' id='block_1_45' title="bbox 493 2719 2075 2794">
    <p class='ocr_par' dir='ltr' id='par_1_45' title="bbox 493 2719 2075 2794">
     <span class='ocr_line' id='line_1_45' title="bbox 493 2719 2075 2794; baseline 0.001 -19"><span class='ocrx_word' id='word_1_349' title='bbox 493 2722 724 2793; x_wconf 71' lang='lat' dir='ltr'><strong><em>fidentia:</em></strong></span> <span class='ocrx_word' id='word_1_350' title='bbox 745 2721 940 2794; x_wconf 87' lang='lat' dir='ltr'><strong><em>(Colos.</em></strong></span> <span class='ocrx_word' id='word_1_351' title='bbox 970 2737 1048 2790; x_wconf 92' lang='grc' dir='ltr'><strong>ιιι,</strong></span> <span class='ocrx_word' id='word_1_352' title='bbox 1078 2719 1135 2790; x_wconf 83' lang='grc'><strong>5,</strong></span> <span class='ocrx_word' id='word_1_353' title='bbox 1163 2720 1240 2790; x_wconf 88' lang='lat'><strong><em>6).</em></strong></span> <span class='ocrx_word' id='word_1_354' title='bbox 1263 2720 1468 2776; x_wconf 83' lang='lat' dir='ltr'><strong><em>Videtis</em></strong></span> <span class='ocrx_word' id='word_1_355' title='bbox 1488 2720 1630 2776; x_wconf 90' lang='lat' dir='ltr'><strong><em>enim</em></strong></span> <span class='ocrx_word' id='word_1_356' title='bbox 1650 2735 1750 2792; x_wconf 89' lang='lat' dir='ltr'><strong><em>pro</em></strong></span> <span class='ocrx_word' id='word_1_357' title='bbox 1769 2722 1921 2790; x_wconf 88' lang='lat' dir='ltr'><strong><em>queis</em></strong></span> <span class='ocrx_word' id='word_1_358' title='bbox 1947 2737 2075 2792; x_wconf 85' lang='lat' dir='ltr'><strong><em>peo-</em></strong></span> 
     </span>
    </p>
   </div>
   <div class='ocr_carea' id='block_1_46' title="bbox 495 2811 1546 2884">
    <p class='ocr_par' dir='ltr' id='par_1_46' title="bbox 495 2811 1546 2884">
     <span class='ocr_line' id='line_1_46' title="bbox 495 2811 1546 2884; baseline -0.001 -15"><span class='ocrx_word' id='word_1_359' title='bbox 495 2813 634 2870; x_wconf 85' lang='lat' dir='ltr'><strong><em>catis</em></strong></span> <span class='ocrx_word' id='word_1_360' title='bbox 653 2813 731 2867; x_wconf 88' lang='lat' dir='ltr'><strong><em>ira</em></strong></span> <span class='ocrx_word' id='word_1_361' title='bbox 760 2811 855 2868; x_wconf 88' lang='lat' dir='ltr'><strong><em>Dei</em></strong></span> <span class='ocrx_word' id='word_1_362' title='bbox 881 2813 1216 2884; x_wconf 89' lang='lat' dir='ltr'><strong><em>potissimum</em></strong></span> <span class='ocrx_word' id='word_1_363' title='bbox 1237 2820 1546 2882; x_wconf 75' lang='lat' dir='ltr'><strong><em>consurgat.</em></strong></span> 
     </span>
    </p>
   </div>
   <div class='ocr_carea' id='block_1_47' title="bbox 565 2903 2069 2976">
    <p class='ocr_par' dir='ltr' id='par_1_47' title="bbox 565 2903 2069 2976">
     <span class='ocr_line' id='line_1_47' title="bbox 565 2903 2069 2976; baseline 0.001 -16"><span class='ocrx_word' id='word_1_364' title='bbox 565 2903 697 2960; x_wconf 71' lang='lat' dir='ltr'><strong><em>Cu.</em></strong></span> <span class='ocrx_word' id='word_1_365' title='bbox 726 2919 837 2960; x_wconf 75' lang='lat' dir='ltr'><strong><em>xxi.</em></strong></span> <span class='ocrx_word' id='word_1_366' title='bbox 870 2905 955 2960; x_wconf 80' lang='lat' dir='ltr'><strong><em>Ea:</em></strong></span> <span class='ocrx_word' id='word_1_367' title='bbox 983 2904 1234 2976; x_wconf 80' lang='lat' dir='ltr'><strong><em>Epistolis</em></strong></span> <span class='ocrx_word' id='word_1_368' title='bbox 1256 2904 1326 2959; x_wconf 91' lang='lat' dir='ltr'><strong><em>ad</em></strong></span> <span class='ocrx_word' id='word_1_369' title='bbox 1357 2903 1674 2960; x_wconf 83' lang='lat' dir='ltr'><strong><em>Timotheum</em></strong></span> <span class='ocrx_word' id='word_1_370' title='bbox 1701 2913 1752 2960; x_wconf 92' lang='lat' dir='ltr'><strong><em>et</em></strong></span> <span class='ocrx_word' id='word_1_371' title='bbox 1779 2905 1850 2960; x_wconf 88' lang='lat' dir='ltr'><strong><em>ad</em></strong></span> <span class='ocrx_word' id='word_1_372' title='bbox 1879 2905 2069 2962; x_wconf 84' lang='lat' dir='ltr'><strong><em>Titum.</em></strong></span> 
     </span>
    </p>
   </div>
   <div class='ocr_carea' id='block_1_48' title="bbox 491 2995 2070 3067">
    <p class='ocr_par' dir='ltr' id='par_1_48' title="bbox 491 2995 2070 3067">
     <span class='ocr_line' id='line_1_48' title="bbox 491 2995 2070 3067; baseline 0.001 -17"><span class='ocrx_word' id='word_1_373' title='bbox 491 3025 567 3041; x_wconf 85' lang='lat'><strong><em>--</em></strong></span> <span class='ocrx_word' id='word_1_374' title='bbox 592 2996 788 3052; x_wconf 80' lang='lat' dir='ltr'><strong><em>Audite</em></strong></span> <span class='ocrx_word' id='word_1_375' title='bbox 835 2996 1015 3066; x_wconf 88' lang='lat' dir='ltr'><strong><em>itaque</em></strong></span> <span class='ocrx_word' id='word_1_376' title='bbox 1042 2995 1172 3064; x_wconf 90' lang='lat' dir='ltr'><strong><em>quid</em></strong></span> <span class='ocrx_word' id='word_1_377' title='bbox 1215 2995 1283 3052; x_wconf 90' lang='lat' dir='ltr'><strong><em>de</em></strong></span> <span class='ocrx_word' id='word_1_378' title='bbox 1327 2995 1482 3052; x_wconf 81' lang='lat' dir='ltr'><strong><em>vobis</em></strong></span> <span class='ocrx_word' id='word_1_379' title='bbox 1523 2996 1839 3066; x_wconf 89' lang='lat' dir='ltr'><strong><em>prophetico</em></strong></span> <span class='ocrx_word' id='word_1_380' title='bbox 1881 2997 2070 3067; x_wconf 84' lang='lat' dir='ltr'><strong><em>spiritu</em></strong></span> 
     </span>
    </p>
   </div>
   <div class='ocr_carea' id='block_1_49' title="bbox 2171 1813 3753 1884">
    <p class='ocr_par' dir='ltr' id='par_1_49' title="bbox 2171 1813 3753 1884">
     <span class='ocr_line' id='line_1_49' title="bbox 2171 1813 3753 1884; baseline 0.001 -14"><span class='ocrx_word' id='word_1_381' title='bbox 2171 1814 2266 1870; x_wconf 87' lang='lat' dir='ltr'><strong><em>sed</em></strong></span> <span class='ocrx_word' id='word_1_382' title='bbox 2294 1814 2455 1870; x_wconf 90' lang='lat' dir='ltr'><strong><em>etiam</em></strong></span> <span class='ocrx_word' id='word_1_383' title='bbox 2502 1814 2858 1884; x_wconf 89' lang='lat' dir='ltr'><strong><em>astipulentur</em></strong></span> <span class='ocrx_word' id='word_1_384' title='bbox 2904 1813 3268 1868; x_wconf 89' lang='lat' dir='ltr'><strong><em>henedictioni</em></strong></span> <span class='ocrx_word' id='word_1_385' title='bbox 3312 1828 3419 1884; x_wconf 89' lang='lat' dir='ltr'><strong><em>qua</em></strong></span> <span class='ocrx_word' id='word_1_386' title='bbox 3471 1815 3753 1872; x_wconf 87' lang='lat' dir='ltr'><strong><em>initiantur</em></strong></span> 
     </span>
    </p>
   </div>
   <div class='ocr_carea' id='block_1_50' title="bbox 2171 1903 3751 1976">
    <p class='ocr_par' dir='ltr' id='par_1_50' title="bbox 2171 1903 3751 1976">
     <span class='ocr_line' id='line_1_50' title="bbox 2171 1903 3751 1976; baseline -0.001 -16"><span class='ocrx_word' id='word_1_387' title='bbox 2171 1905 2515 1960; x_wconf 86' lang='lat' dir='ltr'><strong><em>sacerdotum</em></strong></span> <span class='ocrx_word' id='word_1_388' title='bbox 2543 1904 2629 1960; x_wconf 87' lang='lat' dir='ltr'><strong><em>vel</em></strong></span> <span class='ocrx_word' id='word_1_389' title='bbox 2681 1903 3046 1958; x_wconf 88' lang='lat' dir='ltr'><strong><em>ministrorum</em></strong></span> <span class='ocrx_word' id='word_1_390' title='bbox 3077 1917 3286 1969; x_wconf 90' lang='lat' dir='ltr'><strong><em>manus,</em></strong></span> <span class='ocrx_word' id='word_1_391' title='bbox 3318 1919 3522 1974; x_wconf 86' lang='lat' dir='ltr'><strong><em>eosque</em></strong></span> <span class='ocrx_word' id='word_1_392' title='bbox 3551 1921 3751 1976; x_wconf 86' lang='lat' dir='ltr'><strong><em>perpe-</em></strong></span> 
     </span>
    </p>
   </div>
   <div class='ocr_carea' id='block_1_51' title="bbox 2172 1993 3750 2065">
    <p class='ocr_par' dir='ltr' id='par_1_51' title="bbox 2172 1993 3750 2065">
     <span class='ocr_line' id='line_1_51' title="bbox 2172 1993 3750 2065; baseline -0.003 -15"><span class='ocrx_word' id='word_1_393' title='bbox 2172 2005 2266 2053; x_wconf 89' lang='lat' dir='ltr'><strong><em>tuo</em></strong></span> <span class='ocrx_word' id='word_1_394' title='bbox 2293 1997 2543 2062; x_wconf 87' lang='lat' dir='ltr'><strong><em>doceant,</em></strong></span> <span class='ocrx_word' id='word_1_395' title='bbox 2571 1995 2646 2050; x_wconf 91' lang='lat' dir='ltr'><strong><em>uti</em></strong></span> <span class='ocrx_word' id='word_1_396' title='bbox 2679 2011 2746 2049; x_wconf 90' lang='lat' dir='ltr'><strong><em>ne</em></strong></span> <span class='ocrx_word' id='word_1_397' title='bbox 2773 2009 2803 2048; x_wconf 88' lang='lat' dir='ltr'><strong><em>a</em></strong></span> <span class='ocrx_word' id='word_1_398' title='bbox 2833 1994 3096 2048; x_wconf 89' lang='lat' dir='ltr'><strong><em>mandatis</em></strong></span> <span class='ocrx_word' id='word_1_399' title='bbox 3142 2007 3260 2065; x_wconf 71' lang='lat' dir='ltr'><strong><em>quze</em></strong></span> <span class='ocrx_word' id='word_1_400' title='bbox 3312 1993 3545 2051; x_wconf 81' lang='lat' dir='ltr'><strong><em>ﬁdeliter</em></strong></span> <span class='ocrx_word' id='word_1_401' title='bbox 3571 1998 3750 2053; x_wconf 83' lang='lat' dir='ltr'><strong><em>conti.</em></strong></span> 
     </span>
    </p>
   </div>
   <div class='ocr_carea' id='block_1_52' title="bbox 2173 2083 3752 2155">
    <p class='ocr_par' dir='ltr' id='par_1_52' title="bbox 2173 2083 3752 2155">
     <span class='ocr_line' id='line_1_52' title="bbox 2173 2083 3752 2155; baseline 0 -13"><span class='ocrx_word' id='word_1_402' title='bbox 2173 2086 2444 2142; x_wconf 87' lang='lat' dir='ltr'><strong><em>nenturin</em></strong></span> <span class='ocrx_word' id='word_1_403' title='bbox 2471 2086 2571 2154; x_wconf 91' lang='lat' dir='ltr'><strong><em>eis,</em></strong></span> <span class='ocrx_word' id='word_1_404' title='bbox 2599 2083 2924 2140; x_wconf 88' lang='lat' dir='ltr'><strong><em>sacerdotali</em></strong></span> <span class='ocrx_word' id='word_1_405' title='bbox 2951 2083 3211 2152; x_wconf 81' lang='lat' dir='ltr'><strong><em>dignitate</em></strong></span> <span class='ocrx_word' id='word_1_406' title='bbox 3238 2083 3634 2155; x_wconf 82' lang='lat' dir='ltr'><strong><em>degenerantes</em></strong></span> <span class='ocrx_word' id='word_1_407' title='bbox 3667 2104 3752 2142; x_wconf 82' lang='lat' dir='ltr'><strong><em>re-</em></strong></span> 
     </span>
    </p>
   </div>
   <div class='ocr_carea' id='block_1_53' title="bbox 2173 2174 3756 2246">
    <p class='ocr_par' dir='ltr' id='par_1_53' title="bbox 2173 2174 3756 2246">
     <span class='ocr_line' id='line_1_53' title="bbox 2173 2174 3756 2246; baseline 0.001 -14"><span class='ocrx_word' id='word_1_408' title='bbox 2173 2177 2388 2243; x_wconf 86' lang='lat' dir='ltr'><strong><em>cedant,</em></strong></span> <span class='ocrx_word' id='word_1_409' title='bbox 2415 2192 2482 2232; x_wconf 89' lang='lat' dir='ltr'><strong><em>ex</em></strong></span> <span class='ocrx_word' id='word_1_410' title='bbox 2512 2177 2658 2232; x_wconf 90' lang='lat' dir='ltr'><strong><em>omni</em></strong></span> <span class='ocrx_word' id='word_1_411' title='bbox 2688 2190 2824 2246; x_wconf 90' lang='lat' dir='ltr'><strong><em>pene</em></strong></span> <span class='ocrx_word' id='word_1_412' title='bbox 2853 2190 3128 2230; x_wconf 71' lang='lat' dir='ltr'><strong><em>sacrarum</em></strong></span> <span class='ocrx_word' id='word_1_413' title='bbox 3157 2174 3456 2232; x_wconf 88' lang='lat' dir='ltr'><strong><em>litterarum</em></strong></span> <span class='ocrx_word' id='word_1_414' title='bbox 3474 2186 3628 2233; x_wconf 88' lang='lat' dir='ltr'><strong><em>textu</em></strong></span> <span class='ocrx_word' id='word_1_415' title='bbox 3648 2195 3756 2235; x_wconf 86' lang='lat' dir='ltr'><strong><em>me-</em></strong></span> 
     </span>
    </p>
   </div>
   <div class='ocr_carea' id='block_1_54' title="bbox 2173 2267 3756 2342">
    <p class='ocr_par' dir='ltr' id='par_1_54' title="bbox 2173 2267 3756 2342">
     <span class='ocr_line' id='line_1_54' title="bbox 2173 2267 3756 2342; baseline 0.001 -18"><span class='ocrx_word' id='word_1_416' title='bbox 2173 2268 2279 2324; x_wconf 82' lang='lat' dir='ltr'><strong><em>rito</em></strong></span> <span class='ocrx_word' id='word_1_417' title='bbox 2308 2278 2574 2339; x_wconf 72' lang='lat' dir='ltr'><strong><em>excerpta:</em></strong></span> <span class='ocrx_word' id='word_1_418' title='bbox 2601 2267 2747 2338; x_wconf 90' lang='lat' dir='ltr'><strong><em>sunt)</em></strong></span> <span class='ocrx_word' id='word_1_419' title='bbox 2793 2268 3153 2322; x_wconf 85' lang='lat' dir='ltr'><strong><em>necessarium</em></strong></span> <span class='ocrx_word' id='word_1_420' title='bbox 3199 2267 3480 2337; x_wconf 86' lang='lat' dir='ltr'><strong><em>duximus,</em></strong></span> <span class='ocrx_word' id='word_1_421' title='bbox 3509 2280 3570 2325; x_wconf 90' lang='lat' dir='ltr'><strong><em>ut</em></strong></span> <span class='ocrx_word' id='word_1_422' title='bbox 3596 2287 3756 2342; x_wconf 82' lang='lat' dir='ltr'><strong><em>aper-</em></strong></span> 
     </span>
    </p>
   </div>
   <div class='ocr_carea' id='block_1_55' title="bbox 2171 2358 3756 2430">
    <p class='ocr_par' dir='ltr' id='par_1_55' title="bbox 2171 2358 3756 2430">
     <span class='ocr_line' id='line_1_55' title="bbox 2171 2358 3756 2430; baseline 0.003 -16"><span class='ocrx_word' id='word_1_423' title='bbox 2171 2358 2279 2414; x_wconf 88' lang='lat' dir='ltr'><strong><em>tius</em></strong></span> <span class='ocrx_word' id='word_1_424' title='bbox 2305 2360 2512 2415; x_wconf 92' lang='lat' dir='ltr'><strong><em>cunctis</em></strong></span> <span class='ocrx_word' id='word_1_425' title='bbox 2537 2367 2720 2430; x_wconf 85' lang='lat' dir='ltr'><strong><em>pateat</em></strong></span> <span class='ocrx_word' id='word_1_426' title='bbox 2746 2366 2946 2413; x_wconf 80' lang='lat' dir='ltr'><strong><em>:eterna</em></strong></span> <span class='ocrx_word' id='word_1_427' title='bbox 2975 2359 3233 2430; x_wconf 89' lang='lat' dir='ltr'><strong><em>supplicia</em></strong></span> <span class='ocrx_word' id='word_1_428' title='bbox 3268 2375 3519 2415; x_wconf 88' lang='lat' dir='ltr'><strong><em>mansura</em></strong></span> <span class='ocrx_word' id='word_1_429' title='bbox 3549 2378 3666 2427; x_wconf 84' lang='lat' dir='ltr'><strong><em>eos,</em></strong></span> <span class='ocrx_word' id='word_1_430' title='bbox 3699 2373 3756 2419; x_wconf 91' lang='lat' dir='ltr'><strong><em>et</em></strong></span> 
     </span>
    </p>
   </div>
   <div class='ocr_carea' id='block_1_56' title="bbox 2173 2446 3754 2521">
    <p class='ocr_par' dir='ltr' id='par_1_56' title="bbox 2173 2446 3754 2521">
     <span class='ocr_line' id='line_1_56' title="bbox 2173 2446 3754 2521; baseline 0.003 -16"><span class='ocrx_word' id='word_1_431' title='bbox 2173 2465 2283 2506; x_wconf 92' lang='lat' dir='ltr'><strong><em>non</em></strong></span> <span class='ocrx_word' id='word_1_432' title='bbox 2312 2465 2432 2505; x_wconf 91' lang='lat' dir='ltr'><strong><em>esse</em></strong></span> <span class='ocrx_word' id='word_1_433' title='bbox 2459 2450 2771 2506; x_wconf 86' lang='lat' dir='ltr'><strong><em>sacerdotes</em></strong></span> <span class='ocrx_word' id='word_1_434' title='bbox 2815 2449 2901 2504; x_wconf 89' lang='lat' dir='ltr'><strong><em>vel</em></strong></span> <span class='ocrx_word' id='word_1_435' title='bbox 2954 2447 3049 2504; x_wconf 90' lang='lat' dir='ltr'><strong><em>Dei</em></strong></span> <span class='ocrx_word' id='word_1_436' title='bbox 3095 2446 3375 2506; x_wconf 78' lang='lat' dir='ltr'><strong><em>ministros</em></strong></span> <span class='ocrx_word' id='word_1_437' title='bbox 3395 2491 3413 2518; x_wconf 88' lang='lat'><strong><em>,</em></strong></span> <span class='ocrx_word' id='word_1_438' title='bbox 3443 2453 3536 2521; x_wconf 90' lang='lat' dir='ltr'><strong><em>qui</em></strong></span> <span class='ocrx_word' id='word_1_439' title='bbox 3565 2467 3754 2510; x_wconf 88' lang='lat' dir='ltr'><strong><em>earum</em></strong></span> 
     </span>
    </p>
   </div>
   <div class='ocr_carea' id='block_1_57' title="bbox 2173 2539 3756 2610">
    <p class='ocr_par' dir='ltr' id='par_1_57' title="bbox 2173 2539 3756 2610">
     <span class='ocr_line' id='line_1_57' title="bbox 2173 2539 3756 2610; baseline 0.004 -16"><span class='ocrx_word' id='word_1_440' title='bbox 2173 2539 2448 2596; x_wconf 87' lang='lat' dir='ltr'><strong><em>doctrinas</em></strong></span> <span class='ocrx_word' id='word_1_441' title='bbox 2472 2548 2634 2609; x_wconf 87' lang='lat' dir='ltr'><strong><em>atque</em></strong></span> <span class='ocrx_word' id='word_1_442' title='bbox 2657 2539 2908 2594; x_wconf 90' lang='lat' dir='ltr'><strong><em>mandata</em></strong></span> <span class='ocrx_word' id='word_1_443' title='bbox 2929 2553 3094 2610; x_wconf 90' lang='lat' dir='ltr'><strong><em>opere</em></strong></span> <span class='ocrx_word' id='word_1_444' title='bbox 3131 2541 3426 2595; x_wconf 86' lang='lat' dir='ltr'><strong><em>secundum</em></strong></span> <span class='ocrx_word' id='word_1_445' title='bbox 3455 2543 3602 2599; x_wconf 89' lang='lat' dir='ltr'><strong><em>vires</em></strong></span> <span class='ocrx_word' id='word_1_446' title='bbox 3627 2560 3756 2600; x_wconf 87' lang='lat' dir='ltr'><strong><em>suas</em></strong></span> 
     </span>
    </p>
   </div>
   <div class='ocr_carea' id='block_1_58' title="bbox 2175 2628 2742 2699">
    <p class='ocr_par' dir='ltr' id='par_1_58' title="bbox 2175 2628 2742 2699">
     <span class='ocr_line' id='line_1_58' title="bbox 2175 2628 2742 2699; baseline -0.002 -15"><span class='ocrx_word' id='word_1_447' title='bbox 2175 2644 2284 2684; x_wconf 90' lang='lat' dir='ltr'><strong><em>non</em></strong></span> <span class='ocrx_word' id='word_1_448' title='bbox 2310 2628 2742 2699; x_wconf 89' lang='lat' dir='ltr'><strong><em>adimpleverint.</em></strong></span> 
     </span>
    </p>
   </div>
   <div class='ocr_carea' id='block_1_59' title="bbox 2243 2717 3756 2794">
    <p class='ocr_par' dir='ltr' id='par_1_59' title="bbox 2243 2717 3756 2794">
     <span class='ocr_line' id='line_1_59' title="bbox 2243 2717 3756 2794; baseline 0.003 -20"><span class='ocrx_word' id='word_1_449' title='bbox 2243 2717 2375 2775; x_wconf 70' lang='lat' dir='ltr'><strong><em>Cn.</em></strong></span> <span class='ocrx_word' id='word_1_450' title='bbox 2420 2735 2552 2774; x_wconf 69' lang='grc' dir='ltr'><strong>χιιι.</strong></span> <span class='ocrx_word' id='word_1_451' title='bbox 2579 2717 2665 2773; x_wconf 77' lang='lat' dir='ltr'><strong><em>Ea:</em></strong></span> <span class='ocrx_word' id='word_1_452' title='bbox 2692 2719 2910 2788; x_wconf 86' lang='lat' dir='ltr'><strong><em>epistola</em></strong></span> <span class='ocrx_word' id='word_1_453' title='bbox 2935 2718 2965 2773; x_wconf 90' lang='grc'><strong><em>1</em></strong></span> <span class='ocrx_word' id='word_1_454' title='bbox 2994 2717 3161 2775; x_wconf 87' lang='lat' dir='ltr'><strong><em>Petri.</em></strong></span> <span class='ocrx_word' id='word_1_455' title='bbox 3189 2751 3261 2762; x_wconf 97' lang='lat'><strong>—</strong></span> <span class='ocrx_word' id='word_1_456' title='bbox 3287 2719 3581 2776; x_wconf 79' lang='lat' dir='ltr'><strong><em>Audiamus</em></strong></span> <span class='ocrx_word' id='word_1_457' title='bbox 3624 2737 3756 2794; x_wconf 73' lang='lat' dir='ltr'><strong><em>ergo</em></strong></span> 
     </span>
    </p>
   </div>
   <div class='ocr_carea' id='block_1_60' title="bbox 2173 2809 3753 2882">
    <p class='ocr_par' dir='ltr' id='par_1_60' title="bbox 2173 2809 3753 2882">
     <span class='ocr_line' id='line_1_60' title="bbox 2173 2809 3753 2882; baseline 0.003 -17"><span class='ocrx_word' id='word_1_458' title='bbox 2173 2809 2301 2882; x_wconf 88' lang='lat' dir='ltr'><strong><em>quid</em></strong></span> <span class='ocrx_word' id='word_1_459' title='bbox 2323 2809 2572 2881; x_wconf 90' lang='lat' dir='ltr'><strong><em>princeps</em></strong></span> <span class='ocrx_word' id='word_1_460' title='bbox 2594 2809 2962 2880; x_wconf 86' lang='lat' dir='ltr'><strong><em>apostolorum</em></strong></span> <span class='ocrx_word' id='word_1_461' title='bbox 2985 2811 3176 2866; x_wconf 89' lang='lat' dir='ltr'><strong><em>beatus</em></strong></span> <span class='ocrx_word' id='word_1_462' title='bbox 3201 2809 3393 2867; x_wconf 87' lang='lat' dir='ltr'><strong><em>Petrus</em></strong></span> <span class='ocrx_word' id='word_1_463' title='bbox 3423 2811 3492 2867; x_wconf 89' lang='lat' dir='ltr'><strong><em>de</em></strong></span> <span class='ocrx_word' id='word_1_464' title='bbox 3532 2813 3628 2867; x_wconf 90' lang='lat' dir='ltr'><strong><em>tali</em></strong></span> <span class='ocrx_word' id='word_1_465' title='bbox 3653 2829 3753 2870; x_wconf 85' lang='lat' dir='ltr'><strong><em>ne-</em></strong></span> 
     </span>
    </p>
   </div>
   <div class='ocr_carea' id='block_1_61' title="bbox 2173 2899 3757 2971">
    <p class='ocr_par' dir='ltr' id='par_1_61' title="bbox 2173 2899 3757 2971">
     <span class='ocr_line' id='line_1_61' title="bbox 2173 2899 3757 2971; baseline 0.002 -15"><span class='ocrx_word' id='word_1_466' title='bbox 2173 2900 2323 2971; x_wconf 74' lang='lat' dir='ltr'><strong><em>gotio</em></strong></span> <span class='ocrx_word' id='word_1_467' title='bbox 2343 2900 2636 2968; x_wconf 76' lang='lat' dir='ltr'><strong><em>signaverit</em></strong></span> <span class='ocrx_word' id='word_1_468' title='bbox 2659 2917 2672 2952; x_wconf 91' lang='lat'><strong>:</strong></span> <span class='ocrx_word' id='word_1_469' title='bbox 2705 2899 3031 2964; x_wconf 87' lang='lat' dir='ltr'><strong><em>Benedictus,</em></strong></span> <span class='ocrx_word' id='word_1_470' title='bbox 3056 2900 3322 2969; x_wconf 86' lang='lat' dir='ltr'><strong><em>inquiens,</em></strong></span> <span class='ocrx_word' id='word_1_471' title='bbox 3346 2900 3488 2956; x_wconf 89' lang='lat' dir='ltr'><strong><em>Deus</em></strong></span> <span class='ocrx_word' id='word_1_472' title='bbox 3511 2912 3560 2956; x_wconf 93' lang='lat' dir='ltr'><strong><em>et</em></strong></span> <span class='ocrx_word' id='word_1_473' title='bbox 3589 2902 3757 2959; x_wconf 86' lang='lat' dir='ltr'><strong><em>Pater</em></strong></span> 
     </span>
    </p>
   </div>
   <div class='ocr_carea' id='block_1_62' title="bbox 2173 2987 3758 3064">
    <p class='ocr_par' dir='ltr' id='par_1_62' title="bbox 2173 2987 3758 3064">
     <span class='ocr_line' id='line_1_62' title="bbox 2173 2987 3758 3064; baseline 0.003 -20"><span class='ocrx_word' id='word_1_474' title='bbox 2173 2989 2388 3046; x_wconf 87' lang='lat' dir='ltr'><strong><em>Domini</em></strong></span> <span class='ocrx_word' id='word_1_475' title='bbox 2417 2991 2580 3045; x_wconf 86' lang='lat' dir='ltr'><strong><em>nostri</em></strong></span> <span class='ocrx_word' id='word_1_476' title='bbox 2600 2988 2722 3044; x_wconf 82' lang='lat' dir='ltr'><strong><em>Jesu</em></strong></span> <span class='ocrx_word' id='word_1_477' title='bbox 2745 2987 2956 3056; x_wconf 87' lang='lat' dir='ltr'><strong><em>Christi,</em></strong></span> <span class='ocrx_word' id='word_1_478' title='bbox 2979 2991 3064 3062; x_wconf 89' lang='lat' dir='ltr'><strong><em>qui</em></strong></span> <span class='ocrx_word' id='word_1_479' title='bbox 3090 3007 3182 3060; x_wconf 88' lang='lat' dir='ltr'><strong><em>per</em></strong></span> <span class='ocrx_word' id='word_1_480' title='bbox 3200 3008 3444 3064; x_wconf 84' lang='lat' dir='ltr'><strong><em>magnam</em></strong></span> <span class='ocrx_word' id='word_1_481' title='bbox 3469 2994 3758 3050; x_wconf 81' lang='lat' dir='ltr'><strong><em>misericor-</em></strong></span> 
     </span>
    </p>
   </div>
   <div class='ocr_carea' id='block_1_63' title="bbox 493 3078 3756 3161">
    <p class='ocr_par' dir='ltr' id='par_1_63' title="bbox 493 3078 3756 3161">
     <span class='ocr_line' id='line_1_63' title="bbox 493 3078 3756 3161; baseline -0 -19"><span class='ocrx_word' id='word_1_482' title='bbox 493 3097 712 3142; x_wconf 85' lang='lat' dir='ltr'><strong><em>sanctus</em></strong></span> <span class='ocrx_word' id='word_1_483' title='bbox 739 3085 880 3141; x_wconf 90' lang='lat' dir='ltr'><strong><em>idem</em></strong></span> <span class='ocrx_word' id='word_1_484' title='bbox 908 3086 1182 3157; x_wconf 87' lang='lat' dir='ltr'><strong><em>apostolus</em></strong></span> <span class='ocrx_word' id='word_1_485' title='bbox 1209 3086 1508 3156; x_wconf 82' lang='lat' dir='ltr'><strong><em>vestrisque</em></strong></span> <span class='ocrx_word' id='word_1_486' title='bbox 1551 3086 1917 3143; x_wconf 88' lang='lat' dir='ltr'><strong><em>consimilibus</em></strong></span> <span class='ocrx_word' id='word_1_487' title='bbox 1935 3101 2072 3157; x_wconf 48' lang='lat' dir='ltr'><strong><em>prie.</em></strong></span> <span class='ocrx_word' id='word_1_488' title='bbox 2096 3098 2143 3161; x_wconf 75' lang='grc' dir='ltr'><strong>ρ</strong></span> <span class='ocrx_word' id='word_1_489' title='bbox 2174 3078 2316 3134; x_wconf 70' lang='lat' dir='ltr'><strong><em>diam</em></strong></span> <span class='ocrx_word' id='word_1_490' title='bbox 2345 3094 2492 3133; x_wconf 64' lang='lat' dir='ltr'><strong><em>suam</em></strong></span> <span class='ocrx_word' id='word_1_491' title='bbox 2524 3079 2844 3150; x_wconf 70' lang='lat' dir='ltr'><strong><em>regeneravil</em></strong></span> <span class='ocrx_word' id='word_1_492' title='bbox 2872 3094 2967 3132; x_wconf 70' lang='grc' dir='ltr'><strong><em>ποι</em></strong></span> <span class='ocrx_word' id='word_1_493' title='bbox 3003 3079 3057 3132; x_wconf 67' lang='lat' dir='ltr'><strong><em>in</em></strong></span> <span class='ocrx_word' id='word_1_494' title='bbox 3087 3095 3228 3148; x_wconf 68' lang='lat' dir='ltr'><strong><em>spem</em></strong></span> <span class='ocrx_word' id='word_1_495' title='bbox 3257 3081 3374 3135; x_wconf 72' lang='lat' dir='ltr'><strong><em>vita:</em></strong></span> <span class='ocrx_word' id='word_1_496' title='bbox 3401 3089 3632 3146; x_wconf 75' lang='lat' dir='ltr'><strong><em>wlerna’.</em></strong></span> <span class='ocrx_word' id='word_1_497' title='bbox 3665 3100 3756 3152; x_wconf 84' lang='lat' dir='ltr'><strong><em>per</em></strong></span> 
     </span>
    </p>
   </div>
   <div class='ocr_carea' id='block_1_64' title="bbox 493 3176 2071 3248">
    <p class='ocr_par' dir='ltr' id='par_1_64' title="bbox 493 3176 2071 3248">
     <span class='ocr_line' id='line_1_64' title="bbox 493 3176 2071 3248; baseline 0 -16"><span class='ocrx_word' id='word_1_498' title='bbox 493 3177 706 3244; x_wconf 79' lang='lat' dir='ltr'><strong><em>dixerit,</em></strong></span> <span class='ocrx_word' id='word_1_499' title='bbox 735 3177 802 3232; x_wconf 91' lang='lat' dir='ltr'><strong><em>ad</em></strong></span> <span class='ocrx_word' id='word_1_500' title='bbox 831 3176 1170 3234; x_wconf 82' lang='lat' dir='ltr'><strong><em>Timetheum</em></strong></span> <span class='ocrx_word' id='word_1_501' title='bbox 1215 3186 1403 3248; x_wconf 88' lang='lat' dir='ltr'><strong><em>aperte</em></strong></span> <span class='ocrx_word' id='word_1_502' title='bbox 1446 3178 1731 3234; x_wconf 88' lang='lat' dir='ltr'><strong><em>scribens:</em></strong></span> <span class='ocrx_word' id='word_1_503' title='bbox 1769 3176 1887 3233; x_wconf 82' lang='lat' dir='ltr'><strong><em>Hoc</em></strong></span> <span class='ocrx_word' id='word_1_504' title='bbox 1931 3179 2071 3232; x_wconf 90' lang='lat' dir='ltr'><strong><em>enim</em></strong></span> 
     </span>
    </p>
   </div>
   <div class='ocr_carea' id='block_1_65' title="bbox 491 3265 2071 3339">
    <p class='ocr_par' dir='ltr' id='par_1_65' title="bbox 491 3265 2071 3339">
     <span class='ocr_line' id='line_1_65' title="bbox 491 3265 2071 3339; baseline 0 -17"><span class='ocrx_word' id='word_1_505' title='bbox 491 3268 638 3331; x_wconf 89' lang='lat' dir='ltr'><strong><em>scito,</em></strong></span> <span class='ocrx_word' id='word_1_506' title='bbox 661 3267 797 3339; x_wconf 89' lang='lat' dir='ltr'><strong><em>quod</em></strong></span> <span class='ocrx_word' id='word_1_507' title='bbox 816 3267 871 3321; x_wconf 89' lang='lat' dir='ltr'><strong><em>in</em></strong></span> <span class='ocrx_word' id='word_1_508' title='bbox 894 3267 1185 3322; x_wconf 82' lang='lat' dir='ltr'><strong><em>novissimis</em></strong></span> <span class='ocrx_word' id='word_1_509' title='bbox 1211 3266 1387 3323; x_wconf 89' lang='lat' dir='ltr'><strong><em>diebus</em></strong></span> <span class='ocrx_word' id='word_1_510' title='bbox 1419 3265 1684 3322; x_wconf 90' lang='lat' dir='ltr'><strong><em>instabunt</em></strong></span> <span class='ocrx_word' id='word_1_511' title='bbox 1712 3275 1942 3334; x_wconf 88' lang='lat' dir='ltr'><strong><em>tempora</em></strong></span> <span class='ocrx_word' id='word_1_512' title='bbox 1981 3283 2071 3338; x_wconf 88' lang='lat' dir='ltr'><strong><em>pe-</em></strong></span> 
     </span>
    </p>
   </div>
   <div class='ocr_carea' id='block_1_66' title="bbox 492 3355 2074 3426">
    <p class='ocr_par' dir='ltr' id='par_1_66' title="bbox 492 3355 2074 3426">
     <span class='ocr_line' id='line_1_66' title="bbox 492 3355 2074 3426; baseline -0.001 -14"><span class='ocrx_word' id='word_1_513' title='bbox 492 3358 738 3412; x_wconf 91' lang='lat' dir='ltr'><strong><em>riculosa.</em></strong></span> <span class='ocrx_word' id='word_1_514' title='bbox 764 3355 935 3410; x_wconf 87' lang='lat' dir='ltr'><strong><em>Erunt</em></strong></span> <span class='ocrx_word' id='word_1_515' title='bbox 962 3358 1100 3412; x_wconf 89' lang='lat' dir='ltr'><strong><em>enim</em></strong></span> <span class='ocrx_word' id='word_1_516' title='bbox 1123 3357 1354 3411; x_wconf 87' lang='lat' dir='ltr'><strong><em>homines</em></strong></span> <span class='ocrx_word' id='word_1_517' title='bbox 1380 3358 1682 3426; x_wconf 88' lang='lat' dir='ltr'><strong><em>semetipsos</em></strong></span> <span class='ocrx_word' id='word_1_518' title='bbox 1707 3366 1959 3423; x_wconf 88' lang='lat' dir='ltr'><strong><em>amantes,</em></strong></span> <span class='ocrx_word' id='word_1_519' title='bbox 1989 3371 2074 3410; x_wconf 85' lang='lat' dir='ltr'><strong><em>cu-</em></strong></span> 
     </span>
    </p>
   </div>
   <div class='ocr_carea' id='block_1_67' title="bbox 493 3445 2069 3518">
    <p class='ocr_par' dir='ltr' id='par_1_67' title="bbox 493 3445 2069 3518">
     <span class='ocr_line' id='line_1_67' title="bbox 493 3445 2069 3518; baseline 0.001 -18"><span class='ocrx_word' id='word_1_520' title='bbox 493 3447 621 3518; x_wconf 87' lang='lat' dir='ltr'><strong><em>pidi,</em></strong></span> <span class='ocrx_word' id='word_1_521' title='bbox 653 3445 797 3508; x_wconf 90' lang='lat' dir='ltr'><strong><em>elati,</em></strong></span> <span class='ocrx_word' id='word_1_522' title='bbox 828 3445 1059 3514; x_wconf 87' lang='lat' dir='ltr'><strong><em>superbi,</em></strong></span> <span class='ocrx_word' id='word_1_523' title='bbox 1085 3445 1397 3514; x_wconf 89' lang='lat' dir='ltr'><strong><em>blasphemi,</em></strong></span> <span class='ocrx_word' id='word_1_524' title='bbox 1427 3445 1724 3517; x_wconf 85' lang='lat' dir='ltr'><strong><em>parentibus</em></strong></span> <span class='ocrx_word' id='word_1_525' title='bbox 1766 3448 2069 3502; x_wconf 86' lang='lat' dir='ltr'><strong><em>inobedien&#39;-</em></strong></span> 
     </span>
    </p>
   </div>
   <div class='ocr_carea' id='block_1_68' title="bbox 493 3534 2090 3606">
    <p class='ocr_par' dir='ltr' id='par_1_68' title="bbox 493 3534 2090 3606">
     <span class='ocr_line' id='line_1_68' title="bbox 493 3534 2090 3606; baseline 0.002 -17"><span class='ocrx_word' id='word_1_526' title='bbox 493 3544 590 3600; x_wconf 88' lang='lat' dir='ltr'><strong><em>tes,</em></strong></span> <span class='ocrx_word' id='word_1_527' title='bbox 616 3535 833 3606; x_wconf 84' lang='lat' dir='ltr'><strong><em>ingrati,</em></strong></span> <span class='ocrx_word' id='word_1_528' title='bbox 861 3534 1085 3599; x_wconf 90' lang='lat' dir='ltr'><strong><em>scelesti,</em></strong></span> <span class='ocrx_word' id='word_1_529' title='bbox 1113 3535 1226 3589; x_wconf 90' lang='lat' dir='ltr'><strong><em>sine</em></strong></span> <span class='ocrx_word' id='word_1_530' title='bbox 1257 3536 1546 3603; x_wconf 82' lang='lat' dir='ltr'><strong><em>affectione,</em></strong></span> <span class='ocrx_word' id='word_1_531' title='bbox 1576 3536 1972 3600; x_wconf 85' lang='lat' dir='ltr'><strong><em>incontinentes,</em></strong></span> <span class='ocrx_word' id='word_1_532' title='bbox 1991 3535 2090 3592; x_wconf 87' lang='lat' dir='ltr'><strong><em>im-</em></strong></span> 
     </span>
    </p>
   </div>
   <div class='ocr_carea' id='block_1_69' title="bbox 491 3629 2069 3701">
    <p class='ocr_par' dir='ltr' id='par_1_69' title="bbox 491 3629 2069 3701">
     <span class='ocr_line' id='line_1_69' title="bbox 491 3629 2069 3701; baseline -0.001 -16"><span class='ocrx_word' id='word_1_533' title='bbox 491 3632 662 3693; x_wconf 90' lang='lat' dir='ltr'><strong><em>mites,</em></strong></span> <span class='ocrx_word' id='word_1_534' title='bbox 705 3631 818 3684; x_wconf 88' lang='lat' dir='ltr'><strong><em>sine</em></strong></span> <span class='ocrx_word' id='word_1_535' title='bbox 862 3629 1195 3700; x_wconf 89' lang='lat' dir='ltr'><strong><em>benignitate,</em></strong></span> <span class='ocrx_word' id='word_1_536' title='bbox 1239 3630 1559 3701; x_wconf 82' lang='lat' dir='ltr'><strong><em>proditores,</em></strong></span> <span class='ocrx_word' id='word_1_537' title='bbox 1589 3630 1834 3700; x_wconf 83' lang='lat' dir='ltr'><strong><em>protervi,</em></strong></span> <span class='ocrx_word' id='word_1_538' title='bbox 1867 3629 2069 3695; x_wconf 87' lang='lat' dir='ltr'><strong><em>tumidi,</em></strong></span> 
     </span>
    </p>
   </div>
   <div class='ocr_carea' id='block_1_70' title="bbox 493 3719 2073 3792">
    <p class='ocr_par' dir='ltr' id='par_1_70' title="bbox 493 3719 2073 3792">
     <span class='ocr_line' id='line_1_70' title="bbox 493 3719 2073 3792; baseline -0.002 -16"><span class='ocrx_word' id='word_1_539' title='bbox 493 3723 810 3792; x_wconf 86' lang='lat' dir='ltr'><strong><em>voluptatum</em></strong></span> <span class='ocrx_word' id='word_1_540' title='bbox 857 3730 1116 3775; x_wconf 87' lang='lat' dir='ltr'><strong><em>amatores</em></strong></span> <span class='ocrx_word' id='word_1_541' title='bbox 1142 3721 1311 3792; x_wconf 85' lang='lat' dir='ltr'><strong><em>magis</em></strong></span> <span class='ocrx_word' id='word_1_542' title='bbox 1353 3737 1508 3791; x_wconf 89' lang='lat' dir='ltr'><strong><em>quam</em></strong></span> <span class='ocrx_word' id='word_1_543' title='bbox 1536 3719 1656 3785; x_wconf 87' lang='lat' dir='ltr'><strong><em>Dei,</em></strong></span> <span class='ocrx_word' id='word_1_544' title='bbox 1687 3719 1932 3774; x_wconf 89' lang='lat' dir='ltr'><strong><em>habentes</em></strong></span> <span class='ocrx_word' id='word_1_545' title='bbox 1959 3719 2073 3790; x_wconf 89' lang='lat' dir='ltr'><strong><em>qui-</em></strong></span> 
     </span>
    </p>
   </div>
   <div class='ocr_carea' id='block_1_71' title="bbox 493 3807 2067 3882">
    <p class='ocr_par' dir='ltr' id='par_1_71' title="bbox 493 3807 2067 3882">
     <span class='ocr_line' id='line_1_71' title="bbox 493 3807 2067 3882; baseline -0.001 -16"><span class='ocrx_word' id='word_1_546' title='bbox 493 3811 608 3866; x_wconf 85' lang='lat' dir='ltr'><strong><em>dem</em></strong></span> <span class='ocrx_word' id='word_1_547' title='bbox 635 3811 852 3882; x_wconf 89' lang='lat' dir='ltr'><strong><em>speciem</em></strong></span> <span class='ocrx_word' id='word_1_548' title='bbox 877 3811 1104 3881; x_wconf 87' lang='lat' dir='ltr'><strong><em>pietatis,</em></strong></span> <span class='ocrx_word' id='word_1_549' title='bbox 1127 3811 1360 3866; x_wconf 89' lang='lat' dir='ltr'><strong><em>virtutem</em></strong></span> <span class='ocrx_word' id='word_1_550' title='bbox 1383 3819 1553 3866; x_wconf 88' lang='lat' dir='ltr'><strong><em>autem</em></strong></span> <span class='ocrx_word' id='word_1_551' title='bbox 1595 3811 1707 3881; x_wconf 87' lang='lat' dir='ltr'><strong><em>ejus</em></strong></span> <span class='ocrx_word' id='word_1_552' title='bbox 1736 3807 2067 3881; x_wconf 86' lang='lat' dir='ltr'><strong><em>abnegantes.</em></strong></span> 
     </span>
    </p>
   </div>
   <div class='ocr_carea' id='block_1_72' title="bbox 491 3900 2070 3974">
    <p class='ocr_par' dir='ltr' id='par_1_72' title="bbox 491 3900 2070 3974">
     <span class='ocr_line' id='line_1_72' title="bbox 491 3900 2070 3974; baseline -0.001 -16"><span class='ocrx_word' id='word_1_553' title='bbox 491 3901 562 3958; x_wconf 84' lang='lat' dir='ltr'><strong><em>Et</em></strong></span> <span class='ocrx_word' id='word_1_554' title='bbox 583 3903 674 3958; x_wconf 89' lang='lat' dir='ltr'><strong><em>hos</em></strong></span> <span class='ocrx_word' id='word_1_555' title='bbox 702 3902 870 3956; x_wconf 89' lang='lat' dir='ltr'><strong><em>devita</em></strong></span> <span class='ocrx_word' id='word_1_556' title='bbox 893 3900 985 3972; x_wconf 83' lang='lat' dir='ltr'><strong><em>(ll</em></strong></span> <span class='ocrx_word' id='word_1_557' title='bbox 1013 3900 1146 3958; x_wconf 89' lang='lat' dir='ltr'><strong><em>Tim.</em></strong></span> <span class='ocrx_word' id='word_1_558' title='bbox 1173 3917 1252 3968; x_wconf 87' lang='grc' dir='ltr'><strong>ιιι,</strong></span> <span class='ocrx_word' id='word_1_559' title='bbox 1282 3901 1305 3955; x_wconf 76' lang='grc'>1</span> <span class='ocrx_word' id='word_1_560' title='bbox 1330 3943 1346 3971; x_wconf 94' lang='grc'><strong><em>,</em></strong></span> <span class='ocrx_word' id='word_1_561' title='bbox 1394 3901 1471 3972; x_wconf 88' lang='lat'><strong>5).</strong></span> <span class='ocrx_word' id='word_1_562' title='bbox 1505 3900 1678 3974; x_wconf 90' lang='lat' dir='ltr'><strong><em>(Sicut</em></strong></span> <span class='ocrx_word' id='word_1_563' title='bbox 1723 3910 1778 3956; x_wconf 93' lang='lat' dir='ltr'><strong><em>et</em></strong></span> <span class='ocrx_word' id='word_1_564' title='bbox 1805 3901 2070 3970; x_wconf 80' lang='lat' dir='ltr'><strong><em>propheta</em></strong></span> 
     </span>
    </p>
   </div>
   <div class='ocr_carea' id='block_1_73' title="bbox 491 3993 2072 4066">
    <p class='ocr_par' dir='ltr' id='par_1_73' title="bbox 491 3993 2072 4066">
     <span class='ocr_line' id='line_1_73' title="bbox 491 3993 2072 4066; baseline -0.003 -16"><span class='ocrx_word' id='word_1_565' title='bbox 491 3995 621 4050; x_wconf 86' lang='lat' dir='ltr'><strong><em>dicit</em></strong></span> <span class='ocrx_word' id='word_1_566' title='bbox 647 4011 660 4048; x_wconf 90' lang='lat'><strong>:</strong></span> <span class='ocrx_word' id='word_1_567' title='bbox 694 3994 846 4048; x_wconf 88' lang='lat' dir='ltr'><strong><em>0divi</em></strong></span> <span class='ocrx_word' id='word_1_568' title='bbox 873 3993 1140 4048; x_wconf 88' lang='lat' dir='ltr'><strong><em>ecclesiam</em></strong></span> <span class='ocrx_word' id='word_1_569' title='bbox 1165 3993 1528 4066; x_wconf 86' lang='lat' dir='ltr'><strong><em>malignorum,</em></strong></span> <span class='ocrx_word' id='word_1_570' title='bbox 1558 4003 1742 4048; x_wconf 88' lang='lat' dir='ltr'><strong><em>etcum</em></strong></span> <span class='ocrx_word' id='word_1_571' title='bbox 1769 3993 1944 4062; x_wconf 89' lang='lat' dir='ltr'><strong><em>impiis</em></strong></span> <span class='ocrx_word' id='word_1_572' title='bbox 1967 4007 2072 4045; x_wconf 87' lang='lat' dir='ltr'><strong><em>non</em></strong></span> 
     </span>
    </p>
   </div>
   <div class='ocr_carea' id='block_1_74' title="bbox 490 4082 2073 4160">
    <p class='ocr_par' dir='ltr' id='par_1_74' title="bbox 490 4082 2073 4160">
     <span class='ocr_line' id='line_1_74' title="bbox 490 4082 2073 4160; baseline -0.002 -20"><span class='ocrx_word' id='word_1_573' title='bbox 490 4085 674 4141; x_wconf 85' lang='lat' dir='ltr'><strong><em>sedebo</em></strong></span> <span class='ocrx_word' id='word_1_574' title='bbox 696 4085 870 4160; x_wconf 89' lang='lat' dir='ltr'><strong><em>[Psal.</em></strong></span> <span class='ocrx_word' id='word_1_575' title='bbox 894 4101 1022 4154; x_wconf 88' lang='lat' dir='ltr'><strong><em>xxv,</em></strong></span> <span class='ocrx_word' id='word_1_576' title='bbox 1050 4083 1106 4157; x_wconf 86' lang='lat'><strong><em>5]</em></strong></span> <span class='ocrx_word' id='word_1_577' title='bbox 1139 4086 1178 4154; x_wconf 92' lang='lat'><strong><em>).</em></strong></span> <span class='ocrx_word' id='word_1_578' title='bbox 1212 4083 1280 4138; x_wconf 87' lang='lat' dir='ltr'><strong><em>Et</em></strong></span> <span class='ocrx_word' id='word_1_579' title='bbox 1308 4093 1430 4154; x_wconf 89' lang='lat' dir='ltr'><strong><em>post</em></strong></span> <span class='ocrx_word' id='word_1_580' title='bbox 1457 4083 1728 4155; x_wconf 88' lang='lat' dir='ltr'><strong><em>aliquanta</em></strong></span> <span class='ocrx_word' id='word_1_581' title='bbox 1752 4082 1916 4153; x_wconf 92' lang='lat' dir='ltr'><strong><em>(quod</em></strong></span> <span class='ocrx_word' id='word_1_582' title='bbox 1945 4097 2073 4138; x_wconf 89' lang='lat' dir='ltr'><strong><em>nos-</em></strong></span> 
     </span>
    </p>
   </div>
   <div class='ocr_carea' id='block_1_75' title="bbox 491 4173 2073 4248">
    <p class='ocr_par' dir='ltr' id='par_1_75' title="bbox 491 4173 2073 4248">
     <span class='ocr_line' id='line_1_75' title="bbox 491 4173 2073 4248; baseline -0.002 -17"><span class='ocrx_word' id='word_1_583' title='bbox 491 4185 577 4233; x_wconf 91' lang='lat' dir='ltr'><strong><em>tro</em></strong></span> <span class='ocrx_word' id='word_1_584' title='bbox 606 4185 848 4248; x_wconf 87' lang='lat' dir='ltr'><strong><em>tempore</em></strong></span> <span class='ocrx_word' id='word_1_585' title='bbox 868 4175 1115 4232; x_wconf 84' lang='lat' dir='ltr'><strong><em>videmus</em></strong></span> <span class='ocrx_word' id='word_1_586' title='bbox 1141 4173 1430 4244; x_wconf 87' lang='lat' dir='ltr'><strong><em>pullulare)</em></strong></span> <span class='ocrx_word' id='word_1_587' title='bbox 1456 4173 1532 4228; x_wconf 91' lang='lat' dir='ltr'><strong><em>ait</em></strong></span> <span class='ocrx_word' id='word_1_588' title='bbox 1565 4191 1578 4226; x_wconf 91' lang='lat'><strong>:</strong></span> <span class='ocrx_word' id='word_1_589' title='bbox 1614 4173 1832 4244; x_wconf 86' lang='lat' dir='ltr'><strong><em>Semper</em></strong></span> <span class='ocrx_word' id='word_1_590' title='bbox 1869 4173 2073 4228; x_wconf 87' lang='lat' dir='ltr'><strong><em>discen-</em></strong></span> 
     </span>
    </p>
   </div>
   <div class='ocr_carea' id='block_1_76' title="bbox 493 4261 2068 4336">
    <p class='ocr_par' dir='ltr' id='par_1_76' title="bbox 493 4261 2068 4336">
     <span class='ocr_line' id='line_1_76' title="bbox 493 4261 2068 4336; baseline 0 -16"><span class='ocrx_word' id='word_1_591' title='bbox 493 4275 589 4332; x_wconf 92' lang='lat' dir='ltr'><strong><em>tes,</em></strong></span> <span class='ocrx_word' id='word_1_592' title='bbox 628 4275 678 4320; x_wconf 93' lang='lat' dir='ltr'><strong><em>et</em></strong></span> <span class='ocrx_word' id='word_1_593' title='bbox 722 4280 986 4336; x_wconf 86' lang='lat' dir='ltr'><strong><em>nunquam</em></strong></span> <span class='ocrx_word' id='word_1_594' title='bbox 1027 4261 1097 4316; x_wconf 84' lang='lat' dir='ltr'><strong><em>ad</em></strong></span> <span class='ocrx_word' id='word_1_595' title='bbox 1141 4263 1412 4316; x_wconf 85' lang='lat' dir='ltr'><strong><em>scientiam</em></strong></span> <span class='ocrx_word' id='word_1_596' title='bbox 1441 4263 1672 4316; x_wconf 87' lang='lat' dir='ltr'><strong><em>veritatis</em></strong></span> <span class='ocrx_word' id='word_1_597' title='bbox 1699 4265 2068 4334; x_wconf 88' lang='lat' dir='ltr'><strong><em>pervenientes.</em></strong></span> 
     </span>
    </p>
   </div>
   <div class='ocr_carea' id='block_1_77' title="bbox 495 4349 2074 4418">
    <p class='ocr_par' dir='ltr' id='par_1_77' title="bbox 495 4349 2074 4418">
     <span class='ocr_line' id='line_1_77' title="bbox 495 4349 2074 4418; baseline 0 -11"><span class='ocrx_word' id='word_1_598' title='bbox 495 4353 939 4418; x_wconf 76' lang='lat' dir='ltr'><strong><em>Quemadmodum</em></strong></span> <span class='ocrx_word' id='word_1_599' title='bbox 983 4352 1121 4406; x_wconf 88' lang='lat' dir='ltr'><strong><em>enim</em></strong></span> <span class='ocrx_word' id='word_1_600' title='bbox 1155 4349 1386 4406; x_wconf 77' lang='lat' dir='ltr'><strong><em>Joannes</em></strong></span> <span class='ocrx_word' id='word_1_601' title='bbox 1413 4361 1462 4405; x_wconf 91' lang='lat' dir='ltr'><strong><em>et</em></strong></span> <span class='ocrx_word' id='word_1_602' title='bbox 1488 4349 1750 4405; x_wconf 77' lang='lat' dir='ltr'><strong><em>Mambres</em></strong></span> <span class='ocrx_word' id='word_1_603' title='bbox 1778 4354 2074 4408; x_wconf 89' lang='lat' dir='ltr'><strong><em>restiterunt</em></strong></span> 
     </span>
    </p>
   </div>
   <div class='ocr_carea' id='block_1_78' title="bbox 492 4440 2146 4537">
    <p class='ocr_par' dir='ltr' id='par_1_78' title="bbox 492 4440 2146 4537">
     <span class='ocr_line' id='line_1_78' title="bbox 492 4440 2146 4537; baseline -0.001 -39"><span class='ocrx_word' id='word_1_604' title='bbox 492 4441 699 4514; x_wconf 65' lang='lat' dir='ltr'><strong><em>Moysi;</em></strong></span> <span class='ocrx_word' id='word_1_605' title='bbox 731 4443 806 4496; x_wconf 91' lang='lat' dir='ltr'><strong><em>ita</em></strong></span> <span class='ocrx_word' id='word_1_606' title='bbox 829 4449 878 4496; x_wconf 90' lang='lat' dir='ltr'><strong><em>et</em></strong></span> <span class='ocrx_word' id='word_1_607' title='bbox 918 4441 1007 4495; x_wconf 91' lang='lat' dir='ltr'><strong><em>isti</em></strong></span> <span class='ocrx_word' id='word_1_608' title='bbox 1051 4441 1296 4496; x_wconf 89' lang='lat' dir='ltr'><strong><em>resistunt</em></strong></span> <span class='ocrx_word' id='word_1_609' title='bbox 1321 4440 1543 4508; x_wconf 87' lang='lat' dir='ltr'><strong><em>veritati,</em></strong></span> <span class='ocrx_word' id='word_1_610' title='bbox 1574 4440 1804 4496; x_wconf 88' lang='lat' dir='ltr'><strong><em>homines</em></strong></span> <span class='ocrx_word' id='word_1_611' title='bbox 1841 4445 2070 4537; x_wconf 72' lang='lat' dir='ltr'><strong><em>corrupti</em></strong></span> <span class='ocrx_word' id='word_1_612' title='bbox 2100 4479 2146 4537; x_wconf 72' lang='grc' dir='ltr'><strong>ο</strong></span> 
     </span>
    </p>
   </div>
   <div class='ocr_carea' id='block_1_79' title="bbox 489 4521 2068 4602">
    <p class='ocr_par' dir='ltr' id='par_1_79' title="bbox 489 4521 2068 4602">
     <span class='ocr_line' id='line_1_79' title="bbox 489 4521 2068 4602; baseline -0.002 -13"><span class='ocrx_word' id='word_1_613' title='bbox 489 4541 682 4596; x_wconf 85' lang='lat' dir='ltr'><strong><em>mente,</em></strong></span> <span class='ocrx_word' id='word_1_614' title='bbox 706 4531 912 4602; x_wconf 87' lang='lat' dir='ltr'><strong><em>reprobi</em></strong></span> <span class='ocrx_word' id='word_1_615' title='bbox 932 4533 1073 4584; x_wconf 88' lang='lat' dir='ltr'><strong><em>circa</em></strong></span> <span class='ocrx_word' id='word_1_616' title='bbox 1115 4529 1274 4600; x_wconf 85' lang='lat' dir='ltr'><strong><em>fidem</em></strong></span> <span class='ocrx_word' id='word_1_617' title='bbox 1290 4546 1309 4595; x_wconf 90' lang='lat'><em>;</em></span> <span class='ocrx_word' id='word_1_618' title='bbox 1336 4529 1428 4584; x_wconf 88' lang='lat' dir='ltr'><strong><em>sed</em></strong></span> <span class='ocrx_word' id='word_1_619' title='bbox 1453 4530 1594 4596; x_wconf 83' lang='lat' dir='ltr'><strong><em>ultra</em></strong></span> <span class='ocrx_word' id='word_1_620' title='bbox 1622 4546 1726 4585; x_wconf 90' lang='lat' dir='ltr'><strong><em>non</em></strong></span> <span class='ocrx_word' id='word_1_621' title='bbox 1754 4521 2068 4602; x_wconf 79' lang='lat' dir='ltr'><strong><em>proficient:</em></strong></span> 
     </span>
    </p>
   </div>
   <div class='ocr_carea' id='block_1_80' title="bbox 490 4621 2071 4696">
    <p class='ocr_par' dir='ltr' id='par_1_80' title="bbox 490 4621 2071 4696">
     <span class='ocr_line' id='line_1_80' title="bbox 490 4621 2071 4696; baseline -0.003 -14"><span class='ocrx_word' id='word_1_622' title='bbox 490 4625 793 4696; x_wconf 87' lang='lat' dir='ltr'><strong><em>insipientia</em></strong></span> <span class='ocrx_word' id='word_1_623' title='bbox 822 4625 960 4678; x_wconf 88' lang='lat' dir='ltr'><strong><em>enim</em></strong></span> <span class='ocrx_word' id='word_1_624' title='bbox 1008 4639 1184 4678; x_wconf 88' lang='lat' dir='ltr'><strong><em>eorum</em></strong></span> <span class='ocrx_word' id='word_1_625' title='bbox 1210 4623 1490 4694; x_wconf 89' lang='lat' dir='ltr'><strong><em>manifesta</em></strong></span> <span class='ocrx_word' id='word_1_626' title='bbox 1523 4623 1623 4678; x_wconf 89' lang='lat' dir='ltr'><strong><em>erit</em></strong></span> <span class='ocrx_word' id='word_1_627' title='bbox 1650 4621 1908 4692; x_wconf 90' lang='lat' dir='ltr'><strong><em>omnibus,</em></strong></span> <span class='ocrx_word' id='word_1_628' title='bbox 1935 4623 2071 4678; x_wconf 82' lang='lat' dir='ltr'><strong><em>sicut</em></strong></span> 
     </span>
    </p>
   </div>
   <div class='ocr_carea' id='block_1_81' title="bbox 489 4714 2074 4789">
    <p class='ocr_par' dir='ltr' id='par_1_81' title="bbox 489 4714 2074 4789">
     <span class='ocr_line' id='line_1_81' title="bbox 489 4714 2074 4789; baseline -0.001 -16"><span class='ocrx_word' id='word_1_629' title='bbox 489 4726 541 4774; x_wconf 90' lang='lat' dir='ltr'><strong><em>et</em></strong></span> <span class='ocrx_word' id='word_1_630' title='bbox 561 4717 769 4772; x_wconf 89' lang='lat' dir='ltr'><strong><em>illorum</em></strong></span> <span class='ocrx_word' id='word_1_631' title='bbox 805 4718 906 4789; x_wconf 89' lang='lat' dir='ltr'><strong><em>fuit</em></strong></span> <span class='ocrx_word' id='word_1_632' title='bbox 953 4714 1042 4788; x_wconf 84' lang='grc'><strong><em>(11</em></strong></span> <span class='ocrx_word' id='word_1_633' title='bbox 1071 4715 1207 4770; x_wconf 87' lang='lat' dir='ltr'><strong><em>Tim.</em></strong></span> <span class='ocrx_word' id='word_1_634' title='bbox 1245 4731 1323 4782; x_wconf 88' lang='grc' dir='ltr'><strong>ιιι,</strong></span> <span class='ocrx_word' id='word_1_635' title='bbox 1353 4715 1424 4786; x_wconf 37' lang='grc'><strong><em>7,,</em></strong></span> <span class='ocrx_word' id='word_1_636' title='bbox 1446 4714 1524 4783; x_wconf 83' lang='lat'><strong><em>9).</em></strong></span> <span class='ocrx_word' id='word_1_637' title='bbox 1557 4715 1768 4772; x_wconf 88' lang='lat' dir='ltr'><strong><em>Etenim</em></strong></span> <span class='ocrx_word' id='word_1_638' title='bbox 1795 4717 2074 4772; x_wconf 89' lang='lat' dir='ltr'><strong><em>evidenter</em></strong></span> 
     </span>
    </p>
   </div>
   <div class='ocr_carea' id='block_1_82' title="bbox 489 4803 2071 4876">
    <p class='ocr_par' dir='ltr' id='par_1_82' title="bbox 489 4803 2071 4876">
     <span class='ocr_line' id='line_1_82' title="bbox 489 4803 2071 4876; baseline -0.001 -12"><span class='ocrx_word' id='word_1_639' title='bbox 489 4807 747 4875; x_wconf 87' lang='lat' dir='ltr'><strong><em>ostendit,</em></strong></span> <span class='ocrx_word' id='word_1_640' title='bbox 775 4806 1005 4876; x_wconf 87' lang='lat' dir='ltr'><strong><em>qualiter</em></strong></span> <span class='ocrx_word' id='word_1_641' title='bbox 1032 4821 1092 4862; x_wconf 90' lang='lat' dir='ltr'><strong><em>se</em></strong></span> <span class='ocrx_word' id='word_1_642' title='bbox 1117 4805 1410 4862; x_wconf 83' lang='lat' dir='ltr'><strong><em>exhibeant</em></strong></span> <span class='ocrx_word' id='word_1_643' title='bbox 1430 4803 1610 4862; x_wconf 80' lang='lat' dir='ltr'><strong><em>olﬂcio</em></strong></span> <span class='ocrx_word' id='word_1_644' title='bbox 1636 4806 1970 4876; x_wconf 87' lang='lat' dir='ltr'><strong><em>sacerdotes,</em></strong></span> <span class='ocrx_word' id='word_1_645' title='bbox 1997 4810 2071 4863; x_wconf 87' lang='lat' dir='ltr'><strong><em>ita</em></strong></span> 
     </span>
    </p>
   </div>
   <div class='ocr_carea' id='block_1_83' title="bbox 490 4895 2070 4968">
    <p class='ocr_par' dir='ltr' id='par_1_83' title="bbox 490 4895 2070 4968">
     <span class='ocr_line' id='line_1_83' title="bbox 490 4895 2070 4968; baseline -0.001 -14"><span class='ocrx_word' id='word_1_646' title='bbox 490 4898 559 4954; x_wconf 82' lang='lat' dir='ltr'><strong><em>ad</em></strong></span> <span class='ocrx_word' id='word_1_647' title='bbox 587 4895 764 4952; x_wconf 88' lang='lat' dir='ltr'><strong><em>Titum</em></strong></span> <span class='ocrx_word' id='word_1_648' title='bbox 795 4896 1037 4954; x_wconf 88' lang='lat' dir='ltr'><strong><em>scribens</em></strong></span> <span class='ocrx_word' id='word_1_649' title='bbox 1065 4913 1080 4950; x_wconf 89' lang='lat'><strong>:</strong></span> <span class='ocrx_word' id='word_1_650' title='bbox 1110 4895 1183 4950; x_wconf 85' lang='lat' dir='ltr'><strong><em>Te</em></strong></span> <span class='ocrx_word' id='word_1_651' title='bbox 1206 4898 1376 4968; x_wconf 88' lang='lat' dir='ltr'><strong><em>ipsum</em></strong></span> <span class='ocrx_word' id='word_1_652' title='bbox 1403 4895 1575 4968; x_wconf 80' lang='lat' dir='ltr'><strong><em>prtebe</em></strong></span> <span class='ocrx_word' id='word_1_653' title='bbox 1603 4899 1893 4968; x_wconf 75' lang='lat' dir='ltr'><strong><em>exemplum</em></strong></span> <span class='ocrx_word' id='word_1_654' title='bbox 1915 4896 2070 4952; x_wconf 89' lang='lat' dir='ltr'><strong><em>bono-</em></strong></span> 
     </span>
    </p>
   </div>
   <div class='ocr_carea' id='block_1_84' title="bbox 489 4986 2064 5058">
    <p class='ocr_par' dir='ltr' id='par_1_84' title="bbox 489 4986 2064 5058">
     <span class='ocr_line' id='line_1_84' title="bbox 489 4986 2064 5058; baseline -0.001 -15"><span class='ocrx_word' id='word_1_655' title='bbox 489 5003 607 5043; x_wconf 85' lang='lat' dir='ltr'><strong><em>rum</em></strong></span> <span class='ocrx_word' id='word_1_656' title='bbox 629 5002 864 5058; x_wconf 89' lang='lat' dir='ltr'><strong><em>operum,</em></strong></span> <span class='ocrx_word' id='word_1_657' title='bbox 883 4988 938 5042; x_wconf 91' lang='lat' dir='ltr'><strong><em>in</em></strong></span> <span class='ocrx_word' id='word_1_658' title='bbox 967 4986 1236 5054; x_wconf 88' lang='lat' dir='ltr'><strong><em>doctrina,</em></strong></span> <span class='ocrx_word' id='word_1_659' title='bbox 1263 4987 1320 5040; x_wconf 86' lang='lat' dir='ltr'><strong><em>in</em></strong></span> <span class='ocrx_word' id='word_1_660' title='bbox 1339 4986 1658 5056; x_wconf 88' lang='lat' dir='ltr'><strong><em>integritate,</em></strong></span> <span class='ocrx_word' id='word_1_661' title='bbox 1687 4988 1744 5040; x_wconf 89' lang='lat' dir='ltr'><strong><em>in</em></strong></span> <span class='ocrx_word' id='word_1_662' title='bbox 1790 4989 2064 5058; x_wconf 89' lang='lat' dir='ltr'><strong><em>gravitate,</em></strong></span> 
     </span>
    </p>
   </div>
   <div class='ocr_carea' id='block_1_85' title="bbox 486 5074 2067 5150">
    <p class='ocr_par' dir='ltr' id='par_1_85' title="bbox 486 5074 2067 5150">
     <span class='ocr_line' id='line_1_85' title="bbox 486 5074 2067 5150; baseline 0.001 -18"><span class='ocrx_word' id='word_1_663' title='bbox 486 5075 694 5133; x_wconf 86' lang='lat' dir='ltr'><strong><em>verbum</em></strong></span> <span class='ocrx_word' id='word_1_664' title='bbox 744 5093 927 5131; x_wconf 90' lang='lat' dir='ltr'><strong><em>sanum</em></strong></span> <span class='ocrx_word' id='word_1_665' title='bbox 962 5075 1178 5140; x_wconf 86' lang='lat' dir='ltr'><strong><em>habens,</em></strong></span> <span class='ocrx_word' id='word_1_666' title='bbox 1208 5074 1689 5146; x_wconf 87' lang='lat' dir='ltr'><strong><em>irrepreltensibile;</em></strong></span> <span class='ocrx_word' id='word_1_667' title='bbox 1718 5086 1776 5130; x_wconf 89' lang='lat' dir='ltr'><strong><em>ut</em></strong></span> <span class='ocrx_word' id='word_1_668' title='bbox 1818 5079 1866 5132; x_wconf 92' lang='lat' dir='ltr'><strong><em>is</em></strong></span> <span class='ocrx_word' id='word_1_669' title='bbox 1892 5079 1979 5150; x_wconf 85' lang='lat' dir='ltr'><strong><em>qui</em></strong></span> <span class='ocrx_word' id='word_1_670' title='bbox 2001 5094 2067 5133; x_wconf 81' lang='lat' dir='ltr'><strong><em>ea:</em></strong></span> 
     </span>
    </p>
   </div>
   <div class='ocr_carea' id='block_1_86' title="bbox 487 5165 2069 5234">
    <p class='ocr_par' dir='ltr' id='par_1_86' title="bbox 487 5165 2069 5234">
     <span class='ocr_line' id='line_1_86' title="bbox 487 5165 2069 5234; baseline 0 -12"><span class='ocrx_word' id='word_1_671' title='bbox 487 5165 702 5222; x_wconf 83' lang='lat' dir='ltr'><strong><em>adverso</em></strong></span> <span class='ocrx_word' id='word_1_672' title='bbox 723 5175 817 5233; x_wconf 91' lang='lat' dir='ltr'><strong><em>est,</em></strong></span> <span class='ocrx_word' id='word_1_673' title='bbox 841 5175 1076 5221; x_wconf 85' lang='lat' dir='ltr'><strong><em>vereatur</em></strong></span> <span class='ocrx_word' id='word_1_674' title='bbox 1092 5207 1108 5234; x_wconf 97' lang='lat'><strong><em>,</em></strong></span> <span class='ocrx_word' id='word_1_675' title='bbox 1139 5165 1338 5220; x_wconf 89' lang='lat' dir='ltr'><strong><em>nullum</em></strong></span> <span class='ocrx_word' id='word_1_676' title='bbox 1365 5167 1560 5220; x_wconf 88' lang='lat' dir='ltr'><strong><em>malum</em></strong></span> <span class='ocrx_word' id='word_1_677' title='bbox 1581 5167 1774 5222; x_wconf 88' lang='lat' dir='ltr'><strong><em>habens</em></strong></span> <span class='ocrx_word' id='word_1_678' title='bbox 1806 5166 1976 5223; x_wconf 89' lang='lat' dir='ltr'><strong><em>dicere</em></strong></span> <span class='ocrx_word' id='word_1_679' title='bbox 2002 5169 2069 5222; x_wconf 91' lang='lat' dir='ltr'><strong><em>de</em></strong></span> 
     </span>
    </p>
   </div>
   <div class='ocr_carea' id='block_1_87' title="bbox 487 5256 2069 5331">
    <p class='ocr_par' dir='ltr' id='par_1_87' title="bbox 487 5256 2069 5331">
     <span class='ocr_line' id='line_1_87' title="bbox 487 5256 2069 5331; baseline 0.001 -17"><span class='ocrx_word' id='word_1_680' title='bbox 487 5257 638 5316; x_wconf 81' lang='lat' dir='ltr'><strong><em>nobis</em></strong></span> <span class='ocrx_word' id='word_1_681' title='bbox 659 5257 787 5331; x_wconf 89' lang='lat' dir='ltr'><strong><em>(Tit.</em></strong></span> <span class='ocrx_word' id='word_1_682' title='bbox 820 5273 880 5322; x_wconf 89' lang='grc' dir='ltr'><strong><em>ιι,</em></strong></span> <span class='ocrx_word' id='word_1_683' title='bbox 911 5258 962 5324; x_wconf 90' lang='lat'><strong><em>7,</em></strong></span> <span class='ocrx_word' id='word_1_684' title='bbox 987 5257 1064 5324; x_wconf 89' lang='lat'><strong>8).</strong></span> <span class='ocrx_word' id='word_1_685' title='bbox 1097 5256 1166 5311; x_wconf 87' lang='lat' dir='ltr'><strong><em>Et</em></strong></span> <span class='ocrx_word' id='word_1_686' title='bbox 1201 5258 1392 5312; x_wconf 88' lang='lat' dir='ltr'><strong><em>iterum</em></strong></span> <span class='ocrx_word' id='word_1_687' title='bbox 1422 5257 1488 5312; x_wconf 91' lang='lat' dir='ltr'><strong><em>ad</em></strong></span> <span class='ocrx_word' id='word_1_688' title='bbox 1539 5257 1879 5315; x_wconf 89' lang='lat' dir='ltr'><strong><em>Timotheum</em></strong></span> <span class='ocrx_word' id='word_1_689' title='bbox 1911 5277 1930 5314; x_wconf 91' lang='lat'><strong><em>:</em></strong></span> <span class='ocrx_word' id='word_1_690' title='bbox 1960 5258 2069 5315; x_wconf 82' lang='lat' dir='ltr'><strong><em>La-</em></strong></span> 
     </span>
    </p>
   </div>
   <div class='ocr_carea' id='block_1_88' title="bbox 487 5347 2066 5417">
    <p class='ocr_par' dir='ltr' id='par_1_88' title="bbox 487 5347 2066 5417">
     <span class='ocr_line' id='line_1_88' title="bbox 487 5347 2066 5417; baseline 0.001 -12"><span class='ocrx_word' id='word_1_691' title='bbox 487 5349 634 5415; x_wconf 77' lang='lat' dir='ltr'><strong><em>boro,</em></strong></span> <span class='ocrx_word' id='word_1_692' title='bbox 665 5348 856 5417; x_wconf 87' lang='lat' dir='ltr'><strong><em>inquit,</em></strong></span> <span class='ocrx_word' id='word_1_693' title='bbox 883 5351 1015 5403; x_wconf 89' lang='lat' dir='ltr'><strong><em>sicut</em></strong></span> <span class='ocrx_word' id='word_1_694' title='bbox 1040 5348 1200 5403; x_wconf 89' lang='lat' dir='ltr'><strong><em>bonus</em></strong></span> <span class='ocrx_word' id='word_1_695' title='bbox 1225 5348 1367 5402; x_wconf 90' lang='lat' dir='ltr'><strong><em>miles</em></strong></span> <span class='ocrx_word' id='word_1_696' title='bbox 1387 5347 1581 5403; x_wconf 88' lang='lat' dir='ltr'><strong><em>Christi</em></strong></span> <span class='ocrx_word' id='word_1_697' title='bbox 1599 5348 1744 5404; x_wconf 82' lang='lat' dir='ltr'><strong><em>Jesu.</em></strong></span> <span class='ocrx_word' id='word_1_698' title='bbox 1770 5349 1938 5406; x_wconf 85' lang='lat' dir='ltr'><strong><em>Nemo</em></strong></span> <span class='ocrx_word' id='word_1_699' title='bbox 1967 5353 2066 5407; x_wconf 90' lang='lat' dir='ltr'><strong><em>mi-</em></strong></span> 
     </span>
    </p>
   </div>
   <div class='ocr_carea' id='block_1_89' title="bbox 486 5438 2062 5510">
    <p class='ocr_par' dir='ltr' id='par_1_89' title="bbox 486 5438 2062 5510">
     <span class='ocr_line' id='line_1_89' title="bbox 486 5438 2062 5510; baseline 0.001 -16"><span class='ocrx_word' id='word_1_700' title='bbox 486 5439 647 5494; x_wconf 85' lang='lat' dir='ltr'><strong><em>litans</em></strong></span> <span class='ocrx_word' id='word_1_701' title='bbox 675 5438 806 5504; x_wconf 88' lang='lat' dir='ltr'><strong><em>Deo,</em></strong></span> <span class='ocrx_word' id='word_1_702' title='bbox 832 5439 1065 5504; x_wconf 88' lang='lat' dir='ltr'><strong><em>implicat</em></strong></span> <span class='ocrx_word' id='word_1_703' title='bbox 1084 5454 1138 5492; x_wconf 88' lang='lat' dir='ltr'><strong><em>se</em></strong></span> <span class='ocrx_word' id='word_1_704' title='bbox 1161 5439 1377 5509; x_wconf 86' lang='lat' dir='ltr'><strong><em>negotiis</em></strong></span> <span class='ocrx_word' id='word_1_705' title='bbox 1401 5438 1753 5504; x_wconf 62' lang='lat' dir='ltr'><strong><em>saecularibus,</em></strong></span> <span class='ocrx_word' id='word_1_706' title='bbox 1777 5450 1836 5494; x_wconf 88' lang='lat' dir='ltr'><strong><em>ut</em></strong></span> <span class='ocrx_word' id='word_1_707' title='bbox 1859 5442 2062 5510; x_wconf 89' lang='lat' dir='ltr'><strong><em>placeat</em></strong></span> 
     </span>
    </p>
   </div>
   <div class='ocr_carea' id='block_1_90' title="bbox 485 5528 2061 5604">
    <p class='ocr_par' dir='ltr' id='par_1_90' title="bbox 485 5528 2061 5604">
     <span class='ocr_line' id='line_1_90' title="bbox 485 5528 2061 5604; baseline 0.002 -17"><span class='ocrx_word' id='word_1_708' title='bbox 485 5533 534 5587; x_wconf 86' lang='lat' dir='ltr'><strong><em>ei</em></strong></span> <span class='ocrx_word' id='word_1_709' title='bbox 553 5531 638 5586; x_wconf 88' lang='lat' dir='ltr'><strong><em>cui</em></strong></span> <span class='ocrx_word' id='word_1_710' title='bbox 655 5547 712 5586; x_wconf 86' lang='lat' dir='ltr'><strong><em>ss</em></strong></span> <span class='ocrx_word' id='word_1_711' title='bbox 737 5529 987 5602; x_wconf 85' lang='lat' dir='ltr'><strong><em>probavit.</em></strong></span> <span class='ocrx_word' id='word_1_712' title='bbox 1021 5528 1162 5584; x_wconf 88' lang='lat' dir='ltr'><strong><em>Nam</em></strong></span> <span class='ocrx_word' id='word_1_713' title='bbox 1185 5539 1233 5586; x_wconf 90' lang='lat' dir='ltr'><strong><em>et</em></strong></span> <span class='ocrx_word' id='word_1_714' title='bbox 1253 5533 1340 5592; x_wconf 84' lang='lat' dir='ltr'><strong><em>aui</em></strong></span> <span class='ocrx_word' id='word_1_715' title='bbox 1369 5531 1629 5586; x_wconf 86' lang='lat' dir='ltr'><strong><em>contendit</em></strong></span> <span class='ocrx_word' id='word_1_716' title='bbox 1656 5533 1711 5586; x_wconf 89' lang='lat' dir='ltr'><strong><em>in</em></strong></span> <span class='ocrx_word' id='word_1_717' title='bbox 1733 5549 1928 5604; x_wconf 85' lang='lat' dir='ltr'><strong><em>agone,</em></strong></span> <span class='ocrx_word' id='word_1_718' title='bbox 1952 5551 2061 5590; x_wconf 89' lang='lat' dir='ltr'><strong><em>non</em></strong></span> 
     </span>
    </p>
   </div>
   <div class='ocr_carea' id='block_1_91' title="bbox 2173 3168 3752 3237">
    <p class='ocr_par' dir='ltr' id='par_1_91' title="bbox 2173 3168 3752 3237">
     <span class='ocr_line' id='line_1_91' title="bbox 2173 3168 3752 3237; baseline 0.003 -12"><span class='ocrx_word' id='word_1_719' title='bbox 2173 3170 2600 3225; x_wconf 87' lang='lat' dir='ltr'><strong><em>resurrectionem</em></strong></span> <span class='ocrx_word' id='word_1_720' title='bbox 2621 3186 2656 3222; x_wconf 91' lang='lat' dir='ltr'><strong><em>a</em></strong></span> <span class='ocrx_word' id='word_1_721' title='bbox 2681 3170 2897 3224; x_wconf 90' lang='lat' dir='ltr'><strong><em>mortuis</em></strong></span> <span class='ocrx_word' id='word_1_722' title='bbox 2923 3168 3134 3224; x_wconf 88' lang='lat' dir='ltr'><strong><em>Domini</em></strong></span> <span class='ocrx_word' id='word_1_723' title='bbox 3163 3173 3327 3225; x_wconf 89' lang='lat' dir='ltr'><strong><em>nostri</em></strong></span> <span class='ocrx_word' id='word_1_724' title='bbox 3367 3169 3495 3226; x_wconf 76' lang='lat' dir='ltr'><strong><em>Iesu</em></strong></span> <span class='ocrx_word' id='word_1_725' title='bbox 3536 3171 3752 3237; x_wconf 89' lang='lat' dir='ltr'><strong><em>Christi.</em></strong></span> 
     </span>
    </p>
   </div>
   <div class='ocr_carea' id='block_1_92' title="bbox 2172 3256 3756 3328">
    <p class='ocr_par' dir='ltr' id='par_1_92' title="bbox 2172 3256 3756 3328">
     <span class='ocr_line' id='line_1_92' title="bbox 2172 3256 3756 3328; baseline 0.005 -18"><span class='ocrx_word' id='word_1_726' title='bbox 2172 3257 2229 3311; x_wconf 88' lang='lat' dir='ltr'><strong><em>in</em></strong></span> <span class='ocrx_word' id='word_1_727' title='bbox 2258 3256 2610 3311; x_wconf 67' lang='lat' dir='ltr'><strong><em>hereditatem</em></strong></span> <span class='ocrx_word' id='word_1_728' title='bbox 2636 3257 3109 3327; x_wconf 87' lang='lat' dir='ltr'><strong><em>incorruptibilem,</em></strong></span> <span class='ocrx_word' id='word_1_729' title='bbox 3141 3259 3637 3328; x_wconf 84' lang='lat' dir='ltr'><strong><em>immarcescibilem,</em></strong></span> <span class='ocrx_word' id='word_1_730' title='bbox 3681 3263 3756 3318; x_wconf 86' lang='lat' dir='ltr'><strong><em>in-</em></strong></span> 
     </span>
    </p>
   </div>
   <div class='ocr_carea' id='block_1_93' title="bbox 2172 3347 3754 3423">
    <p class='ocr_par' dir='ltr' id='par_1_93' title="bbox 2172 3347 3754 3423">
     <span class='ocr_line' id='line_1_93' title="bbox 2172 3347 3754 3423; baseline 0.006 -24"><span class='ocrx_word' id='word_1_731' title='bbox 2172 3347 2607 3414; x_wconf 86' lang='lat' dir='ltr'><strong><em>contaminatam,</em></strong></span> <span class='ocrx_word' id='word_1_732' title='bbox 2636 3357 2990 3402; x_wconf 89' lang='lat' dir='ltr'><strong><em>conservatam</em></strong></span> <span class='ocrx_word' id='word_1_733' title='bbox 3015 3351 3069 3403; x_wconf 92' lang='lat' dir='ltr'><strong><em>in</em></strong></span> <span class='ocrx_word' id='word_1_734' title='bbox 3091 3351 3230 3404; x_wconf 72' lang='lat' dir='ltr'><strong><em>caelis</em></strong></span> <span class='ocrx_word' id='word_1_735' title='bbox 3250 3351 3305 3404; x_wconf 89' lang='lat' dir='ltr'><strong><em>in</em></strong></span> <span class='ocrx_word' id='word_1_736' title='bbox 3334 3367 3441 3416; x_wconf 82' lang='lat' dir='ltr'><strong><em>vos,</em></strong></span> <span class='ocrx_word' id='word_1_737' title='bbox 3464 3353 3552 3423; x_wconf 83' lang='lat' dir='ltr'><strong><em>qui</em></strong></span> <span class='ocrx_word' id='word_1_738' title='bbox 3574 3355 3629 3407; x_wconf 88' lang='lat' dir='ltr'><strong><em>in</em></strong></span> <span class='ocrx_word' id='word_1_739' title='bbox 3654 3355 3754 3408; x_wconf 88' lang='lat' dir='ltr'><strong><em>vir-</em></strong></span> 
     </span>
    </p>
   </div>
   <div class='ocr_carea' id='block_1_94' title="bbox 2172 3434 3755 3510">
    <p class='ocr_par' dir='ltr' id='par_1_94' title="bbox 2172 3434 3755 3510">
     <span class='ocr_line' id='line_1_94' title="bbox 2172 3434 3755 3510; baseline 0.008 -22"><span class='ocrx_word' id='word_1_740' title='bbox 2172 3443 2281 3490; x_wconf 91' lang='lat' dir='ltr'><strong><em>tute</em></strong></span> <span class='ocrx_word' id='word_1_741' title='bbox 2311 3434 2410 3490; x_wconf 88' lang='lat' dir='ltr'><strong><em>Dei</em></strong></span> <span class='ocrx_word' id='word_1_742' title='bbox 2443 3438 2772 3491; x_wconf 88' lang='lat' dir='ltr'><strong><em>custodimini</em></strong></span> <span class='ocrx_word' id='word_1_743' title='bbox 2803 3436 2856 3509; x_wconf 86' lang='grc'><strong><em>(1</em></strong></span> <span class='ocrx_word' id='word_1_744' title='bbox 2887 3437 3032 3492; x_wconf 89' lang='lat' dir='ltr'><strong><em>Petr.</em></strong></span> <span class='ocrx_word' id='word_1_745' title='bbox 3061 3455 3101 3506; x_wconf 89' lang='grc' dir='ltr'><strong><em>ι,</em></strong></span> <span class='ocrx_word' id='word_1_746' title='bbox 3123 3439 3177 3504; x_wconf 79' lang='grc'><strong>5,</strong></span> <span class='ocrx_word' id='word_1_747' title='bbox 3201 3438 3279 3510; x_wconf 87' lang='grc'><strong><em>5).</em></strong></span> <span class='ocrx_word' id='word_1_748' title='bbox 3307 3439 3485 3507; x_wconf 85' lang='lat' dir='ltr'><strong><em>Quare</em></strong></span> <span class='ocrx_word' id='word_1_749' title='bbox 3513 3443 3659 3498; x_wconf 88' lang='lat' dir='ltr'><strong><em>enim</em></strong></span> <span class='ocrx_word' id='word_1_750' title='bbox 3683 3445 3755 3499; x_wconf 87' lang='lat' dir='ltr'><strong><em>in-</em></strong></span> 
     </span>
    </p>
   </div>
   <div class='ocr_carea' id='block_1_95' title="bbox 2171 3529 3754 3604">
    <p class='ocr_par' dir='ltr' id='par_1_95' title="bbox 2171 3529 3754 3604">
     <span class='ocr_line' id='line_1_95' title="bbox 2171 3529 3754 3604; baseline 0.006 -20"><span class='ocrx_word' id='word_1_751' title='bbox 2171 3529 2433 3600; x_wconf 89' lang='lat' dir='ltr'><strong><em>sipienter</em></strong></span> <span class='ocrx_word' id='word_1_752' title='bbox 2459 3544 2489 3583; x_wconf 90' lang='lat' dir='ltr'><strong><em>a</em></strong></span> <span class='ocrx_word' id='word_1_753' title='bbox 2517 3531 2671 3585; x_wconf 87' lang='lat' dir='ltr'><strong><em>vobis</em></strong></span> <span class='ocrx_word' id='word_1_754' title='bbox 2694 3530 2926 3584; x_wconf 84' lang='lat' dir='ltr'><strong><em>violatur</em></strong></span> <span class='ocrx_word' id='word_1_755' title='bbox 2971 3531 3094 3586; x_wconf 90' lang='lat' dir='ltr'><strong><em>talis</em></strong></span> <span class='ocrx_word' id='word_1_756' title='bbox 3137 3532 3445 3596; x_wconf 64' lang='lat' dir='ltr'><strong><em>haereditas,</em></strong></span> <span class='ocrx_word' id='word_1_757' title='bbox 3476 3550 3599 3604; x_wconf 70' lang='lat' dir='ltr'><strong><em>qua:</em></strong></span> <span class='ocrx_word' id='word_1_758' title='bbox 3649 3553 3754 3594; x_wconf 91' lang='lat' dir='ltr'><strong><em>non</em></strong></span> 
     </span>
    </p>
   </div>
   <div class='ocr_carea' id='block_1_96' title="bbox 2170 3621 3755 3697">
    <p class='ocr_par' dir='ltr' id='par_1_96' title="bbox 2170 3621 3755 3697">
     <span class='ocr_line' id='line_1_96' title="bbox 2170 3621 3755 3697; baseline 0.004 -19"><span class='ocrx_word' id='word_1_759' title='bbox 2170 3622 2312 3678; x_wconf 88' lang='lat' dir='ltr'><strong><em>sicut</em></strong></span> <span class='ocrx_word' id='word_1_760' title='bbox 2361 3631 2598 3690; x_wconf 87' lang='lat' dir='ltr'><strong><em>terrena,</em></strong></span> <span class='ocrx_word' id='word_1_761' title='bbox 2635 3621 2895 3688; x_wconf 89' lang='lat' dir='ltr'><strong><em>decidua;</em></strong></span> <span class='ocrx_word' id='word_1_762' title='bbox 2943 3623 3038 3677; x_wconf 87' lang='lat' dir='ltr'><strong><em>sed</em></strong></span> <span class='ocrx_word' id='word_1_763' title='bbox 3085 3623 3544 3682; x_wconf 86' lang='lat' dir='ltr'><strong><em>immarcescihilis</em></strong></span> <span class='ocrx_word' id='word_1_764' title='bbox 3596 3637 3755 3697; x_wconf 84' lang='lat' dir='ltr'><strong><em>atque</em></strong></span> 
     </span>
    </p>
   </div>
   <div class='ocr_carea' id='block_1_97' title="bbox 2170 3711 3755 3788">
    <p class='ocr_par' dir='ltr' id='par_1_97' title="bbox 2170 3711 3755 3788">
     <span class='ocr_line' id='line_1_97' title="bbox 2170 3711 3755 3788; baseline 0.006 -22"><span class='ocrx_word' id='word_1_765' title='bbox 2170 3719 2372 3767; x_wconf 71' lang='lat' dir='ltr'><strong><em>interna</em></strong></span> <span class='ocrx_word' id='word_1_766' title='bbox 2395 3713 2514 3766; x_wconf 86' lang='lat' dir='ltr'><strong><em>est?</em></strong></span> <span class='ocrx_word' id='word_1_767' title='bbox 2536 3711 2603 3766; x_wconf 85' lang='lat' dir='ltr'><strong><em>Et</em></strong></span> <span class='ocrx_word' id='word_1_768' title='bbox 2627 3721 2750 3782; x_wconf 89' lang='lat' dir='ltr'><strong><em>post</em></strong></span> <span class='ocrx_word' id='word_1_769' title='bbox 2769 3713 3042 3784; x_wconf 87' lang='lat' dir='ltr'><strong><em>aliquanta</em></strong></span> <span class='ocrx_word' id='word_1_770' title='bbox 3068 3732 3080 3765; x_wconf 89' lang='lat'><strong>:</strong></span> <span class='ocrx_word' id='word_1_771' title='bbox 3109 3714 3330 3788; x_wconf 85' lang='lat' dir='ltr'><strong><em>Propter</em></strong></span> <span class='ocrx_word' id='word_1_772' title='bbox 3351 3719 3490 3787; x_wconf 86' lang='lat' dir='ltr'><strong><em>quod</em></strong></span> <span class='ocrx_word' id='word_1_773' title='bbox 3509 3723 3755 3776; x_wconf 86' lang='lat' dir='ltr'><strong><em>succincti</em></strong></span> 
     </span>
    </p>
   </div>
   <div class='ocr_carea' id='block_1_98' title="bbox 2170 3802 3754 3881">
    <p class='ocr_par' dir='ltr' id='par_1_98' title="bbox 2170 3802 3754 3881">
     <span class='ocr_line' id='line_1_98' title="bbox 2170 3802 3754 3881; baseline 0.006 -22"><span class='ocrx_word' id='word_1_774' title='bbox 2170 3813 2332 3859; x_wconf 89' lang='lat' dir='ltr'><strong><em>estote</em></strong></span> <span class='ocrx_word' id='word_1_775' title='bbox 2351 3802 2548 3858; x_wconf 88' lang='lat' dir='ltr'><strong><em>lumbos</em></strong></span> <span class='ocrx_word' id='word_1_776' title='bbox 2575 3805 2762 3858; x_wconf 91' lang='lat' dir='ltr'><strong><em>mentis</em></strong></span> <span class='ocrx_word' id='word_1_777' title='bbox 2791 3814 2995 3873; x_wconf 79' lang='lat' dir='ltr'><strong><em>vestrte,</em></strong></span> <span class='ocrx_word' id='word_1_778' title='bbox 3018 3806 3204 3872; x_wconf 88' lang='lat' dir='ltr'><strong><em>sobrii,</em></strong></span> <span class='ocrx_word' id='word_1_779' title='bbox 3233 3809 3460 3878; x_wconf 88' lang='lat' dir='ltr'><strong><em>perfecte</em></strong></span> <span class='ocrx_word' id='word_1_780' title='bbox 3484 3823 3754 3881; x_wconf 87' lang='lat' dir='ltr'><strong><em>sperantes</em></strong></span> 
     </span>
    </p>
   </div>
   <div class='ocr_carea' id='block_1_99' title="bbox 2169 3897 3754 3970">
    <p class='ocr_par' dir='ltr' id='par_1_99' title="bbox 2169 3897 3754 3970">
     <span class='ocr_line' id='line_1_99' title="bbox 2169 3897 3754 3970; baseline 0.004 -18"><span class='ocrx_word' id='word_1_781' title='bbox 2169 3899 2226 3952; x_wconf 93' lang='lat' dir='ltr'><strong><em>in</em></strong></span> <span class='ocrx_word' id='word_1_782' title='bbox 2252 3914 2368 3952; x_wconf 90' lang='lat' dir='ltr'><strong><em>eam</em></strong></span> <span class='ocrx_word' id='word_1_783' title='bbox 2391 3913 2506 3969; x_wconf 75' lang='lat' dir='ltr'><strong><em>qua:</em></strong></span> <span class='ocrx_word' id='word_1_784' title='bbox 2533 3897 2750 3966; x_wconf 76' lang='lat' dir='ltr'><strong><em>offertur</em></strong></span> <span class='ocrx_word' id='word_1_785' title='bbox 2775 3897 2913 3952; x_wconf 83' lang='lat' dir='ltr'><strong><em>vobis</em></strong></span> <span class='ocrx_word' id='word_1_786' title='bbox 2941 3899 3167 3970; x_wconf 88' lang='lat' dir='ltr'><strong><em>gratiam</em></strong></span> <span class='ocrx_word' id='word_1_787' title='bbox 3215 3900 3269 3954; x_wconf 89' lang='lat' dir='ltr'><strong><em>in</em></strong></span> <span class='ocrx_word' id='word_1_788' title='bbox 3297 3901 3614 3958; x_wconf 79' lang='lat' dir='ltr'><strong><em>reuelatione</em></strong></span> <span class='ocrx_word' id='word_1_789' title='bbox 3632 3903 3754 3959; x_wconf 83' lang='lat' dir='ltr'><strong><em>Jesu</em></strong></span> 
     </span>
    </p>
   </div>
   <div class='ocr_carea' id='block_1_100' title="bbox 2173 3987 3754 4062">
    <p class='ocr_par' dir='ltr' id='par_1_100' title="bbox 2173 3987 3754 4062">
     <span class='ocr_line' id='line_1_100' title="bbox 2173 3987 3754 4062; baseline 0.004 -20"><span class='ocrx_word' id='word_1_790' title='bbox 2173 3988 2367 4042; x_wconf 79' lang='lat' dir='ltr'><strong><em>Christi</em></strong></span> <span class='ocrx_word' id='word_1_791' title='bbox 2399 3987 2585 4060; x_wconf 76' lang='lat' dir='ltr'><strong><em>(Ib:d.,</em></strong></span> <span class='ocrx_word' id='word_1_792' title='bbox 2613 3987 2722 4058; x_wconf 79' lang='grc'>15).</span> <span class='ocrx_word' id='word_1_793' title='bbox 2749 3987 3038 4043; x_wconf 83' lang='lat' dir='ltr'><strong><em>Rimamini</em></strong></span> <span class='ocrx_word' id='word_1_794' title='bbox 3068 4003 3298 4058; x_wconf 88' lang='lat' dir='ltr'><strong><em>namque</em></strong></span> <span class='ocrx_word' id='word_1_795' title='bbox 3322 3993 3565 4062; x_wconf 84' lang='lat' dir='ltr'><strong><em>pectoris</em></strong></span> <span class='ocrx_word' id='word_1_796' title='bbox 3593 3995 3754 4049; x_wconf 86' lang='lat' dir='ltr'><strong><em>vestri</em></strong></span> 
     </span>
    </p>
   </div>
   <div class='ocr_carea' id='block_1_101' title="bbox 2171 4079 3756 4151">
    <p class='ocr_par' dir='ltr' id='par_1_101' title="bbox 2171 4079 3756 4151">
     <span class='ocr_line' id='line_1_101' title="bbox 2171 4079 3756 4151; baseline 0.004 -17"><span class='ocrx_word' id='word_1_797' title='bbox 2171 4079 2455 4150; x_wconf 84' lang='lat' dir='ltr'><strong><em>profunda,</em></strong></span> <span class='ocrx_word' id='word_1_798' title='bbox 2487 4094 2554 4133; x_wconf 91' lang='lat' dir='ltr'><strong><em>an</em></strong></span> <span class='ocrx_word' id='word_1_799' title='bbox 2604 4079 2770 4134; x_wconf 89' lang='lat' dir='ltr'><strong><em>sobrii</em></strong></span> <span class='ocrx_word' id='word_1_800' title='bbox 2799 4079 2944 4147; x_wconf 90' lang='lat' dir='ltr'><strong><em>sitis,</em></strong></span> <span class='ocrx_word' id='word_1_801' title='bbox 2975 4087 3031 4134; x_wconf 90' lang='lat' dir='ltr'><strong><em>et</em></strong></span> <span class='ocrx_word' id='word_1_802' title='bbox 3081 4081 3319 4151; x_wconf 85' lang='lat' dir='ltr'><strong><em>perlecte</em></strong></span> <span class='ocrx_word' id='word_1_803' title='bbox 3365 4084 3756 4141; x_wconf 83' lang='lat' dir='ltr'><strong><em>sacerdotalem</em></strong></span> 
     </span>
    </p>
   </div>
   <div class='ocr_carea' id='block_1_102' title="bbox 2169 4167 3758 4238">
    <p class='ocr_par' dir='ltr' id='par_1_102' title="bbox 2169 4167 3758 4238">
     <span class='ocr_line' id='line_1_102' title="bbox 2169 4167 3758 4238; baseline 0.005 -15"><span class='ocrx_word' id='word_1_804' title='bbox 2169 4169 2398 4238; x_wconf 72' lang='lat' dir='ltr'><strong><em>gratiam</em></strong></span> <span class='ocrx_word' id='word_1_805' title='bbox 2419 4167 2830 4224; x_wconf 79' lang='lat' dir='ltr'><strong><em>examinandum</em></strong></span> <span class='ocrx_word' id='word_1_806' title='bbox 2859 4171 2912 4225; x_wconf 89' lang='lat' dir='ltr'><strong><em>in</em></strong></span> <span class='ocrx_word' id='word_1_807' title='bbox 2943 4171 3154 4228; x_wconf 86' lang='lat' dir='ltr'><strong><em>Domini</em></strong></span> <span class='ocrx_word' id='word_1_808' title='bbox 3183 4173 3520 4230; x_wconf 87' lang='lat' dir='ltr'><strong><em>revelatione</em></strong></span> <span class='ocrx_word' id='word_1_809' title='bbox 3547 4191 3758 4233; x_wconf 88' lang='lat' dir='ltr'><strong><em>conser-</em></strong></span> 
     </span>
    </p>
   </div>
   <div class='ocr_carea' id='block_1_103' title="bbox 2171 4258 3757 4332">
    <p class='ocr_par' dir='ltr' id='par_1_103' title="bbox 2171 4258 3757 4332">
     <span class='ocr_line' id='line_1_103' title="bbox 2171 4258 3757 4332; baseline 0.004 -18"><span class='ocrx_word' id='word_1_810' title='bbox 2171 4261 2332 4315; x_wconf 89' lang='lat' dir='ltr'><strong><em>vetis.</em></strong></span> <span class='ocrx_word' id='word_1_811' title='bbox 2365 4258 2430 4313; x_wconf 87' lang='lat' dir='ltr'><strong><em>Et</em></strong></span> <span class='ocrx_word' id='word_1_812' title='bbox 2458 4260 2651 4314; x_wconf 90' lang='lat' dir='ltr'><strong><em>iterum</em></strong></span> <span class='ocrx_word' id='word_1_813' title='bbox 2700 4259 2869 4314; x_wconf 86' lang='lat' dir='ltr'><strong><em>dicit:</em></strong></span> <span class='ocrx_word' id='word_1_814' title='bbox 2902 4259 3065 4325; x_wconf 83' lang='lat' dir='ltr'><strong><em>Quasi</em></strong></span> <span class='ocrx_word' id='word_1_815' title='bbox 3102 4263 3202 4332; x_wconf 84' lang='lat' dir='ltr'><strong><em>filii</em></strong></span> <span class='ocrx_word' id='word_1_816' title='bbox 3249 4262 3628 4323; x_wconf 86' lang='lat' dir='ltr'><strong><em>benedictionis</em></strong></span> <span class='ocrx_word' id='word_1_817' title='bbox 3657 4284 3757 4322; x_wconf 82' lang='lat' dir='ltr'><strong><em>non</em></strong></span> 
     </span>
    </p>
   </div>
   <div class='ocr_carea' id='block_1_104' title="bbox 2170 4350 3758 4425">
    <p class='ocr_par' dir='ltr' id='par_1_104' title="bbox 2170 4350 3758 4425">
     <span class='ocr_line' id='line_1_104' title="bbox 2170 4350 3758 4425; baseline 0.004 -19"><span class='ocrx_word' id='word_1_818' title='bbox 2170 4351 2556 4424; x_wconf 78' lang='lat' dir='ltr'><strong><em>conﬁgurantes</em></strong></span> <span class='ocrx_word' id='word_1_819' title='bbox 2577 4367 2664 4406; x_wconf 91' lang='lat' dir='ltr'><strong><em>vos</em></strong></span> <span class='ocrx_word' id='word_1_820' title='bbox 2689 4350 2795 4405; x_wconf 88' lang='lat' dir='ltr'><strong><em>illis</em></strong></span> <span class='ocrx_word' id='word_1_821' title='bbox 2822 4350 3078 4422; x_wconf 89' lang='lat' dir='ltr'><strong><em>prioribus</em></strong></span> <span class='ocrx_word' id='word_1_822' title='bbox 3109 4354 3424 4425; x_wconf 68' lang='lat' dir='ltr'><strong><em>ignorantiae</em></strong></span> <span class='ocrx_word' id='word_1_823' title='bbox 3448 4366 3632 4412; x_wconf 69' lang='lat' dir='ltr'><strong><em>vestra:</em></strong></span> <span class='ocrx_word' id='word_1_824' title='bbox 3673 4357 3758 4412; x_wconf 83' lang='lat' dir='ltr'><strong><em>de-</em></strong></span> 
     </span>
    </p>
   </div>
   <div class='ocr_carea' id='block_1_105' title="bbox 2170 4442 3754 4514">
    <p class='ocr_par' dir='ltr' id='par_1_105' title="bbox 2170 4442 3754 4514">
     <span class='ocr_line' id='line_1_105' title="bbox 2170 4442 3754 4514; baseline 0.003 -17"><span class='ocrx_word' id='word_1_825' title='bbox 2170 4443 2377 4498; x_wconf 89' lang='lat' dir='ltr'><strong><em>sideriis</em></strong></span> <span class='ocrx_word' id='word_1_826' title='bbox 2400 4457 2418 4497; x_wconf 91' lang='lat'><strong><em>:</em></strong></span> <span class='ocrx_word' id='word_1_827' title='bbox 2447 4442 2538 4496; x_wconf 90' lang='lat' dir='ltr'><strong><em>sed</em></strong></span> <span class='ocrx_word' id='word_1_828' title='bbox 2557 4442 2838 4496; x_wconf 89' lang='lat' dir='ltr'><strong><em>secundum</em></strong></span> <span class='ocrx_word' id='word_1_829' title='bbox 2865 4459 2980 4497; x_wconf 90' lang='lat' dir='ltr'><strong><em>eum</em></strong></span> <span class='ocrx_word' id='word_1_830' title='bbox 3008 4443 3096 4514; x_wconf 91' lang='lat' dir='ltr'><strong><em>qui</em></strong></span> <span class='ocrx_word' id='word_1_831' title='bbox 3122 4459 3208 4498; x_wconf 91' lang='lat' dir='ltr'><strong><em>vos</em></strong></span> <span class='ocrx_word' id='word_1_832' title='bbox 3230 4445 3427 4498; x_wconf 87' lang='lat' dir='ltr'><strong><em>vocavit</em></strong></span> <span class='ocrx_word' id='word_1_833' title='bbox 3455 4458 3668 4502; x_wconf 88' lang='lat' dir='ltr'><strong><em>sanctos</em></strong></span> <span class='ocrx_word' id='word_1_834' title='bbox 3699 4455 3722 4483; x_wconf 72' lang='grc'><strong><em>⁸</em></strong></span> <span class='ocrx_word' id='word_1_835' title='bbox 3739 4485 3754 4512; x_wconf 88' lang='grc'><strong><em>,</em></strong></span> 
     </span>
    </p>
   </div>
   <div class='ocr_carea' id='block_1_106' title="bbox 2169 4535 3758 4610">
    <p class='ocr_par' dir='ltr' id='par_1_106' title="bbox 2169 4535 3758 4610">
     <span class='ocr_line' id='line_1_106' title="bbox 2169 4535 3758 4610; baseline 0.002 -20"><span class='ocrx_word' id='word_1_836' title='bbox 2169 4543 2220 4590; x_wconf 86' lang='lat' dir='ltr'><strong><em>et</em></strong></span> <span class='ocrx_word' id='word_1_837' title='bbox 2252 4551 2338 4590; x_wconf 93' lang='lat' dir='ltr'><strong><em>vos</em></strong></span> <span class='ocrx_word' id='word_1_838' title='bbox 2382 4537 2549 4589; x_wconf 90' lang='lat' dir='ltr'><strong><em>sancti</em></strong></span> <span class='ocrx_word' id='word_1_839' title='bbox 2589 4537 2642 4589; x_wconf 89' lang='lat' dir='ltr'><strong><em>in</em></strong></span> <span class='ocrx_word' id='word_1_840' title='bbox 2671 4535 2812 4590; x_wconf 89' lang='lat' dir='ltr'><strong><em>omni</em></strong></span> <span class='ocrx_word' id='word_1_841' title='bbox 2859 4536 3247 4590; x_wconf 84' lang='lat' dir='ltr'><strong><em>conversatione</em></strong></span> <span class='ocrx_word' id='word_1_842' title='bbox 3295 4545 3482 4592; x_wconf 91' lang='lat' dir='ltr'><strong><em>estote.</em></strong></span> <span class='ocrx_word' id='word_1_843' title='bbox 3536 4539 3758 4610; x_wconf 86' lang='lat' dir='ltr'><strong><em>Propter</em></strong></span> 
     </span>
    </p>
   </div>
   <div class='ocr_carea' id='block_1_107' title="bbox 2171 4624 3758 4698">
    <p class='ocr_par' dir='ltr' id='par_1_107' title="bbox 2171 4624 3758 4698">
     <span class='ocr_line' id='line_1_107' title="bbox 2171 4624 3758 4698; baseline 0.003 -19"><span class='ocrx_word' id='word_1_844' title='bbox 2171 4625 2309 4697; x_wconf 86' lang='lat' dir='ltr'><strong><em>quod</em></strong></span> <span class='ocrx_word' id='word_1_845' title='bbox 2360 4625 2606 4694; x_wconf 84' lang='lat' dir='ltr'><strong><em>scriptum</em></strong></span> <span class='ocrx_word' id='word_1_846' title='bbox 2633 4635 2708 4679; x_wconf 91' lang='lat' dir='ltr'><strong><em>est</em></strong></span> <span class='ocrx_word' id='word_1_847' title='bbox 2735 4641 2755 4678; x_wconf 90' lang='lat'><strong><em>:</em></strong></span> <span class='ocrx_word' id='word_1_848' title='bbox 2791 4624 2974 4680; x_wconf 90' lang='lat' dir='ltr'><strong><em>Sancti</em></strong></span> <span class='ocrx_word' id='word_1_849' title='bbox 3003 4635 3182 4692; x_wconf 91' lang='lat' dir='ltr'><strong><em>estote,</em></strong></span> <span class='ocrx_word' id='word_1_850' title='bbox 3221 4629 3340 4696; x_wconf 82' lang='lat' dir='ltr'><strong><em>quia</em></strong></span> <span class='ocrx_word' id='word_1_851' title='bbox 3371 4642 3466 4698; x_wconf 86' lang='lat' dir='ltr'><strong><em>ego</em></strong></span> <span class='ocrx_word' id='word_1_852' title='bbox 3491 4645 3609 4684; x_wconf 81' lang='lat' dir='ltr'><strong><em>sum</em></strong></span> <span class='ocrx_word' id='word_1_853' title='bbox 3633 4647 3758 4684; x_wconf 87' lang='lat' dir='ltr'><strong><em>san-</em></strong></span> 
     </span>
    </p>
   </div>
   <div class='ocr_carea' id='block_1_108' title="bbox 2174 4713 3762 4787">
    <p class='ocr_par' dir='ltr' id='par_1_108' title="bbox 2174 4713 3762 4787">
     <span class='ocr_line' id='line_1_108' title="bbox 2174 4713 3762 4787; baseline 0.003 -19"><span class='ocrx_word' id='word_1_854' title='bbox 2174 4725 2288 4768; x_wconf 91' lang='lat' dir='ltr'><strong><em>ctus</em></strong></span> <span class='ocrx_word' id='word_1_855' title='bbox 2319 4713 2507 4787; x_wconf 80' lang='lat' dir='ltr'><strong><em>(lbid.,</em></strong></span> <span class='ocrx_word' id='word_1_856' title='bbox 2541 4715 2626 4780; x_wconf 70' lang='lat' dir='ltr'><strong><em>ib,</em></strong></span> <span class='ocrx_word' id='word_1_857' title='bbox 2653 4714 2764 4786; x_wconf 74' lang='lat'><strong><em>16).</em></strong></span> <span class='ocrx_word' id='word_1_858' title='bbox 2806 4714 2935 4782; x_wconf 88' lang='lat' dir='ltr'><strong><em>Quis</em></strong></span> <span class='ocrx_word' id='word_1_859' title='bbox 2962 4729 3096 4784; x_wconf 77' lang='lat' dir='ltr'><strong><em>rogo</em></strong></span> <span class='ocrx_word' id='word_1_860' title='bbox 3138 4725 3376 4771; x_wconf 86' lang='lat' dir='ltr'><strong><em>vestrum</em></strong></span> <span class='ocrx_word' id='word_1_861' title='bbox 3406 4718 3480 4772; x_wconf 86' lang='lat' dir='ltr'><strong><em>ita</em></strong></span> <span class='ocrx_word' id='word_1_862' title='bbox 3508 4721 3762 4774; x_wconf 66' lang='lat' dir='ltr'><strong><em>sanc&#39;tita-</em></strong></span> 
     </span>
    </p>
   </div>
   <div class='ocr_carea' id='block_1_109' title="bbox 2174 4807 3760 4880">
    <p class='ocr_par' dir='ltr' id='par_1_109' title="bbox 2174 4807 3760 4880">
     <span class='ocr_line' id='line_1_109' title="bbox 2174 4807 3760 4880; baseline 0.003 -18"><span class='ocrx_word' id='word_1_863' title='bbox 2174 4814 2282 4863; x_wconf 87' lang='lat' dir='ltr'><strong><em>tem</em></strong></span> <span class='ocrx_word' id='word_1_864' title='bbox 2315 4815 2431 4862; x_wconf 92' lang='lat' dir='ltr'><strong><em>toto</em></strong></span> <span class='ocrx_word' id='word_1_865' title='bbox 2478 4807 2641 4862; x_wconf 91' lang='lat' dir='ltr'><strong><em>animi</em></strong></span> <span class='ocrx_word' id='word_1_866' title='bbox 2669 4807 2862 4862; x_wconf 89' lang='lat' dir='ltr'><strong><em>ardore</em></strong></span> <span class='ocrx_word' id='word_1_867' title='bbox 2890 4817 3131 4862; x_wconf 87' lang='lat' dir='ltr'><strong><em>sectatus</em></strong></span> <span class='ocrx_word' id='word_1_868' title='bbox 3161 4817 3260 4869; x_wconf 89' lang='lat' dir='ltr'><strong><em>est,</em></strong></span> <span class='ocrx_word' id='word_1_869' title='bbox 3286 4817 3346 4863; x_wconf 90' lang='lat' dir='ltr'><strong><em>ut</em></strong></span> <span class='ocrx_word' id='word_1_870' title='bbox 3371 4811 3477 4866; x_wconf 89' lang='lat' dir='ltr'><strong><em>hoc</em></strong></span> <span class='ocrx_word' id='word_1_871' title='bbox 3495 4821 3760 4880; x_wconf 86' lang='lat' dir='ltr'><strong><em>quantum</em></strong></span> 
     </span>
    </p>
   </div>
   <div class='ocr_carea' id='block_1_110' title="bbox 2173 4898 3756 4976">
    <p class='ocr_par' dir='ltr' id='par_1_110' title="bbox 2173 4898 3756 4976">
     <span class='ocr_line' id='line_1_110' title="bbox 2173 4898 3756 4976; baseline 0.004 -20"><span class='ocrx_word' id='word_1_872' title='bbox 2173 4898 2231 4956; x_wconf 82' lang='lat' dir='ltr'><strong><em>in</em></strong></span> <span class='ocrx_word' id='word_1_873' title='bbox 2259 4913 2318 4954; x_wconf 87' lang='lat' dir='ltr'><strong><em>se</em></strong></span> <span class='ocrx_word' id='word_1_874' title='bbox 2356 4908 2458 4964; x_wconf 89' lang='lat' dir='ltr'><strong><em>est,</em></strong></span> <span class='ocrx_word' id='word_1_875' title='bbox 2487 4898 2763 4954; x_wconf 82' lang='lat' dir='ltr'><strong><em>festinaret</em></strong></span> <span class='ocrx_word' id='word_1_876' title='bbox 2804 4900 3065 4969; x_wconf 88' lang='lat' dir='ltr'><strong><em>implere?</em></strong></span> <span class='ocrx_word' id='word_1_877' title='bbox 3085 4901 3190 4955; x_wconf 87' lang='lat' dir='ltr'><strong><em>Sed</em></strong></span> <span class='ocrx_word' id='word_1_878' title='bbox 3221 4902 3502 4958; x_wconf 89' lang='lat' dir='ltr'><strong><em>videamus</em></strong></span> <span class='ocrx_word' id='word_1_879' title='bbox 3539 4905 3674 4976; x_wconf 89' lang='lat' dir='ltr'><strong><em>quid</em></strong></span> <span class='ocrx_word' id='word_1_880' title='bbox 3703 4907 3756 4961; x_wconf 90' lang='lat' dir='ltr'><strong><em>in</em></strong></span> 
     </span>
    </p>
   </div>
   <div class='ocr_carea' id='block_1_111' title="bbox 2169 4987 3756 5066">
    <p class='ocr_par' dir='ltr' id='par_1_111' title="bbox 2169 4987 3756 5066">
     <span class='ocr_line' id='line_1_111' title="bbox 2169 4987 3756 5066; baseline 0.004 -22"><span class='ocrx_word' id='word_1_881' title='bbox 2169 4987 2288 5058; x_wconf 83' lang='lat' dir='ltr'><strong><em>ejus</em></strong></span> <span class='ocrx_word' id='word_1_882' title='bbox 2311 4989 2543 5044; x_wconf 86' lang='lat' dir='ltr'><strong><em>secunda</em></strong></span> <span class='ocrx_word' id='word_1_883' title='bbox 2568 4989 2799 5045; x_wconf 86' lang='lat' dir='ltr'><strong><em>lectione</em></strong></span> <span class='ocrx_word' id='word_1_884' title='bbox 2820 4989 3180 5045; x_wconf 88' lang='lat' dir='ltr'><strong><em>contineatur.</em></strong></span> <span class='ocrx_word' id='word_1_885' title='bbox 3210 4990 3536 5060; x_wconf 88' lang='lat' dir='ltr'><strong><em>Charissimi,</em></strong></span> <span class='ocrx_word' id='word_1_886' title='bbox 3565 4995 3756 5066; x_wconf 85' lang='lat' dir='ltr'><strong><em>inquit,</em></strong></span> 
     </span>
    </p>
   </div>
   <div class='ocr_carea' id='block_1_112' title="bbox 2170 5081 3760 5157">
    <p class='ocr_par' dir='ltr' id='par_1_112' title="bbox 2170 5081 3760 5157">
     <span class='ocr_line' id='line_1_112' title="bbox 2170 5081 3760 5157; baseline 0.004 -23"><span class='ocrx_word' id='word_1_887' title='bbox 2170 5081 2375 5134; x_wconf 88' lang='lat' dir='ltr'><strong><em>animas</em></strong></span> <span class='ocrx_word' id='word_1_888' title='bbox 2404 5089 2597 5135; x_wconf 89' lang='lat' dir='ltr'><strong><em>vestras</em></strong></span> <span class='ocrx_word' id='word_1_889' title='bbox 2626 5081 2914 5150; x_wconf 82' lang='lat' dir='ltr'><strong><em>castiﬁcate</em></strong></span> <span class='ocrx_word' id='word_1_890' title='bbox 2941 5081 3011 5134; x_wconf 87' lang='lat' dir='ltr'><strong><em>ad</em></strong></span> <span class='ocrx_word' id='word_1_891' title='bbox 3033 5081 3372 5136; x_wconf 86' lang='lat' dir='ltr'><strong><em>obediendum</em></strong></span> <span class='ocrx_word' id='word_1_892' title='bbox 3395 5085 3522 5152; x_wconf 80' lang='lat' dir='ltr'><strong><em>fidei</em></strong></span> <span class='ocrx_word' id='word_1_893' title='bbox 3543 5104 3638 5156; x_wconf 88' lang='lat' dir='ltr'><strong><em>per</em></strong></span> <span class='ocrx_word' id='word_1_894' title='bbox 3661 5089 3760 5157; x_wconf 87' lang='lat' dir='ltr'><strong><em>spi-</em></strong></span> 
     </span>
    </p>
   </div>
   <div class='ocr_carea' id='block_1_113' title="bbox 2171 5171 3758 5242">
    <p class='ocr_par' dir='ltr' id='par_1_113' title="bbox 2171 5171 3758 5242">
     <span class='ocr_line' id='line_1_113' title="bbox 2171 5171 3758 5242; baseline 0.004 -16"><span class='ocrx_word' id='word_1_895' title='bbox 2171 5173 2327 5226; x_wconf 88' lang='lat' dir='ltr'><strong><em>ritum</em></strong></span> <span class='ocrx_word' id='word_1_896' title='bbox 2355 5173 2410 5226; x_wconf 89' lang='lat' dir='ltr'><strong><em>in</em></strong></span> <span class='ocrx_word' id='word_1_897' title='bbox 2440 5171 2711 5236; x_wconf 86' lang='lat' dir='ltr'><strong><em>charitate,</em></strong></span> <span class='ocrx_word' id='word_1_898' title='bbox 2738 5173 2793 5226; x_wconf 91' lang='lat' dir='ltr'><strong><em>in</em></strong></span> <span class='ocrx_word' id='word_1_899' title='bbox 2823 5173 3166 5242; x_wconf 84' lang='lat' dir='ltr'><strong><em>fraternitate,</em></strong></span> <span class='ocrx_word' id='word_1_900' title='bbox 3189 5188 3253 5226; x_wconf 77' lang='lat' dir='ltr'><strong><em>ex</em></strong></span> <span class='ocrx_word' id='word_1_901' title='bbox 3273 5174 3428 5228; x_wconf 90' lang='lat' dir='ltr'><strong><em>corde</em></strong></span> <span class='ocrx_word' id='word_1_902' title='bbox 3455 5191 3577 5230; x_wconf 88' lang='lat' dir='ltr'><strong><em>vero</em></strong></span> <span class='ocrx_word' id='word_1_903' title='bbox 3623 5177 3758 5232; x_wconf 81' lang='lat' dir='ltr'><strong><em>invi-</em></strong></span> 
     </span>
    </p>
   </div>
   <div class='ocr_carea' id='block_1_114' title="bbox 2170 5264 3758 5334">
    <p class='ocr_par' dir='ltr' id='par_1_114' title="bbox 2170 5264 3758 5334">
     <span class='ocr_line' id='line_1_114' title="bbox 2170 5264 3758 5334; baseline 0.004 -16"><span class='ocrx_word' id='word_1_904' title='bbox 2170 5281 2282 5319; x_wconf 89' lang='lat' dir='ltr'><strong><em>cem</em></strong></span> <span class='ocrx_word' id='word_1_905' title='bbox 2305 5264 2578 5334; x_wconf 79' lang='lat' dir='ltr'><strong><em>diligentes</em></strong></span> <span class='ocrx_word' id='word_1_906' title='bbox 2607 5275 3011 5333; x_wconf 87' lang='lat' dir='ltr'><strong><em>perseveranter,</em></strong></span> <span class='ocrx_word' id='word_1_907' title='bbox 3040 5266 3187 5334; x_wconf 87' lang='lat' dir='ltr'><strong><em>quasi</em></strong></span> <span class='ocrx_word' id='word_1_908' title='bbox 3217 5266 3386 5319; x_wconf 90' lang='lat' dir='ltr'><strong><em>renati</em></strong></span> <span class='ocrx_word' id='word_1_909' title='bbox 3431 5283 3538 5322; x_wconf 86' lang='lat' dir='ltr'><strong><em>non</em></strong></span> <span class='ocrx_word' id='word_1_910' title='bbox 3587 5285 3656 5324; x_wconf 82' lang='lat' dir='ltr'><strong><em>ea:</em></strong></span> <span class='ocrx_word' id='word_1_911' title='bbox 3680 5287 3758 5324; x_wconf 87' lang='lat' dir='ltr'><strong><em>se—</em></strong></span> 
     </span>
    </p>
   </div>
   <div class='ocr_carea' id='block_1_115' title="bbox 2168 5353 3756 5423">
    <p class='ocr_par' dir='ltr' id='par_1_115' title="bbox 2168 5353 3756 5423">
     <span class='ocr_line' id='line_1_115' title="bbox 2168 5353 3756 5423; baseline 0.003 -15"><span class='ocrx_word' id='word_1_912' title='bbox 2168 5355 2310 5408; x_wconf 91' lang='lat' dir='ltr'><strong><em>mine</em></strong></span> <span class='ocrx_word' id='word_1_913' title='bbox 2335 5355 2676 5423; x_wconf 90' lang='lat' dir='ltr'><strong><em>corruptibili,</em></strong></span> <span class='ocrx_word' id='word_1_914' title='bbox 2702 5354 2794 5408; x_wconf 91' lang='lat' dir='ltr'><strong><em>sed</em></strong></span> <span class='ocrx_word' id='word_1_915' title='bbox 2823 5353 3202 5421; x_wconf 89' lang='lat' dir='ltr'><strong><em>incorruptibili</em></strong></span> <span class='ocrx_word' id='word_1_916' title='bbox 3247 5355 3396 5410; x_wconf 88' lang='lat' dir='ltr'><strong><em>verbo</em></strong></span> <span class='ocrx_word' id='word_1_917' title='bbox 3455 5357 3554 5412; x_wconf 88' lang='lat' dir='ltr'><strong><em>Dei</em></strong></span> <span class='ocrx_word' id='word_1_918' title='bbox 3585 5361 3685 5415; x_wconf 89' lang='lat' dir='ltr'><strong><em>vivi</em></strong></span> <span class='ocrx_word' id='word_1_919' title='bbox 3710 5370 3756 5414; x_wconf 90' lang='lat' dir='ltr'><strong><em>et</em></strong></span> 
     </span>
    </p>
   </div>
   <div class='ocr_carea' id='block_1_116' title="bbox 2169 5445 3756 5521">
    <p class='ocr_par' dir='ltr' id='par_1_116' title="bbox 2169 5445 3756 5521">
     <span class='ocr_line' id='line_1_116' title="bbox 2169 5445 3756 5521; baseline 0.005 -21"><span class='ocrx_word' id='word_1_920' title='bbox 2169 5447 2518 5515; x_wconf 87' lang='lat' dir='ltr'><strong><em>permanentis</em></strong></span> <span class='ocrx_word' id='word_1_921' title='bbox 2545 5447 2597 5500; x_wconf 91' lang='lat' dir='ltr'><strong><em>in</em></strong></span> <span class='ocrx_word' id='word_1_922' title='bbox 2634 5455 2884 5500; x_wconf 74' lang='lat' dir='ltr'><strong><em>veternum</em></strong></span> <span class='ocrx_word' id='word_1_923' title='bbox 2910 5445 3096 5518; x_wconf 66' lang='lat' dir='ltr'><strong><em>(Ibid,</em></strong></span> <span class='ocrx_word' id='word_1_924' title='bbox 3136 5445 3224 5510; x_wconf 74' lang='lat'><strong><em>22,</em></strong></span> <span class='ocrx_word' id='word_1_925' title='bbox 3251 5447 3363 5519; x_wconf 74' lang='grc'>25).</span> <span class='ocrx_word' id='word_1_926' title='bbox 3390 5447 3518 5505; x_wconf 72' lang='grc' dir='ltr'><strong><em>Ιίωο</em></strong></span> <span class='ocrx_word' id='word_1_927' title='bbox 3541 5452 3756 5521; x_wconf 87' lang='lat' dir='ltr'><strong><em>quidem</em></strong></span> 
     </span>
    </p>
   </div>
   <div class='ocr_carea' id='block_1_117' title="bbox 2168 5526 3756 5607">
    <p class='ocr_par' dir='ltr' id='par_1_117' title="bbox 2168 5526 3756 5607">
     <span class='ocr_line' id='line_1_117' title="bbox 2168 5526 3756 5607; baseline 0.006 -17"><span class='ocrx_word' id='word_1_928' title='bbox 2168 5536 2236 5591; x_wconf 89' lang='lat' dir='ltr'><strong><em>ab</em></strong></span> <span class='ocrx_word' id='word_1_929' title='bbox 2283 5536 2544 5607; x_wconf 87' lang='lat' dir='ltr'><strong><em>Apostolo</em></strong></span> <span class='ocrx_word' id='word_1_930' title='bbox 2573 5526 2852 5605; x_wconf 66' lang='lat' dir='ltr'><strong><em>mandata,</em></strong></span> <span class='ocrx_word' id='word_1_931' title='bbox 2882 5544 2938 5594; x_wconf 88' lang='lat' dir='ltr'><strong><em>et</em></strong></span> <span class='ocrx_word' id='word_1_932' title='bbox 2965 5537 3019 5593; x_wconf 92' lang='lat' dir='ltr'><strong><em>in</em></strong></span> <span class='ocrx_word' id='word_1_933' title='bbox 3047 5538 3134 5594; x_wconf 90' lang='lat' dir='ltr'><strong><em>die</em></strong></span> <span class='ocrx_word' id='word_1_934' title='bbox 3162 5548 3352 5594; x_wconf 81' lang='lat' dir='ltr'><strong><em>vestra:</em></strong></span> <span class='ocrx_word' id='word_1_935' title='bbox 3401 5542 3756 5600; x_wconf 86' lang='lat' dir='ltr'><strong><em>ordinationis</em></strong></span> 
     </span>
    </p>
   </div>
   <div class='ocr_carea' id='block_1_118' title="bbox 561 5709 2454 5783">
    <p class='ocr_par' dir='ltr' id='par_1_118' title="bbox 561 5709 2454 5783">
     <span class='ocr_line' id='line_1_118' title="bbox 561 5709 2454 5783; baseline 0.004 -16"><span class='ocrx_word' id='word_1_936' title='bbox 561 5722 589 5753; x_wconf 82' lang='grc' dir='ltr'><strong><em>ι</em></strong></span> <span class='ocrx_word' id='word_1_937' title='bbox 622 5711 775 5782; x_wconf 63' lang='grc' dir='ltr'><strong><em>γωδ.</em></strong></span> <span class='ocrx_word' id='word_1_938' title='bbox 797 5751 812 5779; x_wconf 95' lang='grc'><strong><em>,</em></strong></span> <span class='ocrx_word' id='word_1_939' title='bbox 835 5720 1085 5766; x_wconf 74' lang='lat' dir='ltr'><strong><em>mictum.</em></strong></span> <span class='ocrx_word' id='word_1_940' title='bbox 1122 5709 1184 5764; x_wconf 86' lang='lat' dir='ltr'><strong><em>Et</em></strong></span> <span class='ocrx_word' id='word_1_941' title='bbox 1230 5713 1389 5783; x_wconf 87' lang='lat' dir='ltr'><strong><em>paulo</em></strong></span> <span class='ocrx_word' id='word_1_942' title='bbox 1421 5721 1563 5779; x_wconf 87' lang='lat' dir='ltr'><strong><em>ante,</em></strong></span> <span class='ocrx_word' id='word_1_943' title='bbox 1598 5711 1692 5768; x_wconf 84' lang='lat' dir='ltr'><strong><em>filii</em></strong></span> <span class='ocrx_word' id='word_1_944' title='bbox 1722 5712 2044 5770; x_wconf 78' lang='lat' dir='ltr'><strong><em>obedientite.</em></strong></span> <span class='ocrx_word' id='word_1_945' title='bbox 2087 5711 2176 5771; x_wconf 89' lang='lat' dir='ltr'><strong><em>Sic</em></strong></span> <span class='ocrx_word' id='word_1_946' title='bbox 2197 5723 2254 5770; x_wconf 90' lang='lat' dir='ltr'><strong><em>et</em></strong></span> <span class='ocrx_word' id='word_1_947' title='bbox 2279 5713 2454 5774; x_wconf 68' lang='lat' dir='ltr'><strong><em>Griec.</em></strong></span> 
     </span>
    </p>
   </div>
  </div>
