3952 6380
213 252 311 311 589

899 262 1100 319 LIBER
1137 264 1529 333 QUERULUS.
1573 270 1746 326 l‘AliS
1783 271 1868 327 ili.
1910 272 2317 333 INCREPATIO
2354 279 2419 334 IN
2456 278 2755 337 CLERUM.

3355 288 3463 348 590

214 371 384 467 lecta,
406 377 461 467 ut
492 385 556 467 ea
583 372 851 443 indiruptc
894 377 1267 445 custodiretis;
1298 379 1391 434 sed
1438 396 1778 452 nequaquam
1811 389 1853 444 Α
1883 383 2378 455 irreprehensibilem
2397 408 2508 446 esse
2538 391 2729 465 (Ibid.,
2756 392 2832 465 2).
2863 393 2919 449 lu
2952 394 3055 452 hoc
3075 411 3305 467 namque
3343 413 3462 455 ser-

213 473 242 511 s
269 458 414 514 vobis
443 460 497 515 in
535 461 742 530 judicio
771 465 1008 534 impleta,
1042 468 1134 522 sed
1166 484 1265 524 nec
1292 470 1516 524 multum
1544 472 1778 542 cogitata

210 550 290 606 vel
318 550 591 608 intellecta
618 563 764 610 sunt.
823 556 890 610 Et
919 557 1053 612 infra
1084 578 1097 613 :
1128 560 1457 631 Deponentes
1482 564 1644 634 igitur
1671 581 1782 619 om-

212 657 319 694 nem
359 644 635 709 malitiam,
666 655 716 699 et
742 663 943 701 omnem
986 649 1182 717 dolum,
1213 660 1262 703 et
1290 651 1701 716 simulationem,
1733 663 1783 707 et

210 731 460 793 invidiam,
495 741 543 785 et
570 734 935 803 detractiones,
958 739 1091 790 sicut
1125 739 1276 793 modo
1324 742 1483 811 geniti
1530 742 1779 813 infantes,

211 822 552 887 rationabiles,
579 833 629 878 et
648 827 762 880 sine
782 827 900 880 dolo
923 828 1004 880 lac
1032 830 1394 899 concupiscite,
1412 840 1467 883 ut
1492 849 1551 886 eo
1576 848 1782 886 cresca-

213 913 272 966 tis
306 914 359 966 in
397 914 612 969 salutem
636 933 654 970 :
676 919 918 989 quoniam
948 919 1113 975 dulcis
1142 929 1218 975 est
1258 920 1512 976 Dominus
1544 922 1595 995 (I
1631 923 1779 980 Petr.

211 1017 263 1067 ιι,
293 1002 341 1066 1,
369 1003 444 1073 5).
480 1004 797 1075 Recogitate
825 1024 891 1063 an
922 1010 1036 1065 hmo
1063 1027 1278 1082 quoque
1307 1012 1482 1066 surdis
1513 1013 1730 1067 auribus
1750 1030 1781 1068 a

210 1091 352 1146 vobis
378 1092 557 1146 audita
588 1095 853 1165 crebrius,
880 1098 1285 1153 conculcentur.
1321 1099 1387 1153 Et
1411 1101 1604 1157 iterum
1631 1120 1643 1154 :
1678 1101 1782 1157 Vas

214 1193 368 1236 autem
398 1202 556 1255 genus
587 1187 823 1250 electum,
849 1191 1021 1260 regale
1044 1191 1410 1259 sacerdotium,
1434 1211 1558 1264 gens
1578 1202 1778 1260 sancta,

210 1274 417 1343 papulas
445 1276 499 1328 in
530 1277 880 1348 adoptiuum,
904 1289 960 1332 ut
982 1281 1189 1334 virtutes
1218 1285 1535 1337 annuntietis
1564 1283 1676 1354 ejus
1696 1282 1784 1354 qui

211 1363 269 1416 de
297 1366 517 1419 tenebris
546 1382 634 1419 vos
664 1369 860 1422 vocavit
884 1370 936 1421 in
967 1370 1099 1422 illud
1139 1380 1243 1424 tam
1274 1371 1583 1426 admirabile
1612 1372 1781 1426 lumen

210 1472 348 1509 suum
379 1454 570 1523 (lbid.,
600 1457 673 1521 9).
706 1457 823 1512 Non
847 1459 1020 1514 solum
1050 1476 1148 1531 per
1175 1478 1273 1516 vos
1293 1464 1519 1517 virtutes
1548 1463 1641 1519 Dei
1673 1481 1781 1519 non

208 1547 588 1601 annuntiantur
614 1548 697 1601 vel
725 1550 1097 1616 meliorantur,
1130 1552 1224 1605 sed
1256 1553 1417 1606 etiam
1450 1554 1780 1622 pravissimis

207 1635 390 1690 vestris
418 1637 560 1708 apud
596 1638 901 1693 incredulos
927 1654 1172 1710 quosque
1199 1642 1570 1714 despiciuntur
1597 1660 1784 1700 exem-

209 1726 325 1797 piis.

272 1815 395 1871 Car.
424 1833 579 1871 χχιιι.
633 1816 720 1872 Ex
763 1818 975 1874 Actibus
1018 1821 1371 1890 apostolorum
1413 1832 1462 1878 et
1509 1842 1688 1881 rursus
1715 1842 1780 1881 ea:

209 1907 432 1980 Epistola
456 1907 486 1962 Ι
513 1910 581 1962 ad
606 1908 944 1965 Timotheum.
968 1942 1041 1953 —
1072 1912 1310 1967 Audistis
1347 1912 1485 1969 forte
1515 1916 1565 1969 in
1588 1917 1780 1972 eodem

207 2001 289 2055 die
331 2000 470 2070 quod
502 2000 557 2055 in
585 2000 819 2056 lectione
847 2001 1011 2056 Actus
1039 2004 1406 2073 apostolorum
1436 2005 1634 2061 lectum
1665 2016 1778 2079 est,

208 2093 356 2149 Petro
385 2093 437 2147 in
485 2092 670 2148 medio
724 2093 1107 2164 discipulorum
1162 2105 1432 2165 surgente,
1460 2098 1549 2166 qui
1600 2097 1775 2153 dixit:

214 2184 321 2239 Viri
347 2187 560 2257 fratres,
585 2194 784 2255 oportet
804 2188 1118 2257 scripturam
1138 2188 1341 2258 impleri
1361 2205 1515 2258 quam
1533 2190 1778 2258 prccdixit

208 2276 420 2347 Spiritus
449 2288 665 2332 sanctus
688 2294 780 2348 per
800 2294 855 2332 os
884 2276 1056 2331 David
1078 2278 1143 2331 de
1162 2277 1302 2332 Juda
1328 2280 1463 2350 (Act.
1491 2296 1527 2345 ι,
1553 2278 1772 2347 15,16).

205 2370 265 2424 Et
285 2370 436 2441 paulo
459 2378 588 2441 post
618 2387 631 2422 :
661 2368 764 2424 Hic
784 2372 955 2442 itaque
974 2372 1242 2441 acquisivit
1260 2388 1442 2442 agrum
1466 2371 1528 2425 de
1545 2372 1778 2426 mercede

206 2461 477 2533 in‘quitatis
512 2461 703 2530 {Ibid.,
745 2461 856 2532 18).
889 2461 1004 2518 Hoc
1028 2478 1223 2519 securo
1260 2465 1346 2520 vel
1386 2464 1566 2535 potius
1594 2464 1775 2521 hebeti

204 2553 376 2620 corde,
399 2553 555 2624 quasi
586 2569 695 2607 non
742 2553 811 2608 de
854 2554 1009 2609 vobis
1045 2554 1246 2609 lectum
1294 2554 1500 2619 fuisset,
1530 2556 1775 2611 audistis.

204 2644 343 2713 Quis,
369 2644 577 2716 quasso,
600 2653 838 2701 vestrum
864 2661 969 2701 non
994 2646 1186 2715 quterit
1222 2659 1406 2714 agrum
1429 2646 1498 2702 de
1525 2646 1778 2703 mercede

204 2732 526 2803 iniquitatis?
552 2733 717 2791 ludas
762 2750 996 2806 namque
1024 2736 1237 2792 loculos
1279 2737 1604 2807 compilabat
1635 2755 1648 2791 :
1681 2753 1777 2793 vos

203 2823 443 2882 Ecclesia:
486 2826 714 2882 donaria
765 2827 1103 2898 ﬁliorumque
1130 2829 1339 2884 animas
1384 2828 1500 2898 ejus
1529 2830 1771 2887 vastatis.

202 2918 288 2975 ille
306 2919 431 2974 adiit
449 2918 674 2975 Judznos
702 2927 763 2974 ut
791 2918 959 2974 Deum
986 2918 1246 2975 venderet
1277 2937 1290 2973 :
1318 2935 1418 2975 vos
1440 2929 1699 2992 t3rannos
1720 2929 1776 2976 et

203 3019 395 3080 patrem
443 3017 688 3066 vestrum
736 3009 1008 3066 diabolum
1052 3020 1108 3066 ut
1139 3009 1411 3067 Christum
1439 3011 1770 3083 despiciatis.

1882 486 2043 528 mone
2070 473 2322 546 lacrymis
2348 480 2517 546 magis
2564 496 2724 550 quam
2773 483 2951 538 verbis
2999 499 3134 554 opus
3156 494 3271 553 est;
3300 501 3365 541 ac
3412 485 3462 544 si

1882 562 2106 621 dixisset
2128 568 2414 638 Apostolus
2435 588 2558 627 eum
2599 589 2716 629 esse
2742 578 2988 632 omnibus
3018 578 3465 650 irreprehensibi-

1884 654 2072 710 liorem
2099 656 2315 715 debere.
2352 660 2518 717 Unius
2546 667 2725 719 uxoris
2757 668 2918 721 virum
2949 667 3162 741 (Ibid.).
3216 668 3357 737 Quid
3388 673 3464 727 ita

1884 745 2027 814 apud
2057 763 2156 803 nos
2185 765 2400 819 quoque
2440 755 2819 818 contemnitur,
2850 759 3000 826 quasi
3029 775 3134 814 non
3163 760 3460 831 audiretur,

1885 835 1970 890 vel
2003 835 2145 891 idem
2175 838 2357 896 dicere
2378 849 2433 895 et
2460 841 2631 897 virum
2660 848 2917 902 uxorum?
2947 847 3208 914 Subrium,
3242 851 3470 923 pruden-

1885 935 1985 979 tem
2016 926 2228 1000 (Ibid.).
2250 929 2379 997 Quis
2401 933 2563 987 etiam
2594 950 2660 989 ex
2682 937 2833 992 vobis
2851 937 2952 993 hoc
2973 938 3258 1009 aliquando
3279 943 3461 1001 inesse

1883 1016 1984 1070 sibi
2011 1017 2199 1073 saltem
2226 1022 2468 1090 optavit?
2512 1023 2836 1094 Hospitalem
2869 1027 3080 1101 (Ibid.).
3131 1030 3187 1083 ld
3231 1032 3276 1085 si
3319 1031 3461 1088 forte

1884 1120 2014 1160 casu
2044 1111 2305 1175 evenerit,
2338 1112 2615 1181 popularis
2647 1131 2791 1169 aura:
2818 1119 2996 1186 potius
3024 1134 3188 1189 quam
3208 1125 3461 1194 pmcepti

1884 1200 2055 1266 gratia
2084 1200 2303 1270 factum,
2330 1222 2436 1261 non
2463 1208 2703 1276 prodest,
2730 1210 2956 1267 Domino
2982 1211 3261 1270 Salvatore
3285 1216 3358 1271 ita
3384 1216 3469 1271 di-

1884 1298 2042 1343 cente
2069 1307 2081 1342 :
2113 1291 2275 1346 Amen
2321 1294 2436 1348 dico
2487 1295 2647 1364 vobis,
2678 1310 2975 1368 receperunt
3002 1304 3285 1358 mercedem
3312 1322 3461 1359 suam

1885 1376 2097 1450 (Matth.
2130 1395 2201 1445 γι,
2232 1380 2309 1438 2).
2342 1379 2631 1451 Ονητιειιση,
2659 1404 2763 1442 non
2815 1390 3148 1459 vinolentum,
3183 1410 3289 1447 non
3333 1412 3454 1465 per-

1884 1484 2161 1537 cussorem,
2194 1472 2285 1525 sed
2305 1474 2608 1543 modestam,
2634 1496 2738 1533 non
2763 1480 3063 1552 litigiosum,
3087 1499 3192 1538 non
3215 1485 3457 1555 cupidum

1884 1557 1940 1630 (1
1969 1559 2100 1614 Tim.
2132 1577 2209 1629 ιιι,
2239 1562 2294 1628 2,
2319 1564 2397 1635 5).
2440 1563 2484 1619 Ο
2512 1567 2691 1622 feralis
2734 1569 3059 1627 immutatio!
3102 1572 3147 1627 Ο
3192 1574 3461 1633 horren’da

1884 1660 2276 1721 prmceptorum
2297 1655 2594 1712 cmlestium
2619 1660 2982 1716 conculcatio!
3014 1663 3199 1720 Nonne
3221 1664 3461 1735 infatiga-

1811 1753 1857 1812 Β
1883 1741 2063 1798 biliter
2089 1745 2156 1798 ad
2184 1746 2296 1803 haec
2323 1750 2674 1818 expugnanda
2692 1794 2707 1819 ,
2735 1752 2823 1808 vel
2853 1756 3034 1825 potius
3061 1758 3333 1813 obruenda
3362 1774 3459 1816 ac-

1886 1841 2036 1889 tuum
2058 1837 2451 1908 verborumque
2472 1855 2622 1896 arma
2645 1844 2933 1914 corripitis,
2956 1862 3054 1916 pro
3076 1846 3230 1917 queis
3250 1863 3462 1904 consers

1881 1925 2070 1980 vandis
2099 1936 2260 1998 atque
2290 1930 2588 1999 ﬁrmandis,
2618 1933 2664 1987 si
2708 1949 2926 1991 necesse
2979 1936 3183 2005 luisset,
3217 1948 3272 1993 et
3301 1954 3457 2010 pcena

1881 2017 2024 2074 ultro
2052 2020 2349 2086 subeunda,
2384 2031 2441 2078 et
2469 2022 2577 2079 vita
2605 2027 2852 2095 ponenda
2872 2029 3021 2082 erat?
3048 2028 3156 2084 Sed
3182 2030 3460 2088 videamus

1881 2119 1937 2162 et
1983 2112 2303 2178 sequentia:
2341 2111 2583 2181 Domum,
2612 2115 2804 2186 inquit,
2836 2133 2982 2171 suam
3012 2118 3137 2173 bene
3177 2130 3455 2192 regentem,

1878 2200 2019 2269 ﬁlios
2046 2201 2315 2257 habentem
2343 2205 2576 2260 subdilos
2613 2224 2730 2261 cum
2776 2211 2918 2264 omni
2969 2212 3206 2266 castitate
3233 2211 3289 2283 (Ι
3319 2212 3453 2268 Tim.

1879 2305 1955 2355 ιιι,
1986 2289 2041 2362 4)
2071 2289 2212 2363 Ergo
2233 2293 2542 2363 imperfecta
2589 2304 2672 2350 est
2695 2305 2913 2367 patrum
2940 2299 3176 2366 castitas,
3208 2302 3253 2356 si
3281 2302 3456 2358 eidem

1878 2396 1987 2436 non
2016 2390 2071 2437 et
2092 2382 2320 2438 ﬁliorum
2349 2386 2736 2441 accumuletur.
2769 2387 2876 2442 Sed
2915 2390 3041 2458 quid
3069 2391 3200 2456 erit,
3233 2391 3322 2445 ubi
3352 2406 3455 2448 nec

1877 2481 2032 2544 pater
2061 2489 2161 2529 nec
2215 2473 2355 2530 ﬁlius
2403 2476 2529 2530 mali
2584 2478 2843 2546 genitoris
2896 2481 3144 2551 exemplo
3199 2490 3455 2553 pravatus

1878 2564 2208 2633 conspicitur
2235 2568 2449 2621 castus?
2471 2565 2531 2621 Si
2556 2568 2667 2638 quis
2690 2579 2859 2623 autem
2884 2570 3060 2624 domui
3097 2588 3207 2627 sua:
3232 2589 3455 2642 praeesse

1877 2659 2059 2724 nescit,
2089 2658 2339 2730 quomodo
2387 2657 2638 2714 Ecclesiae
2686 2658 2785 2715 Dei
2831 2662 3151 2733 diligentiam
3196 2663 3455 2719 adhibebit

1879 2746 2065 2820 (Ibid.,
2097 2745 2192 2818 5)?
2222 2747 2348 2803 limo
2372 2758 2496 2804 sunt
2514 2750 2675 2805 verba
2698 2765 2818 2819 qua:
2839 2752 3150 2807 indubitatis
3179 2753 3454 2811 eﬁectibus

1875 2839 2259 2910 approbantur.
2293 2838 2557 2896 Diaconos
2600 2842 2839 2898 similiter
2882 2843 3114 2914 pudicos,
3144 2862 3250 2901 non
3294 2846 3453 2902 bilin-

1876 2945 2022 3000 gues,
2046 2945 2149 2983 non
2172 2931 2289 2985 vino
2310 2930 2526 2985 multum
2552 2932 2777 2999 deditos,
2799 2948 2904 2988 non
2937 2944 3080 3005 turpe
3105 2935 3303 2990 lucrum
3343 2954 3454 2991 sec-

1876 3029 2063 3087 tantes,
2094 3020 2338 3076 habentes
2380 3025 2677 3094 mysterium
2705 3024 2829 3095 fidei
2868 3027 2925 3080 in
2955 3028 3270 3082 conscientia
3297 3045 3450 3099 pura.

202 3100 289 3157 ille
318 3103 535 3172 triginta
570 3102 839 3172 argenteis
879 3102 1125 3158 venalem
1169 3103 1356 3158 habuit
1383 3103 1622 3159 omnium
1654 3102 1773 3159 Sal-
1801 3117 1847 3181 ρ
1877 3106 1952 3163 Hi
1976 3117 2148 3163 autem
2175 3108 2453 3179 probentur
2471 3113 2713 3181 primum,
2742 3120 2792 3167 et
2809 3113 2884 3166 sic
2914 3115 3226 3180 ministrent,
3251 3115 3452 3171 nullum

192 3200 432 3250 vates-em
464 3212 479 3249 :
515 3209 614 3249 vos
636 3192 722 3249 vel
752 3208 859 3247 uno
889 3193 1071 3249 obolo.
1092 3192 1227 3261 Quid
1249 3194 1435 3264 plura?
1462 3193 1654 3250 Fertur
1671 3210 1770 3251 vo-

200 3283 277 3340 bis
321 3286 373 3341 in
423 3285 665 3342 medium
711 3283 950 3341 Matthiae
1004 3285 1058 3341 in
1110 3284 1479 3341 confusionem
1532 3295 1766 3342 vestram

202 3376 518 3447 exemplum,
541 3388 852 3432 sanctorum
873 3391 1090 3448 quoque
1112 3376 1480 3447 apostolorum
1505 3376 1769 3433 electione

201 3467 277 3522 vel
292 3467 491 3537 judicio
522 3466 751 3534 Christi,
776 3482 884 3523 non
903 3468 1121 3538 propria
1147 3468 1423 3523 voluntate
1448 3467 1623 3523 sortiti
1653 3467 1769 3523 :sd

200 3557 335 3628 quod
379 3560 507 3614 caeci
545 3558 724 3615 ell‘ecti
762 3574 870 3614 non
898 3558 1092 3614 videtis
1135 3573 1297 3627 quam
1321 3558 1479 3627 longe
1506 3572 1537 3612 a
1562 3558 1768 3613 meritis

202 3648 308 3717 ejus
325 3649 560 3715 distetis,
590 3648 715 3703 dum
743 3646 797 3703 in
818 3663 1054 3704 amorem
1080 3656 1137 3704 et
1162 3646 1413 3703 effectum
1440 3645 1588 3703 Judce
1611 3648 1769 3701 tradi-

200 3738 323 3796 toris
344 3747 541 3811 sponte
568 3738 867 3795 corruistis.
899 3737 1137 3809 Apparet
1161 3750 1290 3807 ergo
1313 3752 1437 3792 eum
1458 3737 1550 3809 qui
1572 3752 1669 3792 vos
1686 3752 1770 3792 sa-

198 3830 431 3886 cerdotes
459 3830 641 3887 sciens
660 3845 729 3885 ex
747 3830 912 3886 corde
938 3829 1100 3895 dicit,
1122 3845 1232 3884 non
1258 3844 1376 3884 esse
1395 3843 1583 3885 verum
1611 3827 1768 3884 Chri-

196 3920 438 3977 stianum.
459 3921 609 3977 Sane
629 3920 774 3991 quod
797 3921 993 3986 sentio,
1022 3920 1313 3990 proferam.
1338 3919 1529 3976 Posset
1549 3919 1765 3992 quidem

198 4010 359 4067 lenior
385 4012 502 4069 ﬁeri
532 4012 830 4084 increpatio
856 4030 867 4063 τ
894 4011 989 4069 sed
1011 4011 1141 4081 quid
1161 4011 1380 4082 prodest
1394 4012 1583 4067 vulnus
1601 4027 1764 4068 manu

200 4109 393 4158 tantum
441 4104 685 4175 palpare,
716 4110 1059 4172 nnguentove
1111 4115 1331 4172 ungere,
1362 4100 1510 4172 quod
1554 4108 1768 4157 tunmre

203 4189 299 4254 iam
345 4196 431 4247 vel
459 4195 635 4247 fetore
681 4191 783 4247 sibi
830 4192 1151 4247 horrescens
1197 4192 1437 4247 cauterio
1466 4198 1523 4245 et
1549 4189 1766 4261 publico

196 4280 322 4350 ignis
360 4282 718 4338 medicamine
771 4290 922 4352 eget;
949 4284 996 4339 si
1038 4291 1218 4338 tamen
1242 4282 1354 4338 ullo
1382 4282 1544 4339 modo
1585 4282 1764 4338 sanari

193 4374 370 4444 possit,
398 4390 548 4445 κει-ο
594 4390 930 4445 nequaquam
980 4376 1244 4431 medelam
1292 4382 1586 4445 quaerente,
1615 4382 1669 4431 et
1696 4374 1764 4430 ab

1872 3200 2066 3255 crimen
2095 3200 2336 3255 habentes
2367 3200 2553 3273 (Ibid,
2578 3201 2633 3270 8,
2663 3201 2775 3273 10).
2820 3201 2918 3259 His
2960 3204 3208 3259 nimirum
3259 3205 3450 3262 horre-

1871 3304 2029 3346 scens
2055 3290 2146 3344 diu
2178 3290 2456 3346 immoravi
2489 3308 2502 3345 :
2535 3306 2699 3345 unum
2734 3292 2967 3347 veridice
2993 3307 3209 3362 possum
3238 3294 3442 3364 dicere,

1869 3382 1998 3452 quin
2022 3382 2136 3437 haec
2157 3383 2339 3437 omnia
2365 3382 2418 3436 in
2446 3382 2745 3438 contrarios
2768 3391 2917 3438 actus
2945 3391 3245 3450 mutentur;
3275 3386 3348 3440 ita
3387 3392 3449 3442 ut

1868 3472 2049 3530 clerici
2075 3473 2238 3544 (quod
2268 3489 2375 3529 non
2422 3475 2623 3542 absque
2676 3472 2865 3528 dolore
2891 3473 3069 3528 cordis
3096 3472 3291 3543 fateor)
3340 3475 3445 3529 im-

1870 3564 2070 3635 pudici,
2088 3564 2374 3633 bilingues,
2400 3564 2555 3629 ebrii,
2581 3564 2750 3633 turpis
2775 3563 2907 3618 lucri
2934 3562 3147 3635 cupidi,
3187 3563 3448 3621 habentes

1869 3655 2028 3711 ﬁdem
2059 3663 2115 3710 et
2136 3657 2217 3727 (ut
2245 3655 2427 3710 verius
2454 3653 2650 3725 dicam)
2682 3653 3053 3709 inﬁdelitatem
3082 3654 3140 3709 in
3167 3655 3449 3710 conscien-

1871 3745 1944 3800 tia
1993 3745 2225 3815 impura,
2257 3760 2365 3799 non
2393 3743 2605 3815 probati
2632 3744 2685 3798 in
2716 3743 2881 3810 bono,
2902 3744 2996 3800 sed
3026 3744 3080 3799 in
3109 3744 3253 3800 malo
3280 3760 3448 3816 opere

1870 3836 2103 3907 praisciti
2124 3836 2511 3903 ministrantes,
2541 3842 2598 3889 et
2624 3834 2907 3891 innumera
2933 3835 3158 3891 crimina
3185 3835 3447 3893 habentes

1868 3942 2023 3983 sacro
2050 3926 2346 3980 ministerio
2368 3925 2751 3979 adsciscantur.

1936 4018 2063 4074 Car.
2091 4033 2234 4073 xxiv.
2279 4015 2473 4071 lterum
2514 4032 2580 4071 ea:
2618 4015 2859 4071 Μαιηιωί
2901 4015 3203 4087 Evangelia.
3234 4048 3307 4060 —
3333 4018 3446 4074 Au-

1865 4110 2017 4165 distis
2044 4108 2208 4165 etiam
2253 4108 2345 4162 illo
2394 4107 2482 4162 die
2528 4107 2657 4177 (quo
2702 4106 2872 4162 multo
2917 4106 3130 4175 dignius
3166 4107 3446 4179 multoque

1865 4200 2067 4256 rectius
2095 4205 2232 4265 erat,
2277 4205 2332 4255 ut
2363 4197 2430 4252 ad
2471 4212 2742 4253 carcerem
2775 4197 2861 4252 vel
2888 4204 3147 4253 catastam
3175 4198 3447 4270 pthoalem

1864 4307 2024 4362 quam
2068 4290 2135 4345 ad
2180 4289 2539 4345 sacerdotium
2589 4286 2958 4358 traheremini)
3003 4287 3231 4343 Domino
3263 4282 3445 4351 scisci-

1864 4381 2021 4446 tanti,
2069 4366 2230 4450 quem
2260 4392 2318 4435 se
2346 4393 2465 4433 esse
2507 4386 2759 4450 putarent
2805 4377 3071 4449 discipuli,
3118 4380 3333 4435 Petrum
3361 4395 3445 4436 re-

194 4462 289 4522 hoc
314 4467 529 4523 medico
552 4466 765 4536 lengius
790 4468 1115 4523 recedente?
1142 4465 1186 4521 0
1214 4467 1416 4522 inimici
1436 4467 1552 4533 Dei,
1576 4475 1631 4521 et
1653 4481 1759 4522 non
1786 4477 1831 4534 ι)
1865 4470 2147 4541 spondisse
2170 4486 2183 4522 :
2209 4467 2285 4522 Tu
2306 4486 2359 4523 es
2381 4467 2616 4524 Christus
2637 4467 2808 4523 Filius
2835 4468 2934 4523 Dei
2961 4469 3056 4523 viui
3087 4469 3301 4541 (Matth.
3333 4487 3445 4540 va,

188 4557 517 4625 sacerdotes,
547 4557 787 4613 veterani
808 4557 1072 4612 malorum
1095 4565 1150 4612 et
1173 4571 1281 4612 non
1307 4553 1591 4628 pontiﬁces
1609 4593 1624 4618 ,
1652 4563 1762 4610 tra—

187 4644 379 4705 ditores
403 4657 462 4704 et
490 4663 599 4704 non
646 4656 957 4704 sanctorum
998 4649 1368 4720 apostolorum
1394 4662 1755 4715 successores,

186 4747 237 4794 et
263 4757 366 4797 non
393 4741 596 4797 Christi
624 4742 875 4796 ministri.
899 4740 1253 4797 Auscultastis
1275 4740 1489 4809 quidem
1509 4739 1758 4795 secunda:

188 4830 425 4890 lectionis
444 4834 678 4904 apostoli
701 4831 851 4886 Pauli
881 4834 1167 4889 verborum
1190 4848 1380 4890 sonum
1401 4830 1514 4904 (sed
1534 4831 1588 4885 in
1608 4831 1756 4886 nullo

184 4926 338 4982 modo
356 4928 565 4983 monita
586 4926 948 4997 virtutemque
973 4926 1249 4992 servastis,
1274 4932 1329 4980 et
1343 4923 1754 4979 simulacrorum

186 5018 341 5074 modo
366 5034 488 5089 quae
508 5035 619 5075 non
647 5020 831 5075 vident
856 5034 1031 5090 neque
1057 5019 1309 5084 audiunt,
1340 5017 1537 5074 eodem
1565 5016 1653 5072 die
1674 5015 1757 5069 al-

186 5110 281 5164 tari
332 5110 602 5180 astitistis)
650 5117 780 5165 tunc
827 5118 885 5167 et
927 5110 1169 5179 quotidie
1220 5109 1378 5165 vobis
1415 5106 1751 5163 intonantis:

186 5196 413 5265 Fratres,
441 5201 635 5271 inquit,
667 5201 836 5272 ﬁdelis
864 5217 1030 5256 sermo
1057 5210 1152 5265 est,
1201 5210 1252 5255 et
1293 5202 1434 5256 omni
1461 5193 1756 5268 acceptione

184 5289 362 5361 dignus
386 5290 445 5363 (Ι
477 5290 612 5346 Tim.
642 5307 730 5357 ιιι,
758 5291 834 5361 1).
865 5292 960 5347 Ille
985 5291 1122 5346 dixit
1150 5289 1361 5347 ﬁdelem
1391 5299 1446 5347 et
1492 5290 1708 5359 dignum
1736 5307 1749 5343 :

179 5395 269 5435 vos
291 5391 350 5437 ut
369 5381 642 5439 inﬁdelem
670 5390 727 5438 et
754 5383 1028 5452 indignum
1074 5383 1372 5453 sprevistis.
1407 5382 1468 5438 Si
1497 5383 1609 5452 quis
1636 5382 1746 5451 epi-

178 5482 440 5542 scopatum
462 5475 622 5545 cupit,
650 5474 837 5529 bonum
859 5490 986 5544 opus
1008 5470 1470 5543 desiderat(lbid.)
1504 5472 1610 5526 Vos
1634 5470 1752 5540 epi-

178 5568 445 5630 scopatum
475 5576 800 5634 magnopere
828 5563 1067 5617 avaritite
1095 5562 1285 5630 gratia,
1319 5576 1424 5617 non
1453 5559 1748 5630 spiritualis

175 5651 437 5721 proiectus
465 5652 691 5709 obtentu
717 5654 938 5725 cupitis,
968 5661 1023 5710 et
1050 5654 1249 5709 bonum
1276 5668 1413 5723 opus
1446 5651 1521 5706 illi
1560 5650 1747 5707 condi-

1872 4561 1997 4633 16);
2026 4562 2181 4631 eique
2212 4560 2498 4617 Dominum
2545 4575 2646 4631 pro
2690 4561 2782 4616 tali
2828 4561 3168 4632 confessione
3205 4564 3446 4622 dixisse:

1871 4652 2061 4708 Beatus
2090 4670 2163 4719 es,
2188 4653 2369 4709 Simon
2393 4652 2692 4721 Bar-Jana,
2726 4655 2845 4726 quia
2873 4664 3085 4728 caro_et
3103 4657 3316 4728 sanguis
3341 4673 3446 4714 non

1866 4748 2102 4803 reuelauit
2134 4747 2243 4813 tibi,
2286 4748 2377 4803 sed
2408 4747 2566 4801 Pater
2591 4722 2844 4818 meus-qui
2873 4749 2930 4803 in
2973 4722 3112 4804 caelis
3146 4722 3222 4804 εεὶ
3251 4749 3443 4822 (Ibid.,

1865 4838 1978 4912 17).
2014 4840 2152 4908 Ergo
2181 4838 2372 4895 Petrus
2398 4855 2428 4894 a
2449 4839 2563 4895 Deo
2593 4838 2752 4896 Patre
2779 4840 2974 4897 doctus
2997 4850 3145 4897 recte
3171 4842 3441 4899 Christum

1864 4929 2187 4985 conﬁtetur:
2228 4945 2325 4984 vos
2352 4939 2530 4984 autem
2559 4931 2747 4986 moniti
2775 4946 2805 4985 a
2834 4939 2989 5001 patre
3016 4941 3197 4989 vestro
3224 4933 3441 4990 diabolo

1857 5018 2040 5089 inique
2068 5018 2401 5073 Salvatorem
2443 5019 2598 5075 malis
2624 5020 2835 5077 actibus
2860 5021 3155 5090 denegatis.
3184 5021 3323 5079 Vero
3351 5039 3440 5081 sa«

1855 5110 2060 5166 cerdoti
2088 5108 2282 5164 dicitur
2316 5128 2330 5164 :
2360 5109 2436 5163 Tu
2462 5127 2516 5165 es
2541 5109 2750 5176 Petrus,
2796 5121 2845 5165 et
2887 5128 3038 5183 super
3078 5112 3210 5166 hanc
3236 5098 3435 5182 petram

1855 5198 2125 5269 adiﬁcabo
2169 5197 2458 5253 Ecclesium
2501 5215 2670 5253 meam
2710 5199 3039 5271 (Ibid.,18).
3080 5201 3190 5256 Vos
3217 5202 3432 5271 quidem
3466 5266 3471 5281 .

1857 5290 2222 5347 assimilamini
2260 5291 2368 5345 viro
2407 5292 2583 5358 stulto,
2624 5292 2711 5364 qui
2737 5291 3009 5361 aediﬁcavit
3040 5293 3244 5347 domum
3284 5308 3436 5348 suam

1852 5398 2007 5451 super
2033 5374 2248 5436 arenam
2277 5380 2490 5450 (Matth.
2518 5398 2611 5445 vn,
2653 5381 2766 5453 26).
2812 5381 3114 5437 Notandum
3158 5397 3290 5437 vero
3327 5393 3431 5452 est,

1852 5473 1995 5543 quod
2016 5474 2388 5542 insipientibus
2410 5474 2464 5528 in
2485 5472 2795 5529 aediﬁcanda
2815 5474 2977 5529 domo
2997 5489 3280 5530 arenarum
3304 5491 3434 5546 pen-

1852 5562 1991 5639 dula:
2020 5563 2300 5619 mobilitati
2328 5564 2583 5618 Dominus
2626 5579 2733 5618 non
2762 5575 3105 5634 cooperetur,
3134 5566 3429 5625 secundum

1851 5652 1979 5707 illud
2011 5671 2024 5707 :
2058 5651 2313 5709 Fecerunt
2340 5655 2438 5709 sibi
2468 5670 2633 5726 reges,
2664 5656 2755 5709 sed
2775 5672 2878 5710 non
2905 5672 2998 5726 per
3025 5672 3105 5709 me
3134 5652 3282 5726 (Ose.
3312 5671 3427 5726 vus,

176 5755 330 5812 gnum
379 5759 720 5819 nequaquam
772 5745 1002 5803 habetis.
1054 5741 1267 5816 Oportet
1294 5760 1416 5814 ergo
1445 5742 1740 5814 hujusmodi
1848 5742 1925 5815 4).
1957 5741 2253 5814 itidemque
2279 5743 2423 5816 quod
2465 5744 2709 5815 sequitur
2735 5746 2921 5802 eadem
2963 5752 3124 5802 sonat
3156 5744 3425 5805 dicendo:
