3952 6390
487 319 584 376 ὅῖῚ

1832 308 2166 370 PELAGIUS
2203 308 2383 368 PAPA
2415 306 2457 362 1.

3649 257 3748 318 392

493 429 563 490 Et
589 441 750 505 porta:
793 431 950 503 inferi
993 445 1096 484 non
1138 427 1482 500 prwvalebunl
1527 425 1742 495 (Matth.
1786 441 1896 492 svr,
1933 423 2058 494 l8):
2168 425 2344 480 solum
2398 415 2726 474 conscientia
2772 410 3132 505 supplaudat,
3187 423 3310 505 eum
3355 419 3548 505 eor-um
3594 405 3758 505 queis

492 521 716 590 ejusque
743 526 961 590 peccata
991 517 1377 585 intelliguntur.
1420 516 1496 572 De
1526 525 1700 572 vestra
1733 515 1858 585 quid
1880 516 2072 570 exitia-

493 611 585 666 bili
614 617 876 665 structura
895 606 1306 678 pronuntiatur?
1345 604 1601 660 Venerunt
1627 605 1864 674 flumina,
1894 612 1942 657 et
1968 603 2074 672 ﬂa-

492 707 670 754 verant
696 699 850 762 venti,
901 707 950 750 et
979 697 1299 766 impegerunt
1324 697 1382 749 in
1406 695 1615 748 domum
1651 694 1816 758 illam,
1863 701 1910 746 et
1940 695 2073 747 ceci-

495 785 568 841 dit
592 802 610 840 :
635 795 686 841 et
714 785 809 857 fuit
852 785 1003 838 ruina
1033 783 1144 854 ejus
1173 799 1360 853 magna
1389 781 1606 850 (Matth.
1641 797 1736 849 vri,
1766 781 1878 851 27).
1915 780 2074 835 Petro

493 877 715 946 ejusque
753 875 1152 930 successoribus
1191 871 1318 926 dicit
1363 871 1616 926 Dominus
1647 888 1660 923 :
1695 869 1760 923 Et
1807 869 1897 923 tibi
1943 867 2075 923 dabo

493 967 658 1022 claves
689 967 832 1037 regni
879 967 1118 1018 calorum
1163 961 1376 1034 (Matth.
1407 977 1519 1030 xvi,
1552 961 1638 1032 19)
1667 979 1680 1014 :
1715 959 1878 1014 Vobis
1905 973 2034 1012 vero
2059 974 2072 1010 :

497 1055 622 1111 Non
669 1057 784 1110 novi
831 1070 918 1110 vos
948 1069 966 1107 :
999 1052 1242 1106 discedite
1287 1067 1320 1104 a
1365 1067 1464 1116 me,
1514 1051 1742 1120 aperarii
1788 1048 2076 1119 iniquitatis

497 1145 712 1219 (Matth.
746 1160 836 1207 vn,
869 1143 973 1209 35;
1024 1141 1152 1196 Luc.
1182 1157 1295 1207 xui,
1324 1140 1448 1208 27);
1502 1146 1560 1194 ut
1597 1137 1830 1208 separati
1851 1136 2078 1190 sinistra!

499 1237 669 1308 partis
697 1251 817 1290 cum
857 1235 1048 1298 haedis,
1081 1233 1216 1288 eatis
1243 1233 1294 1286 in
1325 1233 1500 1300 ignem
1528 1237 1808 1285 setemum.
1840 1225 2080 1294 Itemque

501 1327 647 1382 omni
690 1334 876 1381 sancto
923 1325 1190 1380 sacerdoti
1237 1321 1566 1394 promittitur
1609 1336 1623 1372 :
1661 1315 1730 1371 Et
1774 1332 2082 1390 quaecunque

501 1416 712 1472 s’olven‘s
737 1431 888 1486 super
907 1423 1119 1478 terram,
1141 1422 1290 1468 erunt
1312 1410 1483 1466 soluta
1511 1419 1560 1463 et
1586 1409 1640 1462 in
1669 1407 1809 1461 caelis
1831 1423 1850 1461 :
1873 1414 1922 1461 et
1949 1421 2084 1478 qua:-

501 1521 698 1576 cunque
725 1505 963 1576 ligaveris
991 1519 1145 1574 super
1167 1512 1378 1567 terram,
1427 1507 1576 1554 erunt
1604 1499 1766 1569 ligata
1795 1505 1843 1550 et
1869 1497 1922 1550 in
1945 1497 2081 1550 caelis

503 1594 716 1667 (Matth.
749 1611 856 1661 xvi,
892 1594 1004 1665 l9).
1037 1594 1144 1649 Sed
1183 1591 1455 1662 quomodo
1483 1605 1580 1644 vos
1619 1588 1819 1657 aliquid
1865 1588 2084 1643 solvetis

503 1692 562 1738 ut
589 1685 660 1738 sit
689 1683 924 1738 solutum
954 1691 1008 1738 et
1036 1683 1090 1736 in
1119 1682 1290 1748 emlis,
1341 1697 1371 1736 a
1401 1681 1539 1736 coelo
1569 1681 1638 1736 ob
1665 1680 1868 1734 scelera
1900 1678 2085 1734 adem-

2171 519 2366 584 prazest
2395 511 2464 581 (si
2493 509 2584 579 qui
2626 513 2848 578 propter
2889 502 3004 572 ejus
3031 498 3352 571 imperitiam
3376 496 3464 552 vel
3491 494 3756 551 desidiam

2171 619 2267 659 seu
2297 601 2662 656 adulationem
2685 594 2962 667 perierint)
2994 597 3046 647 in
3076 591 3162 647 die
3186 589 3374 660 judicii
3411 587 3478 644 de
3515 587 3754 658 ejusdem

2171 691 2440 755 manibus,
2486 687 2653 742 veluti
2695 683 3090 744 interfectoris,
3140 682 3330 735 animae
3379 678 3755 749 exquiruntur.

2173 783 2309 850 Quia
2354 795 2454 836 nec
2479 778 2684 834 dulcior
2725 790 2870 830 mors
2900 789 3018 845 quae
3049 772 3272 827 infertur
3298 787 3328 824 a
3356 770 3502 826 bono
3540 784 3758 839 quoque

2174 875 2412 938 homine,
2443 885 2604 942 quam
2649 869 2813 924 malo.
2847 865 3095 936 Alioquin
3125 880 3232 919 non
3263 862 3490 918 dixisset
3525 862 3759 932 Aposto~

2173 963 2276 1029 lus,
2300 962 2448 1018 velut
2473 969 2756 1030 paternum
2783 957 3014 1025 legatum
3039 953 3148 1008 suis
3172 951 3578 1007 successoribus
3601 949 3756 1006 dere-

2176 1053 2421 1123 linquens
2445 1069 2457 1102 :
2481 1048 2706 1102 Mundus
2733 1063 2828 1117 ego
2849 1061 2961 1099 sum
2989 1042 3052 1096 ab
3081 1042 3306 1096 omnium
3337 1049 3610 1111 sanguine.
3636 1035 3760 1093 Non

2176 1141 2313 1196 enim
2331 1138 2614 1209 subterfugi
2653 1137 2923 1205 quominus
2947 1133 3307 1186 annuntiarem
3330 1130 3472 1184 vobis
3489 1146 3644 1184 omne
3658 1146 3762 1198 my-

2175 1231 2386 1286 sterium
2420 1229 2512 1282 Dei
2544 1226 2681 1298 (Act.
2705 1241 2800 1292 xx,
2823 1222 2914 1286 26,
2945 1222 3058 1293 27).
3107 1221 3274 1276 Multo
3311 1235 3544 1290 namque
3572 1236 3676 1274 usu
3701 1235 3764 1275 ac

2178 1317 2478 1386 frequentia
2503 1315 2527 1353 δ
2553 1321 2896 1385 peccatorum
2939 1310 3212 1378 inebriati,
3238 1319 3294 1364 et
3323 1310 3662 1366 incessanter
3689 1311 3763 1363 ir-

2178 1408 2457 1462 ruentibus
2487 1405 2638 1458 vobis
2679 1403 2943 1458 sccleruin
2973 1401 3369 1457 cumulaturqu
3411 1417 3478 1456 ac
3515 1402 3564 1456 si
3607 1401 3766 1458 undis

2181 1499 2438 1569 quassati,
2493 1511 2652 1550 unam
2700 1494 2864 1548 veluti
2904 1503 3027 1564 post
3071 1491 3407 1563 naufragium
3445 1493 3522 1566 (in
3562 1509 3671 1564 qua
3699 1495 3767 1548 ad

2180 1594 2423 1646 vivorum
2465 1599 2662 1644 terram
2693 1586 2954 1655 evadatis)
2998 1587 3330 1656 paenitentia:
3377 1585 3616 1640 tabulam
3653 1593 3768 1639 toto

2182 1679 2346 1734 animi
2393 1677 2513 1732 nisu
2563 1676 2846 1746 exquirite,
2891 1682 2950 1728 ut
2988 1679 3262 1728 avertatur
3308 1672 3458 1728 furor
3493 1673 3708 1728 Domini
3736 1689 3766 1728 a

503 1774 599 1845 pti,
647 1782 703 1828 et
731 1774 1041 1828 immanium
1076 1782 1418 1844 peccatorum
1448 1772 1660 1826 funibus
1687 1771 1995 1840 compediti,
2026 1777 2084 1824 ut
2115 1780 2160 1840 Β
2186 1771 2337 1826 vobis
2365 1766 2782 1824 misericorditer
2819 1765 3083 1820 dicentis:
3112 1761 3250 1818 Nolo
3285 1774 3501 1817 mortem
3529 1772 3770 1834 peccato-

504 1864 761 1921 Sralomon
788 1880 1002 1937 quoque
1028 1866 1104 1919 ait
1145 1883 1160 1918 :
1199 1862 1473 1919 Criiiiculis
1509 1873 1834 1934 peccatorum
1877 1879 2084 1918 suorum

503 1956 848 2026 unusquisque
876 1955 1250 2026 constringitur
1277 1953 1456 2026 (Prov.
1485 1969 1542 2023 ν,
1579 1953 1709 2026 22)?
1743 1953 1965 2023 Quaque
1992 1969 2082 2008 ra-

506 2045 653 2100 tione
683 2045 882 2114 aliquid
909 2047 964 2099 in
997 2051 1138 2100 terra
1181 2045 1411 2114 ligabitis
1438 2044 1583 2114 quod
1625 2058 1782 2114 supra
1831 2043 2086 2098 mundum

505 2135 665 2188 etiam
693 2135 886 2202 ligetur
907 2143 1125 2206 propter
1149 2145 1174 2172 σι
1199 2135 1572 2204 vosmetipsos,
1593 2135 1684 2204 qui
1708 2134 1783 2188 ita
1812 2133 1956 2202 ligati
1985 2133 2087 2188 ini-

503 2224 796 2294 quitatibus
823 2226 876 2279 in
907 2225 1010 2280 hoc
1047 2225 1244 2280 mundo
1288 2225 1566 2288 tenemini,
1607 2232 1670 2279 ut
1715 2224 1769 2278 in
1811 2223 1962 2278 cmlis
1990 2237 2088 2279 ne-

505 2327 773 2382 quaquam
799 2315 1119 2380 ascendatis,
1143 2314 1241 2370 sed
1258 2315 1311 2369 in
1336 2315 1561 2369 infausta
1583 2313 1771 2368 tartari
1794 2313 2087 2382 ergastula,

505 2419 614 2460 non
643 2406 884 2462 conversi
937 2406 990 2461 in
1035 2406 1143 2461 hac
1188 2407 1300 2461 vita
1347 2407 1414 2462 ad
1457 2407 1763 2472 Dominum,
1787 2405 2087 2460 decidatisl

505 2491 619 2550 Nec
643 2493 747 2550 sibi
791 2495 1076 2565 quisquam
1127 2495 1466 2552 sacerdotum
1511 2495 1581 2550 de
1625 2494 1868 2564 corporis
1903 2491 2089 2548 mundi

580 2633 605 2662 ι
628 2623 892 2696 itarecte,
915 2635 972 2696 ut
993 2627 1223 2696 videtur,
1247 2621 1392 2683 Bibl.
1407 2625 1512 2680 PP.
1537 2625 1706 2681 Paris.
1729 2625 1915 2696 Neque
1939 2625 2084 2682 enim

509 2693 688 2764 placet
713 2695 875 2749 lectio
903 2695 1034 2768 edit.
1065 2693 1260 2762 Oxon},
1288 2713 1444 2768 supra
1479 2696 1686 2750 modum
1711 2693 1870 2750 etiam
1897 2695 2083 2768 ligetur

510 2771 698 2835 praeter
723 2767 1070 2835 vosmetipsos.

2185 1866 2276 1928 ris,
2325 1862 2415 1917 sed
2460 1869 2516 1915 ut
2559 1869 2884 1916 convertatur
2921 1869 2969 1912 et
3008 1861 3140 1912 vivat
3180 1855 3393 1928 (Ezeclt.
3425 1871 3615 1921 xum,
3653 1855 3764 1925 ll).

2183 1951 2303 2026 Ipse
2337 1953 2676 2022 omnipotens
2712 1949 2852 2004 Deus
2893 1951 3044 2004 totius
3082 1947 3452 2003 consolationis
3488 1957 3537 2002 et
3563 1949 3768 2002 miseri-

2185 2044 2376 2100 cordia:
2403 2042 2490 2116 (ll
2510 2042 2631 2097 Cor.
2653 2058 2693 2109 t,
2719 2041 2774 2113 5)
2803 2041 3152 2110 paucissimos
3179 2039 3350 2094 bonos
3375 2048 3624 2108 pastores
3645 2054 3768 2094 con-

2186 2143 2368 2191 servet
2395 2134 2462 2189 ab
2489 2133 2638 2188 omni
2666 2133 2828 2198 malo,
2871 2141 2928 2187 et
2966 2131 3264 2200 municipes
3308 2129 3490 2194 faciat,
3539 2130 3770 2186 subacto

2188 2223 2458 2280 communi
2499 2223 2685 2290 hoste,
2732 2221 2964 2278 civitatis
2998 2219 3292 2275 Jerusalem
3341 2218 3616 2286 ccelestis,
3665 2220 3772 2276 huc

2187 2321 2273 2370 est
2313 2323 2621 2370 sanctorum
2649 2313 2889 2370 omnium
2919 2310 3370 2380 congregationis,
3397 2309 3574 2366 Pater
3601 2319 3658 2366 et
3684 2309 3773 2366 Fi-

2188 2403 2292 2461 lius
2315 2412 2370 2460 et
2399 2404 2626 2475 Spiritus
2668 2411 2887 2459 sanctus
2913 2419 2926 2455 :
2951 2402 3038 2458 cui
3080 2401 3152 2457 sit
3194 2400 3371 2457 honor
3409 2407 3466 2458 et
3505 2401 3678 2470 gloria
3715 2401 3773 2457 in

2191 2495 2386 2552 alecula
2410 2495 2749 2551 seculorum.
2782 2493 2974 2548 Amen.

2261 2623 2290 2664 ιι
2318 2623 2429 2695 me
2444 2625 2642 2695 iterum
2663 2626 2936 2695 sequimur
2960 2625 3096 2680 Bibl.
3119 2623 3226 2680 PP.
3255 2622 3455 2693 Paris.,
3471 2583 3678 2695 reiecta
3695 2623 3775 2681 le-

2191 2695 2372 2753 ctione
2397 2693 2598 2765 Oxon.,
2620 2693 2938 2768 Multumque
2961 2712 3083 2750 nam
3111 2712 3228 2749 usu.

2575 2871 3774 2904 Μ

1747 3032 1916 3077 Διηκο
1959 3029 2200 3074 ΒΟΙΙΙΝῘ·
2235 3029 2516 3073 νιν-θυι
2529 3055 2544 3072 .

1015 3155 3014 3494 PELAG}_I_J§_PAPA
3102 3193 3264 3396 Ι.

1655 3594 1927 3655 NOTITIA
1959 3599 2049 3671 (ex
2080 3598 2241 3656 Libro
2276 3599 2618 3674 Pontificali).

584 3755 831 3826 pelagias
861 3765 884 3794 ι
914 3754 1134 3810 natione
1167 3751 1458 3818 Romanus,
1491 3767 1558 3809 ex
1590 3761 1747 3823 patre
1769 3751 1975 3810 Joanne
2003 3753 2086 3810 γε.
2122 3758 2167 3820 C
2199 3771 2326 3812 vere
2355 3759 2451 3828 (a).
2484 3754 2553 3812 Et
2595 3759 2882 3817 multitudo
2921 3763 3310 3834 religiosorum,
3355 3770 3680 3840 sapientium
3720 3783 3775 3832 et

512 3849 753 3916 cariano,
799 3845 936 3902 sedit
961 3861 1134 3902 annos
1159 3845 1424 3911 undecim,
1453 3850 1469 3878 ³
1499 3859 1710 3902 menses
1737 3846 1946 3914 decem,
1975 3847 2092 3902 dies

511 3939 813 3994 octodecim
840 3937 886 3992 δ.
936 3937 1003 3992 Et
1030 3937 1156 3992 dum
1187 3954 1292 3993 non
1341 3945 1522 3994 essent
1566 3939 1806 4010 episcopi
1834 3941 1925 4010 qui
1967 3956 2089 3996 eum

512 4031 821 4085 Ordinarent
849 4071 866 4097 ,
913 4030 1111 4084 inventi
1151 4036 1274 4084 sunt
1315 4028 1420 4083 duo
1477 4029 1734 4099 episcopi,
1765 4029 1998 4086 Joannes
2025 4031 2092 4086 de

511 4118 754 4186 Perusia,
797 4129 851 4174 et
883 4119 1060 4174 Bonus
1087 4119 1154 4174 de
1182 4117 1489 4184 Ferentino,
1531 4127 1586 4173 et
1609 4117 1850 4176 Andreas
1871 4121 2094 4192 presby-

513 4219 595 4265 tcr
621 4210 688 4266 de
715 4210 894 4274 Ostia;
938 4219 994 4265 et
1021 4210 1403 4264 ordinaverunt
1431 4219 1554 4262 eum
1581 4209 1910 4280 pontificem.
1941 4209 2092 4268 Tunc

512 4301 654 4356 enim
684 4315 791 4355 non
819 4307 976 4356 erant
1012 4299 1066 4354 in
1109 4299 1272 4362 clero,
1303 4297 1398 4367 qui
1436 4311 1559 4352 eum
1605 4305 1823 4372 possent
1863 4313 2088 4369 promo-

583 4489 610 4516 ιι
642 4474 797 4530 Anno
840 4471 1037 4550 Cbristi
1075 4469 1436 4550 redemptoris
1475 4467 1600 4550 55b,
1645 4469 1744 4550 qui
1783 4477 1865 4550 est
1891 4469 2086 4550 vigesi:
2115 4473 2158 4532 D
2188 4481 2362 4544 gentes
2386 4475 2460 4528 im

515 4564 634 4604 mus
683 4553 872 4600 nonus
901 4541 1110 4610 imperii
1131 4539 1422 4610 Justi'uiani
1447 4580 1462 4604 ,
1511 4539 1752 4610 ejusdem
1799 4539 2086 4595 Justiniani

515 4615 852 4688 imperatoris
879 4609 1246 4682 proinotioue,
1278 4610 1330 4663 in
1359 4609 1535 4665 locum
1566 4609 1738 4678 Vigilii
1766 4611 2089 4678 subrogatus

515 4697 598 4738 est.
635 4684 880 4738 Pelagius
929 4680 1354 4738 archidiaconus.
1383 4681 1472 4738 qui
1509 4679 1578 4735 ob
1614 4679 1982 4734 imminentem
2003 4678 2089 4738 ja-

513 4697 598 4742 est
635 4694 880 4751 Pelagius
929 4694 1354 4746 arcnieiaconus,
1383 4694 1472 4748 qui
1509 4694 1578 4735 ou
1614 4694 1982 4734 imminentem
2003 4694 2090 4747 ja-

513 4766 721 4830 ctursm
742 4750 1019 4830 catholicas
1040 4749 1182 4830 fidei,
1217 4748 1301 4830 vel
1323 4749 1676 4830 ignominiam
1687 4747 2092 4830 Chalcedpneu-

513 4827 589 4880 sis
607 4823 824 4880 concilii
843 4820 1170 4890 evitandam.
1196 4819 1437 4890 quintam
1464 4819 1728 4890 synodum
1749 4819 2087 4890 approbavit.

432 4936 436 4944 .
486 4895 690 4969 ‘Quare
717 4908 838 4948 cuin
865 4889 1234 4969 Occidentales
1261 4888 1509 4969 episcopi
1527 4888 1732 4969 majore
1759 4889 1988 4969 scissura
2008 4889 2090 4969 di-

511 4955 839 5026 viderentur,
871 4975 968 5029 per
996 4959 1200 5013 litteras
1235 4955 1516 5029 aliquoties
1541 4973 1572 5012 a
1597 4955 1658 5014 se
1685 4955 1882 5013 frustra
1909 4957 2082 5013 moni-

513 5043 717 5114 toeper
742 5027 1548 5114 Narseterurcomapellieuravit.
1590 5097 1606 5114 ‘
1677 5098 1690 5110 _
1756 5109 1776 5114 Α
1935 5095 1949 5108 _

586 5097 754 5171 Hujus
781 5099 1112 5168 temporibus
1129 5097 1346 5164 Franci,
1391 5111 1513 5152 cum
1553 5097 1812 5168 plurimas
1836 5097 2088 5164 regiones

510 5171 683 5248 italia;
695 5169 1003 5248 depopulati
1026 5167 1272 5248 fuissem,
1299 5181 1330 5248 ξι
1359 5165 1669 5248 ιᾳξιίμίηηᾳ
1697 5166 1977 5248 debellati,
1999 5174 2086 5220 at-

552 5258 618 5318 ue
647 5235 912 5318 Romano
934 5238 1164 5306 imperio
1195 5238 1212 5258 '
1241 5236 1447 5318 subacti
1477 5235 1742 5318 leguli-tu:
1780 5237 1920 5318 apud
1948 5236 2090 5318 Aga-

514 5303 701 5366 tbiam.
753 5303 1054 5362 Hadrianus
1098 5319 1236 5377 papa
1275 5306 1328 5377 i_n
1355 5303 1584 5377 epistola
1606 5304 1672 5358 ad
1697 5303 2087 5377 Clll'lilllllLMﬂ-

513 5394 678 5449 gnum
707 5379 774 5434 de
797 5371 1135 5449 imaginibus,
1171 5371 1250 5449 'de
1269 5371 1492 5449 Pelagio
1522 5375 1634 5429 haec
1661 5375 1848 5449 scribit
1877 5391 1892 5428 :
1921 5371 2088 5449 Metto

515 5442 738 5518 amplius
761 5463 878 5518 vero
903 5442 1016 5516 ejus
1040 5445 1352 5518 {unctissimi
1384 5442 1698 5518 successores
1739 5443 1956 5518 domnus
1985 5442 2089 5518 Pe-

515 5513 758 5590 lug'iuseet
785 5513 1000 5590 domnus
1043 5513 1490 5590 Joannes,__r_nira:
1516 5513 2090 5590 magnitudinis__eccle-

517 5581 648 5640 siam
667 5587 1027 5656 Apostolorum
1052 5600 1084 5636 a
1105 5584 1212 5656 salo
1234 5584 1568 5656 mdiﬁcaittes,
1593 5581 1836 5636 historias
1862 5581 2088 5656 diversas

521 5664 627 5709 tam
645 5657 701 5710 in
715 5651 912 5708 'musivo
940 5669 1094 5720 quam
1116 5654 1169 5706 in
1189 5653 1344 5707 variis
1369 5652 1623 5708 coloribus
1653 5667 1769 5706 cum
1797 5652 1960 5705 sacris
1981 5651 2096 5721 pin-

554 5767 562 5772 -
584 5732 608 5756 ‘
629 5733 733 5783 Hoc
749 5731 1074 5782 falsissimum.

2197 3851 2475 3917 nobilium,
2504 3851 2868 3908 subduxerunt
2896 3870 2953 3910 se
2975 3871 3004 3910 a
3026 3859 3402 3917 communione
3429 3862 3569 3932 ejus,
3598 3866 3776 3922 dicen-

2203 3950 2304 4008 tes,
2335 3943 2460 4012 quia
2501 3944 2555 3997 in
2586 3951 2758 4000 morte
2785 3945 2959 4014 Vigilii
2981 3963 3134 4020 papa:
3153 3964 3212 4005 se
3238 3950 3550 4022 immiscuit,
3578 3965 3640 4010 ut
3663 3966 3777 4011 tan~

2202 4033 2272 4087 tis
2300 4033 2472 4104 pmnis
2499 4031 2841 4102 aflligeretur.
2873 4034 3076 4090 Eodem
3104 4046 3347 4108 tempore
3374 4039 3573 4098 Nai-ses
3601 4054 3657 4098 et
3681 4043 3778 4100 Pe-

2197 4117 2368 4189 lagius
2395 4137 2552 4191 papa,
2583 4123 2809 4177 consilio
2830 4123 2980 4190 inito,
3010 4125 3133 4180 data
3164 4127 3348 4182 litania
3376 4145 3407 4184 a
3434 4143 3626 4188 saneto
3649 4133 3779 4190 Pan-

2194 4207 2373 4266 ‘Cratio
2415 4209 2488 4283 (b)
2521 4227 2640 4266 cum
2672 4213 2882 4285 hymnis
2909 4224 2964 4270 et
2985 4217 3208 4273 canticis
3232 4220 3584 4289 spiritalibus,
3618 4241 3777 4282 vene-

2195 4310 2322 4358 runt
2368 4302 2437 4358 ad
2477 4311 2721 4359 sanctum
2749 4303 2963 4360 Petrum
3009 4309 3328 4377 apostolum.
3380 4311 3482 4378 Qui
3537 4314 3779 4386 Pelagius

2461 4475 2718 4597 aﬂinibus,
2751 4487 2800 4530 et
2829 4493 2966 4531 nunc
2993 4493 3152 4550 usque
3180 4482 3424 4538 hactenus
3449 4503 3482 4539 α
3511 4487 3664 4543 nobis
3688 4507 3772 4546 ve-

2541 4561 2642 4597 ane
2660 4549 2940 4597 ecclesiam
2965 4547 3216 4597 Pelatzine
3256 4553 3472 4597 inomnii
3543 4557 3772 4597 tum“...

2190 4552 2458 4598 iterantur.
2491 4547 2642 4600 Hane
2660 4549 2940 4624 ecclesiam
2965 4547 3216 4624 Pelagius
3255 4553 3498 4624 inempit,
3543 4557 3780 4616 Joannes

2188 4626 2324 4689 {ego
2347 4630 2625 4689 successor
2651 4615 2769 4689 ejus
2801 4617 3040 4689 perfecit,
3081 4615 3243 4689 atque
3271 4615 3426 4678 titulo
3455 4615 3778 4685 Sanctorum

2189 4679 2420 4752 Philippi
2444 4693 2498 4738 et
2518 4679 2703 4762 Jaeolii
2733 4679 2974 4762 eamdem
3004 4679 3358 4756 consecravit,
3380 4679 3534 4762 juxta
3563 4679 3778 4754 versi—nu

2189 4764 2350 4826 quem
2397 4762 2555 4826 teste_
2587 4754 2826 4826 Duronio,
2860 4757 3078 4826 antiqua
3127 4754 3474 4818 monumenta
3504 4765 3780 4824 Vaticanis

2188 4818 2424 4877 basilica
2446 4837 2475 4876 a
2505 4823 2703 4878 Manlio
2728 4825 2953 4880 collecta
2983 4818 3220 4882 babent:

2331 4915 2578 4984 Pelagius
2598 4919 2768 4986 carpit,
2801 4919 3068 4988 complevit
3094 4937 3234 4990 papa
3260 4920 3517 4980 Joannes.

2259 5003 2390 5061 Ssv.
2419 5005 2617 5060 Bittius.

2258 5095 2288 5134 ιι
2315 5094 2578 5169 Anastasii
2594 5098 3054 5169 commentarius,
3083 5102 3174 5169 qui
3216 5111 3356 5158 tes-te
3383 5103 3624 5163 Baronio
3651 5109 3778 5164 seri-

2191 5173 2319 5250 ptus
2339 5166 2566 5220 habetur
2591 5167 2644 5220 in
2667 5166 2986 5250 bibliotheca
3003 5166 3287 5250 Vaticana,
3313 5174 3477 5250 habet
3501 5175 3778 5250 Pelagium

2193 5237 2397 5305 sedisse
2421 5251 2592 5290 annos
2619 5246 2849 5305 quatuor
2873 5253 3084 5293 nienses
3109 5237 3293 5296 decem
3331 5254 3386 5297 et
3412 5245 3529 5300 dies
3558 5237 3778 5304 ecfode-

2192 5305 2320 5376 cim.
2351 5303 2427 5376 Ita
2459 5303 2718 5376 Duronius
2745 5321 2886 5360 anno
2915 5305 3038 5371 359,
3072 5324 3220 5364 num.
3254 5310 3304 5365 l.
3337 5312 3465 5366 Suv.
3500 5303 3703 5376 Brutus.

2263 5374 2340 5444 (a)
2356 5373 2501 5456 god.-
2526 5374 2808 5456 Luc_.,'qui
2838 5386 3076 5445 poterant
3116 5385 3424 5449 promoveri.
3449 5373 3776 5442 Moriasteria

2193 5451 2243 5496 et
2263 5443 2532 5514 multitudo
2560 5443 2938 5514 religiosorum.

2268 5511 2340 5584 (b)
2364 5511 2512 5568 Idem
2539 5511 2684 5580 codf,
2714 5515 2788 5567 ad
2814 5513 3066 5570 Sanctum
3095 5515 3456 5586 Pancratium.

2271 5650 2422 5734 '_Alii
2447 5665 2616 5734 annos
2645 5651 2741 5734 lo,
2760 5668 2971 5710 menses
3003 5654 3067 5710 lo
3087 5695 3102 5722 ,
3132 5656 3246 5714 dies
3276 5659 3344 5716 {8
3367 5702 3382 5730 ,
3415 5662 3507 5719 alii
3548 5679 3723 5725 annos
3750 5668 3784 5724 θ

2201 5727 2408 5776 tantum
2433 5723 2482 5776 ei
2509 5723 2766 5776 tribuunt.
