3952 6426
252 380 355 444 sus
1403 375 1670 438 PliLACll
1711 369 1896 438 PAM

2009 368 2385 440 mustum;

3441 386 3552 437 5⁸36

251 515 447 560 tenens
495 500 790 572 Evangelia
841 509 896 555 et
958 515 1175 556 CNCt‘lll
1219 499 1433 555 Donnni
1481 515 1646 569 super
1691 509 1856 569 caput
1884 504 1934 562 Α
1961 513 2082 552 eum
2112 497 2190 565 (b)
2221 513 2394 568 usque
2423 497 2490 554 ad
2535 497 2767 570 primum
2814 484 3038 569 gradum
3087 497 3294 553 venire.
3346 493 3552 552 Eodem

251 607 428 658 suum,
461 593 519 648 in
545 592 833 647 umbonem
864 590 1127 645 ascendit.
1161 589 1228 644 Et
1268 591 1345 646 sic
1373 589 1631 646 satisfecit
1659 599 1854 646 cuncto

252 678 455 751 populo
503 673 562 734 Et
589 677 734 750 plebi
765 679 865 750 (a),
897 677 1026 748 quia
1071 677 1277 733 nullum
1325 677 1528 734 malum
1560 679 1856 749 peregisset

251 781 446 828 contra
473 769 749 838 Vigilium.
1121 813 1127 818 .

319 859 460 917 Item
487 860 686 931 adjecit
707 859 957 930 Pelagius
1002 876 1166 932 papa,
1213 870 1270 918 et
1296 861 1470 918 dixit:
1505 860 1641 918 Peto
1673 870 1734 916 ut
1761 875 1854 932 pe-

253 952 506 1009 titionem
553 969 731 1008 meam
779 953 1132 1020 oonﬁrmetis,
1185 962 1244 1011 ut
1284 955 1331 1010 si
1377 955 1500 1026 quis
1537 955 1628 1011 ille
1655 961 1738 1010 est
1762 953 1856 1024 qui
1887 1024 1912 1040 Ι

253 1044 660 1116 promovendos
680 1053 772 1100 'est
809 1045 862 1098 in
906 1053 1095 1101 sancta
1125 1045 1385 1112 Ecclesia,
1415 1046 1485 1100 ab
1513 1045 1737 1102 ostiario
1765 1058 1858 1100 us-

253 1152 361 1209 que
381 1137 450 1192 ad
472 1137 697 1206 gradum
726 1137 1092 1208 episcopatus,
1123 1151 1302 1207 neque
1326 1152 1428 1208 per
1446 1152 1658 1202 aurum,
1679 1149 1859 1204 neque

254 1244 354 1300 per
379 1229 593 1298 aliquas
634 1229 1026 1300 promissiones
1054 1227 1306 1300 proﬁciat
1347 1229 1468 1302 (vos
1493 1228 1638 1284 enim
1667 1242 1858 1284 omnes

253 1321 407 1378 'scitis
459 1323 588 1390 quia
617 1322 723 1377 hoc
749 1321 1109 1377 simoniacum
1135 1321 1243 1393 est)
1268 1339 1281 1376 :
1313 1321 1409 1377 sed
1435 1321 1484 1377 si
1511 1320 1634 1392 quis
1661 1319 1752 1376 ille
1773 1328 1860 1376 est

253 1409 451 1466 doctus
498 1412 554 1466 in
601 1427 773 1484 opere
800 1410 918 1480 Dei,
945 1412 1150 1468 bonam
1176 1413 1342 1468 vitam
1369 1412 1598 1478 habens,
1629 1427 1737 1467 non
1761 1425 1860 1482 per

253 1499 554 1569 dationem,
599 1500 694 1556 sed
723 1515 822 1572 per
847 1500 1045 1557 bonam
1073 1502 1563 1571 conversationem,
1597 1501 1852 1572 jubemus

326 1672 352 1698 ι·
383 1661 462 1718 Ex
491 1661 732 1731 antiquis
759 1661 1032 1718 Vaticana:
1061 1661 1296 1731 basilica:
1322 1661 1708 1723 monumentis,
1739 1669 1857 1728 quae

252 1729 746 1805 Hanliuscollegit,
769 1732 1104 1805 epitaphium
1126 1729 1343 1800 Pelagio
1364 1746 1518 1804 papa:
1539 1731 1856 1801 inscriptum

254 1803 358 1860 hoc
385 1803 686 1860 recitatur:

326 1873 611 1945 Terrenum
633 1872 1099 1945 corpusclaudaut
1127 1872 1237 1928 lucc
1261 1874 1395 1945 forte
1421 1873 1660 1945 sepulcra

400 1943 498 1999 Nil
527 1945 696 1998 sancti
719 1943 915 1997 meritis
940 1943 1270 2014 derogatura’
1284 1945 1400 1998 viri.

334 2013 474 2069 Vicit
502 2015 558 2071 in
583 2030 706 2068 arce
731 2014 841 2084 poti
860 2013 1051 2068 cwlesti
1070 2013 1193 2068 ’tuce
1223 2016 1420 2078 beatus,

405 2085 546 2140 Vivit
566 2093 619 2138 et
646 2084 730 2138 hic
759 2085 954 2138 cunctis
979 2099 1072 2155 per
1096 2085 1184 2153 pia
1213 2086 1355 2155 facta
1383 2085 1530 2139 locis.

326 2156 566 2227 Surgere;
578 2155 781 2225 judicio
807 2153 996 2219 certus,
1021 2153 1362 2227 dextramque
1391 2162 1643 2210 tenentem

397 2225 652 2298 Augetica
675 2234 874 2295 partem
901 2240 957 2298 se
983 2226 1220 2298 rapiente
1246 2225 1424 2298 manu.

331 2293 601 2350 Virtutum
631 2293 863 2350 numeret
884 2293 1061 2350 titulos
1089 2293 1327 2349 Ecclesia
1353 2295 1469 2360 Dei,

403 2367 548 2432 Quos
576 2375 792 2436 ventura
819 2374 876 2418 ut
902 2365 1096 2436 siccata
1126 2367 1262 2435 ferre
1291 2375 1496 2436 queant.

331 2437 528 2492 Rectar
555 2434 858 2504 apostolica:
879 2435 1026 2504 ﬁdei,
1069 2434 1365 2488 veneranda
1392 2437 1574 2490 retexit

401 2505 692 2578 Dogmata,
715 2521 829 2576 qua:
850 2505 992 2559 clare
1019 2507 1333 2578 constituere
1360 2505 1570 2578 Patres.

331 2576 562 2649 Eloquio
583 2591 776 2629 curans
796 2592 1029 2630 errorum
1049 2577 1328 2649 schismate
1348 2577 1547 2649 lapsos,

403 2645 474 2703 Ut
496 2663 672 2701 veram
703 2653 912 2716 teneant
942 2645 1101 2699 corda
1122 2649 1334 2710 placata
1361 2645 1544 2716 ﬁdem.

324 2717 576 2774 Sacrovit
603 2716 795 2770 multos
824 2715 1001 2770 divina
1027 2717 1138 2788 tege
1167 2715 1455 2783 ministros,

1962 601 2207 660 tempore
2250 589 2494 646 ecclesia:
2541 592 2703 647 rebus
2727 589 2801 662 (c)
2833 589 3070 664 prmfecit
3096 590 3176 662 (ἀ)
3208 586 3556 645 Valentinum

1962 681 2234 737 notarium
2263 696 2419 737 suum
2449 682 2730 738 timentem
2757 682 2944 750 Deum,
2961 689 3018 738 et
3045 681 3254 738 restitui
3283 681 3412 737 fecit
3434 695 3556 738 om-

1963 772 2051 826 nia
2079 787 2210 827 vasa
2239 785 2405 826 aurea
2431 782 2487 826 et
2512 781 2790 842 argentea,
2839 779 2894 828 et
2927 771 3090 843 pallia
3118 785 3216 841 per
3241 785 3435 827 omnes
3459 783 3556 828 oc-

1961 863 2176 922 clesias.
2202 861 2409 918 Eodem
2436 871 2684 934 tempore
2712 863 2925 918 initiata
2969 871 3054 919 est
3079 861 3300 918 basilica
3329 869 3554 933 aposto-

1963 955 2138 1011 lorum
2167 954 2398 1026 Philippi
2427 963 2483 1011 et
2508 952 2715 1011 Jacobi.
2746 953 2878 1022 Qua:
2905 953 3033 1009 dum
3062 953 3369 1009 initiaretur
3393 952 3560 1008 fabri-

1963 1047 2096 1112 cari,
2125 1053 2374 1101 mortuus
2402 1053 2486 1102 est
2513 1055 2564 1113 ι,
2587 1055 2644 1102 et
2661 1045 2903 1117 sepultus
2927 1045 2981 1100 in
3004 1044 3229 1100 basilica
3246 1044 3392 1100 beati
3410 1043 3557 1100 Petri

1963 1137 2194 1208 apostoli
2236 1144 2394 1193 sexto
2439 1151 2614 1194 nouas
2653 1135 2874 1191 Martias
2911 1134 3006 1210 (ι).
3038 1133 3139 1191 llic
3165 1133 3294 1191 fecit
3335 1132 3558 1190 ordina-

1962 1227 2140 1284 tiones
2179 1225 2315 1283 duas
2351 1241 2451 1299 per
2499 1242 2745 1284 mensem
2773 1226 3170 1293 Decembrium,
3213 1225 3561 1297 presbyteros

1961 1319 2147 1389 viginti
2175 1335 2293 1386 sex,
2340 1318 2600 1376 diacones
2637 1333 2856 1388 novem,
2903 1317 3190 1390 episcopos
3221 1331 3320 1389 per
3345 1315 3559 1371 diversa

1961 1411 2078 1468 loca
2110 1427 2335 1468 numero
2359 1411 2713 1484 quadraginta
2745 1427 2962 1468 novem.
2984 1409 3054 1464 Et
3083 1410 3318 1467 cessavit
3344 1407 3560 1480 episco-

1963 1512 2123 1573 patus
2151 1515 2367 1558 menses
2395 1509 2508 1558 tres
2536 1501 2613 1574 (Ῑ)
2639 1499 2756 1556 dies
2774 1500 2964 1570 viginti
2991 1499 3248 1571 quinque.

2113 1656 2165 1712 Ν
2168 1660 2209 1713 it
2227 1659 2395 1730 pretio
2418 1659 2614 1729 faciens
2635 1657 2972 1730 immaculata
2995 1671 3216 1713 manus.-

2038 1727 2278 1798 Captioos
2307 1727 2586 1798 redimens,
2616 1727 2820 1783 miseris
2839 1743 3138 1784 succurrere
3159 1738 3428 1798 promptus

2158 1797 2456 1871 auperibus,
2487 1810 2750 1871 nunquam
2771 1806 2927 1871 parta
2955 1813 3147 1868 negare
3165 1797 3283 1871 sibi.

2038 1867 2238 1952 Tristia
2260 1867 2746 1952 ρανιὶι-ἰρρηεέιωῑιξ
2768 1867 3069 1952 moderator
3093 1868 3296 1938 apimus

2109 1938 2335 1994 Alterius
2365 1938 2583 2011 gemitus
2605 1938 2827 1993 credidit
2853 1953 2968 1992 esse
2992 1953 3132 1992 suos.

2035 2018 2262 2090 Additur
2289 2020 2482 2074 eodem
2513 2019 2632 2073 loco
2657 2035 2670 2070 :
2696 2017 2800 2071 Hic
2826 2018 3100 2090 madescit
3122 2015 3372 2090 Petisng
3397 2033 3556 2090 me,

1886 2083 1934 2142 B
1961 2089 2050 2160 qui
2076 2090 2210 2160 sedit
2252 2105 2418 2144 annos
2441 2097 2685 2160 quatuor,
2717 2083 2923 2160 menses
2943 2087 3160 2160 decem,_
3179 2083 3290 2142 dies
3512 2083 3564 2145 et

1965 2153 2100 2213 octo.
2133 2159 2414 2283 gggositus
2441 2153 2626 2229 quarto
2672 2153 2840 2214 nonas
2869 2155 3074 2213 Martii.
3115 2153 3242 2214 Haec
3265 2171 3333 2213 ex
3357 2157 3560 2218 Baros.

1965 2239 2114 2283 anno
2255 2269 2268 2283 .

1965 2239 2114 2284 anno
2142 2239 2268 2284 559.

2037 2369 2118 2436 (α)
2149 2369 2208 2426 ln
2231 2369 2422 2426 eodem
2451 2380 2503 2424 et

2042 2437 2116 2511 (ὁ)
2143 2439 2208 2511 _ln
2237 2439 2451 2506 eodem,
2475 2437 2863 2511 jucemusqe'um
2889 2437 3061 2511 deest.

2040 2507 2113 2581 (c)
2143 2509 2428 2581 [neodem
2451 2507 2596 2574 c'od.,
2625 2508 2862 2581 ecclesia
2888 2507 3041 2566 rebus
3065 2508 3238 2568 deest.

2051 2579 2133 2652 (ἀ)
2151 2579 2480 2652 _ldem_eod.,
2511 2579 2704 2650 possit.

2045 2648 2122 2722 (c)
2149 2650 2212 2722 lu
2231 2649 2447 2722 eodem,
2471 2648 2619 2706 sem
2643 2664 2815 2706 storias
2840 2648 3066 2707 Martias
3085 2650 3262 2709 deost.

2051 2719 2130 2794 (Γ)
2160 2719 2330 2790 Idem,
2357 2721 2488 2776 duos

2529 2368 2666 2443 plebi
2691 2367 2865 2443 deest.

261 2835 3557 2872 ww

1149 2927 1922 3048 PELAGII
1997 2936 2541 3056 PAPE
2615 2941 2690 3056 ι

1492 3149 1736 3276 ΕΡ]
1748 3148 2350 3280 STOLZE.

1673 3395 2124 3415 -——————-—

613 3532 950 3591 EPISTOLA
988 3491 1204 3588 riuus
1251 3533 1398 3605 (olim
1427 3531 1518 3602 ιι.)

835 3665 904 3703 AD
942 3662 1225 3703 NARSETEI
1255 3647 1289 3702 ‘.

256 3765 522 3826 Hortatur
547 3763 821 3847 utnlegatis
843 3761 1098 3847 auxi-lium
1127 3769 1337 3840 prarstet
1365 3757 1439 3812 ad
1453 3763 1727 3847 episcopos
1759 3753 1865 3814 Ec-

572 3829 748 3890 clesiae
776 3829 1168 3904 perturbatores
1195 3829 1555 3901 corrigendos.

332 3950 614 4022 Pelagius,
639 3948 823 4004 Ναὶ-επ
848 3945 1078 4018 patricio
1103 3953 1161 4002 et
1188 3944 1310 4001 duci
1338 3945 1393 4002 in
1426 3943 1580 3999 italia
1605 3945 1647 3996 ¹.

339 4043 500 4110 Quali
531 4056 633 4096 nos
653 4039 724 4094 de
748 4037 936 4108 gloria:
963 4044 1159 4092 vestra:
1185 4033 1376 4090 studiis
1398 4032 1603 4105 judicio
1616 4031 1869 4101 gratule-

257 4151 387 4190 mur
403 4175 418 4198 ,
442 4148 555 4189 non
578 4131 758 4187 solum
787 4137 1045 4194 vestram,
1069 4127 1164 4184 sed
1186 4125 1482 4182 multorum
1505 4141 1571 4180 ac
1592 4139 1732 4196 pene
1753 4137 1873 4179 om-

263 4225 418 4279 nium
449 4221 723 4277 credimus
752 4217 956 4273 habere
997 4215 1277 4282 notitiam;
1317 4223 1375 4270 et
1404 4215 1609 4271 idcirco
1634 4230 1777 4272 nunc
1804 4213 1875 4270 de

263 4314 353 4369 liis
381 4327 504 4383 qua:
524 4309 680 4365 vobis
702 4307 1054 4380 pncsentibus
1080 4306 1152 4362 ibi
1184 4306 1297 4362 lieri
1317 4313 1615 4378 stupemus,
1649 4305 1872 4362 ﬁducia-

262 4406 392 4460 liter
421 4401 565 4474 apud
603 4400 831 4470 gloriam
857 4406 1094 4455 vestram
1123 4395 1376 4462 duximus
1404 4394 1872 4468 conquerendum.

269 4493 543 4564 Thracius
588 4489 854 4560 siquidem
893 4497 1058 4557 atque
1089 4485 1486 4544 Maximilianus
1509 4487 1727 4542 nomina
1758 4495 1878 4541 tan-

270 4597 392 4640 tum
449 4583 833 4654 episcoporum
887 4579 1180 4645 habentes,
1236 4587 1293 4636 et
1339 4579 1765 4636 ecclesiasticam
1801 4578 1876 4634 ibi

266 4678 534 4733 unitatem
565 4673 888 4744 perturbare
914 4671 1171 4727 dicuntur
1191 4713 1208 4738 ,
1240 4679 1296 4727 et
1336 4685 1525 4726 omnes
1544 4670 1876 4727 ecclesiasti-

265 4786 365 4826 cas
414 4784 504 4824 res
551 4767 664 4823 suis
691 4765 880 4821 usibus
910 4764 1230 4834 applicare:
1285 4763 1554 4819 intentum
1601 4770 1877 4818 utcontra

1893 3541 1938 3602 (ζ
1970 3533 2165 3592 alTectu
2187 3535 2414 3608 gloriam
2445 3550 2702 3608 vestram,
2737 3540 2972 3610 petimus
3001 3549 3060 3595 ut
3109 3540 3366 3612 praefatis,
3393 3545 3488 3614 qui
3534 3559 3568 3603 ι

1975 3638 2160 3686 nostra
2184 3630 2314 3688 sede
2341 3631 2531 3688 directi
2559 3641 2706 3700 sunt,
2735 3633 2791 3688 in
2819 3633 3072 3690 omnibus
3089 3633 3376 3705 prtebeat'u
3411 3636 3580 3694 auxi-

1975 3723 2138 3794 lium;
2178 3740 2282 3784 nec
2313 3726 2514 3797 putetis
2539 3725 2771 3796 alicuius
2792 3741 2922 3783 esse
2942 3727 3170 3798 peccati,
3191 3727 3238 3784 si
3266 3726 3573 3799 huiusmodi

1975 3814 2221 3872 homines
2257 3817 2710 3887 comprimuntur.
2743 3814 2864 3873 Hoc
2902 3818 3049 3874 enim
3077 3827 3134 3874 et
3155 3818 3351 3876 divinae
3377 3827 3436 3876 et
3471 3821 3573 3876 bu-

1975 3921 2150 3961 mame
2180 3906 2276 3980 [aL
2330 3906 2639 3982 mundanze]
2670 3907 2816 3978 leges
2843 3917 3179 3977 statuerunt,
3203 3919 3264 3968 ut
3285 3911 3356 3968 ab
3382 3909 3576 3968 Eccle-

1977 3996 2072 4054 sia:
2097 3997 2305 4054 unitate
2333 3997 2526 4066 divisi,
2553 4007 2610 4055 et
2631 3999 2749 4070 ejus
2777 4014 2967 4071 pacem
2991 4002 3328 4071 iniquissime
3353 4013 3572 4073 pertur-

1970 4091 2190 4157 ‘bantes,
2214 4107 2246 4146 a
2274 4091 2620 4150 stccularibus
2642 4095 2804 4151 etiam
2827 4095 3188 4166 potestatibus
3213 4095 3576 4167 compriman-

1980 4190 2088 4238 tur.
2120 4181 2234 4238 Nec
2275 4183 2568 4255 quidquam
2597 4185 2772 4256 majus
2795 4194 2902 4254 est,
2945 4185 3090 4244 unde
3115 4185 3230 4242 Deo
3255 4186 3576 4244 sacriﬁcium

1981 4274 2202 4346 possitis
2229 4274 2426 4331 oﬂerre
2448 4308 2466 4342 ,
2496 4291 2660 4346 quam
2709 4276 2756 4332 si
2800 4275 2854 4332 id
2900 4275 3162 4332 ordinatis
3185 4315 3202 4340 ,
3234 4285 3295 4332 ut
3321 4276 3374 4334 bi
3399 4277 3494 4346 qui
3523 4276 3576 4330 in

1983 4381 2136 4420 suam
2185 4373 2242 4422 et
2287 4365 2514 4422 aliorum
2563 4367 2859 4438 perniciem
2899 4366 3334 4435 debacchantur,
3356 4381 3577 4438 compe-

1981 4454 2118 4512 tenti
2144 4455 2380 4513 debeant
2401 4457 2584 4528 vigore
2613 4457 2904 4530 compesci.

2390 4564 2730 4628 EPISTOBA
2766 4569 2812 4627 ιι
2847 4569 3017 4644 (eis.
3044 4570 3158 4642 tu).

2595 4677 2666 4716 AD
2705 4677 2946 4718 EUIDEI.

2308 4751 2491 4808 Mouet
2519 4763 2576 4807 ut
2609 4754 2972 4810 schismaticos
2996 4764 3250 4812 coerceat.

271 4878 441 4918 unum
457 4875 666 4925 eorum,
692 4857 746 4913 id
767 4865 852 4913 est
879 4855 1326 4926 Maximilianum,
1356 4871 1527 4925 usque
1549 4855 1616 4910 ad
1642 4869 1744 4912 nos
1769 4872 1870 4926 per
1897 4860 1950 4916 Ι)
2045 4868 2162 4924 Non
2186 4883 2288 4924 vos
2313 4868 2594 4924 hominum
2617 4868 2924 4938 vaniloquia
2949 4869 3250 4937 mai-dem,
3278 4869 3578 4928 dicentium

269 4967 386 5012 tam
433 4955 654 5023 longum
685 4953 807 5019 iter,
864 4950 1187 5006 necessitate
1215 4949 1605 5020 compellente,
1654 4948 1873 5019 quidam

269 5046 682 5116 infatigabiliter
707 5045 1021 5107 venientes,
1053 5057 1245 5113 preces
1271 5040 1546 5098 olierrcnt.

347 5137 431 5192 οι»
471 5152 633 5206 quam
671 5150 892 5191 causam
932 5132 1151 5188 Petrum
1180 5133 1554 5206 presbyterum
1585 5133 1729 5189 sedis
1774 5150 1876 5189 no-

272 5243 426 5296 stra).
457 5231 550 5286 sed
565 5237 624 5284 et
655 5227 961 5298 Projectum
985 5227 1252 5282 notarium
1276 5228 1342 5281 ad
1371 5227 1562 5283 eadem
1588 5228 1703 5283 loca
1723 5215 1878 5283 duxi-

273 5339 398 5379 mus
427 5319 800 5386 destinandos,
832 5327 893 5374 ut
919 5334 984 5374 ea
1008 5333 1130 5388 qua:
1149 5318 1424 5375 canonicis
1451 5321 1668 5376 statutis
1691 5336 1723 5376 a
1743 5337 1878 5391 prm-

273 5415 439 5471 dictis
481 5409 961 5486 pseudoepiscopis
1015 5411 1382 5480 compererint
1425 5413 1717 5469 commissa
1744 5455 1760 5478 ,
1791 5415 1879 5470 vel

275 5509 440 5578 digna
465 5507 701 5562 debeant
726 5503 801 5559 ibi
825 5502 1030 5560 ultione
1058 5516 1426 5572 compescere,
1451 5503 1534 5558 vel
1565 5502 1788 5559 eosdem
1811 5505 1880 5560 ad

276 5615 381 5656 nos
418 5612 591 5670 usque
637 5595 958 5667 perducere.
1007 5591 1079 5650 Et
1130 5591 1256 5650 ideo
1305 5593 1601 5652 salutantes
1643 5605 1879 5668 paterno

408 5735 621 5806 Duple;
651 5739 906 5806 usurpata
937 5738 1022 5806 e_st
1051 5727 1208 5799 hujus
1233 5729 1466 5785 nominis
1485 5729 1798 5801 declinatio,
1823 5739 1883 5786 ut

278 5809 474 5866 lectori
493 5799 662 5860 Tacile
690 5801 917 5870 patebit.
950 5799 1103 5870 Ευιτ.

320 5883 369 5940 ,ί
409 5876 623 5939 Ansel.,
658 5868 750 5926 lib.
784 5886 877 5934 xu,
905 5885 1025 5938 cap.
1049 5869 1146 5936 46;
1176 5868 1378 5943 Polye,
1413 5870 1536 5928 ibid.

651 5965 924 6025 PATRcL.
968 5962 1194 6022 LXIX.
1309 5963 1316 5970 ’

1979 4961 2104 5030 quia
2145 4961 2580 5032 persecutionem
2610 4959 2854 5016 Ecclesia
2885 4959 3064 5028 faciat,
3097 4961 3224 5018 dum
3247 4961 3340 5018 vel
3363 4979 3428 5020 ea
3457 4977 3576 5034 qua:

1979 5053 2389 5108 committuntur
2408 5051 2670 5123 reprimit,
2695 5053 2780 5108 vel
2802 5053 3102 5108 animarum
3131 5054 3360 5110 salutem
3390 5057 3570 5124 requi-

1981 5141 2054 5197 rit
2098 5143 2140 5195 ³.
2187 5139 2386 5196 Errant
2441 5142 2746 5212 hujusmodi
2790 5143 3024 5198 rumoris
3051 5143 3400 5199 labulatores.
3457 5143 3576 5200 Non

1983 5232 2358 5305 persequitur,
2403 5235 2505 5289 nisi
2533 5235 2627 5304 qui
2653 5235 2721 5290 ad
2750 5235 2950 5290 malum
2981 5237 3143 5304 cogit.
3175 5235 3276 5304 Qui
3311 5251 3444 5292 vero
3471 5254 3592 5292 ma-

1987 5324 2098 5380 lum
2127 5325 2216 5379 vel
2241 5323 2441 5382 factum
2463 5325 2574 5395 jam
2597 5326 2758 5396 punit
2780 5363 2796 5390 ,
2821 5326 2908 5380 vel
2935 5327 3188 5396 prohibet
3217 5342 3284 5382 ne
3311 5325 3436 5391 ﬁat;
3473 5347 3579 5385 non

1987 5416 2332 5486 persequitur
2361 5416 2496 5482 iste,
2527 5415 2624 5470 sed
2652 5415 2844 5485 diligit.
2867 5415 3000 5470 Nam
3030 5417 3072 5472 si
3100 5458 3117 5484 ,
3148 5426 3209 5472 ut
3247 5417 3322 5472 illi
3347 5425 3538 5488 putant
3559 5457 3575 5480 .

1989 5521 2150 5565 nemo
2199 5523 2304 5566 nec
2343 5509 2720 5580 reprimendus
2744 5524 2773 5564 a
2803 5510 2944 5564 malo
2968 5549 2983 5574 ,
3015 5523 3118 5565 nec
3148 5511 3505 5568 retrahendus
3548 5527 3578 5567 ι

1984 5601 2130 5660 malo
2147 5601 2216 5658 ad
2235 5602 2438 5659 bonum
2459 5611 2573 5670 est,
2595 5602 2860 5660 humanas
2881 5611 2936 5660 et
2953 5603 3164 5660 divinas
3189 5605 3338 5678 leges
3357 5618 3579 5661 necesse

2062 5731 2109 5860 ’χ
2123 5733 2332 5866 Ρὲιξδοᾶ,
2363 5737 2460 5798 lib.
2486 5755 2578 5809 vu,
2613 5739 2696 5796 tit.
2725 5735 2778 5794 5.
2811 5739 2966 5800 Ans..
2998 5738 3092 5794 lib.
3112 5753 3217 5808 xu,
3244 5754 3292 5795 c.
3338 5737 3427 5794 ιδ.
3461 5737 3577 5797 lvo.

1989 5827 2046 5881 1‘.
2077 5827 2132 5873 ι,
2163 5827 2214 5862 c.

3147 5961 3214 6024 13

3543 6027 3593 6052 ελ
