3952 6388
445 346 545 404 59‘;

1784 338 2052 396 PELAGH
2094 338 2294 394 ΡΑΡᾸΞ
2335 337 2354 390 l

3610 317 3713 370 Ξῖἰίὶ

441 475 522 520 cst
546 461 793 518 evacuari
819 502 833 526 ,
865 473 982 530 quae
1007 467 1064 514 et
1091 457 1244 512 malis
1264 471 1500 528 pmnam,
1530 463 1586 510 et
1615 454 1768 508 bonis
1799 455 2014 524 pnnniia
2046 464 2090 514 Α
2119 462 2214 504 aut
2243 451 2386 504 aliud
2419 452 2588 503 altare
2617 446 2871 511 erexerit,
2921 459 3017 501 seu
3061 422 3304 499 schisma
3332 438 3566 503 fecerit;
3617 437 3716 491 istc
3747 418 3754 424 ’

436 555 642 626 ιιιειὶιίιι
678 551 935 608 suadente
962 549 1313 606 constituunt.
1346 547 1542 601 Malum
1565 555 1744 601 autem
1787 545 2020 599 schisma

440 661 582 713 esse,
610 653 666 701 et
683 658 780 715 per
805 649 1020 698 exteras
1043 638 1208 695 etiam
1237 645 1536 710 potestates
1574 635 1878 707 hujusmodi
1923 634 2017 690 ho-

441 739 610 796 mines
628 736 825 796 debere
852 733 1102 806 opprimi,
1129 741 1185 789 et
1210 731 1486 788 canonica:
1516 728 1805 800 Scripturaa
1832 735 2026 782 aucto-

439 832 568 889 ritas
590 870 607 899 ,
633 837 690 886 et
717 837 1063 900 paternarum
1090 823 1397 894 regularum
1428 836 1526 877 nos
1562 821 1762 876 veritas
1791 819 1952 875 docet
1982 819 2020 872 ⁸.

438 919 692 990 Quisquis
723 931 852 988 ergo
878 916 946 970 ab
975 913 1286 987 apostolicis
1314 911 1516 966 divisus
1543 917 1627 965 est
1667 908 1884 964 sedibus
1905 949 1921 973 ,
1970 908 2024 962 in

437 1013 728 1070 schismate
753 1023 875 1065 eum
904 1021 1022 1062 esse
1046 1020 1153 1060 non
1192 1002 1408 1058 dubium
1453 1009 1567 1066 est,
1607 1008 1662 1056 et
1687 1006 1873 1055 contra
1906 999 2025 1052 uni-

439 1100 702 1158 vcrsalem
731 1096 1025 1153 Ecclesiam
1057 1093 1225 1148 altare
1253 1097 1483 1148 conatur
1510 1091 1739 1159 erigere.
1770 1087 1875 1142 Sed
1897 1087 2025 1158 quid

439 1195 507 1248 de
530 1192 726 1248 talibus
754 1189 988 1246 insertus
1009 1183 1437 1241 Chalcedonensi
1474 1181 1684 1254 synodo
1715 1195 1888 1236 canon
1915 1189 2026 1236 sta-

441 1291 587 1350 tuat,
609 1279 779 1350 gloria
807 1287 984 1342 vestra
1011 1274 1338 1340 consideret,
1359 1274 1452 1329 ubi
1479 1279 1602 1344 post
1629 1271 1732 1325 alia
1761 1271 1836 1325 sic
1862 1269 2022 1325 dicit:

441 1369 601 1441 Quia
641 1367 1020 1427 communione
1061 1365 1298 1435 seipsum
1325 1363 1636 1433 suspendit,
1661 1368 1716 1416 et
1743 1360 2026 1416 collectam

440 1466 588 1530 facit,
615 1472 672 1518 et
699 1461 867 1517 altare
879 1457 1190 1524 constituit;
1209 1463 1265 1512 et
1285 1455 1520 1512 noluerit
1531 1453 1744 1510 vocanti
1771 1453 2026 1523 epiSCOpo

439 1556 767 1618 consentire,
791 1561 847 1608 et
872 1549 1105 1606 noluerit
1127 1547 1302 1603 eidem
1325 1547 1688 1616 acquiescere,
1705 1558 1881 1612 neque
1906 1543 2031 1597 ohe-

441 1647 556 1702 dire
586 1645 758 1715 primo
785 1649 843 1698 et
867 1637 1108 1697 secundo
1191 1635 1430 1702 vocanti,
1462 1635 1608 1690 hunc
1633 1635 1852 1690 omnino
1877 1633 2030 1686 dam-

443 1737 580 1805 nari,
596 1749 697 1790 nec
724 1745 959 1801 unquam
980 1727 1070 1784 vel
1093 1727 1394 1800 orationem
1418 1725 1637 1790 mereri,
1662 1739 1762 1780 nec
1788 1721 2030 1794 recipere

443 1843 566 1884 eum
579 1839 738 1897 posse
747 1817 1094 1878 honorem.Si
1107 1815 1248 1872 enim
1261 1815 1618 1887 permanserit
1631 1813 1812 1868 turbas
1825 1812 2028 1868 faciens
2056 1829 2105 1889 Β

441 1927 499 1975 ct
517 1915 810 1975 seditiones
838 1908 1117 1976 Ecclesiae,
1149 1923 1249 1980 per
1275 1915 1520 1964 exteram
1543 1913 1870 1977 potestatem
1903 1913 2022 1959 tan-

441 2023 602 2079 quam
654 2003 968 2061 seditiosum
1009 1998 1316 2070 comprimi.
1356 1997 1427 2052 Et
1463 1997 1656 2053 beatus
1699 1995 2028 2065 Augustinus

441 2104 514 2155 de
541 2098 736 2154 talibus
777 2097 912 2152 dicit
963 2093 1204 2168 (Enchir.
1247 2109 1297 2148 c.
1331 2090 1419 2162 72)
1463 2108 1477 2144 :
1509 2090 1675 2145 Multa
1701 2090 1866 2145 etiam
1903 2104 2024 2144 curn

442 2187 625 2245 invitis
651 2187 882 2256 benigna
918 2184 1150 2254 quadam
1179 2182 1471 2253 asperitate
1499 2181 1797 2252 plectendis
1820 2178 2027 2249 agenda

443 2287 596 2345 sunt,
637 2292 868 2350 quorum
895 2275 1075 2346 potius
1103 2273 1321 2328 utilitati
1347 2271 1734 2328 consulendum
1761 2279 1846 2328 est
1865 2286 2026 2341 quam

443 2371 727 2430 voluntati.
770 2369 902 2424 Nam
931 2369 986 2424 in
1011 2367 1356 2440 corripiendo
1403 2365 1544 2433 ﬁlio,
1573 2365 1915 2436 quantumvis
1943 2381 2030 2420 as-

443 2478 592 2534 pere,
624 2475 895 2531 nunquam
923 2466 1183 2530 paternus
1221 2471 1376 2512 amor
1403 2457 1667 2512 amittitur
1697 2473 1712 2511 :
1741 2457 1800 2512 lit
1829 2467 2028 2525 tamen,

396 2567 401 2572 ·
443 2553 590 2625 quod
611 2553 778 2608 nollet
800 2547 900 2620 ,‘ut
924 2551 1136 2618 doleat,
1166 2549 1258 2619 qui
1287 2551 1452 2604 etiam
1482 2549 1680 2605 invitus
1705 2550 1915 2605 videtur
1936 2551 2033 2606 do-
2068 2562 2078 2570 '

447 2647 562 2701 lore
607 2643 899 2700 sanandus.
949 2641 1092 2698 Ecce
1148 2641 1344 2697 videtis
1395 2641 1854 2712 quemadmodum
1900 2643 2033 2698 tanti

447 2735 758 2791 testimonio
787 2732 962 2788 Patris
1007 2747 1115 2786 non
1141 2739 1501 2802 persequatur
1527 2731 1830 2788 coercendo
1859 2732 1986 2786 talia
2015 2771 2030 2796 ,

442 2825 542 2884 sed
573 2825 760 2894 diligat
785 2823 1126 2880 emendando
1156 2822 1291 2878 tales
1319 2836 1534 2892 semper
1557 2820 1822 2878 Ecclesia.
1851 2822 2037 2879 Facite

448 2929 578 2986 ergo
607 2915 772 2970 etiam
797 2929 915 2983 vos,
960 2911 1106 2983 quod
1133 2911 1367 2968 scientes
1394 2911 1749 2967 intentionem
1773 2911 2035 2967 Christia-

2126 541 2626 596 excommunicetur
2639 547 2801 608 atque
2813 537 3116 591 damnetur.
3130 533 3286 601 Quod
3314 533 3359 588 si
3377 531 3515 586 forte
3535 537 3592 584 et
3612 528 3717 582 hoc

2123 630 2548 700 contempserit,
2579 637 2636 684 et
2681 625 3040 698 permanserit
3067 624 3357 680 divisiones
3395 629 3452 676 et
3478 619 3713 674 schisma

2125 721 2398 785 faciendo,
2431 734 2528 790 per
2555 725 2851 788 potestates
2875 715 3120 786 publicas
3159 712 3519 783 opprimatur.
3546 705 3714 773 Ecce,

2124 813 2342 869 domine
2365 854 2382 881 ,
2410 811 2552 882 quod
2579 812 2789 866 animus
2835 817 3014 864 vester
3056 807 3197 862 forte
3242 803 3460 860 timidus
3485 812 3603 869 est,
3648 813 3718 856 ne

2125 907 2375 978 persequi
2401 905 2634 960 videaris
2657 945 2672 967 ,
2699 903 2765 958 de
2795 901 3014 957 Patrum
3042 899 3198 954 vobis
3235 897 3560 952 auctoritate
3596 889 3717 946 haec

2124 998 2362 1053 breviter
2380 995 2656 1066 dirigenda
2685 995 2894 1049 curavit
2915 991 3002 1066 [ι.
3019 987 3262 1061 curavi]:
3287 1003 3408 1044 cum
3431 983 3584 1040 mille
3609 985 3714 1038 alia

2125 1089 2368 1161 exempla
2385 1097 2441 1144 et
2464 1088 2878 1143 constitutiones
2897 1086 3005 1143 sint
3025 1083 3221 1154 quibus
3247 1081 3527 1138 evidenter
3545 1091 3719 1148 agno-

2124 1181 2310 1244 scitur,
2333 1189 2391 1236 ut
2419 1181 2676 1235 facientes
2702 1179 2966 1234 scissuras
2991 1178 3044 1233 in
3072 1183 3262 1232 sancta
3288 1173 3532 1230 Ecclesia
3553 1212 3572 1238 ,
3604 1185 3715 1226 non

2125 1273 2300 1328 solum
2322 1273 2544 1337 exsiliis,
2561 1271 2657 1327 sed
2679 1273 2842 1326 etiam
2873 1267 3266 1341 proscriptione
3294 1279 3477 1320 rerum
3499 1271 3559 1318 et
3581 1261 3717 1316 dura

2127 1363 2371 1420 custodia
2397 1378 2495 1434 per
2522 1360 2766 1432 publicas
2793 1367 3092 1430 potestates
3119 1357 3356 1413 debeant
3383 1368 3648 1410 coerceri.

2535 1492 2868 1549 EPISTULA
2909 1492 2972 1546 ιιι
3017 1493 3161 1564 (olim
3210 1488 3318 1561 iV}.

2597 1623 2664 1661 AD
2703 1621 2903 1661 NARSEN
2946 1619 3248 1658 PATRICIUM.

2135 1717 2204 1774 Ut
2231 1717 2586 1771 schismaticas
2606 1757 2622 1780 ,
2655 1733 2686 1770 a
2715 1715 2896 1788 quibus
2938 1717 3113 1788 fuerat
3135 1714 3330 1780 injuste
3355 1713 3717 1767 communione

2347 1809 2358 1814 ·
2585 1786 2890 1840 interdictas
2913 1827 2928 1853 ,
2979 1786 3239 1854 reprimat.

2201 1897 2450 1969 Pelagius
2481 1897 2662 1952 Narsa:
2689 1895 2918 1967 patricio
2937 1897 2959 1926 ¹

2202 2010 2521 2078 Relegentes
2567 2005 3131 2085 litterasexcellentia:
3157 2011 3350 2060 vestrae
3376 2043 3393 2069 ,
3421 2003 3491 2059 de
3520 2003 3714 2074 injuria

2128 2103 2343 2172 quidem
2371 2117 2533 2172 quam
2562 2101 2714 2157 vobis
2733 2099 3038 2169 iniquorum
3065 2098 3342 2154 hominum
3368 2095 3717 2167 przesumptio

2131 2193 2372 2262 ingessit,
2412 2191 2569 2247 valde
2595 2191 2884 2246 doluimus.
2944 2187 3053 2244 Sed
3096 2187 3221 2256 quia
3269 2187 3474 2242 scimus
3503 2185 3717 2240 occulto

2129 2282 2226 2337 Dei
2244 2280 2447 2352 judicio
2477 2279 2710 2334 animam
2743 2285 2994 2342 vestram,
3018 2275 3119 2331 etsi
3146 2289 3244 2345 per
3265 2274 3494 2328 aliorum
3521 2272 3718 2342 iniqui-

2131 2379 2298 2426 tatem
2327 2376 2384 2424 et
2410 2368 2717 2440 superbiam
2735 2409 2751 2435 ,
2780 2373 2837 2422 et
2861 2381 2894 2421 a
2923 2363 3382 2421 contaminatioue
3411 2363 3719 2418 schismatis

2132 2460 2489 2526 custoditam;
2539 2458 2747 2528 egimus
2789 2455 3143 2527 omnipotenti
3186 2455 3302 2510 Deo
3342 2455 3574 2524 gratias,
3625 2454 3720 2523 qui

2133 2553 2296 2608 etiam
2337 2551 2404 2606 de
2442 2550 2598 2605 malis
2642 2548 2921 2603 hominum
2951 2547 3159 2602 actibus
3183 2546 3328 2602 bona
3349 2545 3570 2616 operari
3597 2560 3720 2600 con-

2133 2645 2325 2701 suevit.
2366 2643 2478 2698 Nec
2502 2643 2644 2697 enim
2673 2642 2792 2697 sine
2831 2640 2972 2695 illius
3017 2637 3350 2711 providentia
3377 2636 3721 2692 factumesse

2135 2737 2460 2795 credendum
2487 2743 2592 2802 est,
2640 2744 2699 2790 ut
2741 2734 2998 2790 insensati
3031 2741 3088 2787 et
3116 2732 3354 2804 perversi
3373 2731 3627 2788 homines
3655 2731 3722 2785 ad

2135 2829 2244 2886 hoc
2271 2843 2442 2898 usque
2469 2826 2778 2898 prosilirent
2799 2864 2815 2891 ,
2864 2833 2925 2880 ut
2966 2838 3118 2880 suam
3154 2823 3471 2876 divisionem
3498 2821 3724 2876 catholi-

2137 2934 2258 2974 cam
2287 2932 2409 2973 esse
2446 2915 2730 2973 credentes
2765 2913 3060 2971 Ecclesialn
3078 2953 3094 2979 ,
3124 2927 3155 2966 a
3184 2927 3280 2967 sua
3305 2927 3402 2967 vos
3429 2911 3727 2982 pollutione

449 3009 852 3066 uitatis-vestrae
901 3007 1215 3078 frequenter
1241 3007 1554 3075 hortamur;
1582 3016 1638 3062 et
1667 3006 1793 3064 date
1815 3023 2036 3079 operam
2138 3011 2509 3084 prohiberent.
2557 3006 2648 3062 Sic
2675 3008 2819 3062 enim
2849 3022 2946 3078 per
2981 3004 3404 3062 misericordiam
3435 3003 3531 3059 Dei
3559 3003 3727 3058 etiam

450 3109 509 3156 ut
537 3100 664 3156 talia
696 3099 808 3154 fieri
843 3099 982 3154 ultra
1010 3113 1118 3153 nou
1149 3097 1310 3153 liceat
1333 3139 1349 3166 ,
1379 3099 1472 3155 sed
1501 3098 1666 3156 etiam
1693 3097 1860 3170 (quod
1883 3098 2038 3158 vobis
2140 3101 2504 3158 nescientibus
2525 3100 2630 3156 illis
2649 3100 2755 3156 hoc
2781 3099 2982 3155 factum
3002 3106 3106 3164 est,
3131 3108 3239 3154 uta
3258 3097 3728 3154 schismatioorum

451 3191 904 3282 facillimumr‘esse
935 3203 1045 3244 non
1071 3187 1282 3282 dubito)
1323 3188 1377 3244 hi
1406 3189 1496 3282 qui
1517 3189 1657 3282 talia
1682 3202 2040 3282 pmuttlpsf-
2065 3220 2111 3282 ο
2140 3193 2376 3250 factione
2401 3190 2542 3248 eruti
2566 3233 2583 3260 ,
2605 3191 2914 3256 catholicm,
2943 3203 3106 3260 quam
3132 3189 3370 3258 diligitis,
3399 3187 3608 3243 servari
3633 3201 3730 3244 vos

451 3291 574 3338 runt
591 3324 609 3351 ,
631 3280 698 3336 ad
720 3279 1018 3351 piissimum
1056 3278 1356 3351 principem
1381 3279 1481 3334 sub
1501 3277 1659 3348 digna
1686 3277 1926 3334 custodia
1956 3277 2039 3333 αἱ·
2076 3277 2110 3282 “’
2144 3283 2455 3354 contigisset
2481 3281 2752 3336 Ecclesiae.
2786 3279 3043 3348 Quamvis
3071 3280 3233 3349 igitur
3268 3286 3451 3342 vestra
3475 3293 3578 3348 per
3605 3279 3727 3334 illo-

452 3374 713 3442 rigantur.
747 3369 1014 3426 Recolere
1033 3369 1178 3424 enim
1198 3369 1362 3426 debet
1381 3369 1646 3426 celsitudo
1670 3375 1879 3437 vestra,
1911 3369 2038 3440 quid
2140 3390 2260 3430 rum
2286 3374 2465 3430 scelus
2485 3372 2688 3428 utilitas
2710 3370 2847 3425 facta
2875 3371 2973 3438 sit,
3005 3371 3172 3426 nolite
3208 3378 3386 3425 tamen
3409 3369 3730 3439 impunitam

451 3478 548 3534 per
573 3477 672 3518 vos
692 3461 834 3516 Deus
861 3458 1050 3516 fecerit
1070 3466 1318 3529 tempore
1340 3459 1434 3516 illo
1459 3474 1590 3529 quo,
1619 3459 1830 3515 Istriam
1851 3466 1909 3516 et
1939 3459 2041 3515 Ve-

452 3553 622 3608 netias
637 3560 868 3624 tyranno
889 3548 1066 3605 Totila
1082 3549 1412 3619 possidente,
1425 3547 1648 3606 Francis
1662 3549 1825 3606 etiam
1844 3560 2040 3606 cuncta

454 3642 786 3698 vastantibus
807 3681 824 3708 ,
855 3655 966 3696 non
995 3649 1124 3696 ante
1146 3647 1327 3696 tamen
1354 3639 1809 3698 Mediolanensem
1831 3642 2042 3713 episco-

453 3746 582 3802 pum
603 3729 721 3786 fieri
743 3729 1084 3800 permisistis,
1114 3729 1217 3786 nisi
1243 3729 1718 3787 clementissimum
1744 3731 2040 3804 principem

454 3822 650 3880 exinde
677 3821 999 3878 retulissetis
1027 3838 1042 3875 :
1074 3829 1130 3877 et
1161 3822 1290 3893 quid
1328 3821 1445 3878 ﬁeri
1471 3823 1766 3890 debuisset,
1793 3823 1908 3894 ejus
1936 3825 2042 3881 ite-

451 3928 572 3971 rum
600 3912 815 3983 scriptis
841 3904 1294 3984 rccognovissetis
1317 3951 1332 3977 ,
1361 3920 1418 3970 et
1443 3913 1586 3969 inter
1607 3915 1803 3986 ubique
1830 3915 2043 3972 ferven-

452 4016 538 4065 tes
563 4009 780 4074 hostes,
814 4006 1128 4066 Ravennam
1155 4015 1336 4064 tamen
1374 4015 1430 4064 et
1474 4009 1520 4064 is
1556 4010 1648 4080 qui
1670 4009 2041 4078 ordinabatur,

452 4108 510 4156 et
536 4100 582 4156 is
609 4099 702 4170 qui
728 4098 1074 4155 ordinaturus
1112 4107 1258 4166 erat,
1290 4100 1628 4171 providentia
1669 4101 1916 4158 culminis
1942 4117 2041 4158 ve-

449 4193 549 4248 stri
578 4190 792 4246 deducti
819 4198 968 4244 sunt.
1000 4187 1078 4244 De
1123 4187 1409 4260 Liguribus
1433 4230 1448 4255 ,
1479 4199 1639 4258 atque
1670 4189 1956 4258 Veneticis,
1989 4203 2046 4250 et

452 4283 620 4342 [striis
662 4280 933 4352 episcopis
959 4279 1089 4348 quid
1129 4278 1348 4334 dicam?
1368 4293 1506 4348 quos
1535 4279 1728 4336 idonea
1755 4289 1838 4337 est
1864 4283 2046 4339 excel-

452 4378 617 4434 lentia
663 4381 844 4430 vestra
891 4380 950 4427 et
998 4371 1214 4426 ratione
1249 4377 1305 4426 et
1343 4378 1616 4441 potestate
1643 4373 1958 4443 reprimere,
1988 4383 2047 4431 et

451 4467 721 4526 dimittitis
747 4479 844 4520 eos
893 4463 948 4518 iu
991 4470 1362 4533 contemptum
1389 4463 1808 4534 apostolicarum
1835 4466 2042 4522 sedium

346 4570 360 4588 ⁸
451 4560 519 4616 de
539 4573 636 4614 sua
665 4553 968 4612 rusticitate
1011 4551 1232 4622 gloriari
1258 4571 1272 4606 :
1301 4568 1447 4622 cum,
1471 4553 1516 4609 si
1537 4553 1662 4624 quid
1687 4569 1782 4610 eos
1807 4556 1877 4612 de
1901 4555 2044 4626 judi-

451 4651 537 4708 cio
563 4645 881 4704 universalis
906 4642 1116 4716 synodi,
1147 4644 1293 4714 quod
1319 4644 1786 4715 Constantinopoli
1810 4660 1908 4716 per
1932 4646 2044 4716 pri-

453 4757 596 4797 mam
623 4754 798 4810 nuper
841 4737 1080 4806 elapsam
1121 4735 1471 4793 indictionem
1519 4745 1698 4794 actum
1742 4745 1856 4806 est,
1902 4737 2044 4793 forte

455 4834 708 4892 movebat
733 4873 750 4900 ,
780 4830 846 4885 ad
875 4829 1056 4885 sedem
1086 4829 1438 4899 apostolicam
1488 4829 1784 4898 (quomodo
1826 4845 2044 4901 semper

453 4931 653 4984 factum
681 4924 786 4994 est)
814 4922 1004 4978 electis
1028 4921 1294 4990 aliquibus
1323 4919 1394 4978 de
1433 4922 1574 4986 suis,
1607 4923 1700 4992 qui
1719 4921 1853 4978 dare
1872 4931 1927 4978 et
1947 4939 2041 4980 ac-

451 5023 634 5093 cipere
669 5017 936 5075 rationem
970 5024 1213 5085 possent,
1242 5014 1472 5083 dirigere
1490 5014 1818 5081 debuerunt;
1853 5024 2040 5071 etnon

451 5111 646 5170 clausis
674 5109 845 5166 oculis
869 5123 1068 5177 corpus
1091 5105 1288 5160 Christi
1318 5106 1412 5160 Dei
1439 5106 1628 5170 nostri,
1661 5107 1765 5162 hoc
1789 5114 1874 5163 est
1891 5121 2043 5162 sanc-

454 5215 562 5262 tam
592 5203 886 5260 Ecclesiam
915 5200 1176 5257 lacerare.
1209 5197 1384 5254 Nolite
1411 5212 1542 5268 ergo
1571 5199 1818 5255 dubitare
1845 5198 2036 5268 hujus-

454 5297 601 5354 modi
644 5295 894 5350 homines
940 5289 1222 5360 principali
1272 5289 1360 5345 vel
1414 5288 1655 5358 judiciali
1719 5291 2042 5345 auctoritate

454 5387 854 5457 comprimere:
895 5382 1021 5452 quia
1073 5381 1272 5449 regula:
1321 5378 1542 5434 Patrum
1589 5380 1697 5436 hoc
1736 5381 2042 5451 specialiter

455 5478 847 5534 constituerunt
869 5511 885 5536 ,
917 5479 977 5527 ut
1021 5471 1067 5527 si
1096 5487 1200 5542 qua
1231 5471 1586 5528 ecclesiastici
1614 5469 1778 5527 ollicii
1808 5485 2041 5541 persona

456 5568 542 5624 cui
587 5565 860 5634 subjectus
903 5569 986 5617 est
1030 5560 1313 5628 restiterit,
1342 5561 1437 5625 ,vel
1463 5575 1706 5618 seorsum
1735 5561 2040 5630 collegerit,

529 5741 544 5771 ¹
591 5738 676 5799 ll,
706 5753 760 5806 q.
782 5735 843 5808 9.
869 5736 930 5791 Si
958 5735 1072 5808 quis
1095 5735 1260 5808 pre_s_b.
1284 5733 1438 5808 Actio
1459 5733 1501 5808 _4
1531 5733 1585 5788 in
1614 5748 1698 5804 ep.
1733 5734 2042 5808 archiman-

461 5801 814 5864 dritarnm'ad
836 5801 1008 5877 ipsum
1039 5801 1232 5859 cuncil.
1267 5805 1542 5858 Antioch..
1572 5801 1746 5858 canon
1769 5801 1820 5856 5.

2140 3463 2616 3536 praesumptionem
2631 3462 2936 3531 iniquorum
2959 3460 3236 3516 hominum
3255 3460 3488 3529 grassari
3509 3460 3731 3530 permit~

2143 3566 2276 3614 tere.
2307 3555 2366 3612 Si
2391 3555 2536 3612 enim
2563 3555 2668 3610 hoc
2678 3553 2822 3625 quod
2850 3556 2904 3609 in
2925 3561 3158 3631 vestram
3179 3553 3403 3624 gloriam
3431 3567 3731 3622 praesump-

2143 3654 2350 3714 serunt,
2403 3661 2513 3703 non
2567 3644 2728 3702 fuerit
2773 3644 3006 3700 vindicta
3055 3659 3456 3715 compressum,
3496 3642 3645 3714 quod
3679 3643 3732 3697 in

2143 3741 2442 3798 minoribus
2486 3754 2596 3794 non
2621 3737 2834 3793 valeant
2870 3736 3078 3808 puniri,
3110 3735 3306 3806 ambigi
3329 3737 3470 3791 ultra
3498 3751 3610 3792 nou
3639 3733 3733 3790 de-

2143 3836 2256 3892 bet.
2285 3832 2552 3889 Exercete
2579 3831 2741 3901 igitur
2769 3831 2824 3884 in
2847 3829 3044 3885 talibus
3071 3828 3308 3885 debitam
3329 3828 3731 3890 auctoritatem,

2145 3936 2200 3983 et
2227 3943 2296 3983 ne
2333 3927 2412 3982 eis
2451 3924 2682 3994 amplius
2708 3922 2838 3978 talia
2861 3921 3230 3978 committendi
3257 3920 3478 3991 spiritus
3505 3930 3732 3985 crescat,

2143 4018 2342 4074 vestris
2367 4013 2788 4072 coercitionibus
2814 4012 3195 4083 reprimantur.
3227 4010 3307 4066 Ad
3334 4011 3444 4066 hoc
3473 4009 3733 4082 siquidem

2147 4111 2243 4167 Dei
2289 4117 2421 4165 nutu
2451 4107 2615 4164 etiam
2655 4113 2846 4162 contra
2875 4119 2974 4160 vos
3001 4103 3128 4158 talia
3162 4110 3652 4173 prtesumpserunt,
3679 4109 3735 4156 ut

2147 4203 2251 4258 alia
2281 4201 2433 4257 vobis
2460 4197 2874 4268 corrigentibus,
2904 4196 2972 4252 ab
3000 4195 3190 4252 eodem
3218 4195 3424 4254 scelere
3446 4194 3586 4250 alios
3613 4211 3736 4267 pos-

2146 4293 2282 4358 sitis,
2307 4292 2420 4347 Deo
2446 4291 2794 4361 propitiante,
2818 4288 3048 4344 munire.
3079 4287 3278 4354 Quales
3307 4296 3487 4342 autem
3518 4288 3628 4342 sint
3647 4285 3734 4356 qni

2148 4381 2446 4438 Ecclesiam
2467 4378 2697 4447 fugiunt,
2736 4375 2968 4432 Eufrasii
2980 4391 3077 4432 vos
3096 4376 3303 4432 scelera
3333 4378 3477 4446 (quae
3506 4375 3736 4446 amplius

2117 4509 2123 4514 -
2147 4472 2361 4528 occulta
2388 4469 2530 4526 Deus
2558 4484 2678 4525 esse
2699 4468 2892 4539 noluit)
2917 4467 3196 4524 evidenter
3216 4465 3541 4522 informant:
3563 4467 3657 4537 qui
3682 4468 3734 4522 in

2149 4561 2444 4620 homicidio
2469 4561 2686 4631 quidem
2725 4573 2826 4614 nec
2857 4557 3090 4614 hominis
3117 4557 3610 4626 necessitudinem,
3639 4573 3737 4612 nec

2149 4655 2330 4710 fratris
2359 4652 2677 4708 charitatem
2703 4691 2720 4716 ,
2753 4665 2852 4706 nec
2879 4647 3168 4703 sacerdotii
3199 4647 3563 4702 reverentiam
3587 4661 3734 4716 cogi-

2148 4748 2302 4802 tavit.
2342 4745 2657 4801 Incestuoso
2695 4750 2877 4798 autem
2915 4739 3182 4794 adulterio
3222 4739 3387 4794 etiam
3427 4739 3598 4809 ipsius
3622 4739 3737 4794 vin-

2147 4839 2305 4894 dictae
2332 4834 2551 4891 abstulit
2581 4832 2838 4888 modum:
2871 4829 3017 4898 quia,
3063 4828 3110 4883 si
3149 4827 3474 4882 adulterium
3519 4828 3734 4898 punias,

2151 4949 2258 4990 non
2281 4938 2527 4987 remanet
2557 4929 2608 4983 in
2625 4941 2732 4998 quo
2744 4925 3044 4980 vindicetur
3065 4921 3322 4980 incestus.
3343 4921 3400 4976 Si
3425 4922 3738 4977 incestuoso

2149 5031 2362 5098 ingeras
2385 5041 2626 5097 penam,
2656 5023 2882 5078 inultum
2909 5020 3112 5076 crimen
3139 5018 3388 5074 adulterii
3407 5019 3734 5074 remanebit.

2149 5121 2289 5183 Ecce
2317 5119 2385 5175 de
2429 5133 2539 5188 quo
2568 5115 2797 5184 collegio
2826 5119 2952 5167 sunt
2977 5151 2991 5174 ,
3023 5109 3114 5179 qui
3153 5116 3417 5178 quantum
3443 5108 3515 5163 ad
3543 5124 3738 5180 super-

2147 5213 2290 5268 biam
2333 5224 2492 5264 suam
2523 5250 2540 5275 ,
2583 5205 2832 5274 injuriam
2879 5201 3033 5256 vobis
3061 5198 3261 5254 inferre
3288 5197 3464 5253 moliti
3485 5208 3646 5271 sunt;
3686 5209 3739 5254 et

2147 5310 2405 5372 quantum
2434 5298 2500 5352 ad
2523 5294 2916 5368 providentiam
2938 5291 3054 5356 Dei,
3081 5287 3394 5359 impollutos
3420 5303 3521 5344 vos
3549 5287 3742 5345 Eccle-

2147 5393 2241 5448 SltB
2259 5395 2630 5446 servaverunt.
2657 5384 2879 5440 Auferte
2904 5382 3040 5437 tales
3068 5380 3136 5435 ab
3165 5381 3267 5434 ista
3290 5379 3572 5450 provincia
3596 5421 3612 5447 ,
3637 5381 3738 5436 uti-

2150 5484 2281 5538 mini
2315 5482 2495 5538 oblata
2523 5477 2676 5536 vobis
2703 5493 2734 5532 a
2778 5477 2892 5530 Deo
2922 5471 3260 5544 opprimendi
3305 5471 3547 5541 perﬁdos
3577 5488 3738 5529 occa-

2149 5575 2320 5631 sione.
2375 5570 2533 5639 Quod
2579 5577 2711 5624 tunc
2757 5565 2969 5638 plenius
2997 5562 3112 5619 ﬁeri
3155 5561 3389 5633 poterit,
3418 5561 3465 5617 si
3487 5569 3738 5620 auctores

2223 5737 2243 5768 ²
2271 5693 2490 5800 ~Ansel.,
2517 5730 2608 5786 lib.
2640 5745 2734 5794 xu,
2766 5743 2885 5798 cap.
2911 5725 2999 5780 47.
3029 5723 3245 5797 Polyc.,
3267 5719 3395 5780 ibid.
