3952 6408
355 287 458 345 597

1814 297 2186 354 EPISTOLAL.

3539 311 3642 366 508

352 378 621 434 scelerum
653 379 716 432 ad
765 379 1240 434 clementissimum
1286 381 1583 452 principem
1617 383 1943 454 dirigantur,
1979 392 2022 448 Λ
2052 387 2156 454 est]
2189 387 2242 443 in
2269 387 2560 444 schismate
2583 429 2600 456 ,
2631 392 2759 448 etin
2789 407 2855 450 eo
2878 397 3226 463 maledictus,
3259 412 3357 454 nec
3385 399 3648 457 honorent

353 479 412 526 et
436 468 675 524 maxime
703 467 953 524 Ecclesia:
983 470 1310 538 Aquileiensi
1335 471 1571 540 invasor,
1595 473 1684 542 qui
1714 483 1770 528 et
1791 475 1946 547 {forte

2055 479 2294 548 episcopi
2323 480 2522 548 poterit
2553 483 2791 540 retinere
2821 503 2919 542 nec
2946 490 3218 545 meritum.

1876 595 3652 628 _________.________________________

1171 673 1264 727 an
1302 673 1676 730 EPlSTOLAS
1714 675 1757 730 n
1795 688 1851 732 et
1873 675 1937 730 tn
1979 678 2123 748 (olim
2165 679 2229 733 lli
2269 689 2327 735 et
2364 681 2455 752 IV)
2497 681 2762 740 PELAGII
2801 685 2820 741 ι

1799 806 1867 843 Αἰ)
1903 805 2181 845 Μηδικτειι

1536 909 2105 961 ANIMADVERSIO
2159 911 2287 958 CB!
2301 915 2481 963 i'ICA.

1871 1003 2132 1017 ——-

422 1087 868 1156 Quemadmodum
896 1107 943 1144 υ.
987 1089 1055 1142 cl.
1085 1089 1342 1144 Antonius
1370 1089 1502 1160 Pagi
1530 1088 1585 1142 in
1615 1087 1809 1142 Critica
1833 1087 1943 1144 Ba-

347 1183 488 1237 ronii
529 1180 802 1252 epistolam
827 1179 896 1235 i0
931 1179 1132 1252 Pelagii
1176 1179 1205 1233 Ι
1235 1179 1306 1234 ad
1347 1178 1727 1234 Childebcrtum
1756 1197 1820 1235 ea:
1844 1181 1944 1234 du-

347 1272 473 1342 plici
505 1273 798 1344 fragmento
829 1271 1050 1325 duarum
1077 1271 1234 1342 plane
1261 1271 1580 1325 diversarum
1608 1273 1945 1342 epistolarum

347 1375 642 1422 consertam
695 1380 808 1418 esse
854 1364 1259 1427 animadvertit;
1300 1364 1375 1417 ita
1409 1363 1564 1433 plane
1590 1362 1761 1418 ethoc
1807 1363 1944 1416 idem

345 1457 470 1511 aliis
509 1455 740 1526 ejusdem
791 1453 996 1525 Pelagii
1039 1453 1272 1525 epistolis
1319 1453 1571 1506 accid'sse
1611 1469 1714 1506 non
1743 1454 1939 1507 dubito.

2053 1099 2222 1146 mento
2269 1092 2404 1163 quod
2434 1091 2736 1148 Holstenius
2777 1094 3023 1166 vulgavit,
3056 1097 3342 1172 legiturque
3363 1101 3418 1156 in
3444 1100 3646 1160 Collec-

2052 1184 2191 1237 tione
2212 1182 2716 1240 Veneto-Labbeana
2747 1196 2869 1242 tam.
2910 1186 3012 1258 VI,
3035 1199 3087 1245 et
3123 1189 3404 1249 Valeriano
3423 1199 3646 1265 patricio

2048 1275 2352 1328 inscribitur
2381 1291 2398 1329 :
2429 1275 2568 1346 quod
2592 1293 2720 1332 sane
2746 1280 3094 1350 fragmentum
3121 1284 3288 1352 pr'mo
3328 1285 3536 1355 quidem
3568 1297 3646 1343 to-

2053 1376 2156 1420 tam
2197 1368 2470 1436 epistolam
2507 1369 2746 1440 quintam
2771 1370 2842 1423 ad
2869 1367 2922 1424 Ν
2925 1382 3146 1426 arsetem
3172 1373 3364 1442 reddit,
3391 1377 3473 1429 cui
3495 1380 3650 1432 unica

2053 1458 2186 1510 serie
2230 1459 2614 1512 succenturiata
2660 1469 2739 1513 est
2784 1447 3004 1530 epistola
3049 1462 3102 1516 5.
3136 1461 3250 1516 Nec
3277 1479 3404 1518 sane
3431 1469 3652 1536 gemina:

346 1545 584 1600 Gemina:
621 1544 692 1598 ad
722 1542 1005 1598 Narsetem
1031 1544 1296 1615 epistola,
1324 1544 1419 1598 illa
1445 1561 1628 1615 nempe
1655 1560 1768 1614 qua!
1798 1561 1940 1598 num.
1981 1538 2023 1595 Β
2049 1549 2156 1603 illa!
2181 1550 2413 1616 epistola:
2433 1560 2792 1622 argumentum
2819 1553 3010 1608 habent
3051 1555 3307 1611 diuersum
3334 1595 3350 1622 ,
3381 1574 3544 1630 neque
3569 1561 3650 1614 al-

349 1636 454 1692 δεῖ
478 1638 647 1692 altera
667 1651 782 1708 qua:
806 1651 950 1689 num.
981 1636 1015 1690 '5
1042 1635 1183 1707 apud
1210 1633 1470 1690 Labbeum
1498 1636 1755 1706 leguntur,
1780 1653 1938 1690 unam

346 1729 684 1800 eamdemque
702 1727 1062 1782 continuatam
1107 1726 1378 1797 epistolam
1423 1724 1666 1780 exhibent
1710 1727 1764 1780 in
1791 1728 1936 1799 frag-

773 1921 1109 1979 Erlsrom
1154 1922 1222 1978 tv
1253 1924 1398 1994 (olim
1429 1921 1520 1992 ν).

819 2033 886 2070 AD
914 2031 1116 2070 NARSBN
1161 2032 1467 2071 ΡΑτιιιςιωι.

352 2107 530 2164 Monet
565 2115 621 2160 ut
653 2107 1023 2179 Aquileiensem
1043 2115 1092 2179 et
1121 2105 1560 2163 Mediolanensem
1587 2111 1852 2179 episcopos
1875 2111 1945 2164 ad

696 2177 979 2248 principem
1003 2177 1097 2231 sub
1123 2179 1360 2232 custodia
1387 2179 1598 2250 dirigat.

422 2291 694 2360 Pelagius,
724 2291 907 2346 Narsa:
930 2291 1157 2361 patricio
1192 2293 1230 2344 ⁸.

419 2381 564 2436 Istud
593 2390 677 2437 est
703 2381 846 2452 quod
875 2397 905 2434 a
928 2381 1084 2437 vobis
1104 2383 1469 2452 poposcimus,
1499 2391 1557 2438 et
1583 2399 1724 2438 nunc
1751 2384 1945 2440 iterum

349 2473 686 2544 postulamus
709 2513 724 2539 ,
754 2481 814 2528 ut
855 2471 1138 2528 Paulinum
1175 2473 1577 2545 Aquileiensem
1623 2475 1944 2546 pseudoepi—

351 2579 600 2634 scopum,
633 2572 688 2618 et
724 2563 875 2618 illum
904 2563 1361 2619 Mediolanensem
1389 2564 1706 2636 episcopum
1735 2565 1801 2619 ad
1836 2565 1947 2620 cle-

350 2656 750 2710 mentissimum
773 2653 1070 2726 principem
1099 2655 1198 2710 sub
1226 2655 1385 2725 digna
1411 2657 1652 2711 custodia
1681 2655 1944 2724 dirigatis;

2049 1649 2162 1694 tera
2185 1640 2249 1694 ab
2277 1641 2442 1695 altera
2469 1643 2677 1714 sejungi
2695 1645 2964 1700 commode
2987 1654 3218 1714 pauent.

2053 1926 2300 1983 dolemus
2321 1971 2340 1997 ,
2379 1930 2575 2000 quibus
2599 1931 2838 1988 donante
2858 1932 3089 1991 Domino
3117 1939 3452 2009 propositum
3482 1947 3566 1996 est
3594 1938 3647 1995 in

2055 2019 2473 2076 mansuetudine
2525 2032 2912 2093 supportantes
2957 2027 3140 2083 omnia
3192 2026 3446 2085 fraternae
3499 2031 3650 2104 pacis

2055 2105 2275 2163 vinculo
2303 2107 2578 2164 custodire
2612 2127 2625 2162 :
2676 2111 2772 2166 sed
2818 2111 2986 2182 (sicut
3040 2114 3296 2189 diximus)
3325 2116 3647 2174 divisionem

2054 2206 2290 2252 vestram
2316 2213 2346 2252 a
2367 2199 2607 2266 generali
2635 2197 2904 2270 Ecclesia,
2933 2217 3096 2272 quam
3127 2204 3485 2262 tolerabiliter
3503 2205 3646 2263 ferre

2053 2306 2162 2345 non
2192 2298 2407 2360 potero,
2439 2292 2792 2348 vehementer
2803 2301 3018 2364 stupeo.
3045 2293 3183 2350 Cum
3213 2297 3359 2353 enim
3393 2298 3646 2354 beatissi-

2051 2398 2174 2438 mus
2220 2381 2552 2452 Augustinus
2594 2383 2878 2440 dominicae
2919 2386 3202 2442 sententias
3245 2402 3487 2456 memor,
3540 2403 3647 2458 qua
3684 2437 3693 2445 .

2050 2466 2461 2531 fundamentum
2509 2473 2767 2532 Ecclesia:
2808 2477 2862 2531 in
2890 2477 3200 2546 apostolicis
3226 2478 3446 2535 sedibus
3473 2479 3649 2536 collo-

2051 2569 2236 2633 cavit,
2266 2568 2321 2623 in
2349 2568 2645 2624 schismate
2685 2583 2806 2625 esse
2842 2570 3005 2636 dicat,
3033 2571 3341 2641 quicunque
3361 2588 3420 2630 se
3448 2588 3480 2628 a
3509 2589 3648 2645 pra:-

2051 2656 2184 2712 sulis
2209 2655 2521 2712 earumdem
2561 2657 2767 2714 sodium
2797 2660 3120 2715 auctoritate
3147 2660 3234 2715 vel
3263 2664 3648 2720 communione

351 2755 412 2800 ut
453 2754 510 2800 et
534 2747 634 2800 iste
658 2747 748 2815 qui
789 2745 1073 2816 episcopus
1099 2761 1220 2801 esse
1259 2746 1563 2802 nullatenus
1585 2755 1789 2818 potest,
1820 2747 1947 2816 quia
1975 2771 2020 2833 ο
2057 2747 2429 2818 suspenderit;
2468 2763 2571 2804 nec
2597 2748 2758 2803 aliam
2805 2748 3113 2806 manifestet
3159 2766 3284 2809 esse
3323 2750 3646 2817 Ecclesium,

350 2843 543 2890 contra
573 2850 792 2890 omnem
821 2836 1138 2891 canonicam
1179 2837 1626 2893 consuetudinem
1647 2837 1820 2894 factus
1841 2848 1948 2902 est,

350 2926 492 2982 alios
541 2927 682 2982 ultra
727 2941 836 2982 non
891 2927 1115 2998 perdat;
1172 2936 1228 2984 et
1267 2927 1360 2984 ille
1397 2929 1490 2998 qui
1518 2939 1708 2985 contra
1740 2945 1948 2984 morem

350 3020 636 3090 antiquum
679 3035 802 3076 eum
849 3020 1102 3076 ordinare
1130 3023 1492 3092 praesumpsit,
1523 3038 1792 3078 canonum
1834 3023 1950 3076 vin-

351 3109 512 3164 dicta:
538 3110 835 3179 subiaceat.
863 3109 973 3165 Nec
996 3111 1148 3164 licuit
1174 3111 1336 3166 alicui
1357 3109 1665 3180 aliquando,
1690 3126 1794 3166 nec
1822 3111 1953 3165 lice-

351 3199 433 3256 bit
479 3202 860 3270 particularem
889 3201 1154 3274 synodum
1186 3215 1518 3270 congregare
1551 3219 1563 3254 :
1617 3199 1712 3257 sed
1737 3201 1953 3270 quoties

351 3293 532 3362 aliqua
555 3292 621 3348 de
643 3291 933 3348 universali
954 3293 1162 3366 synodo
1188 3293 1456 3362 aliquibus
1483 3292 1748 3348 dubitatio
1769 3293 1950 3348 nasci-

352 3393 444 3438 tur
469 3423 484 3448 ,
509 3382 577 3436 ad
605 3382 972 3452 recipiendam
1001 3383 1069 3438 de
1094 3397 1162 3438 eo
1189 3381 1338 3452 quod
1370 3398 1478 3438 non
1507 3383 1832 3451 intelligunt,
1865 3398 1951 3437 ra-

351 3475 555 3527 tionem
580 3512 596 3537 ,
626 3481 719 3526 aut
737 3479 932 3542 sponte
958 3472 992 3526 ii
1013 3472 1104 3542 qui
1133 3473 1360 3526 salutem
1383 3473 1578 3526 animas
1605 3487 1715 3527 sum
1741 3472 1950 3528 deside-

350 3572 479 3618 rant
503 3607 518 3627 ,
574 3564 642 3618 ad
685 3565 1038 3634 apostolicam
1065 3564 1249 3618 sedem
1280 3580 1378 3634 pro
1405 3564 1712 3635 recipienda
1739 3565 1951 3622 ratione

352 3655 682 3710 conveniant
704 3693 720 3719 ,
752 3661 850 3708 aut
891 3653 936 3708 si
984 3652 1124 3708 forte
1155 3654 1319 3726 (sicut
1360 3654 1428 3710 dc
1468 3655 1660 3710 talibus
1685 3655 1949 3726 scriptum

350 3751 437 3799 est
467 3743 650 3814 (Prov.
683 3745 836 3815 xvm)
861 3785 876 3811 ,
907 3744 1163 3800 I’eccator
1191 3761 1306 3800 cum
1327 3748 1520 3801 venerit
1546 3749 1601 3801 in
1630 3747 1949 3818 profundum

352 3835 651 3902 malorum,
705 3837 1009 3907 contemnit)
1063 3837 1137 3892 ita
1187 3837 1448 3893 obstinati
1496 3847 1552 3894 et
1597 3847 1949 3895 contumaces

349 3928 682 3996 exstiterint,
722 3937 782 3982 ut
811 3928 994 3984 doceri
1019 3929 1127 3984 non
1160 3930 1352 3996 velint;
1383 3946 1480 3987 eos
1499 3931 1568 3986 ab
1590 3931 1794 3986 eisdem
1815 3946 1950 4002 apo-

349 4023 562 4080 stolicis
597 4023 816 4080 sedibus
844 4032 938 4078 aut
982 4025 1179 4080 attrahi
1209 4025 1276 4080 ad
1307 4027 1535 4083 salutem
1562 4029 1947 4100 quoquomodo

349 4129 578 4171 necesse
603 4122 708 4181 est,
757 4124 849 4170 aut
900 4115 992 4186 (ne
1035 4115 1262 4171 aliorum
1311 4118 1541 4186 perditio
1571 4133 1690 4173 esse
1717 4119 1946 4192 possint)

351 4209 649 4264 secundum
691 4223 931 4264 canones
960 4223 1058 4278 per
1103 4209 1388 4265 szeculares
1435 4211 1717 4281 comprimi
1765 4220 1950 4282 potes-

353 4311 514 4357 tates.

773 4412 1105 4470 EPISTULA
1148 4415 1193 4471 v
1236 4415 1384 4486 (olim
1411 4415 1523 4486 vn.

819 4543 848 4579 Α
857 4543 886 4580 D
923 4543 1212 4582 EPISCOI‘OS-
1241 4543 1461 4582 TUSCIE.

709 4633 860 4705 Ipsos
889 4635 952 4689 ob
981 4637 1204 4690 schisma
1225 4637 1570 4707 reprehendit.

425 4746 798 4802 Dilectissimis
845 4747 1101 4804 fratribus
1155 4749 1496 4816 Gaudentio,
1555 4749 1942 4814 Maximiliano,

351 4837 618 4892 Gerontio
642 4876 657 4902 ,
697 4835 852 4892 Justo
875 4881 891 4904 ,
924 4839 1179 4895 Terentio
1205 4881 1222 4906 ,
1255 4839 1416 4895 Vitali
1445 4850 1500 4896 et
1535 4841 1825 4897 Laurentio
1853 4858 1948 4911 per

351 4931 604 4986 Tusciam
631 4933 1014 5000 Annonariam,
1048 4932 1313 5002 Pelagius.

423 5024 694 5079 Directam
740 5041 772 5080 a
817 5026 970 5080 vobis
997 5025 1316 5080 relationem
1338 5068 1354 5092 ,
1385 5025 1670 5081 defensore
1694 5023 1945 5082 Ecclesim

349 5125 550 5170 nostrte
577 5114 816 5171 Iordane
841 5115 1115 5172 deferente
1138 5157 1155 5183 ,
1177 5119 1533 5189 suscipientes
1549 5163 1565 5187 ,
1593 5121 1727 5175 satis
1767 5121 1945 5174 mirati

349 5223 538 5263 sumus
553 5207 626 5262 ita
641 5223 739 5264 vos
750 5209 1062 5278 apostolicae
1074 5211 1416 5264 auctoritatis
1428 5213 1645 5277 oblitos,
1661 5213 1946 5267 utdivisio-

352 5319 480 5358 nem
505 5311 739 5358 vestram
762 5305 832 5358 ab
851 5304 1143 5358 universali
1163 5302 1402 5360 Ecclesia
1428 5321 1550 5362 meo
1571 5307 1734 5361 etiam
1749 5307 1947 5362 volue-

349 5394 471 5450 ritis
499 5394 666 5463 (quod
708 5393 870 5465 absit)
916 5409 1182 5449 consensu
1227 5395 1457 5463 firmari;
1499 5406 1554 5452 et
1580 5413 1717 5466 quos
1761 5397 1945 5453 decuit

350 5486 667 5556 popularem
690 5487 1048 5554 ignorantiam
1077 5487 1396 5543 sacerdotali
1427 5489 1672 5546 doctrina
1709 5490 1946 5560 compri-

350 5593 504 5633 mere
530 5619 546 5644 ,
575 5577 627 5632 in
655 5579 1036 5634 contumeliam
1065 5577 1210 5636 sedis
1229 5580 1572 5650 apostolicae,
1604 5581 1776 5652 plebis
1806 5581 1943 5635 velle

349 5671 504 5738 sequi
531 5669 812 5737 judicium.
852 5669 962 5725 Nec
985 5671 1086 5725 ista
1127 5669 1392 5738 dicentes,
1413 5669 1665 5741 injuriam
1697 5679 1939 5726 nostram

425 5787 440 5817 ¹
483 5786 693 5854 Ansel.,
722 5784 815 5841 lib.
847 5800 950 5855 xu,
983 5803 1032 5842 c.
1057 5785 1109 5841 4.
1145 5786 1329 5857 Polyc.
1360 5785 1452 5841 lib.
1482 5801 1519 5852 ι,
1555 5786 1640 5842 tit.
1665 5783 1750 5841 15.

2054 2839 2155 2894 nisi
2198 2853 2320 2908 quae
2351 2839 2404 2893 in
2441 2839 2787 2910 pontiﬁcibus
2835 2841 3256 2911 apostolicarum
3305 2842 3515 2899 sedium
3565 2853 3649 2898 est

2052 2930 2285 2987 solidata
2331 2931 2604 2988 radicibus
2637 2949 2650 2985 :
2679 2933 2953 3003 quomodo
2991 2949 3092 2989 vos
3137 2934 3207 2990 ab
3233 2935 3474 2992 universi
3503 2937 3650 2992 orbis

2053 3021 2438 3078 communione
2463 3031 2748 3092 separatos
2775 3038 2898 3080 esse
2927 3039 3034 3080 non
3065 3025 3285 3080 creditis
3311 3066 3328 3093 ,
3358 3026 3403 3082 si
3426 3027 3533 3083 mei
3563 3028 3650 3082 in-

2055 3121 2140 3168 ter
2165 3127 2322 3169 sacra
2347 3114 2606 3184 mysteria
2624 3113 2924 3173 secundum
2945 3115 3394 3170 consuetudinem
3420 3116 3649 3174 nominis

2054 3205 2373 3260 memoriam
2419 3205 2680 3270 reticetis,
2709 3207 2762 3260 in
2790 3220 2934 3276 quo,
2969 3207 3098 3262 licet
3141 3207 3382 3278 indigno,
3427 3216 3647 3279 aposto-

2055 3295 2171 3351 lica:
2211 3295 2356 3351 sedis
2401 3310 2500 3366 per
2549 3297 2947 3353 successionem
2997 3298 3339 3370 episcOpatus
3394 3297 3648 3369 przesenti

2055 3393 2302 3456 tempore
2339 3386 2533 3442 videtis
2571 3387 2873 3444 consistere
2904 3387 3250 3444 ﬁrmitatem?

2125 3478 2230 3533 Sed
2261 3494 2330 3534 ne
2357 3479 2502 3550 apud
2545 3495 2642 3556 vos
2688 3479 2827 3536 forte
2846 3521 2863 3544 ,
2894 3482 2979 3537 vel
3008 3483 3149 3552 apud
3171 3496 3363 3552 greges
3383 3483 3473 3556 qui
3497 3484 3647 3540 vobis

2053 3569 2330 3624 commissi
2356 3578 2500 3636 sunt,
2523 3555 2592 3626 de
2617 3569 2722 3626 fide
2747 3581 2931 3627 no-tra
2961 3573 3140 3643 aliqua
3171 3575 3342 3644 possit
3366 3590 3647 3632 remanere

2051 3661 2288 3733 suspicio
2312 3703 2329 3730 ,
2357 3662 2465 3718 hoc
2507 3663 2856 3720 dilectionem
2882 3675 3119 3721 vestram
3157 3667 3459 3723 certissime
3485 3683 3647 3724 nosse

2051 3751 2328 3822 desidero,
2341 3769 2429 3810 me
2457 3755 2623 3821 illam,
2641 3755 2882 3813 donante
2903 3757 3156 3826 Domino,
3181 3759 3456 3816 custodire
3484 3759 3645 3816 tidem

2051 3859 2212 3914 quam
2257 3859 2413 3900 sacra
2454 3846 2825 3918 apostolorum
2852 3847 3098 3904 doctrina
3124 3851 3437 3916 constituit,
3484 3865 3644 3920 quam

2052 3937 2281 3992 Nicatnte
2308 3937 2496 4010 synodi
2531 3937 2765 3993 ﬁrmavit
2793 3939 3086 3994 auctoritas
3103 3981 3119 4004 ,
3143 3955 3305 4010 quam
3336 3939 3637 3997 Constanti.

2051 4029 2398 4101 nopolitante,
2453 4028 2738 4100 Ephesium
2773 4031 3008 4102 primae,
3061 4038 3118 4086 et
3166 4029 3643 4099 Chalcedonensis,

2053 4130 2362 4177 sanctarum
2405 4121 2735 4194 synodorum
2782 4121 3146 4192 explanavere
3195 4124 3512 4188 sententia},
3545 4140 3645 4180 nec

2053 4213 2344 4282 quidquam
2393 4212 2460 4268 de
2498 4210 2842 4283 pmlatarum
2883 4211 3212 4284 synodorum
3241 4211 3644 4270 deﬁnitionibus

2054 4305 2138 4359 vel
2168 4303 2501 4359 imminuisse
2529 4317 2616 4358 me
2643 4302 2865 4372 aliquid,
2891 4303 2978 4358 vel
3005 4304 3242 4373 auxisse,
3269 4312 3360 4359 aut
3387 4304 3440 4359 in
3463 4304 3644 4374 aliquo

2052 4404 2418 4466 permutasse;
2449 4395 2544 4452 sed
2565 4395 2767 4458 omnia,
2791 4394 2904 4450 Deo
2926 4395 3180 4466 propitio,
3207 4411 3327 4466 qua:
3354 4397 3422 4451 ab
3451 4397 3552 4452 illis
3574 4397 3644 4454 de
3737 4408 3762 4418 ‘

2053 4485 2175 4542 ﬁdei
2227 4487 2462 4556 puritate
2491 4487 2797 4557 conscripta
2826 4493 2984 4551 sunt,
3035 4486 3424 4544 inviolabiliter
3452 4496 3640 4543 custo-

2048 4577 2194 4632 dire:
2222 4576 2579 4632 anathematis
2608 4576 2956 4631 nihilominus
2979 4575 3182 4645 judicio
3209 4577 3463 4642 subdens,
3488 4579 3638 4647 quis-

2049 4669 2170 4737 quis
2208 4679 2275 4722 au
2303 4668 2791 4738 snprascriptarnm
2823 4675 3069 4736 quatuor
3108 4669 3436 4740 synodorum
3474 4669 3634 4726 ﬁdem

2048 4757 2132 4812 vel
2164 4759 2231 4812 ad
2280 4758 2575 4813 beatissimi
2624 4757 2822 4812 Leonis
2853 4757 3095 4828 praesulis
3139 4759 3452 4829 apostolica:
3496 4761 3642 4815 sedis

2053 4848 2280 4903 Tomutu
2309 4887 2324 4911 ,
2349 4851 2440 4920 qui
2472 4847 2526 4902 in
2555 4847 2981 4904 Chalcedonensi
3011 4855 3094 4903 est
3120 4849 3330 4920 synodo
3350 4849 3640 4913 conﬁrma--

2051 4949 2136 4995 tus
2159 4979 2176 5006 ,
2205 4940 2383 5010 aliqua
2427 4955 2494 4994 ex
2533 4949 2688 5009 parte
2715 4939 2799 4994 vel
2826 4939 3202 4997 inﬁrmandum
3231 4941 3639 5010 quoquomodo,

2047 5033 2134 5086 vel
2181 5031 2234 5084 in
2269 5031 2487 5086 dubium
2515 5030 2678 5100 (quod
2730 5031 2891 5100 absit)
2938 5029 3307 5085 deducendum
3350 5031 3639 5100 aliquando

2048 5123 2404 5178 consenserit.
2455 5120 2567 5176 llac
2591 5123 2750 5190 igitur
2787 5120 3010 5176 dilectio
3055 5130 3236 5175 vestra
3281 5119 3406 5177 ﬁdei
3438 5131 3637 5178 nostra:

2047 5211 2383 5283 professione
2413 5211 2640 5276 munita,
2671 5213 3028 5282 ignorantiam
3056 5213 3332 5266 hominum
3361 5213 3526 5282 (sicut
3547 5231 3637 5269 sa-

2044 5309 2292 5360 cerdotes
2346 5305 2525 5375 decet)
2578 5305 2631 5360 in
2690 5305 2880 5374 spiritu
2935 5303 3360 5360 mansuetudinis
3405 5305 3637 5362 educere

2051 5397 2284 5462 festinet,
2307 5405 2362 5451 et
2383 5412 2414 5451 a
2441 5413 2606 5467 prava
2638 5397 2935 5452 intentione
2963 5395 3136 5450 modis
3182 5396 3432 5452 omnibus
3471 5414 3633 5452 revo-

2049 5504 2173 5544 care
2213 5497 2377 5558 atque
2424 5488 2614 5543 unitati
2656 5487 2913 5544 Ecclesiae
2956 5487 3203 5542 reddere.
3235 5486 3392 5555 Quod
3435 5488 3480 5543 si
3511 5491 3632 5558 quis

2050 5579 2188 5634 forte
2234 5578 2400 5634 etiam
2443 5586 2569 5650 post
2608 5577 2725 5633 haec
2751 5577 2986 5648 aliquem
3013 5577 3117 5634 sibi
3145 5593 3430 5649 superesse
3459 5581 3633 5636 credit

2047 5668 2394 5740 scrupulum;
2426 5669 2494 5726 ab
2525 5669 2716 5726 insano
2745 5667 2977 5724 tumultu
2999 5667 3272 5738 desinens,
3301 5667 3369 5724 ad
3392 5683 3490 5725 nos
3512 5685 3630 5725 ma-

2310 5896 2326 5924 δ
