3952 6408
346 318 446 372 Ξοθ

1719 295 1985 372 rauca
2027 316 2227 370 mea:
2258 317 2280 372 ι

3529 315 3632 367 400

343 433 421 496 gis
449 431 634 485 venire
664 431 876 485 festinet
909 449 920 484 :
957 439 1011 484 ut
1038 445 1104 484 ex
1135 430 1216 484 his
1257 443 1378 499 qua:
1411 427 1620 482 dubitat
1647 469 1662 494 ,
1690 430 1930 485 rationa-
1960 453 2011 510 Α
2040 437 2407 484 trecentorum
2455 428 2642 483 decem
2698 435 2754 482 ct
2815 436 2942 481 octo
2968 467 2982 492 ,
3032 425 3631 496 Constantinopolitano

343 521 434 575 bili
461 522 827 577 satisfactione
859 528 1114 592 percepta
1139 560 1155 585 ,
1187 519 1338 574 lmtus
1363 561 1378 584 ,
1411 517 1525 574 Deo
1549 519 1804 590 propitio,
1837 535 1962 594 co-_

342 612 486 678 gnita
517 611 742 666 veritate
765 653 778 676 ,
808 609 1096 665 universali
1143 608 1473 665 reformetur
1501 607 1788 664 Ecclesirc.
1820 608 1929 664 Nos

343 701 485 756 enim
544 699 856 770 (secundum
927 698 1281 768 apostolicam
1350 697 1697 768 sententiam)
1755 697 1930 768 parati

341 807 522 846 sumus
551 791 620 844 ad
645 791 1057 860 satisfactionem
1103 791 1244 844 omni
1288 791 1520 858 poscenti
1548 806 1644 843 nos
1674 791 1927 843 rationem

342 881 404 932 de
429 896 488 932 ea
510 893 623 947 qua:
642 879 696 932 in
723 877 869 933 nobis
896 887 972 932 est
999 878 1101 948 ﬁde
1137 877 1191 943 (Ι
1213 877 1358 932 Petr.
1385 877 1466 949 ιιι)
1498 895 1511 930 :
1546 878 1672 948 quia
1700 877 1754 931 in
1783 877 1931 930 nullo

342 985 438 1025 nos
463 985 494 1023 a
523 969 722 1024 sanctis
747 967 1018 1037 Patribus,
1042 969 1382 1024 custodiente
1404 983 1500 1022 nos
1529 967 1705 1020 divina
1736 965 1931 1044 gratia,

340 1061 689 1128 cognovimus
713 1059 980 1114 deviasse.
1007 1057 1266 1113 Dominus
1298 1073 1393 1111 vos
1424 1057 1720 1110 incolumes
1747 1064 1930 1110 custo-

343 1150 484 1218 diat,
512 1149 704 1204 fratres
731 1147 1048 1204 charissimi.
1084 1147 1203 1201 Dat.
1247 1163 1314 1200 xv
1339 1145 1548 1200 calend.
1582 1145 1762 1210 Μαι-ι..
1788 1159 1929 1198 anno

347 1239 410 1295 t5
435 1248 556 1311 post
579 1239 913 1296 consulatum
935 1237 1118 1294 Basilii
1136 1237 1235 1292 viri
1265 1235 1565 1292 clarissimi.

747 1367 1074 1425 EPISTOLA
1120 1369 1184 1424 Vl
1214 1371 1364 1441 (olim
1393 1369 1526 1438 VII).

746 1478 812 1515 ΑΒ
853 1477 1146 1516 υιηινιιιεωι
1179 1477 1420 1516 Ροιιυιυη
1451 1476 1555 1514 νει.

886 1553 961 1606 De
984 1553 1090 1622 ﬁde
1118 1553 1394 1608 catholica.

416 1659 658 1730 Pelagius
686 1661 974 1732 episcopus
1001 1661 1253 1717 universo
1273 1662 1475 1733 populo
1497 1662 1610 1718 Dei.

417 1754 518 1810 Vas
543 1753 824 1809 electionis
851 1753 1192 1808 beatissimus
1235 1751 1434 1810 Paulus
1455 1755 1731 1825 apostolus
1756 1797 1778 1823 ,
1801 1769 1923 1810 cum

341 1849 406 1903 de
431 1845 626 1902 Judaeis
650 1847 702 1900 in
729 1843 948 1900 Christo
972 1844 1199 1901 necdum
1221 1846 1566 1902 credentibus
1591 1846 1924 1914 loqueretur,

342 1939 513 1992 zelum
543 1952 639 1992 eos
667 1935 764 1991 D.i
810 1936 1014 1992 habere
1042 1935 1318 2006 professus
1354 1945 1437 1991 est
1461 1977 1478 2005 ,
1507 1937 1604 1992 sed
1639 1952 1706 1990 ne
1733 1951 1801 1990 ex
1825 1937 1926 1992 hoc

341 2028 455 2082 sine
496 2025 652 2096 culpa
679 2040 800 2080 esse
839 2025 1206 2093 crederentur,
1237 2035 1637 2097 consequenter
1663 2027 1860 2095 adjecit
1910 2045 1922 2081 :

341 2117 449 2170 Sed
477 2133 578 2170 non
609 2115 892 2170 secundum
937 2117 1206 2171 scientiam
1250 2117 1428 2189 (Rom.
1460 2119 1556 2186 x):
1589 2126 1650 2173 ut
1685 2133 1780 2173 eos
1826 2133 1924 2173 nec

341 2207 572 2262 cessarie
613 2221 708 2276 per
735 2205 1032 2260 doctrinam
1063 2222 1092 2260 a
1123 2207 1232 2262 Deo
1262 2207 1361 2261 sibi
1393 2207 1652 2262 creditam
1682 2206 1930 2262 ostende-

342 2307 424 2351 ret
467 2295 852 2350 cmendandos.
910 2296 1063 2362 Quod
1104 2298 1466 2352 testimonium
1522 2306 1711 2353 nostro
1761 2299 1924 2352 etiam

341 2388 570 2458 tempori
622 2387 916 2442 convenire
963 2387 1200 2443 charitas
1249 2397 1430 2443 vestra
1497 2405 1606 2444 non
1658 2389 1920 2457 ambigit:

341 2479 462 2546 quia
493 2477 595 2532 etsi
620 2476 793 2531 zelum
815 2475 910 2530 Dei
938 2477 990 2530 in
1015 2477 1371 2545 quorumdam
1397 2477 1668 2530 mentibus
1683 2491 1803 2531 esse
1827 2476 1923 2531 de-

342 2567 754 2636 prehendimus,
784 2565 840 2620 in
868 2565 972 2620 hoc
999 2573 1178 2619 tamen
1211 2566 1354 2634 quod
1377 2567 1772 2635 suSptcionibus
1801 2565 1924 2634 qui-

340 2656 563 2711 busdam
589 2656 706 2723 sine
749 2655 942 2710 notitia
969 2655 1214 2710 veritatis
1252 2671 1311 2711 se
1348 2664 1739 2711 concusserunt
1765 2665 1925 2724 atque

339 2747 674 2812 concutiunt,
706 2753 759 2802 et
789 2746 933 2816 quod
955 2763 1016 2802 se
1035 2763 1066 2802 a
1096 2747 1390 2804 visceribus
1410 2748 1579 2802 unicae
1603 2748 1790 2803 matris
1819 2747 1923 2803 Ec-

339 2837 516 2892 clesia:
547 2835 748 2892 nefaria
787 2837 1130 2893 animositate
1159 2838 1500 2908 discerpunt,
1530 2840 1649 2896 sine
1695 2840 1922 2896 scientia

339 2943 434 2982 eos
487 2941 608 2982 esse
653 2943 761 2982 non
792 2927 1012 2982 dubium
1053 2937 1153 2984 est.
1189 2927 1254 2982 Et
1283 2945 1564 2999 possemus
1594 2930 1922 3004 [possumus]

340 3017 552 3088 quidem
583 3019 748 3074 totius
776 3033 951 3073 causa:
979 3019 1245 3075 rationem
1286 3019 1352 3074 ad
1381 3019 1650 3076 sedandos
1677 3037 1924 3077 rumores

341 3110 646 3174 hominum,
695 3108 876 3164 divina
921 3111 1076 3165 nobis
1130 3120 1462 3182 cooperante
1509 3113 1917 3180 misericordia,

342 3201 656 3256 ﬁducialiter
683 3201 982 3272 eXplicare;
1015 3203 1256 3272 nihilque
1291 3212 1479 3260 contra
1511 3204 1668 3260 ﬁdem
1701 3203 1920 3259 Patrum
1947 3203 1990 3264 C

340 3301 635 3360 contraque
677 3299 908 3360 quatuor
951 3293 1280 3363 synoalorutn
1322 3292 1627 3349 ﬁrmitatem
1655 3295 1922 3350 ullatenus

341 3401 460 3440 esse
491 3387 804 3441 tentandum
832 3387 1168 3462 [tentatum],
1212 3388 1553 3444 lucidissimis
1572 3391 1922 3460 approbatio-

342 3477 498 3532 nibus
517 3476 926 3543 demonstrare;
955 3479 1232 3547 magisque
1260 3478 1314 3534 id
1340 3487 1539 3546 actum,
1563 3488 1623 3534 ut
1649 3495 1919 3536 memora-

341 3578 516 3622 tarum
530 3567 858 3638 synodorum
881 3566 1104 3622 ﬁrmitas
1124 3577 1312 3623 contra
1339 3583 1527 3624 omnes
1548 3569 1795 3626 inimicos
1816 3571 1918 3625 im-

341 3660 527 3716 mobili
573 3657 846 3715 soliditate
873 3657 1216 3713 consisteret.
1264 3656 1373 3714 Sed
1414 3659 1542 3728 quia
1586 3659 1692 3716 hoc
1718 3659 1802 3714 his
1828 3661 1920 3731 qui

339 3751 480 3808 laete
505 3751 683 3822 potius
709 3763 870 3818 quam
909 3749 1086 3805 solido
1111 3750 1234 3806 cibo
1263 3750 1534 3806 nutriendi
1563 3759 1689 3808 sunt
1716 3752 1772 3826 (I-
1797 3770 1914 3809 cor.

337 3845 416 3912 ιιι)
443 3841 806 3899 necessarium
837 3857 956 3897 esse
983 3857 1088 3897 non
1119 3841 1387 3910 duximus,
1419 3851 1479 3898 ut
1517 3843 1682 3917 (sicut
1708 3860 1916 3900 memo-

339 3945 487 3990 ratus
513 3934 714 3990 Doctor
737 3933 976 4002 gentium
998 3933 1150 4002 dicit)
1191 3934 1331 3990 inter
1351 3934 1622 4005 perfectos
1648 3936 1915 4007 loquenda

339 4027 408 4080 sit
428 4027 692 4096 sapientia
710 4045 723 4079 :
740 4027 1071 4084 hocinterim
1095 4028 1240 4098 quod
1257 4029 1420 4086 etiam
1451 4029 1688 4099 parvulis
1707 4029 1920 4087 abunde

338 4115 587 4185 sufﬁciat,
619 4117 686 4172 ad
727 4119 976 4174 notitiam
1003 4118 1240 4174 omnium
1273 4117 1620 4174 deferendum
1650 4134 1770 4174 esse
1791 4135 1918 4190 per-

338 4209 628 4280 speximus.
659 4209 716 4264 Id
745 4219 924 4266 autem
953 4217 1056 4276 est,
1091 4219 1148 4264 ut
1169 4209 1330 4264 ﬁdem
1355 4224 1532 4266 meam
1561 4225 1770 4265 annexa
1792 4211 1918 4266 sub-

341 4310 423 4356 ter
449 4300 782 4372 professione
831 4301 1082 4356 definiam
1106 4341 1122 4366 ,
1150 4301 1204 4355 in
1234 4315 1358 4371 qua,
1407 4299 1520 4356 Deo
1557 4302 1792 4372 propitio
1815 4343 1830 4366 ,
1865 4311 1918 4380 et

340 4401 498 4448 recta:
529 4407 614 4446 me
637 4393 1006 4461 apostolorum
1036 4389 1300 4446 doctrinm
1323 4399 1379 4447 et
1407 4390 1624 4446 Patrum
1655 4393 1916 4449 inhmrere

340 4483 578 4551 vestigiis
605 4482 885 4537 evidenter
931 4489 1225 4552 appareat,
1275 4490 1336 4536 ut
1362 4497 1458 4552 pcr
1483 4498 1598 4548 vos,
1623 4484 1714 4554 qui
1741 4484 1915 4539 zelum

2040 525 2258 572 centum
2287 516 2674 586 quinquaginta
2691 558 2707 584 ,
2729 513 2999 585 Ephesiae
3025 517 3198 586 primo
3247 515 3631 586 ducentorum,

2033 606 2128 662 sed
2157 614 2213 662 et
2233 605 2300 662 de
2321 605 2748 662 Chalcedonensi
2775 615 3154 661 sescentorum
3173 606 3419 674 triginta,
3446 608 3521 661 ita
3545 621 3631 661 me

2034 704 2354 768 protegente
2381 695 2560 752 divina
2590 695 2959 751 misericordia
2989 697 3247 758 sensisse,
3283 705 3340 750 et
3367 712 3541 766 usque
3559 696 3629 751 ad

2035 789 2324 844 terminum
2343 788 2467 842 vita:
2487 803 2619 842 mea:
2642 787 2842 841 sentire
2873 794 2988 841 toto
3009 787 3190 840 animo
3211 795 3267 841 et
3287 794 3402 842 tota
3428 789 3628 844 virtute

2031 879 2310 951 proﬁteor,
2328 890 2389 935 ut
2404 896 2497 936 cas
2517 881 2570 934 in
2600 888 2802 934 sanctae
2831 877 2954 933 ﬁdei
2969 877 3281 934 defensione
3307 884 3366 933 et
3396 876 3624 932 damna—

2032 971 2267 1026 tionibus
2290 971 2553 1025 hmresum
2571 978 2732 1038 atque
2753 969 3130 1023 hmreticorum
3152 1009 3168 1034 ,
3205 975 3264 1021 ut
3283 975 3411 1036 pote
3434 973 3628 1020 sancto

2033 1060 2271 1116 ﬁrmatas
2303 1059 2536 1132 Spiritu,
2587 1060 2897 1116 omnimoda
2935 1045 3224 1112 devotione
3260 1055 3569 1112 custodiam
3609 1073 3626 1111 :

2029 1166 2254 1220 quarum
2270 1152 2596 1214 firmitatem,
2627 1150 2750 1220 quia
2767 1149 3086 1203 universalis
3113 1147 3371 1202 Ecclesia:
3401 1146 3630 1204 ﬁrmitas

2031 1247 2134 1305 est,
2159 1239 2230 1294 ita
2253 1255 2338 1294 me
2365 1240 2500 1294 tueri
2529 1255 2593 1294 ac
2613 1237 2907 1294 defendere
2929 1238 3223 1308 profiteor,
3249 1237 3391 1292 sicut
3415 1251 3510 1291 eas
3537 1236 3627 1291 de-

2030 1347 2275 1386 cessores
2300 1347 2448 1386 meos
2475 1330 2779 1386 defendise
2811 1348 2915 1385 non
2945 1330 3164 1384 dubiant
3195 1339 3277 1383 est
3309 1347 3322 1382 :
3349 1329 3404 1383 in
3429 1328 3628 1398 quibus

2032 1420 2178 1474 illum
2222 1420 2307 1494 (S.
2354 1419 2480 1491 Leo)
2505 1421 2736 1474 maxime
2763 1429 2819 1474 et
2850 1419 3001 1488 sequi
3039 1427 3094 1473 et
3123 1419 3322 1474 imitari
3351 1417 3624 1480 desidero,

2030 1525 2188 1579 quem
2210 1505 2859 1580 Cbalcedouensissynodi
2881 1519 3161 1564 auctorem
3187 1507 3436 1562 novimus
3453 1508 3625 1562 exsti-

2033 1600 2178 1665 tisse;
2193 1601 2283 1669 qui
2299 1616 2396 1655 suo
2418 1613 2722 1668 congruens
2747 1597 3099 1668 nomini,ejus
3118 1613 3176 1652 se
3207 1598 3509 1654 membrum
3525 1596 3622 1664 qui

2030 1688 2096 1742 de
2113 1689 2251 1744 tribu
2263 1687 2402 1743 Juda
2423 1688 2511 1742 leo
2525 1689 2751 1752 exstitit,
2770 1689 3104 1744 vivacissima
3125 1687 3246 1743 ﬁdei
3261 1686 3626 1742 sollicitudine

2030 1778 2310 1834 evidenter
2337 1781 2592 1835 ostendit.
2633 1781 2876 1836 Similem
2921 1779 3081 1849 igitur
3121 1779 3504 1850 suprascriptis
3525 1795 3621 1851 sy-

2031 1868 2190 1926 nodis
2211 1873 2568 1926 reverentiam
2593 1888 2678 1926 me
2716 1887 2930 1942 semper
2958 1872 3324 1927 exhibiturum
3352 1887 3474 1927 esse
3495 1887 3625 1928 con-

2032 1958 2160 2025 ﬁdo,
2191 1969 2246 2015 et
2273 1962 2579 2032 quicunque
2604 1962 2671 2016 ab
2701 1962 2888 2016 iisdem
2919 1971 3153 2032 quatuor
3179 1961 3426 2016 conciliis
3451 1961 3623 2015 abso-

2030 2051 2125 2106 luti
2154 2062 2297 2115 sunt,
2355 2068 2441 2107 me
2469 2068 2590 2108 esse
2619 2053 2951 2110 ortlindoxos
2980 2051 3284 2106 habiturum
3303 2093 3322 2120 ,
3371 2067 3473 2107 nec
3517 2068 3621 2106 un-

2027 2155 2188 2209 quam
2219 2141 2273 2196 in
2303 2143 2412 2196 vita
2443 2158 2560 2195 mea
2584 2185 2599 2208 ,
2649 2142 2756 2197 Deo
2785 2159 2886 2197 nos
2913 2143 2966 2196 in
2998 2142 3248 2196 omnibus
3276 2151 3624 2212 protegente,

2029 2231 2229 2300 aliquid
2259 2231 2326 2286 de
2354 2242 2554 2286 sanctae
2585 2240 2641 2287 et
2671 2247 2808 2288 verm
2847 2232 3245 2303 praedicationis
3273 2247 3462 2287 eorum
3488 2246 3620 2286 auc-

2033 2321 2250 2376 toritate
2279 2323 2542 2376 minuere.

2096 2413 2201 2468 Sed
2231 2421 2284 2469 et
2305 2430 2558 2478 canones,
2591 2429 2726 2483 quos
2751 2414 2904 2470 sedes
2927 2414 3224 2485 apostolica
3247 2414 3508 2484 suscepit,
3534 2429 3623 2468 sc—

2027 2519 2166 2573 quor
2196 2511 2250 2557 et
2291 2519 2548 2569 veneror,
2596 2515 2651 2558 et
2681 2505 2792 2558 Deo
2836 2505 3124 2574 a-ljuvante
3147 2504 3407 2567 defendo,
3441 2519 3624 2572 neque

2027 2593 2112 2648 vel
2161 2592 2228 2648 de
2272 2592 2372 2648 hac
2427 2593 2759 2664 professione
2803 2595 3032 2648 reticere
3081 2603 3176 2647 aut
3203 2593 3480 2648 discedere
3515 2593 3620 2646 ali-

2025 2685 2240 2756 quando
2266 2687 2544 2756 promitto.
2577 2685 2848 2755 Epistolas
2870 2687 3032 2740 etiam
3061 2687 3234 2740 beata:
3275 2684 3617 2740 recordatio-

2026 2776 2110 2831 nis
2137 2792 2287 2846 papa:
2313 2775 2586 2832 leestiui
2604 2819 2619 2845 ,
2651 2775 2784 2830 Sixti
2809 2785 2863 2831 et
2889 2792 2996 2846 pne
3018 2777 3264 2830 omnibus
3294 2775 3441 2830 beati
3471 2774 3620 2830 Leo-

2028 2867 2128 2931 nis,
2153 2882 2255 2922 ncc
2283 2883 2391 2921 non
2414 2867 2575 2921 etiam
2601 2882 2971 2922 successorum
3000 2866 3135 2936 ejus,
3168 2865 3377 2930 li.larii,
3401 2865 3620 2934 Simpli-

2025 2960 2114 3025 cii,
2148 2958 2342 3014 Felicis
2367 2999 2382 3024 ,
2405 2957 2605 3012 Gelasii
2631 3001 2644 3025 ,
2678 2957 2970 3025 Anastasii,
3003 2957 3339 3030 Symmachi,
3373 2955 3620 3011 llortnis—

2025 3050 2130 3118 diu,
2171 3049 2428 3116 Joannis,
2458 3049 2683 3117 Felicis,
2710 3050 2970 3106 Bonifacii
2991 3093 3007 3118 ,
3031 3049 3258 3104 Joannis
3286 3048 3530 3114 alterius,
3563 3055 3622 3102 et

2025 3140 2272 3212 Agapeti,
2299 3156 2398 3212 pro
2428 3141 2742 3198 defensione
2767 3143 2888 3198 lidei
2916 3141 3216 3208 catholicae,
3247 3151 3304 3197 et
3330 3156 3431 3212 pro
3455 3140 3616 3195 ﬁrmi.

2023 3241 2136 3288 tate
2161 3229 2644 3304 suprascriptarum
2684 3243 2918 3305 quatuor
2936 3234 3264 3307 synodorum
3285 3276 3304 3303 ,
3332 3241 3389 3290 et
3417 3242 3620 3289 contra

2022 3322 2305 3378 hmretieos
2329 3364 2345 3390 ,
2371 3331 2482 3377 tam
2513 3323 2580 3378 ad
2602 3323 2870 3396 principes
2898 3340 3058 3396 quam
3083 3324 3152 3380 ad
3181 3326 3497 3396 episcopos,
3531 3323 3624 3380 vei

2023 3412 2297 3484 quoslibet
2325 3413 2461 3468 alios
2489 3427 2586 3485 per
2607 3411 2881 3470 Orientem
2910 3423 2964 3469 et
2984 3413 3254 3486 Illyricum
3280 3422 3446 3483 atque
3475 3413 3616 3468 Dar-

2021 3501 2235 3557 daniam
2260 3543 2276 3569 ,
2330 3501 2574 3572 aliasque
2630 3502 2938 3573 provincias
2993 3503 3222 3559 diversis
3277 3503 3626 3572 temporibus

2021 3592 2252 3654 missas,
2305 3591 2717 3658 inviolabiliter,
2769 3593 3060 3663 adjuvante
3123 3593 3342 3650 Christo
3381 3592 3620 3648 Domino

2024 3691 2210 3738 nostro
2234 3722 2250 3748 ,
2282 3699 2370 3738 me
2395 3683 2670 3738 custodire
2699 3682 2958 3755 proﬁteor
2978 3726 2993 3753 ,
3021 3693 3080 3741 et
3121 3700 3314 3742 omnes
3341 3698 3481 3754 quos
3514 3683 3625 3756 ipsi

2019 3773 2417 3829 damnaverunt
2436 3773 2639 3830 habere
2667 3773 2982 3840 damnatos;
3012 3784 3068 3830 et
3088 3790 3226 3846 quos
3262 3774 3362 3845 ipsi
3384 3788 3616 3844 recepe-

2017 3873 2167 3931 runt,
2209 3863 2478 3934 praecipue
2525 3864 2862 3920 venerabiles
2905 3865 3190 3935 episcopos
3217 3863 3624 3920 Theodorttuus

2019 3964 2074 4009 et
2101 3953 2270 4020 ibam,
2306 3967 2394 4008 me
2417 3954 2556 4008 inter
2585 3953 2918 4010 orthodoxos
2949 3955 3216 4011 venerari.

2089 4041 2215 4100 Hcce
2253 4053 2337 4101 est
2366 4045 2528 4115 igitur
2560 4044 2690 4102 ﬁdes
2719 4061 2838 4101 mea
2877 4054 2932 4100 et
2959 4060 3083 4116 spes
3125 4061 3267 4113 mea,
3291 4061 3412 4118 qua:
3442 4047 3496 4102 in
3525 4063 3616 4104 me

2018 4134 2162 4190 dono
2189 4135 2570 4190 misericordia:
2595 4135 2686 4190 Dei
2713 4145 2796 4200 est
2821 4154 2834 4189 :
2865 4152 2964 4207 pro
2991 4152 3097 4208 qua
3124 4139 3362 4195 maxime
3389 4147 3616 4210 paratos

2018 4239 2119 4280 nos
2165 4239 2285 4279 esse
2333 4224 2551 4290 debere,
2584 4225 2776 4281 beatus
2821 4223 3015 4281 Petrus
3053 4225 3120 4280 ad
3170 4227 3611 4297 respondendum

2018 4313 2165 4369 omni
2204 4316 2448 4384 poscenti
2477 4329 2576 4370 nos
2617 4314 2882 4370 rationem
2922 4313 2978 4388 (Ι
3011 4314 3158 4370 Petr.
3203 4317 3304 4387 ιιι).
3337 4315 3472 4372 Cum
3505 4317 3613 4374 hac

2018 4408 2354 4478 professione
2401 4425 2490 4464 me
2517 4410 2700 4466 vivere
2735 4419 2898 4481 cpto,
2932 4426 3052 4466 cum
3083 4411 3199 4480 ipsa
3221 4417 3348 4463 ante
3371 4408 3612 4463 tribunal

2017 4499 2211 4554 Christi
2241 4500 2492 4555 assistere
2526 4519 2538 4552 :
2572 4517 2666 4570 per
2695 4501 2833 4556 hanc
2861 4517 2891 4556 a
2933 4501 3174 4572 peccatis
3218 4499 3354 4554 meis
3399 4498 3614 4554 absolvi

341 4575 432 4628 “ei
465 4575 627 4629 θιίίιιυ
647 4589 770 4629 cum
791 4575 1013 4628 εοίθηίίδ
1045 4575 1572 4644 Ροδδίάειίειοαθῑετίδ
1594 4576 1911 4642 ίηηοῑθδοόῑι
1948 4577 1994 4636 D
2021 4607 2106 4646 me
2125 4592 2316 4658 credo,
2348 4602 2403 4648 et
2423 4596 2488 4649 a.l
2510 4595 2788 4650 dexteram
2819 4596 3003 4663 gloria:
3031 4594 3212 4650 divina
3235 4591 3616 4648 misericordia

341 4681 474 4736 quos
497 4674 758 4735 operante
785 4665 994 4722 Domini
1025 4669 1189 4722 nostri
1219 4669 1386 4736 gratia
1407 4710 1422 4735 ,
1447 4685 1553 4724 non
1583 4671 1698 4726 sine
1740 4682 1915 4727 vestra

340 4755 590 4810 mercede
635 4754 704 4809 ab
749 4755 1096 4811 irrationabih'
1124 4756 1402 4812 divisionis
1429 4773 1538 4812 sum
1569 4759 1712 4813 malo
1751 4762 1918 4815 conli-

342 4845 515 4900 dimus
540 4845 864 4902 liberandos.

411 4932 484 4987 De
525 4935 726 4990 sanctis
757 4951 882 4990 vero
926 4945 1158 5008 quatuor
1182 4944 1423 5000 conciliis
1445 4984 1459 5008 ,
1513 4947 1566 5000 id
1596 4958 1677 5004 est
1711 4950 1924 5010 Νίωέιιο

2019 4686 2430 4758 deportandum.
2474 4689 2789 4758 Quicunque
2818 4697 2996 4744 autem
3026 4686 3168 4742 aliud
3195 4684 3458 4749 senserit,
3487 4698 3613 4740 crc-

2020 4778 2216 4834 diderit
2237 4823 2253 4847 ,
2286 4781 2692 4849 prtedicaverit,
2723 4782 2864 4837 hunc
2886 4779 3307 4836 anathematiaat
3342 4786 3532 4834 sancta
3562 4787 3629 4832 et

2028 4869 2342 4926 universalis
2373 4873 2613 4929 Ecclesia
2637 4873 2753 4927 Dei.
2795 4873 2946 4937 Deus
2975 4888 3071 4928 vos
3110 4872 3412 4930 incolumes
3431 4879 3618 4927 custo-

2032 4958 2168 5029 diat,
2197 4959 2289 5018 ﬁlii
2318 4962 2668 5018 dilectissimi.
2703 4962 2892 5018 Amen.

351 5060 3618 5107 NW

1368 5167 1746 5224 ADMUNITIU
1783 5173 2014 5230 JACOBI
2054 5176 2406 5248 SIRMONDI,
2446 5180 2505 5236 S.
2547 5180 2592 5236 J.

1437 5299 1500 5338 DE
1539 5299 1730 5341 OIDINE
1768 5305 2094 5353 8!.QIJLNTIUI
2137 5309 2500 5352 εριδτοιιιιωι

1764 5407 2158 5422 ——_—

409 5471 522 5534 Quo
551 5487 686 5525 nunc
714 5471 896 5527 ordine
937 5491 968 5526 α
997 5476 1142 5530 nobis
1183 5478 1398 5550 digesta:
1423 5492 1560 5547 sunt,
1591 5484 1724 5538 hunc
1747 5487 1918 5554 ipsum

339 5563 576 5614 exhibent
605 5561 805 5616 codices
834 5565 1062 5632 antiqui,
1101 5566 1397 5625 Pithwanus
1421 5583 1470 5627 et
1502 5571 1805 5639 Lirinensis,
1831 5587 1916 5630 at-

340 5664 435 5719 que
456 5648 768 5701 Arelatensis
790 5650 918 5704 adeo
938 5653 1023 5705 ille
1051 5657 1186 5708 unde
1212 5659 1433 5726 primum
1465 5662 1738 5733 descripta:
1765 5675 1814 5720 et
1847 5669 1916 5720 nd

349 5738 624 5791 Bai-ouium
648 5739 958 5794 cardinntrm
985 5745 1169 5810 missa’,
1189 5748 1241 5799 in
1269 5748 1427 5803 lucem
1459 5754 1777 5810 vro’dierunt.
1808 5758 1914 5811 Sed

2023 5505 2220 5546 summa
2241 5495 2350 5549 viro
2369 5534 2383 5560 ,
2411 5507 2472 5549 ut
2498 5496 2730 5552 ordinem
2759 5499 3116 5568 interpolaret,
3148 5500 3268 5572 fecit
3289 5509 3538 5572 corrupta
3560 5501 3621 5555 in

2021 5584 2330 5654 antigrupho
2359 5589 2495 5658 quod
2545 5603 2816 5660 acceperat
2859 5595 2972 5665 ejus
3007 5596 3239 5664 cpistola’
3261 5595 3570 5666 subscriptio
3596 5635 3614 5660 ,

2019 5671 2104 5724 ubi
2125 5690 2262 5729 anno
2298 5675 2366 5728 15
2393 5680 2636 5749 scriptum
2667 5684 2835 5752 fuerat
2857 5699 2948 5752 pro
2977 5701 3114 5740 anno
3143 5681 3206 5739 16
3230 5685 3450 5749 Basilii;
3473 5689 3616 5756 quod

2017 5765 2256 5818 utendum
2289 5780 2508 5825 ceterum
2549 5775 2839 5830 earumdem
2871 5775 3115 5832 libror'mt
3153 5797 3247 5848 ope
3277 5782 3606 5835 sustnl'mns.

2165 5854 2221 5868 ἒ
