3952 6462
199 418 281 474 ἀοι
1662 409 1820 467 EPIS'

1927 408 2038 466 με.

579 530 914 589 EPISTOLA
940 529 1032 587 VII
1061 530 1210 603 (olim
1231 526 1393 600 VIII).

422 640 492 679 AD
518 638 798 680 SAPAUDUI
829 637 1121 679 EPISCOPUI
1149 632 1557 676 Αιιειιιηιιεειι.

199 715 528 772 Suiutatoria
563 718 868 790 priusquam
907 733 940 771 a
985 714 1240 787 Sapaudo
1281 713 1485 769 litteras
1521 713 1794 784 acciperet.

263 807 632 864 Dilectissimo
655 805 808 862 fratri
836 805 1095 878 Sapaudo
1128 805 1395 874 Pelagius.

3388 406 3497 462 4(λὲ

1821 523 1872 584 Α
1899 521 2094 578 adectu
2116 536 2275 592 quem
2307 520 2464 578 vobis
2487 519 2864 594 impendimus,
2888 528 2942 576 et
2969 535 3070 592 pro
3098 519 3176 576 rei
3203 527 3366 589 gestae
3393 535 3490 572 tm-

1896 616 2086 682 vitate,
2113 615 2261 671 salva
2287 615 2558 687 aequitate,
2591 621 2993 686 competentem
3022 611 3098 667 illi
3143 625 3306 682 quem
3354 609 3488 664 dile-

1900 709 2013 766 ctio
2052 717 2143 764 tua
2188 709 2420 774 miserit,
2449 707 2693 779 praebere
2720 705 2980 762 favorem.
3022 703 3164 760 Deus
3207 713 3258 758 te
3285 702 3494 758 incolu-

1899 813 2044 854 mem
2071 797 2359 864 custodiat,
2392 797 2556 853 frater
2580 796 2915 854 charissitne.
2935 794 3068 850 Data
3097 793 3308 849 decimo
3336 798 3493 847 sexto

265 902 399 966 Quae
428 898 717 954 nobiscum
741 897 1131 968 omnipotentis
1159 896 1257 952 Dei
1279 897 1451 968 gratia
1480 895 1641 952 fuerit
1669 910 1802 966 epe-
1900 889 2156 946 calendas
2177 889 2449 958 Octobris,
2481 903 2628 944 anno
2657 885 2728 941 l5
2769 894 2894 959 post
2943 884 3284 942 consulatum
3314 879 3498 936 Basilii

200 1001 334 1062 rata,
364 993 433 1048 ad
463 993 786 1049 charitatem
816 1001 965 1048 tuam
995 991 1266 1048 credimus
1303 991 1468 1048 fuisse
1496 991 1797 1064 perlatum;

200 1098 294 1154 pro
313 1098 422 1153 qua
444 1097 507 1138 re
527 1081 596 1138 ad
625 1098 727 1140 nos
752 1082 1016 1140 destinari
1038 1089 1390 1148 convenerat,
1416 1089 1474 1137 ut
1495 1081 1802 1137 visitatione

199 1175 472 1231 communi
500 1187 698 1243 magno
729 1174 958 1230 invicem
989 1173 1189 1244 gaudio
1219 1171 1538 1229 frueremur.
1577 1171 1686 1227 Nos
1717 1180 1790 1225 ta-

200 1281 318 1320 men
347 1263 605 1320 fraterna:
634 1279 904 1321 memores
933 1265 1230 1330 charitatis,
1263 1265 1608 1337 praesentium
1633 1265 1790 1338 porti-

201 1366 376 1412 torum
398 1357 695 1413 occasione
723 1365 959 1429 reperta,
1013 1358 1252 1414 officium
1303 1358 1554 1414 fraternae
1601 1357 1804 1414 saluta-

201 1445 363 1500 tionis
393 1444 780 1516 impendimus,
803 1455 1056 1517 optantes
1078 1456 1138 1502 ut
1161 1447 1372 1503 alterna
1399 1448 1452 1502 in
1479 1447 1676 1503 timore
1709 1447 1808 1501 Do-

203 1538 332 1593 mini
361 1537 636 1593 cbaritate
665 1538 926 1604 viventes,
959 1545 1150 1594 mutuo
1195 1536 1512 1608 frequenter
1554 1537 1805 1593 refovea-

201 1643 319 1689 tuur
360 1627 627 1700 alloquio.
658 1625 802 1686 Deus
833 1635 891 1684 te
933 1628 1259 1685 incolumem
1307 1628 1600 1698 custodiat,
1640 1625 1798 1682 frater

202 1723 543 1780 charissime.
566 1721 701 1776 Data
723 1739 776 1778 tv
806 1737 1071 1778 nonarum
1091 1721 1376 1788 Iuliarum,
1401 1737 1543 1777 anno
1569 1719 1638 1775 15
1686 1727 1809 1790 post

203 1815 547 1872 consulatum
576 1813 763 1869 Basilii
791 1812 892 1868 viri
921 1813 1205 1869 clarissimi
1257 1813 1382 1884 (An.
1414 1811 1610 1867 Christi
1657 1808 1803 1876 556).

599 1942 936 2000 EPISTULA
961 1945 1077 2000 Vlll
1105 1947 1254 2019 (olim
1293 1946 1407 2018 IX).

874 2053 942 2092 AD
972 2053 1213 2094 EUIDEI.

208 2131 444 2188 "adeste
474 2132 657 2187 laudes
687 2132 857 2216 reiicit
884 2131 1066 2216 quibus
1106 2133 1256 2216 illum
1301 2131 1584 2204 Sapaudus
1616 2135 1672 2189 in
1722 2134 1809 2189 lit-

735 2211 858 2258 teris
886 2211 994 2258 suis
1023 2211 1266 2258 ornarat.

275 2339 644 2396 Dilectissimo
665 2337 815 2394 fratri
843 2337 1100 2410 Sapaudo
1123 2337 1397 2409 Pelagius.

275 2431 660 2486 Fraternitatis
689 2439 882 2487 vestrm
908 2437 1062 2500 grata
1110 2429 1271 2486 nobis
1313 2430 1581 2500 colloquia
1633 2429 1814 2486 Felice

207 2522 326 2578 viro
349 2521 589 2578 honesto
618 2521 900 2576 deferente
928 2521 1300 2592 suscepimus;
1336 2521 1531 2590 quibus
1578 2520 1815 2577 recensi-

209 2614 298 2679 tis,
357 2609 638 2668 communi
694 2609 926 2666 Domino
976 2625 1041 2666 ac
1067 2609 1179 2666 Deo
1210 2618 1398 2666 nostro
1427 2608 1816 2666 insufﬁcientes

206 2705 414 2774 gratias
461 2704 693 2773 egimus,
721 2701 850 2772 quia
893 2701 1200 2759 dilectionis
1227 2711 1331 2758 tua:
1361 2703 1813 2770 incolumitatem,

208 2813 330 2868 quae
351 2796 513 2852 nobis
537 2803 622 2850 est
641 2793 1039 2862 desiderabilis,
1070 2809 1259 2849 eorum
1291 2791 1672 2850 testificatione
1722 2811 1816 2851 co—

207 2887 516 2956 gnovimus.
549 2884 623 2940 Ea
651 2893 830 2940 autem
853 2899 974 2955 qum
994 2885 1047 2940 in
1071 2884 1271 2940 nostris
1291 2883 1536 2940 laudibus
1565 2883 1816 2940 facundia

211 2979 324 3035 oris
350 2977 522 3032 vestri
552 2977 832 3046 disseruit,
861 2991 1172 3050 quanquam
1202 2992 1300 3032 vos
1319 2985 1707 3058 congruentem
1729 2993 1820 3034 vo-

208 3073 292 3130 bis
319 3087 441 3129 rem
463 3071 658 3128 fecisse
683 3069 1034 3127 manifestum
1067 3070 1160 3139 sit,
1191 3085 1293 3126 nos
1323 3078 1504 3126 tamen
1531 3070 1664 3125 nihil
1718 3086 1818 3128 no-

210 3175 385 3224 strum
409 3181 480 3221 ex
506 3165 758 3221 omnibus
785 3179 906 3234 quae
927 3163 1070 3220 dicta
1098 3171 1228 3220 sunt
1247 3171 1626 3232 agnoscentes,
1657 3179 1816 3219 vere-

1903 983 2005 1038 viri
2033 981 2337 1040 clarissimi.

2335 1131 2665 1188 EPISTOLA
2689 1129 2763 1186 ιιι
2791 1129 2938 1203 (olim
2967 1127 3057 1200 X).

2336 1260 2404 1299 AD
2431 1257 2842 1300 (ιιιιωιειιειιτῦιι
2871 1253 3070 1296 ιεοειι.

1905 1379 2199 1450 Anatbemu
2226 1377 2351 1450 dicit
2379 1377 2446 1450 iis
2471 1378 2558 1450 qui
2587 1377 2651 1432 de
2677 1375 2978 1450 [ideuaiiter
3006 1376 3242 1450 sentiunt
3269 1389 3423 1450 quam
3447 1373 3504 1450 in

1978 1447 2234 1519 epistolis_
2255 1447 2445 1502 Leonis
2483 1445 2541 1503 ἰι
2569 1450 2622 1502 in
2651 1445 2870 1502 concilio
2901 1445 3309 1519 Chalcedonensi
3339 1445 3504 1519 conti-

1971 1515 2146 1590 netur.
2195 1517 2462 1590 Reliquias
2508 1527 2808 1573 sanctorum
2851 1519 3007 1572 mittit
3057 1533 3150 1590 per
3197 1515 3505 1570 Hominem-

1980 1589 2172 1646 bonum
2191 1587 2574 1644 subdiaconem.

1983 1703 2214 1760 Domino
2246 1701 2356 1758 filio
2403 1702 2794 1773 gloriosissimo
2822 1712 2983 1774 atque
3010 1699 3509 1774 praecellentissimo

1912 1793 2261 1851 Childebcrto
2289 1795 2403 1866 regi
2430 1793 2680 1865 Pelagius
2705 1794 3014 1865 episcopus.

1845 1913 1889 1971 Β
1988 1885 2213 1943 Rufinus
2239 1887 2324 1943 vir
2349 1886 2687 1956 magnificus,
2717 1887 2926 1957 legatus
2947 1886 3279 1942 excellentim
3298 1893 3509 1948 vestrzr,

1917 1980 2072 2037 nobis
2099 1979 2236 2036 dixit
2279 1979 2425 2050 quod
2473 1987 2529 2034 et
2557 1979 2612 2034 in
2657 1979 2952 2050 provinciis
2975 1977 3267 2034 Galliarum
3296 1975 3509 2046 quidam

1913 2071 2118 2127 semina
2138 2068 2517 2126 scandalorum
2539 2076 2873 2142 sparserunt,
2897 2067 3129 2123 dicendo
3158 2065 3286 2137 quid
3326 2071 3510 2121 contra

1916 2163 2074 2218 fidem
2102 2161 2450 2231 catholicam,
2480 2161 2625 2234 quod
2653 2161 2914 2217 Dominus
2963 2175 3069 2215 non
3104 2158 3358 2228 paziatur,
3416 2153 3512 2207 ad-

1915 2254 2157 2308 missum.
2182 2251 2251 2306 Et
2275 2253 2522 2322 quamvis
2549 2267 2578 2306 a
2611 2251 2841 2306 transitu
2868 2249 3005 2305 diva:
3034 2247 3309 2305 memoriae
3331 2245 3510 2300 Theo-

1914 2343 2062 2398 dore:
2091 2342 2345 2411 Augustae
2367 2341 2541 2395 nullas
2562 2340 2630 2396 de
2660 2339 2766 2396 fide
2785 2342 3114 2411 quiestiunes
3145 2338 3382 2395 Ecclesia
3420 2337 3512 2390 Dei

1917 2436 1970 2490 in
1995 2434 2237 2506 partibus
2256 2431 2490 2488 Orientis
2514 2431 2626 2488 Deo
2646 2432 2940 2489 miserante
2963 2432 3234 2501 formidet,
3252 2432 3342 2487 sed
3370 2447 3513 2501 quac-

1915 2526 2040 2582 dam
2063 2524 2298 2596 capitula
2328 2533 2481 2580 extra
2511 2523 2669 2580 fidem
2694 2523 2892 2580 fuerint
2919 2526 3142 2597 agitata,
3199 2525 3266 2580 de
3321 2525 3516 2592 quibus

1919 2617 2137 2687 longum
2163 2624 2245 2672 est
2273 2623 2332 2670 ut
2355 2615 2631 2685 epistolari
2661 2615 2869 2687 possint
2891 2616 3179 2686 complecti
3211 2631 3464 2670 sermone
3498 2635 3512 2669 :

1918 2709 2026 2763 hoc
2055 2707 2312 2773 breviter,
2343 2705 2638 2762 secundum
2667 2705 3094 2761 admonitionem
3144 2704 3350 2776 praefati
3401 2721 3515 2760 ma-

1919 2798 2098 2869 gnilici
2127 2798 2225 2852 viri
2247 2796 2447 2863 Rufini,
2477 2797 2546 2854 ad
2571 2797 2870 2853 sanandum
2891 2798 3127 2854 animum
3158 2799 3514 2862 vestrunuvel

1919 2890 2159 2946 omnium
2183 2888 2408 2944 fratrum
2429 2896 2484 2944 et
2508 2887 2959 2960 coepiscoporum
2986 2894 3294 2944 nostrorum
3318 2887 3370 2942 in
3393 2884 3518 2941 Gal-

1921 2981 2006 3036 liae
2034 2980 2346 3050 regionibus
2387 2980 2821 3050 consistentium,
2865 2977 3168 3037 faciendum
3226 2995 3346 3037 esse
3393 2993 3520 3050 pro.

1920 3070 2199 3143 speximus
2215 3087 2228 3124 :
2245 3069 2488 3126 dicentes
2508 3071 2969 3128 anathematizare
2991 3085 3112 3137 nos,
3137 3079 3194 3126 et
3221 3070 3430 3126 alienos
3451 3069 3520 3124 ab

1921 3171 2139 3218 aeterna:
2167 3161 2293 3216 vita:
2321 3161 2556 3234 prazmiis
2579 3161 2843 3230 judicare,
2865 3161 3172 3232 quicunque
3197 3161 3266 3216 ab
3293 3160 3384 3214 illa
3414 3157 3520 3214 fide

211 3257 474 3315 cundiam
503 3256 678 3328 magis
707 3255 1049 3324 incurrimus,
1079 3254 1209 3310 illud
1259 3254 1556 3312 doctissimi
1598 3255 1700 3311 viri
1747 3256 1816 3312 ad
1845 3299 1891 3360 c
1921 3272 2083 3329 quam
2110 3239 2285 3312 beata:
2308 3254 2700 3312 recordationis
2725 3269 2866 3326 papa
2909 3253 3020 3310 Leo
3046 3253 3102 3310 in
3127 3253 3239 3310 suis
3278 3252 3518 3323 epistolis

214 3351 461 3407 animum
489 3349 874 3422 producentes,
899 3349 993 3420 qui
1021 3348 1196 3405 dixit:
1241 3349 1394 3406 Sicut
1417 3363 1545 3407 vera
1576 3350 1694 3408 laus
1723 3367 1816 3408 or-
1849 3345 1890 3360 “
1917 3349 2254 3423 praedicavit,
2304 3357 2361 3406 et
2414 3363 2577 3420 quam
2623 3347 3064 3404 Chalcedonense
3091 3345 3402 3410 concilium,
3433 3359 3519 3401 se-

216 3451 335 3514 nat,
383 3441 468 3498 sic
496 3440 630 3497 falsa
676 3441 922 3510 castigat.
952 3439 1178 3497 Multum
1209 3442 1353 3498 enim
1383 3442 1506 3498 vitae
1528 3451 1728 3500 nostra:
1755 3459 1821 3500 ac

217 3549 438 3592 morum
459 3535 626 3590 verba
655 3533 939 3590 charitatis
974 3541 1169 3590 vestrae
1197 3549 1481 3591 mensuras
1527 3533 1817 3594 excedunt.

217 3625 485 3698 Optamus
506 3632 690 3680 tamen
719 3632 780 3680 ut
823 3631 1138 3680 sanctorum
1191 3625 1436 3681 omnium
1474 3625 1726 3697 precibus
1766 3632 1822 3680 et

219 3718 422 3776 vestris
471 3717 811 3774 orationibus
856 3715 1023 3772 faciat
1063 3731 1166 3772 nos
1216 3716 1360 3773 Deus
1389 3717 1523 3773 tales
1564 3717 1823 3786 existere,

220 3808 416 3878 quales
441 3823 542 3863 vos
572 3822 694 3864 esse
719 3821 788 3863 ex
834 3807 980 3864 bona
1004 3807 1286 3864 voluntate
1315 3808 1584 3880 pinxistis.
1645 3809 1823 3880 Atque

221 3897 349 3955 ideo
372 3897 677 3954 salutantes
703 3897 890 3954 debito
911 3898 1198 3955 charitatis
1243 3897 1465 3965 affectu,
1519 3899 1824 3956 indicamus

221 4005 344 4054 nos,
369 3989 589 4044 inventa
614 3999 742 4045 ante
769 3989 873 4046 hoc
893 4005 1118 4061 parvum
1141 3999 1353 4063 tempus
1382 3991 1671 4048 occasione
1689 4007 1826 4062 quo-

222 4081 474 4138 rumdam
528 4081 597 4138 de
649 4081 930 4154 provincia
966 4093 1147 4140 vestra
1197 4083 1424 4140 Romam
1467 4083 1822 4152 venientium,

223 4183 383 4231 tanto
413 4175 616 4231 amoris
643 4175 811 4232 vestri
839 4175 1056 4233 fervore
1081 4176 1248 4234 fuisse
1275 4191 1588 4246 succensos,
1619 4184 1682 4232 ut
1710 4173 1827 4233 ’ἰω-

225 4269 506 4340 patienter
534 4267 799 4326 ferremus
823 4269 1132 4340 huiusmodi
1161 4271 1623 4341 opportunitatem
1664 4271 1828 4328 silen-

229 4359 306 4415 tio
335 4359 644 4430 praeterire.
670 4357 988 4416 Scribentes
1015 4373 1250 4429 namque
1279 4359 1668 4428 gloriosissimo
1688 4376 1830 4417 com-

225 4451 386 4507 muni
435 4451 551 4508 filio
597 4449 950 4508 Childeberto
1001 4452 1142 4520 regi,
1198 4451 1364 4506 etiam
1413 4451 1482 4507 ad
1509 4451 1828 4508 charitatem

227 4553 380 4600 tuam
409 4545 640 4611 litteras,
671 4544 860 4615 quales
880 4545 982 4602 sub
1029 4544 1298 4600 brevitate
1351 4544 1610 4615 temporis
1650 4545 1831 4616 potui-

227 4652 357 4693 mus
385 4634 614 4700 dictare,
650 4635 1068 4692 transmisimus.
1117 4633 1374 4702 Quaedam
1427 4641 1609 4689 autem
1647 4636 1826 4702 nobis,

226 4731 379 4786 sicut
403 4727 715 4798 scripsistis,
739 4728 963 4800 proprio
987 4743 1086 4784 ore
1124 4727 1424 4782 litterarum
1450 4734 1752 4783 vestrarum
1777 4729 1832 4784 in

225 4820 559 4893 compendio
585 4821 820 4893 portitor
838 4822 1126 4890 intimavit,
1154 4837 1274 4894 quae
1292 4837 1393 4878 nos
1412 4835 1522 4878 non
1549 4821 1832 4880 mediocri-

227 4920 318 4968 ter
347 4919 758 4983 permoverunt,
808 4910 1144 4970 admirantes
1186 4911 1441 4968 nimirum
1487 4926 1594 4984 qua
1623 4913 1837 4968 ratione

141 5031 148 5034 -
229 5011 349 5059 tam
393 5019 536 5059 nova
562 5018 654 5060 res
699 5002 864 5060 fuerit
891 5013 1179 5077 usurpata;
1226 5015 1284 5062 et
1307 5020 1535 5062 necesse
1575 5005 1838 5062 habemus

231 5096 458 5153 solliciti
477 5112 620 5164 esse,
644 5105 704 5154 ut
724 5097 770 5154 si
797 5098 922 5168 quis
947 5099 1174 5165 venerit,
1206 5114 1316 5156 non
1341 5098 1498 5155 facile
1526 5098 1700 5165 nobis,
1729 5105 1840 5153 tan-

231 5202 404 5258 quam
433 5188 654 5259 ignaris,
683 5189 966 5261 subripere
1007 5191 1207 5263 aliquid
1235 5191 1501 5248 videatur.
1535 5191 1722 5248 Melius
1749 5199 1834 5246 ta-

231 5293 364 5334 men
405 5277 718 5336 fraternitas
767 5288 861 5337 tua
887 5279 1069 5349 faciet,
1100 5281 1148 5339 si
1193 5295 1530 5353 cognoscens
1550 5283 1671 5340 illos
1697 5300 1836 5354 quos

233 5370 591 5442 suspicamini
621 5371 690 5427 ad
715 5386 821 5428 nos
848 5385 974 5428 esse
999 5379 1278 5439 venturos,
1307 5373 1470 5428 etiam
1516 5389 1617 5430 vos
1644 5389 1835 5444 perso-

231 5477 366 5521 nam
394 5464 715 5520 instructam
744 5480 816 5523 ex
840 5465 989 5522 omni
1016 5473 1172 5538 parte
1189 5465 1450 5536 dirigatis,
1473 5482 1593 5537 quae
1613 5468 1692 5523 eis
1712 5482 1839 5538 pos-

232 5559 311 5614 sit
337 5557 608 5616 obsistere
633 5576 646 5612 :
677 5559 804 5630 quia
825 5574 948 5616 cum
977 5559 1207 5631 epistola
1225 5568 1405 5615 vestra
1431 5560 1561 5615 nihil
1584 5559 1652 5614 de
1673 5575 1837 5616 causa

234 5648 540 5716 contineat,
571 5649 619 5706 si
647 5649 736 5707 hic
761 5651 854 5720 qui
881 5650 1041 5708 nobis
1069 5650 1232 5708 modo
1255 5665 1323 5707 ex
1350 5651 1630 5707 voluntate
1657 5659 1838 5708 vestra

229 5740 409 5798 verbo
435 5741 722 5811 suggesdt,
755 5749 883 5800 tunc
911 5742 1054 5814 apud
1081 5757 1182 5800 nos
1209 5751 1443 5815 nequeat
1470 5741 1720 5808 inveniri,
1759 5743 1839 5797 vi-

243 5830 493 5888 lcbinzur
516 5849 618 5892 nos
639 5835 974 5891 accusatoris
993 5833 1228 5892 officium
1257 5835 1580 5905 suscepisse.
1611 5833 1764 5903 Quod
1792 5836 1838 5890 si

263 5953 272 5976 -.
307 5938 398 5982 tua
420 5925 684 5984 charitatc
709 5941 945 5999 persona
971 5927 1240 5998 dirigitur,
1266 5937 1509 5986 nostrum
1539 5937 1638 5996 est,
1669 5937 1718 5984 et
1739 5945 1839 5998 pro

1921 3454 2094 3512 quens
2123 3438 2372 3496 eumdem
2402 3437 2714 3508 praesulem,
2743 3437 2887 3494 edita
2904 3436 3217 3494 definitione
3259 3433 3518 3505 suscepit,

1895 3533 1977 3590 .in
2009 3549 2118 3590 una
2147 3533 2502 3605 syllaba,'aut
2529 3532 2583 3589 in
2613 3549 2725 3590 uno
2751 3533 2940 3601 verbo,
2967 3533 3054 3588 vel
3079 3533 3132 3588 in
3161 3547 3344 3598 sensu,
3375 3545 3519 3586 erra-

1921 3625 2002 3682 vit
2045 3624 2356 3696 aliquando,
2413 3633 2508 3681 aut
2552 3623 2841 3681 declinavit
2894 3625 2980 3681 vel
3035 3624 3385 3681 declinaverit
3423 3623 3521 3678 ali-

1921 3717 2160 3790 quando.
2182 3717 2388 3786 Quibus
2415 3731 2476 3776 se
2497 3717 2571 3772 ita
2597 3717 2940 3783 habentibus,
2972 3733 3081 3772 non
3103 3714 3343 3772 attendat
3362 3713 3521 3772 celsi-

1923 3809 2054 3867 tudo
2065 3816 2264 3877 vestra,
2289 3823 2391 3864 nec
2409 3790 2603 3865 fratres
2624 3807 2794 3864 nostri
2815 3808 3076 3879 episcopi,
3099 3807 3310 3864 fabulas
3332 3821 3520 3862 eorum

1924 3905 2203 3963 hominum
2232 3905 2326 3976 qui
2350 3903 2619 3962 scandalis
2669 3904 3051 3961 delectantur:
3100 3903 3358 3973 quoniam
3407 3899 3524 3956 haec

1927 3998 2043 4070 ipsa
2073 3995 2147 4052 ita
2175 3997 2544 4067 contigerunt,
2566 4003 2628 4052 ut
2653 4011 2778 4053 cum
2816 4003 2975 4068 pater
3003 4002 3182 4051 vester
3209 3993 3524 4050 clementis-

1926 4090 2096 4147 simus
2122 4089 2420 4162 imperator
2444 4103 2636 4146 omnes
2663 4089 2916 4156 haereses,
2965 4103 3088 4160 quae
3139 4086 3524 4142 Constantino-

1927 4181 2039 4252 poli
2067 4181 2353 4253 episcopos
2376 4197 2505 4238 suos
2532 4188 2589 4237 et
2615 4179 2896 4246 ecclesias,
2945 4194 3068 4236 cum
3097 4177 3305 4248 magnis
3333 4177 3522 4232 rediti-

1929 4271 2032 4328 bus
2060 4279 2116 4327 et
2145 4286 2394 4328 vasorum
2414 4271 2750 4339 diversitate,
2791 4284 2962 4341 usque
2986 4269 3053 4325 ad
3076 4277 3322 4339 tempora
3349 4267 3526 4339 impe-

1929 4362 1996 4418 rii
2025 4361 2144 4433 ejus
2167 4362 2494 4430 habuerunt,
2521 4362 2800 4428 everterit,
2832 4369 2888 4418 et
2913 4360 3138 4418 sublatis
3165 4358 3404 4415 basilicis
3441 4371 3526 4414 eo-

1931 4469 2051 4508 rum
2076 4462 2239 4524 atque
2266 4453 2550 4523 reditibus,
2572 4453 2930 4524 omnibusque
2974 4451 3092 4508 aliis
3122 4451 3303 4518 rebus,
3331 4449 3526 4508 catho-

1931 4545 2049 4608 licis
2073 4544 2376 4602 tradiderit.
2408 4544 2473 4602 lli
2502 4559 2632 4614 ergo
2661 4545 2753 4616 qui
2782 4543 2835 4600 in
2863 4544 2996 4616 ipsis
3024 4543 3299 4600 erroribus
3322 4556 3528 4597 reman-

1931 4643 2142 4706 serunt,
2155 4637 2462 4706 conglobati
2483 4645 2609 4693 sunt
2633 4639 2688 4693 in
2709 4653 2894 4703 unum,
2907 4645 2966 4692 et
2978 4645 3145 4708 agunt
3160 4635 3526 4700 vehementer,

1934 4730 2169 4801 qualiter
2196 4729 2494 4786 Ecclesiam
2523 4731 2848 4786 catholicam
2877 4730 3127 4786 scindant
3180 4737 3344 4802 atque
3397 4744 3529 4800 per-

1935 4823 2176 4878 turbent.
2207 4821 2340 4876 Nam
2366 4830 2421 4878 et
2445 4821 2552 4878 huc
2579 4821 2634 4877 in
2661 4821 2893 4890 Italiam,
2923 4822 3160 4892 quandiu
3187 4837 3288 4878 nos
3315 4821 3370 4876 in
3395 4820 3530 4878 Con-

1935 4911 2285 4983 stantinopoli
2310 4910 2524 4978 fuimus,
2549 4911 2618 4968 de
2639 4913 2859 4969 nomine
2888 4899 3084 4970 nostro.
3105 4914 3324 4969 chartas
3345 4913 3532 4968 mitte-

1937 5005 2088 5072 bant,
2111 5004 2340 5061 dicendo
2367 5005 2520 5074 quasi
2549 5021 2649 5062 nos
2673 5005 2967 5062 dixerimus
2995 5005 3154 5062 fidem
3209 5007 3530 5063 catholicam

1936 5096 2103 5152 fuisse
2137 5105 2471 5168 corruptam.
2519 5095 2673 5153 Nunc
2697 5113 2830 5154 vero
2859 5099 3022 5154 etiam
3053 5106 3242 5155 contra
3267 5113 3368 5154 nos
3397 5095 3524 5152 alle-

1939 5197 2068 5245 runt
2087 5189 2192 5246 huc
2220 5189 2436 5246 chartas
2461 5190 2638 5246 tacitis
2666 5190 2992 5254 nominibus,
3026 5199 3087 5245 ut
3115 5191 3386 5246 nesciatur
3411 5188 3532 5258 quis

1942 5298 2040 5338 eas
2063 5282 2228 5338 misit.
2259 5281 2374 5338 Sed
2397 5281 2479 5337 sic
2503 5281 2710 5338 faciunt
2732 5281 3023 5338 Christiani
3061 5281 3152 5350 qui
3183 5281 3236 5335 in
3267 5277 3530 5335 Constano

1943 5375 2170 5446 tinopoli
2199 5382 2344 5441 sunt,
2373 5373 2498 5430 dum
2523 5389 2620 5430 eos
2647 5381 2860 5430 constet
2887 5389 2996 5428 non
3026 5387 3146 5429 esse
3173 5371 3528 5429 Christianos.

1943 5464 2176 5520 Maxime
2207 5473 2385 5520 tamen
2413 5463 2750 5522 Nestorianas
2776 5463 2997 5519 bteresis
3025 5461 3296 5528 homines,
3337 5477 3436 5532 pro
3465 5476 3533 5517 eo

1937 5559 2082 5629 quod
2102 5557 2382 5615 Nestorius
2401 5558 2534 5614 duas
2555 5565 2776 5613 naturas
2799 5557 2853 5612 in
2880 5553 3096 5612 Christo
3115 5561 3394 5624 separatas
3415 5553 3532 5622 qui-

1939 5651 2062 5709 dem
2093 5661 2148 5707 et
2175 5650 2374 5708 divisas
2402 5650 2720 5720 astruxerit,
2745 5649 3114 5706 fraudulenter
3137 5647 3434 5704 moliuntur
3463 5647 3531 5701 d2-

1939 5761 2064 5802 cere
2089 5761 2194 5802 non
2226 5745 2388 5816 longe
2415 5745 2484 5802 ab
2515 5745 2796 5801 intellectu
2816 5759 2936 5801 esse
2965 5741 3421 5799 Chalcedonensis
3441 5758 3534 5812 sy-

1943 5836 2071 5893 nodi
2101 5845 2158 5894 et
2176 5853 2330 5910 papa:
2371 5836 2590 5903 Leonis,
2621 5838 2751 5892 dum
2779 5836 3108 5904 Nestorium,
3137 5850 3238 5906 pro
3277 5849 3346 5892 eo
3391 5835 3534 5906 quod

1938 5929 2138 5988 divisas
2179 5931 2314 5988 duas
2361 5939 2582 5989 naturas
2633 5938 2921 5999 assereret,
2964 5929 3080 6001 ipso
3110 5927 3360 6000 dogmate
3389 5927 3533 5982 beati
