3952 6420
389 422 490 479 603

1724 422 1996 480 ΡΕιΑυιι
2036 423 2234 478 PAPrE

3548 425 3657 479 ιοι

389 557 538 609 papa:
572 541 764 598 Leonis
792 549 1004 598 constat
1023 555 1142 595 esse
1179 540 1512 595 damnatum.
1563 539 1688 596 Hinc
1737 539 1974 594 breviter
1999 542 2046 598 Α
2076 541 2418 611 contigerunt,
2449 540 2607 611 sicuti
2637 548 2690 594 et
2721 542 3074 610 posteriorem
3097 539 3164 595 ab
3191 540 3274 596 bis
3298 541 3474 594 verbis
3505 557 3519 592 :
3555 539 3661 596 Re-

389 631 706 688 insiuuanda
754 647 874 688 esse
927 631 1262 687 excellentia:
1304 640 1497 686 vestra:
1549 629 1871 694 curavimus,
1913 638 1971 684 ut

391 725 480 780 ille
505 725 666 781 ardor
693 725 816 781 ﬁdei
843 733 1058 790 vestrae,
1081 735 1136 782 et
1157 725 1380 780 unitatis
1410 741 1585 791 amor,
1608 741 1716 780 non
1746 725 1972 793 alicujus

391 815 626 885 perversi
655 815 887 871 hominis
916 814 1142 881 fabulas,
1166 825 1259 871 aut
1279 817 1497 872 chartas
1524 815 1823 887 superﬂuas
1849 831 1972 886 per-

391 905 787 961 mittatattendi
819 925 832 961 :
856 907 982 977 quia
1005 915 1061 960 et
1090 907 1177 962 hic
1199 908 1473 978 simplices
1501 908 1711 976 aliquos
1757 908 1971 977 episco-

391 1013 508 1066 pos,
540 1005 594 1052 et
620 999 923 1054 nescientes
952 997 1124 1068 prima
1157 998 1421 1054 elementa
1453 999 1596 1064 ﬁdei,
1645 997 1972 1052 sollicitave-

391 1101 534 1157 runt,
566 1101 626 1148 ut
651 1107 755 1148 nec
779 1093 1046 1149 rationem
1090 1095 1258 1164 ipsam
1291 1095 1607 1164 intelligant,
1640 1109 1740 1150 nec
1767 1093 1970 1150 discer-

395 1190 526 1238 nant
551 1191 810 1252 quantum
840 1183 910 1237 sit
931 1184 1129 1238 bonum
1153 1199 1184 1238 a
1206 1182 1310 1239 ﬁde
1338 1185 1605 1241 catholica
1629 1199 1736 1238 non
1765 1199 1971 1248 errare;

396 1276 495 1330 sed
523 1275 568 1330 si
593 1289 697 1344 qua
725 1283 852 1329 sunt
875 1275 979 1329 alia
1007 1275 1199 1344 quibus
1221 1276 1422 1331 crimen
1453 1277 1522 1331 ab
1548 1276 1812 1330 bwreticis
1835 1276 1974 1344 pati-

394 1373 483 1420 tur
508 1373 692 1421 sancta
720 1363 959 1420 Ecclesia
982 1365 1236 1421 refutare.
1272 1367 1402 1433 Quis
1443 1368 1587 1422 enim
1639 1367 1876 1437 patiatur
1922 1375 1979 1420 ut

393 1455 626 1512 Nestorii
677 1456 764 1511 vel
811 1465 1142 1513 sectatorum
1193 1457 1313 1528 ejus
1353 1459 1734 1529 blaspliemias,
1788 1474 1886 1528 pro
1911 1473 1978 1512 eo

395 1547 539 1618 quod
563 1549 698 1605 duas
725 1557 943 1604 naturas
974 1550 1027 1604 in
1054 1547 1272 1605 Christo
1300 1559 1599 1620 separatas,
1649 1549 1702 1604 id
1726 1559 1811 1604 est
1839 1548 1981 1604 divi-

394 1655 484 1696 sas
504 1655 624 1697 esse
653 1641 967 1707 astruxerit,
995 1640 1277 1696 catholica:
1304 1642 1428 1697 ﬁdei
1455 1643 1728 1698 existimet
1748 1657 1978 1697 concor-

396 1731 564 1786 dare?
593 1727 663 1785 Ut
689 1741 872 1786 autem
893 1746 994 1785 nos
1013 1731 1105 1786 diu
1115 1731 1488 1787 tribulationes
1512 1731 1983 1801 Constantinopoli

397 1830 724 1892 pateremur,
755 1821 843 1875 illa
863 1836 950 1876 res
979 1822 1106 1877 fecit
1132 1837 1294 1890 quam
1321 1822 1558 1878 breviter
1584 1823 1832 1892 superius
1853 1823 1980 1878 teti-

399 1911 573 1982 gimus
597 1929 610 1964 :
639 1912 892 1980 quoniam
918 1912 1132 1968 vivente
1160 1912 1414 1982 Augusta,
1438 1912 1698 1982 quidquid
1728 1913 1782 1968 in
1809 1913 1984 1968 eccle-

397 2003 631 2060 siasticis
647 2003 822 2059 causis
847 2003 1185 2066 movebatur,
1209 2013 1518 2074 suspectum
1540 2002 1982 2058 habuimus.Nam

399 2103 552 2164 pater
583 2102 761 2149 vester
787 2093 1232 2150 clementissimus
1254 2095 1570 2164 imperator,
1592 2104 1647 2149 et
1670 2095 1813 2150 beati
1829 2111 1980 2166 papae

401 2181 594 2266 Leonis
619 2183 838 2252 dogma,
865 2191 920 2238 et
941 2181 1394 2238 Chalcedonensis
1422 2183 1613 2254 synodi
1646 2182 1804 2238 ﬁdem
1834 2183 1983 2238 nuilo

398 2273 558 2330 modo
585 2289 818 2344 unquam
850 2274 1052 2344 patitur
1103 2274 1312 2330 violari.
1365 2273 1640 2342 Reliquias
1687 2290 1816 2330 vero
1871 2283 1984 2330 tam

399 2364 679 2420 beatorum
704 2363 1072 2434 apostolorum
1117 2378 1279 2432 quam
1307 2373 1617 2423 sanctorum
1665 2373 1981 2436 martyrum,

395 2453 505 2523 iam
534 2453 751 2526 quidem
781 2469 878 2523 per
896 2468 1084 2509 servos
1115 2453 1208 2508 Dei
1237 2453 1551 2508 monasterii
1578 2451 1871 2508 Lirinensis
1899 2454 1984 2508 di-

398 2542 654 2598 reximus.
682 2541 790 2598 Sed
817 2550 873 2598 et
901 2558 1045 2598 nunc
1065 2557 1200 2612 quas
1226 2542 1388 2610 legati
1414 2543 1576 2598 vestri
1600 2551 1981 2612 poposcerunt,

398 2647 500 2687 nos
527 2631 738 2688 misisse
777 2631 1074 2700 signamus,
1123 2631 1444 2701 deputantes
1497 2631 1983 2688 Hominembonum

401 2721 792 2778 subdiaconum
819 2737 888 2776 ex
915 2721 1063 2777 clero
1089 2719 1342 2777 Ecclesia:
1369 2731 1590 2788 nostrai,
1619 2739 1650 2776 a
1679 2738 1788 2792 quo
1819 2739 1987 2792 usque

399 2812 468 2867 ad
514 2811 734 2866 fratrem
787 2820 845 2866 et
890 2813 1268 2883 coepiscopum
1298 2823 1542 2868 nostrum
1570 2813 1988 2885 Sapaudumju-

401 2903 565 2958 bente
610 2900 842 2956 Domino
875 2901 1207 2959 deferantur.
1257 2903 1390 2959 Data
1410 2921 1466 2960 ιιι
1497 2904 1616 2960 idus
1639 2904 1981 2972 Decembres,

400 3006 544 3046 anno
569 2989 640 3044 15
664 2993 1141 3062 postconsulatum
1161 2991 1341 3049 Basilii
1391 2995 1491 3050 viri
1540 2996 1841 3062 clarissimi,
1892 3013 1989 3069 per

409 3080 658 3139 Ruﬁnum
685 3083 916 3152 legatum
941 3083 1111 3154 (Anno
1126 3082 1316 3140 Clu-isti
1339 3083 1484 3152 556).

1030 3221 1369 3295 Subscriptio.

476 3328 723 3400 Pelagius
743 3333 1111 3388 misericordia
1142 3333 1235 3387 Dei
1265 3333 1551 3403 episcopus
1599 3333 1847 3391 Ecclesia:
1894 3353 1985 3392 ca-

406 3421 617 3478 tholica:
646 3423 791 3478 urbis
820 3422 1024 3490 Rom-.e,
1048 3423 1343 3494 exemplari
1369 3425 1610 3496 epistola:
1639 3435 1838 3484 nostra:
1857 3429 1981 3486 sub~

401 3525 608 3581 scripsi.

796 3643 1124 3683 OBLERVA'HO
1152 3645 1200 3683 Ρ.
1233 3645 1446 3684 ΛΝΤΟΝΙΙ
1475 3645 1590 3686 PAGI

683 3717 754 3769 ad
799 3731 992 3769 annum
1039 3714 1231 3770 Christi
1271 3715 1398 3784 556,
1439 3733 1494 3772 η.
1543 3716 1595 3782 7,
1642 3715 1696 3772 8.

473 3825 712 3952 Egistola
730 3825 932 3909 Pelagii
957 3825 1444 3908 adChildebertum
1473 3843 1656 3911 regem
1685 3845 1741 3884 ιιι
1772 3830 1842 3884 id.
1879 3829 1986 3885 De-

473 3913 519 3950 m
562 3935 576 3950 .
620 3912 743 3951 anni
784 3894 888 3949 556
931 3905 1154 3952 scripta.
1205 3914 1272 3952 ex
1317 3897 1525 3952 duabus
1559 3901 1709 3952 alus.
1758 3915 1986 3952 nuarum

402 3894 576 3970 eemh.
620 3897 761 3970 anni
784 3894 907 3970 §5_G_
931 3898 1154 3968 scripta,
1197 3914 1272 3970 ex
1317 3894 1709 3970 duabus'aliis,
1758 3915 1986 3970 quarmu

403 3967 569 4022 altera
610 3967 676 4022 ad
705 3965 1126 4022 Childebertum.
1159 3968 1329 4022 altera
1355 3968 1422 4022 ad
1449 3965 1810 4024 Justinianum
1831 3984 1863 4023 a
1889 3970 1988 4024 Vi-

402 4037 530 4109 gilio
561 4037 688 4092 data
723 4035 1329 4109 fuerat_,_consarcinata
1352 4047 1455 4094 est.
1481 4037 1855 4109 Hzeeduarum
1875 4041 1990 4109 epi-

402 4107 686 4173 stolarum,
709 4105 1192 4162 adChildebertum
1207 4108 1411 4164 scilicet
1439 4116 1497 4162 et
1524 4105 1985 4171 adJustinianuiu,

404 4176 823 4248 consarcinatio,
847 4177 1050 4248 nemini
1069 4178 1182 4248 huc
1213 4193 1382 4246 usque
1409 4177 1714 4248 observata,
1747 4193 1866 4248 quae
1908 4188 1992 4233 ta-

403 4263 525 4302 men
555 4262 663 4302 non
687 4245 898 4301 videtur
919 4247 971 4300 in
993 4246 1212 4302 dubium
1241 4245 1563 4302 revocanda.
1591 4247 1736 4304 Finis
1763 4245 1905 4304 enim
1936 4259 1992 4304 et

299 4359 312 4372 .
402 4318 626 4389 initium
642 4315 884 4387 epistolae
907 4331 1028 4383 quae
1055 4315 1567 4389 ad_Childebertum
1574 4333 1756 4388 regem
1789 4319 1989 4389 scripta

401 4383 747 4457 suppOnittir,
771 4392 987 4457 spectat
1013 4385 1081 4439 ad
1107 4383 1313 4457 Callias
1341 4395 1396 4440 et
1421 4387 1486 4440 ad
1527 4383 1860 4443 Francorum
1901 4383 1992 4444 re-

402 4453 548 4522 geni,
569 4457 686 4524 qui,
706 4453 956 4527 ut_lique_t
975 4470 1044 4510 ex
1071 4455 1175 4510 alia
1206 4453 1406 4524 Pelagii
1429 4457 1677 4526 epistola,
1713 4457 1990 4527 Ruﬁnum,

410 4523 634 4598 Romam
649 4525 730 4598 _ad
759 4523 1044 4598 Pelagium
1059 4541 1254 4598 papam
1283 4523 1507 4598 miserat
1538 4545 1551 4581 :
1581 4529 1672 4597 qui
1699 4523 1993 4598 posmlavit

523 4595 728 4668 ontifex
769 4595 854 4668 vel
889 4594 1236 4668 Childeberto
1256 4595 1584 4664 signiﬁcaret
1600 4594 1665 4653 se
1686 4594 1783 4668 per
1810 4601 1990 4654 omnia

409 4606 464 4650 ut
487 4606 728 4720 locutae:
769 4606 854 4650 vel
893 4606 1236 4650 conuenerlo
1256 4606 1584 4664 signiﬁcaret
1606 4613 1665 4653 se
1686 4615 1783 4668 per
1810 4606 1990 4654 omnia

409 4665 470 4740 Β.
515 4737 526 4740 _
572 4666 692 4720 onis
717 4665 932 4740 scriptis
960 4667 1234 4740 assentiri,
1261 4668 1345 4740 vel
1386 4669 1617 4740 propriis
1645 4670 1824 4740 verbis
1851 4684 1986 4723 con—
2017 4683 2068 4740 D

408 4737 693 4806 fessionem
721 4734 845 4806 sumi
860 4734 981 4789 ﬁdei
1011 4735 1077 4806 ad
1098 4737 1366 4806 eumdem
1390 4734 1706 4794 destinaret.
1737 4738 1794 4792 Id
1829 4756 1984 4806 κ(ξοη-

407 4815 517 4878 stat
537 4820 602 4860 ex
629 4805 734 4859 alia
753 4804 959 4878 Pelagii
989 4804 1484 4878 adChildebertum
1512 4822 1694 4872 regem
1725 4804 1978 4878 epistola,

408 4877 462 4948 in
485 4891 588 4946 qua
617 4873 854 4948 pontifex
883 4876 958 4948 ait
984 4893 997 4928 :
1039 4873 1262 4930 Veniens
1294 4875 1515 4948 Ruﬁnus
1543 4879 1621 4932 vir
1649 4873 1982 4948 magniﬁcus,

404 4945 604 5014 legatus
641 4945 960 5018 excellentia:
983 4955 1182 5008 uestrae,
1212 4945 1534 5018 conﬁdenter
1561 4965 1595 5001 α
1617 4945 1784 5012 nobis,
1816 4945 1872 5002 ut
1893 4949 1984 5000 de-

403 5019 528 5079 cuit,
560 5015 835 5088 ppstulavit
857 5026 1104 5088 quatenus
1129 5017 1278 5088 vobis
1307 5015 1396 5070 aut
1422 5017 1586 5072 beata:
1611 5019 1984 5072 recordationis

405 5084 762 5159 popularem}
789 5084 979 5140 tomum
997 5101 1029 5138 a
1050 5085 1196 5140 nobis
1217 5089 1500 5159 peremnia
1521 5089 1810 5142 conservari
1831 5089 1988 5159 signi-

403 5149 564 5228 ﬁcare
589 5149 962 5228 debuissenuts,
1006 5149 1345 5228 aut__propriis
1365 5156 1532 5228 verbis
1563 5167 1754 5212 nostra:
1781 5149 1986 5228 conTc-s-

401 5227 600 5280 sionsm
625 5225 750 5296 ﬁdei
771 5225 1050 5281 destinare.
1081 5225 1396 5294 lluju'smodi
1418 5229 1700 5296 petitionis
1714 5228 1848 5296 ratio
1872 5225 1984 5282 haec

405 5296 504 5349 fuit
529 5295 909 5366 quodsemina
939 5296 1312 5351 scandalorum
1353 5295 1741 5366 in’provinciis
1779 5295 1983 5352 Gallia-

405 5381 521 5418 rutn
548 5381 580 5418 a
607 5365 928 5436 quibusdam
975 5367 1384 5434 spargebantur,
1435 5365 1590 5436 quasi
1631 5367 1754 5436 quid
1794 5377 1982 5421 contra

403 5437 561 5488 tidem
590 5435 912 5508 catholicam
937 5437 989 5508 in
1011 5436 1198 5508 quinta
1213 5436 1427 5508 synodo
1451 5435 1982 5508 generali‘peractmu

401 5513 566 5558 esset.
601 5504 779 5570 Quare
802 5502 1263 5572 Pelagiuslitteris'
1277 5505 1381 5561 hoc
1403 5502 1546 5562 anno
1575 5507 1643 5562 ad
1671 5502 1988 5561 C'liildcber—

405 5585 532 5646 ιιιιιι⁸
547 5575 708 5646 tertio
741 5574 858 5629 idus
887 5574 1210 5631 Decembres
1239 5577 1446 5643 missis,
1487 5577 1632 5630 illam
1667 5577 1985 5646 petitionem

407 5643 668 5715 implevit,
702 5653 759 5698 et
784 5646 1068 5699 anathema
1097 5646 1233 5700 dixit
1261 5647 1323 5699 iis
1345 5647 1436 5715 qui
1463 5646 1528 5701 de
1554 5646 1656 5700 ﬁde
1671 5643 1836 5701 aliter
1857 5662 1985 5699 seu-

405 5713 614 5784 tiebant
627 5728 800 5784 quam
826 5715 878 5769 in
907 5715 1149 5784 epistolis
1170 5716 1343 5780 sancti
1363 5713 1568 5770 Leonis
1597 5724 1654 5769 et
1679 5717 1730 5769 in
1754 5716 1987 5770 concilio

405 5782 831 5854 Clialeet'onensi
851 5782 1250 5840 continebatur.
1282 5786 1488 5839 Artifex
1526 5786 1764 5854 epistola:
1794 5785 1860 5838 de
1880 5799 1986 5852 qua

408 5853 586 5922 agitur
610 5850 783 5922 refert
814 5855 1046 5920 priorem
1082 5855 1197 5919 ejus
1227 5864 1433 5922 partem
1463 5854 1528 5907 ad
1559 5850 1982 5913 Cbildebertum,

408 5922 475 5974 ab
505 5920 659 5974 initio
687 5936 851 5986 usque
887 5922 952 5976 ad
979 5925 1093 5980 limi:
1118 5920 1279 5978 verba
1315 5943 1324 5977 :
1360 5923 1619 5984 Quoniam
1646 5923 1755 5979 liam
1785 5925 1820 5992 i;
1843 5926 1986 5976 scita

2012 3295 2060 3357 C

2077 609 2265 675 liquias
2295 627 2410 664 vero
2441 620 2542 664 tam
2564 609 2829 665 beatorum
2859 612 3208 680 apostolorum
3241 627 3394 667 auum
3441 626 3656 666 sanem-

2076 697 2191 762 ζιᾳῃ
2219 689 2525 762 martyrum,
2546 682 2658 762 jam
2685 680 2892 762 quidem
2909 697 3000 750 per
3021 697 3192 736 servos
3218 681 3332 762 per“
3357 690 3632 739 mortuum

2076 749 2364 804 Lirinensis
2387 749 2769 813 direximus,et
2796 749 2993 804 extera
3024 766 3196 813 usque
3217 752 3270 804 in
3303 749 3487 805 linem.

2147 820 2371 887 Reliqua
2422 820 2602 873 omnia
2658 820 2712 874 in
2741 821 2968 890 epistola
2999 821 3066 874 ad
3096 820 3498 875 Childebertum
3529 836 3662 877 con—

2079 899 2224 960 tenta
2255 890 2548 960 desumpsit
2571 891 2978 960 consarcinator
3006 907 3070 943 ex
3102 891 3384 960 aliquibus
3403 890 3601 960 litteris
3627 905 3662 946 a

2078 959 2271 1026 Vigilio
2317 957 2462 1029 papa
2509 961 2571 1012 al
2600 959 2956 1014 Justiuiauum
3005 961 3136 1029 imp.
3174 957 3332 1016 datis.
3368 957 3502 1029 Nam
3545 962 3663 1016 huic

2077 1031 2242 1084 verba
2273 1028 2418 1083 verbi
2449 1031 2618 1097 gratia
2647 1029 2856 1083 nonnisi
2886 1029 2950 1100 ad
2986 1028 3366 1100 imperatorem
3395 1028 3664 1084 Constan-

2079 1100 2490 1168 tinopolitanum
2520 1100 2714 1168 scripta
2737 1109 2862 1153 sunt
2885 1118 2898 1152 :
2929 1099 3191 1170 ch’ipso
3216 1103 3292 1154 ita
3313 1102 3662 1172 contigerunt,

2077 1179 2134 1241 ut
2165 1186 2279 1224 cum
2307 1179 2455 1239 pater
2480 1180 2641 1241 rester
2679 1172 3104 1224 clementissimus
3157 1173 3441 1241 imperator
3487 1188 3668 1226 omnes

2079 1240 2299 1294 hazreses
2325 1256 2439 1310 qua:
2467 1240 2912 1308 Constantinopoli
2943 1243 3207 1310 episcopos
3233 1240 3368 1296 suos
3412 1251 3462 1295 et
3498 1241 3666 1295 eccle-

2078 1312 2206 1370 sias,
2231 1326 2342 1363 rum
2372 1312 2574 1378 magnis
2600 1311 2747 1362 reddi
2759 1311 2888 1363 tibus
2914 1322 2963 1364 et
2987 1328 3230 1366 vasorum
3257 1313 3553 1366 diversitate
3576 1327 3667 1362 us-

2079 1397 2176 1450 que
2191 1379 2262 1450 ad
2281 1391 2509 1448 tempora
2525 1381 2728 1447 imperii
2745 1390 2854 1448 ejus
2877 1382 3182 1444 habuerunt,
3201 1383 3436 1434 everterit
3454 1391 3526 1448 et,
3548 1379 3670 1434 sub-

2080 1448 2199 1521 latis
2229 1448 2456 1504 basiliris
2482 1467 2658 1504 eorum
2683 1462 2834 1519 atque
2859 1451 3160 1513 redditibus,
3193 1452 3528 1521 omnibusque
3549 1452 3669 1504 aliis

2080 1519 2229 1574 rebus
2243 1521 2525 1583 catholicis,
2547 1521 2840 1574 tradiderit.
2859 1521 3074 1576 Certum
3094 1531 3176 1575 est
3198 1532 3377 1575 autem
3398 1519 3668 1575 Justinum

2081 1590 2363 1645 Seniorem
2412 1591 2788 1646 haireticorum
2836 1590 3089 1646 basilicas
3132 1591 3449 1646 orthodoxis
3498 1591 3669 1644 tradi-

2081 1661 2242 1724 disse,
2291 1669 2348 1715 et
2392 1661 2751 1714 Justinianutn
2782 1660 2901 1730 ejus
2931 1661 3094 1730 lilium
3123 1662 3432 1730 adoptivum
3465 1660 3670 1723 fuisse;

2081 1746 2202 1785 cum
2229 1740 2417 1786 contra
2442 1730 2752 1786 Clodoveus
2774 1729 2994 1800 Magnus
3013 1729 3343 1786 Cbildeberti
3369 1741 3546 1799 pater,
3571 1746 3673 1784 nec

2083 1801 2380 1871 appellatus
2432 1809 2516 1854 est
2567 1801 2876 1868 imperator.
2928 1801 3222 1871 pnesertim
3267 1818 3298 1856 a
3327 1800 3674 1871 pontificibus

2087 1870 2376 1934 Romanis,
2409 1887 2582 1938 neque
2603 1873 2794 1940 aliquis
2822 1870 3147 1926 Francorum
3169 1888 3264 1928 rex
3295 1870 3673 1926 haereticorum

2014 1921 2056 1978 Β
2087 1921 2344 1996 genus;
2363 1921 2376 1934 ⁷
2397 1921 2596 1996 enim
2603 1921 2881 2011 nniat
2895 1921 3187 1996 Ἑξᾷήῇῖέ
3202 1921 3434 2011 Somn:
3444 1921 3544 1995 1n“
3555 1921 3672 1995 ιιΞὲ

2087 2019 2280 2065 auctor
2332 2011 2472 2065 illius
2526 2012 2769 2079 epistola:
2817 2011 2952 2066 infra
2999 2012 3236 2066 ostendit
3287 2013 3673 2081 imperatorem

2085 2096 2246 2150 quiem
2276 2081 2570 2150 alloquitur
2594 2083 2757 2135 alium
2790 2098 2896 2136 non
2927 2096 3047 2136 esse
3072 2097 3234 2150 quam
3260 2081 3624 2138 Justinianum
3657 2099 3671 2133 :

2091 2149 2160 2204 Ut
2186 2160 2358 2204 autem
2385 2149 2478 2205 nos
2499 2152 2586 2204 diu
2617 2153 2970 2206 tribulationes
2992 2149 3438 2222 Constantinopoli
3471 2161 3676 2221 patere-

2089 2237 2224 2287 ntur,
2252 2222 2346 2274 illa
2393 2238 2478 2275 res
2521 2223 2639 2293 fecit
2680 2239 2834 2292 quam
2862 2222 3080 2276 breviter
3099 2225 3334 2293 superius
3365 2224 3628 2293 tetigimus
3656 2238 3674 2274 :

2085 2293 2331 2372 quoniam
2359 2294 2556 2372 vivente
2594 2291 2832 2372 .Augusta
2881 2294 3098 2372 (nempe
3151 2291 3472 2372 Themlo‘ra,
3510 2308 3675 2372 quam

2081 2361 2192 2429 jam
2223 2365 2274 2414 in
2304 2363 2491 2416 eadem
2521 2363 2747 2433 epistola
2775 2361 3100 2432 nominarat)
3131 2363 3379 2433 quidquid
3425 2365 3478 2415 in
3507 2361 3674 2433 eccle-

2086 2433 2312 2486 siasticis
2339 2433 2509 2485 causis
2538 2429 2851 2496 movebatur,
2875 2429 3165 2502 suspectum
3191 2429 3485 2486 habuimus.
3533 2429 3678 2484 Nam

2085 2511 2236 2570 pater
2261 2512 2424 2556 vester
2451 2503 2879 2570 clementissimus
2907 2503 3206 2570 imperator,
3233 2514 3284 2556 et
3329 2502 3468 2556 beati
3523 2519 3678 2570 papa:

2088 2569 2278 2644 Leonis
2307 2573 2517 2642 dogma,
2562 2581 2610 2627 et
2659 2569 3098 2644 Chalcedonensis
3132 2573 3318 2644 synodi
3347 2574 3505 2644 ﬁdem
3525 2569 3678 2627 nulla

2087 2643 2241 2714 modo
2261 2641 2487 2714 unquam
2506 2645 2702 2714 patitur
2730 2643 2934 2714 uiolari.
2967 2641 3067 2697 Ubi
3092 2641 3213 2698 loco
3242 2641 3439 2714 patitur
3491 2643 3679 2710 legen-

2087 2712 2214 2766 dum
2243 2712 2428 2781 passus
2456 2723 2552 2767 est.
2585 2713 2738 2767 Mitto
2764 2714 2867 2766 aﬁa
2898 2712 2950 2766 in
2991 2727 3053 2767 ea
3108 2713 3336 2782 epistola
3377 2722 3678 2768 memorata

2087 2797 2207 2854 qua;
2230 2783 2336 2836 dici
2361 2798 2466 2837 non
2489 2783 2802 2854 potueregab
2830 2783 2937 2838 alio
2958 2783 3212 2853 pontiﬁce
3239 2783 3484 2854 Romano
3513 2797 3675 2852 quam

2089 2851 2672 2924 aVigiliogpost’suum
2702 2851 3172 2924 Constantinopoli
3202 2855 3257 2908 in
3303 2851 3545 2908 Siciliain
3593 2870 3672 2906 re-

2089 2922 2280 2994 ditum.
2340 2922 2595 2994 Denique
2631 2924 2772 2977 inter
2829 2933 3010 2994 partes
3061 2922 3190 2987 tres,
3221 2925 3418 2992 quibus
3445 2925 3680 2994 epistola

2091 2992 2181 3048 illa
2212 3003 2464 3063 consuto,
2490 2993 2635 3050 nulla
2657 2993 2924 3050 connexio
2944 3002 3048 3059 est,
3079 3003 3138 3050 ut
3165 2995 3367 3065 legenti
3397 2992 3570 3064 patet.

2512 3173 2846 3232 EPlSTOLA
2873 3174 2921 3229 Χ
2952 3176 3098 3246 (olim
3127 3173 3239 3245 XI).

2305 3285 2374 3325 AD
2413 3283 2689 3325 εΑιιΑυυυιι
2725 3282 3013 3324 ειοιεεορυιι
3053 3280 3458 3322 Αιιειλτικεει.

2089 3402 2430 3458 Commendat
2451 3401 2530 3456 illi
2549 3402 2772 3454 reditum
2825 3399 3194 3454 Hominisboni
3230 3399 3558 3463 subdiacont,
3599 3409 3683 3451 at.

2064 3509 2080 3524 °
2158 3508 2256 3563 que
2289 3501 2345 3545 ut
2377 3490 2592 3544 Placido
2621 3491 2758 3560 patri
2786 3507 2879 3544 suo
2909 3504 3154 3560 suggerat
3200 3490 3265 3544 de
3311 3491 3681 3560 comparandis

2162 3583 2482 3653 Romamque
2511 3581 2771 3636 mittendis
2793 3580 3014 3635 vestibus
3042 3598 3156 3654 qua:
3177 3583 3230 3636 in
3277 3598 3533 3654 pauperes
3561 3599 3680 3637 era-

2161 3685 2363 3747 geritur.

2163 3808 2522 3866 Dilectissimo
2545 3808 2696 3864 fratri
2721 3807 2974 3879 Sapaudo
3002 3808 3269 3879 Pelagius.

2161 3901 2295 3969 Quia
2347 3903 2504 3972 legati
2558 3901 2651 3958 ﬁlii
2693 3903 2862 3958 nostri
2890 3904 3262 3972 gloriosissimi
3291 3921 3436 3973 regis
3464 3907 3686 3964 Childe—

2089 3993 2253 4059 berti,
2283 3995 2566 4050 beatorum
2591 3995 2960 4064 apostolorum
2994 3993 3139 4050 Petri
3167 4006 3223 4052 et
3253 3995 3424 4061 Pauli,
3457 4007 3514 4053 et
3543 4000 3682 4054 alio-

2090 4105 2207 4143 rum
2238 4097 2549 4144 sanetorum
2579 4097 2871 4160 martyrum
2895 4090 3152 4158 reliquias
3175 4101 3562 4160 poposcerunt,
3590 4111 3681 4148 ne-

2090 4196 2240 4236 cesse
2291 4180 2576 4235 habuimus
2627 4179 3114 4238 lloniinembonum
3168 4184 3563 4240 subdiaconum
3615 4189 3684 4241 de

2092 4273 2239 4328 clero
2261 4281 2448 4328 nostro
2479 4271 2729 4341 dirigere,
2753 4274 2844 4344 qui
2875 4289 2969 4330 eas
2998 4289 3166 4344 usque
3194 4276 3260 4330 ad
3283 4275 3681 4333 fraternitatem

2094 4373 2241 4419 tuam
2264 4380 2388 4418 cum
2410 4365 2711 4418 reverentia
2739 4364 3070 4434 deportaret.
3103 4365 3173 4420 Et
3219 4367 3342 4422 ideo
3381 4369 3685 4424 salutantes

2093 4455 2376 4510 hortamur
2423 4465 2481 4509 ut
2508 4455 2728 4525 qumsita
2759 4456 3063 4522 occasione,
3096 4457 3210 4512 sive
3249 4459 3391 4523 navi,
3423 4459 3542 4514 sive
3572 4470 3683 4514 ter-

2092 4565 2249 4617 reno,
2277 4565 2398 4604 cum
2429 4548 2624 4604 talibus
2667 4549 2909 4618 personis
2935 4549 3003 4604 de
3031 4551 3226 4620 quibus
3267 4552 3413 4605 nulla
3457 4554 3684 4622 periculi

2093 4643 2263 4712 possit
2291 4655 2408 4694 esse
2435 4641 2688 4709 suspicio,
2715 4640 2780 4694 ad
2812 4655 2909 4694 nos
2928 4656 3051 4694 eum
3073 4644 3298 4709 juvante
3344 4641 3575 4697 Domino
3602 4660 3686 4700 re-

2091 4731 2334 4786 mittatis.
2365 4730 2437 4784 Ea
2460 4739 2637 4785 autem
2665 4746 2786 4799 quae
2806 4747 2904 4800 pro
2932 4731 3139 4786 honore
3183 4731 3465 4787 charitatis
3503 4743 3612 4789 tua:
3651 4751 3680 4790 a

2089 4823 2247 4878 nobis
2276 4823 2568 4892 supradicti
2591 4822 2749 4890 legati
2802 4823 3113 4892 poposcisse
3143 4832 3464 4893 noscuntur,
3505 4829 3682 4896 parati

2090 4933 2278 4972 sumus
2303 4915 2413 4972 Deo
2428 4915 2650 4984 juvante
2671 4915 2990 4971 concedere.
3036 4915 3142 4971 Sed
3172 4917 3272 4972 nisi
3301 4917 3513 4973 litteras
3567 4928 3688 4973 tuas

2092 5025 2190 5079 per
2237 5017 2289 5062 te
2336 5007 2722 5076 acceperimus,
2771 5007 2910 5062 sicut
2961 5008 3123 5062 etiam
3164 5009 3482 5064 decessores
3509 5015 3686 5066 nostri

2093 5101 2486 5170 postulantibus
2511 5100 2614 5154 tuis
2649 5099 3024 5155 decessoribus
3061 5100 3445 5170 prcstitcrunt,
3493 5117 3688 5171 super-

2093 5190 2254 5246 ﬂuum
2298 5189 2658 5259 judicavimus
2706 5190 2848 5245 ultro
2892 5191 3278 5246 transmittere.
3309 5190 3417 5246 Sed
3458 5209 3590 5248 mox
3619 5195 3686 5246 ad

2093 5298 2210 5346 nos,
2232 5281 2455 5350 juvaute
2481 5280 2729 5345 Domino,
2758 5296 2918 5336 unum
2947 5281 3015 5336 de
3043 5281 3191 5336 clero
3214 5292 3307 5336 tuo
3335 5297 3460 5336 cum
3490 5282 3686 5338 litteris

2093 5373 2372 5439 direxeris,
2398 5374 2442 5426 si
2466 5373 2724 5427 Dominus
2747 5373 2994 5436 voluerit,
3025 5381 3082 5428 et
3125 5373 3172 5427 si
3194 5375 3509 5436 vixerimus,
3553 5391 3684 5445 pro-

2095 5465 2355 5520 mittimus
2385 5481 2482 5519 nos
2502 5479 2625 5519 esse
2653 5463 2907 5518 facturos.
2939 5461 3204 5517 Prteterea
3238 5464 3545 5533 hortamur,
3569 5468 3683 5520 viro

2093 5557 2622 5624 magniﬁcentissimo
2653 5553 2760 5608 lilio
2789 5563 2995 5617 nostro,
3029 5554 3258 5622 patricio
3283 5552 3505 5610 Placido
3525 5559 3679 5622 geni-

2093 5649 2196 5703 tori
2221 5657 2311 5702 tuo
2338 5647 2510 5706 dicas,
2536 5645 2754 5714 utquod
2783 5645 2850 5700 dc
2874 5644 3224 5714 pensionibus
3271 5647 3678 5714 possessionum

2091 5737 2339 5792 Ecclesia:
2368 5746 2566 5791 nostra:
2594 5735 2882 5789 collectum
2911 5741 3013 5798 est,
3043 5744 3137 5788 aut
3165 5750 3262 5803 per
3305 5749 3464 5790 suum
3505 5735 3683 5792 homi-

2092 5844 2237 5892 nem,
2268 5837 2360 5882 aut
2390 5842 2484 5896 per
2510 5826 2700 5879 barum
2727 5824 2882 5878 nobis
2909 5823 3157 5890 dignetur
3183 5823 3419 5890 dirigere
3450 5833 3681 5894 portito—

2095 5939 2205 5977 rcm
2235 5939 2244 5971 :
2280 5923 2402 5986 quia
2428 5919 2589 5973 ltalizn
2619 5917 2812 5986 praedia
2845 5917 2912 5970 ita
2942 5917 3178 5971 desolata
3207 5927 3353 5979 sunt,
3391 5927 3444 5971 ut
3481 5917 3546 5971 ad
3595 5934 3677 5974 ro-
