3952 6386
188 301 276 357 405

1616 286 1899 343 EPISTOI.
1908 290 1969 343 ΑΞ
1980 330 1993 343 .

3346 293 3450 342 ωδ

184 410 554 486 cuperationem
584 420 774 463 eorum
821 421 980 461 neruo
1008 403 1256 461 sufﬁciat.
1288 401 1357 455 Et
1396 402 1442 456 si
1491 401 1746 471 possibile
1776 408 2015 463 Atatem
2075 417 2285 457 morum
2342 402 2601 459 exhibeas
2661 402 2967 459 clariorem.
3037 400 3307 472 Scriptum
3364 413 3447 457 est

186 516 275 571 est,
300 512 354 559 ut
371 500 518 557 nobis
536 500 604 555 de
645 499 773 569 ipsis
817 497 1006 564 solidis
1048 511 1176 567 saga
1217 492 1566 557 tomentacia,
1623 505 1744 562 quae

183 594 475 672 pauperibus
511 590 723 659 erogari
751 589 980 660 possint,
1008 594 1066 643 et
1094 585 1305 641 tunicas
1331 584 1500 646 albas,
1524 588 1619 637 aut
1645 597 1736 637 eu-

183 689 353 753 cullas,
382 683 457 739 vel
479 682 717 749 colobia,
744 688 838 737 aut
864 679 911 735 si
939 694 1061 749 quae
1082 678 1200 733 alia:
1222 676 1436 747 species
1457 676 1510 730 in
1532 673 1749 745 provin-

182 781 253 836 cia
288 775 430 841 ﬁunt,
455 787 574 842 quae
603 772 952 843 pauperibus,
1002 778 1063 825 ut
1089 768 1343 834 diximus,
1384 765 1597 835 erogari
1650 764 1748 819 de-

180 872 345 936 beant,
372 866 522 922 nobis
547 864 744 920 exinde
790 863 951 919 facite
980 861 1306 933 comparari,
1341 868 1396 915 et
1426 858 1747 930 opportuni-

181 968 276 1014 tate
301 956 444 1012 navis
494 956 713 1010 inventa
760 953 993 1023 dirigite,
1025 963 1085 1007 ut
1113 951 1376 1007 maximas
1422 947 1748 1004 fraternitati

180 1059 271 1106 tua:
294 1047 483 1118 gratias
509 1045 828 1111 referamus,
856 1044 983 1100 dum
1014 1045 1066 1098 in
1096 1042 1403 1113 huiusmodi
1426 1038 1746 1096 sollicitudi-

179 1158 288 1198 nem
308 1146 543 1195 nostram
574 1136 914 1207 providentia
943 1135 1224 1191 ebaritatis
1252 1141 1357 1189 tuae
1368 1130 1599 1188 relevari
1622 1145 1750 1185 con-

181 1235 357 1304 tigerit.
380 1231 670 1288 Hortamur
700 1231 863 1285 etiam
884 1237 944 1284 ut
974 1228 1318 1283 Anastasium
1342 1224 1563 1280 fratrem
1592 1221 1746 1277 Pauli

179 1324 457 1383 defensoris
478 1322 736 1381 Ecclesia:
758 1322 826 1378 ad
852 1338 952 1378 nos
989 1321 1201 1378 faciatis
1250 1333 1561 1376 occurrere.
1604 1317 1749 1370 Deus

179 1426 225 1473 te
247 1417 557 1472 incolumem
585 1414 875 1480 custodiat,
907 1412 1074 1469 frater
1101 1412 1437 1468 cbarissime.
1490 1409 1626 1463 Data
1655 1424 1746 1461 χιχ

177 1506 408 1564 calendas
434 1504 738 1571 Januarias,
762 1518 907 1560 anno
938 1502 1007 1557 15
1033 1510 1158 1574 post
1196 1501 1538 1559 consulatum
1565 1497 1747 1553 Basilii

178 1600 265 1655 viri
291 1598 588 1655 clarissimi.

544 1726 880 1786 EPlSTOLA
918 1728 987 1783 χι
1029 1728 1181 1798 (olim
1222 1726 1365 1797 xu).

540 1860 611 1899 AD
636 1859 911 1900 SAPAUDUI
948 1856 1355 1898 ARELA’I'ENSEI.

270 1960 409 2016 Vires
436 1960 513 2015 illi
541 1976 666 2015 suas
694 1960 747 2014 in
779 1956 952 2013 Gallia
978 1958 1205 2029 delegat,
1233 1957 1481 2027 palliique
1504 1971 1656 2010 usum

794 2031 1105 2101 impertitur.

238 2142 584 2199 Dilectissimo
614 2142 767 2197 fratri
796 2139 1053 2211 Sapaudo
1080 2138 1349 2209 Pelagius.

236 2233 485 2303 Majorum
536 2240 870 2296 nostrorum,
919 2239 1183 2302 Operante
1224 2229 1321 2286 Dei
1363 2227 1753 2295 misericordia,

175 2326 431 2397 cupientes
452 2325 720 2381 inhaerere
758 2323 1017 2394 vestigiis,
1052 2333 1108 2379 et
1142 2337 1333 2379 eorum
1378 2330 1529 2376 actus
1573 2321 1756 2378 divino

176 2417 421 2488 juvamine
459 2418 515 2472 in
547 2417 799 2472 omnibus
826 2416 1046 2481 imitari,
1089 2414 1338 2471 cbaritati
1370 2421 1474 2468 tute
1514 2428 1612 2483 per
1639 2413 1759 2468 uni-

176 2524 365 2563 versam
391 2505 622 2564 Galliam
662 2516 863 2563 sancta:
898 2506 1042 2565 sedis
1075 2505 1415 2577 apostolicae,
1446 2505 1535 2562 cui
1578 2504 1759 2560 divina

174 2599 327 2670 gratia
352 2600 723 2670 praesidemus,
756 2599 903 2654 vices
926 2597 1269 2667 injungimus.
1301 2595 1417 2652 Hoc
1444 2595 1589 2651 enim
1614 2597 1758 2651 anti-

174 2691 374 2758 quitatis
398 2691 664 2747 memoria
692 2689 873 2755 docet,
898 2689 1002 2745 hoc
1030 2688 1193 2744 etiam
1221 2687 1466 2743 Romana
1494 2693 1760 2743 testantur

174 2782 351 2837 scrinia
369 2798 400 2837 a
424 2781 630 2838 sanctis
652 2780 903 2837 Patribus
929 2789 985 2836 et
1010 2780 1387 2836 decessoribus
1414 2778 1613 2837 nostris
1656 2780 1761 2835 tuis

174 2872 534 2930 decessoribus
562 2887 683 2928 esse
709 2885 1031 2929 concessum
1058 2886 1071 2923 :
1103 2878 1164 2925 ut
1191 2869 1333 2926 illius
1358 2868 1568 2925 stabilis
1593 2877 1761 2939 petrae

174 2965 478 3034 sempiterna
516 2962 793 3031 soliditas,
832 2976 996 3032 supra
1024 2975 1187 3030 quam
1225 2959 1485 3016 Dominus
1511 2957 1762 3016 Salvator

175 3065 341 3110 noster
392 3054 671 3127 propriam
721 3052 962 3108 fundavit
1007 3049 1309 3107 Ecclesiam
1364 3065 1397 3105 a
1452 3050 1582 3105 solis
1637 3057 1761 3106 ortu

177 3158 331 3212 usque
352 3143 419 3198 ad
439 3158 720 3212 occasum,
746 3141 1009 3213 primatus
1036 3140 1120 3197 sui
1145 3139 1356 3211 apicem
1385 3154 1759 3196 successorum

1873 3139 2106 3232 largiﬂua
2152 3160 2356 3232 pietate
2386 3174 2488 3229 sua
2527 3165 2708 3215 servet
2753 3157 3071 3212 incolumes.
3101 3154 3331 3210 Litteras
3369 3169 3464 3209 au-
3530 3180 3544 3191 κ

174 3249 374 3289 suorum
387 3234 735 3299 auctoritate,
752 3241 864 3288 tam
878 3247 974 3303 per
993 3248 1053 3289 se
1071 3246 1231 3303 quam
1247 3246 1345 3302 per
1366 3232 1594 3287 vicarios
1612 3247 1761 3299 suos,

176 3326 379 3383 firmiter
407 3328 701 3384 obtineret.
727 3324 842 3381 Nos
864 3334 1061 3392 autem,
1091 3324 1231 3381 sicut
1252 3323 1381 3380 dicit
1403 3324 1598 3381 beatus
1619 3323 1766 3395 Apo-

182 3420 362 3481 stolus,
392 3432 520 3469 non.
537 3416 596 3468 in
622 3415 937 3468 immensum
980 3414 1297 3481 gloriamur.
1339 3414 1430 3466 sed
1468 3417 1754 3466 secundum

182 3524 462 3563 mensuram
480 3507 679 3578 regula'
694 3522 798 3576 qua
820 3521 1026 3561 mensus
1041 3514 1118 3562 est
1132 3504 1280 3561 nobis
1300 3504 1443 3559 Deus
1459 3519 1758 3559 mensuram

180 3600 491 3669 pertingendi
517 3612 685 3666 usque
710 3598 780 3651 ad
805 3613 913 3651 vos.
946 3595 1057 3652 Nec
1082 3597 1221 3651 enim
1241 3596 1399 3666 quasi
1425 3611 1528 3649 non
1562 3594 1761 3663 pertin-

183 3698 341 3758 gentes
354 3689 814 3761 superexcedimus
834 3687 1269 3760 nos(Cor.x).Sie
1286 3702 1420 3757 ergo
1440 3690 1760 3759 participata

174 3783 519 3841 sollicitudine
557 3792 802 3841 sanetam
828 3783 923 3839 Dei
953 3784 1313 3840 universalem
1343 3782 1639 3840 Ecelesiam
1668 3798 1769 3840 no-

173 3872 258 3927 stri
284 3888 381 3943 per
400 3874 497 3930 Dei
519 3874 752 3943 gratiam
780 3888 971 3929 rexere
999 3872 1254 3943 majores.
1278 3872 1416 3929 Hinc
1438 3880 1522 3929 est
1543 3872 1688 3944 quod
1711 3881 1770 3930 et

174 3981 265 4023 nos
290 3965 618 4024 fraternitati
652 3974 755 4022 tute
783 3966 1093 4036 huiusmodi
1138 3981 1297 4022 curas
1326 3966 1679 4035 injungimus,
1711 3974 1771 4021 ut

172 4055 303 4113 sedis
329 4067 532 4114 nostra:
555 4058 791 4114 vicarius
819 4057 1117 4123 institutus,
1146 4056 1213 4112 ad
1242 4057 1412 4111 instar
1441 4065 1683 4113 nostrum
1712 4056 1768 4111 in

172 4141 451 4203 Galliarum
484 4148 733 4219 partibus
762 4146 918 4218 primi
946 4146 1247 4202 sacerdotis
1288 4145 1467 4201 locum
1501 4145 1766 4211 obtineas,

171 4245 222 4292 et
252 4239 513 4311 quidquid
561 4239 630 4295 ad
685 4239 1135 4309 gubernationem
1181 4237 1268 4291 vel
1312 4236 1770 4307 dispensationem

170 4329 517 4387 ecclesiastici
546 4338 720 4386 status
743 4327 1036 4397 gerendum
1065 4336 1166 4390 est,
1199 4328 1425 4382 servatis
1447 4327 1664 4382 Patrum
1694 4342 1772 4382 re-

170 4423 298 4491 gulis
343 4433 400 4479 et
450 4424 602 4481 sedis
636 4422 947 4493 apostolica:
985 4420 1325 4486 constitutis,
1374 4419 1541 4475 divini
1583 4419 1769 4489 judieii

1848 494 2035 547 enim:
2079 491 2174 548 Cui
2206 495 2690 550 commendaverunt
2727 494 2979 561 multum,
3024 493 3139 566 plus
3172 501 3344 565 petent
3384 497 3446 548 ab

1847 597 1908 636 eo
1933 581 2084 652 (Luc.
2110 582 2232 654 ιιι).
2264 581 2432 639 Usum
2460 600 2678 656 quoque
2698 584 2848 656 pallii
2878 584 2974 640 tibi
3004 584 3257 641 alacriter
3281 584 3447 640 affec-

1850 672 2092 742 tioseque
2117 675 2483 743 concedimus,
2506 676 2710 746 pariter
2724 678 2886 731 etiam
2902 676 3337 748 palliumdirigen
3347 685 3447 741 tes,
3464 680 3471 685 '

1848 770 1910 816 ut
1936 762 1992 817 in
2015 762 2148 817 tanti
2176 763 2283 819 loci
2322 763 2535 834 fastigio
2561 766 2908 833 constitutus,
2945 767 3205 837 praeclaro
3233 782 3452 838 quoque

1847 853 2034 908 habitu
2055 854 2331 910 decoreris
2403 857 2621 913 scituris
2647 857 2897 914 omnibus
2932 858 3284 915 ecclesiastici
3326 872 3453 927 gra-

1848 942 1949 999 dus
1980 944 2307 1010 hominibus.
2356 948 2557 1003 nullam
2612 948 2801 1004 haberi
2846 949 3140 1015 licentiam,
3183 950 3301 1005 sine
3344 947 3452 1003 for-

1848 1045 1993 1091 mata
2039 1045 2144 1094 tute
2187 1038 2488 1109 cbaritatis,
2517 1055 2584 1096 ex
2609 1054 2935 1111 quacunque
2970 1036 3263 1095 Galliarum
3298 1047 3451 1111 parte

1848 1126 2120 1196 longiores
2141 1137 2330 1199 petere
2350 1131 2631 1197 regiones;
2672 1145 2745 1186 ne
2772 1129 3041 1200 prohibita
3065 1136 3452 1199 praesumentes

1848 1216 1950 1286 ipsi
1979 1231 2038 1271 se
2068 1219 2291 1288 proprio
2319 1219 2604 1275 videantur
2639 1221 2852 1291 privare
2891 1218 3091 1276 ofﬁcio.
3124 1218 3251 1275 liae
3291 1219 3452 1290 igitur

1846 1320 1945 1376 per
1965 1306 2279 1363 Flavianum
2321 1310 2607 1366 diaconbm
2629 1318 2685 1366 et
2715 1309 3023 1367 Nestorium
3058 1308 3451 1367 subdiaconum

1848 1395 2105 1454 Ecclesiae
2153 1411 2286 1467 tute,
2320 1416 2421 1471 per
2458 1417 2596 1472 quos
2647 1401 2904 1472 epistolas
2950 1408 3070 1458 tuas
3122 1401 3450 1472 accepimus,

1848 1492 2131 1548 scribenda
2161 1508 2282 1550 esse
2319 1495 2644 1551 curavimus.
2674 1495 2732 1550 In
2765 1510 2994 1564 quorum
3022 1495 3187 1550 etiam
3219 1509 3451 1549 conver-

1848 1583 2061 1638 satione
2082 1582 2351 1640 laudabile
2367 1591 2471 1639 tua:
2491 1585 2770 1641 cbaritatis
2790 1585 3105 1655 agnovimus
3126 1585 3427 1641 institutum
3442 1630 3457 1644 .
3526 1590 3533 1597 ‘

1848 1674 1992 1731 Deus
2015 1685 2068 1732 te
2091 1676 2416 1734 incolumem
2443 1677 2728 1743 custodiat,
2760 1675 2929 1733 frater
2950 1677 3283 1733 cbarissime.
3313 1676 3448 1731 Data

1784 1792 1831 1852 Β
1857 1781 1913 1821 nr
1939 1780 2111 1822 nonas
2136 1765 2435 1833 Februarii,
2460 1782 2604 1823 anno
2644 1765 2710 1820 16
2754 1774 2879 1838 post
2922 1766 3261 1826 consulatum
3304 1764 3451 1823 Dasi-

1858 1858 1915 1912 lii
1943 1859 2044 1913 viri
2065 1859 2367 1916 clarissimi.

2241 1993 2574 2051 EPISTOLA
2620 1994 2715 2051 xu
2744 1995 2890 2066 (olim
2910 1994 3077 2066 xm).

2265 2123 2333 2162 AD
2371 2121 2780 2163 οωιοεηειιτυιι
2818 2121 3016 2162 REGEI.

1861 2221 2143 2294 Signiﬁcat
2187 2236 2244 2276 se
2275 2222 2408 2294 vices
2434 2235 2559 2274 suas
2590 2227 2641 2274 et
2667 2219 2815 2294 pallii
2852 2234 3002 2273 usum
3029 2215 3291 2294 Sapaudo
3327 2232 3456 2272 con-

2195 2292 2425 2358 cessisse,
2455 2306 2606 2362 quem
2633 2286 2742 2363 regi
2769 2286 3116 2362 commendat,

1926 2404 2158 2462 Domino
2184 2402 2294 2459 tilio
2324 2402 2519 2459 merito
2543 2400 2934 2473 gloriosissimo
2961 2398 3458 2471 atque-praecellen-

1861 2497 2070 2554 tissimo
2088 2492 2434 2551 Childeberto
2463 2495 2577 2564 regi
2607 2491 2871 2563 Pelagius.

1932 2611 2279 2667 Excellentiu:
2309 2617 2500 2665 vestrae
2537 2608 2763 2675 litteras,
2809 2614 2934 2679 post
2974 2605 3091 2661 illas
3116 2620 3252 2676 quas
3296 2604 3457 2673 legati

1861 2706 2030 2761 vestri
2055 2704 2383 2767 detulerunt,
2416 2702 2578 2758 etiam
2609 2716 2707 2773 per
2726 2716 2823 2757 eos
2848 2715 2986 2771 quos
3012 2698 3178 2754 frater
3203 2705 3261 2753 et
3280 2698 3458 2767 coepi-

1862 2812 2058 2869 scopus
2095 2804 2281 2853 noster
2307 2794 2589 2867 Sapaudus
2617 2793 2685 2849 ad
2736 2808 2837 2849 nos
2878 2791 3105 2860 direxit,
3151 2800 3458 2846 reverenter

1863 2890 2209 2962 accepimus,
2252 2896 2310 2944 et
2360 2886 2550 2943 salutis
2591 2892 2826 2952 vestrae,
2877 2899 2997 2954 qua:
3041 2882 3199 2938 nobis
3249 2895 3462 2951 seraper

1863 2980 2098 3054 optanda
2142 2988 2254 3046 est,
2304 2987 2699 3047 cognoscentes
2745 2975 2978 3040 indicia,
3028 2974 3228 3044 gratias
3270 2972 3463 3029 divinae

1864 3072 2054 3143 pietati
2094 3068 2401 3135 retulimus,
2432 3075 2720 3123 exorantes
2745 3064 3090 3121 clementiam
3126 3064 3243 3134 ejus
3273 3070 3333 3118 ut
3368 3078 3464 3118 vos

1868 3262 1976 3309 tem
1997 3260 2210 3309 nostras
2236 3248 2461 3322 prazfato
2489 3247 2865 3305 eonsacerdoti
2890 3255 3076 3303 nostro
3103 3244 3354 3317 Sapaudo
3380 3261 3464 3300 se-

1867 3344 2099 3402 cundum
2127 3344 2445 3417 petitionem
2484 3349 2722 3398 vestram
2761 3338 3080 3405 direximus,
3113 3352 3269 3393 usum
3316 3336 3462 3406 pallii

1865 3438 2069 3510 pariter
2104 3436 2466 3495 concedentes
2507 3452 2522 3489 ε
2564 3434 2691 3506 quia
2744 3434 2799 3489 in
2849 3431 3051 3489 scrinio
3099 3428 3465 3487 ecclesiastico

1866 3530 2236 3602 hujuscemodi
2278 3528 2528 3600 exempla
2566 3526 2889 3598 reperimus,
2928 3524 3125 3595 quibus
3166 3521 3466 3579 ostenditur

1867 3624 2272 3681 Arelatensibus
2299 3621 2570 3693 episcopis
2591 3635 2622 3675 a
2648 3628 2851 3677 sanctae
2871 3616 3260 3675 recordationis
3279 3614 3467 3671 deces-

1868 3715 2080 3772 soribus
2113 3713 2313 3775 nostris
2340 3714 2457 3769 haec
2498 3710 2664 3767 fuisse
2709 3710 2927 3767 collata.
2981 3707 3276 3779 Propterea
3318 3706 3465 3762 salu-

1868 3813 2046 3862 tantes
2065 3806 2213 3862 cultu
2237 3804 2506 3874 regalibus
2529 3803 2710 3863 infulis
2730 3801 2931 3869 debito,
2958 3801 3293 3872 postulamus
3316 3806 3373 3857 ut
3393 3800 3466 3854 ita

1869 3915 1992 3956 eum
2021 3908 2183 3969 atque
2209 3896 2507 3954 Ecclesiam
2537 3896 2656 3967 ejus
2696 3896 2869 3966 gratia
2908 3893 3242 3950 excellentiae
3275 3900 3468 3948 vestrm

1869 3999 2086 4046 tueatur
2111 4006 2176 4046 ae
2204 3989 2407 4055 foveat,
2435 4003 2503 4044 ne
2543 4002 2704 4058 quem
2734 4001 2834 4057 per
2860 3986 3008 4041 vices
3044 3992 3256 4040 nostras
3283 3984 3468 4053 augeri

1869 4081 2197 4154 propitiante
2224 4080 2335 4136 Deo
2373 4078 2709 4152 postulastis,
2739 4079 2794 4140 in
2833 4077 3011 4147 aliqua
3038 4082 3194 4146 parte
3219 4074 3468 4143 cuiquam

1871 4172 2273 4230 Gallicanorum
2327 4170 2665 4228 sacerdotum
2698 4211 2715 4238 ,
2780 4167 2867 4224 vel
2919 4165 3204 4237 cujuslibet
3266 4164 3471 4221 ordinis

1873 4258 2223 4322 eCelesiastici
2250 4278 2515 4336 persona,
2559 4261 2705 4335 quod
2752 4276 2857 4315 non
2887 4266 3122 4330 oportet,
3145 4256 3469 4327 contempti-

1874 4359 1996 4415 bilis
2022 4358 2320 4424 babeatur;
2352 4364 2408 4412 et
2430 4356 2483 4411 in
2525 4370 2592 4412 eo
2616 4352 2925 4414 auctoritati
2951 4357 3151 4407 sanetae
3178 4347 3321 4405 sedis
3343 4364 3472 4419 apo-

1875 4451 2102 4517 stolicae,
2145 4458 2201 4505 et
2247 4449 2409 4519 genio
2449 4456 2655 4514 vestro,
2698 4446 2790 4516 qui
2840 4461 2939 4516 pro
2987 4458 3055 4499 eo
3094 4441 3474 4511 suffragatores

168 4515 600 4617 comminatione
625 4513 937 4617 ᾳίδρθηδθδῖ
961 4512 1235 4617 ίῗΙθηηῗθ
1260 4518 1313 4566 ιθ
1334 4510 1774 4617 ίηηωδιθῶθῗόὴ
1805 4544 1849 4602 D
1877 4510 2152 4609 acceditis,
2209 4510 2355 4610 quod
2402 4539 2570 4605 absit,
2601 4510 2856 4593 videatur
2889 4535 2943 4590 in
2974 4534 3156 4604 aliquo
3206 4510 3475 4602 derogari.

170 4606 462 4663 cauonibus
491 4612 685 4661 saneta
713 4603 1130 4660 conversatione
1159 4601 1527 4666 demonstres,
1558 4601 1774 4671 qualem
1810 4601 1816 4602 “
1881 4601 2309 4690 Ρθήηωιίιωὲω
2361 4601 2742 4687 exceuémiam
2797 4635 3034 4684 vestram
3063 4601 3241 4682 ‘Deus
3293 4601 3476 4680 mmet.

171 4696 295 4750 tanti
351 4695 464 4751 loci
510 4695 673 4751 decet
716 4708 839 4749 esse
884 4692 1155 4748 ‘vicarium
1190 4709 1203 4745 :
1250 4706 1462 4746 memor
1496 4689 1777 4746 sententiae

172 4785 307 4841 beati
332 4785 493 4842 Pauli
516 4784 776 4856 apostoli,
804 4798 912 4854 qua
942 4783 1289 4839 Timotheum
1310 4781 1635 4853 discipulum
1663 4784 1777 4838 sol-

171 4874 306 4933 licite
329 4878 598 4948 magister
627 4874 885 4932 informat
916 4874 1103 4930 dicens
1134 4892 1146 4927 :
1182 4872 1364 4929 Testor
1391 4889 1568 4927 coram
1596 4872 1707 4929 Deo
1731 4882 1781 4928 et

171 4968 372 5025 Christo
399 4968 530 5023 Jesu
552 5009 568 5035 ,
614 4978 663 5023 et
689 4967 861 5022 electis
891 4966 1088 5038 angelis
1126 4964 1259 5036 ejus,
1301 4972 1358 5018 ut
1386 4964 1495 5019 lucc
1519 4964 1781 5019 custodias

170 5063 276 5116 sine
292 5064 634 5136 prajudicio,
656 5062 732 5117 nil
754 5062 951 5133 faciens
978 5061 1035 5115 in
1058 5061 1217 5114 aliam
1244 5067 1447 5131 partem
1471 5058 1776 5113 declinando

174 5152 220 5221 (l
256 5153 393 5208 Tim.
465 5151 549 5226 v).
585 5151 656 5209 Ut
678 5160 966 5221 erogetur,
1007 5150 1325 5207 charissima
1358 5149 1544 5217 frater,
1587 5158 1781 5205 aucto-

174 5244 298 5301 ritas
325 5246 629 5317 pontificis,
660 5253 717 5302 et
744 5246 979 5317 pastoris
1011 5244 1392 5313 mansuetudo,
1423 5259 1521 5314 per
1547 5259 1647 5299 nos
1685 5242 1779 5298 tibi

172 5337 347 5392 locum
373 5337 588 5405 vicarii,
616 5337 760 5394 sicut
783 5343 841 5392 et
866 5335 1242 5393 decessoribus
1267 5335 1394 5401 tuis,
1418 5335 1633 5389 noveris
1659 5347 1776 5403 grac

174 5427 256 5483 tire
294 5428 554 5500 largitate
579 5443 918 5485 concessum.
950 5426 1086 5494 Quia
1123 5426 1249 5481 licet
1277 5426 1419 5496 apud
1461 5424 1630 5481 Deum
1673 5439 1782 5479 non

174 5521 241 5576 sit
290 5522 552 5592 acceptio
597 5534 974 5592 personarum,
1024 5525 1171 5573 tuam
1219 5524 1401 5573 tamen
1458 5515 1784 5572 charitatem

175 5613 333 5668 etiam
364 5612 579 5670 carnali
605 5611 954 5682 generatione
975 5616 1191 5665 constat
1218 5623 1337 5664 esse
1358 5606 1691 5679 praeclaram.
1716 5604 1786 5660 Et

177 5703 293 5759 ideo
321 5702 589 5760 convenit
615 5711 673 5758 ut
694 5712 894 5772 quanto
918 5701 969 5756 in
993 5709 1046 5756 te
1068 5701 1327 5756 Dominus
1350 5697 1666 5769 multiplicia
1686 5698 1785 5754 bo-

181 5812 242 5851 na
270 5797 502 5867 largitus
532 5802 633 5861 est,
668 5801 816 5850 tanto
840 5792 893 5848 in
915 5791 1340 5849 sacerdotalibus
1369 5788 1576 5847 actibus
1603 5788 1787 5858 probi-

1882 4725 2174 4792 custodiat,
2208 4722 2429 4780 domine
2457 4723 2530 4778 illi
2555 4720 2941 4792 gloriosissime
2978 4725 3141 4790 atque
3167 4715 3475 4789 pmeelleu-

1885 4819 2109 4874 tissime.

2245 4928 2579 4986 EPISTULA
2621 4927 2735 4983 XIII
2767 4928 2914 4999 (olim
2958 4926 3116 4999 XIV).

2314 5064 2383 5103 AD
2418 5062 2826 5104 CIIILDEBEB'I’UI
2864 5061 3061 5102 REGEI.

3300 5112 3333 5135 ρ

1890 5164 1970 5219 De
1998 5161 2247 5234 Sapaudo
2272 5160 2589 5234 Arelatensi,
2629 5160 2716 5234 qui
2756 5167 2937 5234 contra
2964 5157 3100 5234 sedis
3128 5171 3236 5234 sua
3272 5156 3481 5234 priuile~

1962 5224 2113 5306 grue
2154 5233 2369 5288 alterius
2415 5224 2655 5302 episcopi
2681 5229 2937 5301 judicium
2963 5226 3135 5282 subire
3152 5224 3332 5296 jussus
3374 5227 3484 5297 {ue-

1963 5314 2065 5360 rat.

1963 5416 2192 5473 Domino
2221 5412 2335 5470 filio
2379 5410 2772 5483 gloriosissimo
2800 5416 2964 5479 atque
2991 5406 3487 5480 prmeellentissimo

1890 5509 2244 5567 Cbildeberto
2271 5505 2385 5576 regi
2413 5502 2679 5574 Pelagius.

1963 5601 2097 5659 Cum
2125 5598 2455 5668 :celsitudini
2485 5605 2677 5652 vestra:
2717 5594 2888 5651 multa
2933 5592 3074 5650 dona
3119 5591 3487 5651 misericordia

1891 5692 2072 5750 divina
2094 5690 2417 5756 contulerit,
2445 5704 2544 5760 pro
2587 5702 2774 5744 amore
2822 5696 3001 5742 tamen
3039 5700 3200 5756 quem
3237 5683 3489 5742 Ecclesia

1894 5784 2011 5855 ejus
2042 5782 2325 5847 sinceriter
2350 5781 2617 5847 exhibetis
2647 5777 2865 5853 (Nicol.
2893 5777 2979 5847 ll,
3009 5780 3159 5851 epist.
3183 5777 3239 5843 8,
3268 5778 3336 5834 ad
3374 5780 3495 5835 llic.
