  <div class='ocr_page' id='page_1' title='image "/cluster/home/n/w/nwhite01/storage/ocr_20150623/69/umn.31951002477362u/213.png"; bbox 0 0 3952 6410; ppageno 0'>
   <div class='ocr_carea' id='block_1_1' title="bbox 450 271 554 324">
    <p class='ocr_par' dir='ltr' id='par_1_1' title="bbox 450 271 554 324">
     <span class='ocr_line' id='line_1_1' title="bbox 450 271 554 324; baseline -0.019 0"><span class='ocrx_word' id='word_1_1' title='bbox 450 271 554 324; x_wconf 66' lang='grc'><strong>407</strong></span> 
     </span>
    </p>
   </div>
   <div class='ocr_carea' id='block_1_2' title="bbox 1751 269 2356 334">
    <p class='ocr_par' dir='ltr' id='par_1_2' title="bbox 1751 269 2356 334">
     <span class='ocr_line' id='line_1_2' title="bbox 1751 269 2356 334; baseline 0.017 -10"><span class='ocrx_word' id='word_1_2' title='bbox 1751 269 2025 326; x_wconf 73' lang='lat' dir='ltr'><strong>PELAGII</strong></span> <span class='ocrx_word' id='word_1_3' title='bbox 2095 275 2300 334; x_wconf 63' lang='lat' dir='ltr'><strong>PAPE</strong></span> <span class='ocrx_word' id='word_1_4' title='bbox 2334 277 2356 334; x_wconf 84' lang='grc'><strong>1</strong></span> 
     </span>
    </p>
   </div>
   <div class='ocr_carea' id='block_1_3' title="bbox 3616 279 3721 330">
    <p class='ocr_par' dir='ltr' id='par_1_3' title="bbox 3616 279 3721 330">
     <span class='ocr_line' id='line_1_3' title="bbox 3616 279 3721 330; baseline 0.01 -1"><span class='ocrx_word' id='word_1_5' title='bbox 3616 279 3721 330; x_wconf 65' lang='grc'><strong>8118</strong></span> 
     </span>
    </p>
   </div>
   <div class='ocr_carea' id='block_1_4' title="bbox 451 383 3725 460">
    <p class='ocr_par' dir='ltr' id='par_1_4' title="bbox 451 383 3725 460">
     <span class='ocr_line' id='line_1_4' title="bbox 451 383 3725 460; baseline 0.002 -23"><span class='ocrx_word' id='word_1_6' title='bbox 451 386 638 449; x_wconf 81' lang='lat' dir='ltr'><strong>imper.</strong></span> <span class='ocrx_word' id='word_1_7' title='bbox 676 384 1030 452; x_wconf 59' lang='lat' dir='ltr'><strong>Grecorum).</strong></span> <span class='ocrx_word' id='word_1_8' title='bbox 1056 384 1184 439; x_wconf 84' lang='lat' dir='ltr'><strong>fecit</strong></span> <span class='ocrx_word' id='word_1_9' title='bbox 1212 398 1307 438; x_wconf 84' lang='lat' dir='ltr'><strong>vos</strong></span> <span class='ocrx_word' id='word_1_10' title='bbox 1332 383 1518 437; x_wconf 80' lang='lat' dir='ltr'><strong>multis</strong></span> <span class='ocrx_word' id='word_1_11' title='bbox 1541 385 1890 452; x_wconf 73' lang='lat' dir='ltr'><strong>regnantibus</strong></span> <span class='ocrx_word' id='word_1_12' title='bbox 1919 385 2028 441; x_wconf 80' lang='lat' dir='ltr'><strong>cla-</strong></span> <span class='ocrx_word' id='word_1_13' title='bbox 2053 392 2100 449; x_wconf 80' lang='grc' dir='ltr'><strong>Λ</strong></span> <span class='ocrx_word' id='word_1_14' title='bbox 2130 397 2318 442; x_wconf 88' lang='lat' dir='ltr'><strong>nostro</strong></span> <span class='ocrx_word' id='word_1_15' title='bbox 2346 388 2872 458; x_wconf 78' lang='lat' dir='ltr'><strong>magniﬁcentissimo</strong></span> <span class='ocrx_word' id='word_1_16' title='bbox 2903 405 3017 444; x_wconf 74' lang='lat' dir='ltr'><strong>viro</strong></span> <span class='ocrx_word' id='word_1_17' title='bbox 3040 389 3268 460; x_wconf 89' lang='lat' dir='ltr'><strong>patricio</strong></span> <span class='ocrx_word' id='word_1_18' title='bbox 3295 387 3536 453; x_wconf 85' lang='lat' dir='ltr'><strong>Placido,</strong></span> <span class='ocrx_word' id='word_1_19' title='bbox 3565 391 3725 457; x_wconf 84' lang='lat' dir='ltr'><strong>geni-</strong></span> 
     </span>
    </p>
   </div>
   <div class='ocr_carea' id='block_1_5' title="bbox 451 474 2027 548">
    <p class='ocr_par' dir='ltr' id='par_1_5' title="bbox 451 474 2027 548">
     <span class='ocr_line' id='line_1_5' title="bbox 451 474 2027 548; baseline 0.002 -18"><span class='ocrx_word' id='word_1_20' title='bbox 451 475 661 534; x_wconf 87' lang='lat' dir='ltr'><strong>riores:</strong></span> <span class='ocrx_word' id='word_1_21' title='bbox 689 479 943 548; x_wconf 87' lang='lat' dir='ltr'><strong>quoniam</strong></span> <span class='ocrx_word' id='word_1_22' title='bbox 975 479 1119 530; x_wconf 86' lang='lat' dir='ltr'><strong>inter</strong></span> <span class='ocrx_word' id='word_1_23' title='bbox 1147 476 1284 530; x_wconf 85' lang='lat' dir='ltr'><strong>alias</strong></span> <span class='ocrx_word' id='word_1_24' title='bbox 1329 474 1480 545; x_wconf 82' lang='lat' dir='ltr'><strong>regni</strong></span> <span class='ocrx_word' id='word_1_25' title='bbox 1509 476 1673 532; x_wconf 89' lang='lat' dir='ltr'><strong>vestri</strong></span> <span class='ocrx_word' id='word_1_26' title='bbox 1723 491 1887 532; x_wconf 89' lang='lat' dir='ltr'><strong>curas</strong></span> <span class='ocrx_word' id='word_1_27' title='bbox 1930 494 2027 547; x_wconf 88' lang='lat' dir='ltr'><strong>pro</strong></span> 
     </span>
    </p>
   </div>
   <div class='ocr_carea' id='block_1_6' title="bbox 453 564 2032 636">
    <p class='ocr_par' dir='ltr' id='par_1_6' title="bbox 453 564 2032 636">
     <span class='ocr_line' id='line_1_6' title="bbox 453 564 2032 636; baseline -0.002 -16"><span class='ocrx_word' id='word_1_28' title='bbox 453 568 1058 636; x_wconf 73' lang='lat' dir='ltr'><strong>lranquillitatesancta:</strong></span> <span class='ocrx_word' id='word_1_29' title='bbox 1080 565 1340 620; x_wconf 78' lang='lat' dir='ltr'><strong>Ecclesia:</strong></span> <span class='ocrx_word' id='word_1_30' title='bbox 1359 564 1683 634; x_wconf 69' lang='lat' dir='ltr'><strong>praecipuam</strong></span> <span class='ocrx_word' id='word_1_31' title='bbox 1707 564 2032 619; x_wconf 89' lang='lat' dir='ltr'><strong>sollicitudi-</strong></span> 
     </span>
    </p>
   </div>
   <div class='ocr_carea' id='block_1_7' title="bbox 434 657 2026 726">
    <p class='ocr_par' dir='ltr' id='par_1_7' title="bbox 434 657 2026 726">
     <span class='ocr_line' id='line_1_7' title="bbox 434 657 2026 726; baseline -0.005 -6"><span class='ocrx_word' id='word_1_32' title='bbox 434 678 562 720; x_wconf 87' lang='lat' dir='ltr'><strong>nem</strong></span> <span class='ocrx_word' id='word_1_33' title='bbox 579 677 678 719; x_wconf 87' lang='lat' dir='ltr'><strong>vos</strong></span> <span class='ocrx_word' id='word_1_34' title='bbox 703 669 907 720; x_wconf 83' lang='lat' dir='ltr'><strong>certum</strong></span> <span class='ocrx_word' id='word_1_35' title='bbox 931 665 1017 717; x_wconf 84' lang='lat' dir='ltr'><strong>est</strong></span> <span class='ocrx_word' id='word_1_36' title='bbox 1053 658 1329 714; x_wconf 74' lang='lat' dir='ltr'><strong>exhibere.</strong></span> <span class='ocrx_word' id='word_1_37' title='bbox 1357 657 1489 726; x_wconf 60' lang='lat' dir='ltr'><strong>Quae</strong></span> <span class='ocrx_word' id='word_1_38' title='bbox 1517 673 1638 714; x_wconf 88' lang='lat' dir='ltr'><strong>cum</strong></span> <span class='ocrx_word' id='word_1_39' title='bbox 1667 658 1742 714; x_wconf 88' lang='lat' dir='ltr'><strong>ita</strong></span> <span class='ocrx_word' id='word_1_40' title='bbox 1766 659 1895 722; x_wconf 82' lang='lat' dir='ltr'><strong>sint,</strong></span> <span class='ocrx_word' id='word_1_41' title='bbox 1926 660 2026 712; x_wconf 85' lang='lat' dir='ltr'><strong>mi-</strong></span> 
     </span>
    </p>
   </div>
   <div class='ocr_carea' id='block_1_8' title="bbox 436 751 2024 825">
    <p class='ocr_par' dir='ltr' id='par_1_8' title="bbox 436 751 2024 825">
     <span class='ocr_line' id='line_1_8' title="bbox 436 751 2024 825; baseline -0.004 -13"><span class='ocrx_word' id='word_1_42' title='bbox 436 771 622 812; x_wconf 82' lang='lat' dir='ltr'><strong>ramur</strong></span> <span class='ocrx_word' id='word_1_43' title='bbox 646 755 772 825; x_wconf 86' lang='lat' dir='ltr'><strong>quia</strong></span> <span class='ocrx_word' id='word_1_44' title='bbox 809 761 1071 822; x_wconf 82' lang='lat' dir='ltr'><strong>quantum</strong></span> <span class='ocrx_word' id='word_1_45' title='bbox 1107 751 1263 809; x_wconf 83' lang='lat' dir='ltr'><strong>nobis</strong></span> <span class='ocrx_word' id='word_1_46' title='bbox 1299 751 1643 822; x_wconf 65' lang='lat' dir='ltr'><strong>praesentium</strong></span> <span class='ocrx_word' id='word_1_47' title='bbox 1703 753 2024 823; x_wconf 81' lang='lat' dir='ltr'><strong>portitorum</strong></span> 
     </span>
    </p>
   </div>
   <div class='ocr_carea' id='block_1_9' title="bbox 433 841 2028 916">
    <p class='ocr_par' dir='ltr' id='par_1_9' title="bbox 433 841 2028 916">
     <span class='ocr_line' id='line_1_9' title="bbox 433 841 2028 916; baseline -0.004 -14"><span class='ocrx_word' id='word_1_48' title='bbox 433 845 702 916; x_wconf 80' lang='lat' dir='ltr'><strong>suggestio</strong></span> <span class='ocrx_word' id='word_1_49' title='bbox 741 845 1014 916; x_wconf 88' lang='lat' dir='ltr'><strong>patetecit,</strong></span> <span class='ocrx_word' id='word_1_50' title='bbox 1045 843 1188 914; x_wconf 86' lang='lat' dir='ltr'><strong>passi</strong></span> <span class='ocrx_word' id='word_1_51' title='bbox 1230 843 1359 898; x_wconf 87' lang='lat' dir='ltr'><strong>estis</strong></span> <span class='ocrx_word' id='word_1_52' title='bbox 1398 841 1602 912; x_wconf 80' lang='lat' dir='ltr'><strong>subripi</strong></span> <span class='ocrx_word' id='word_1_53' title='bbox 1627 842 1780 898; x_wconf 82' lang='lat' dir='ltr'><strong>vobis</strong></span> <span class='ocrx_word' id='word_1_54' title='bbox 1819 841 2028 912; x_wconf 87' lang='lat' dir='ltr'><strong>Sapau-</strong></span> 
     </span>
    </p>
   </div>
   <div class='ocr_carea' id='block_1_10' title="bbox 433 935 2025 1008">
    <p class='ocr_par' dir='ltr' id='par_1_10' title="bbox 433 935 2025 1008">
     <span class='ocr_line' id='line_1_10' title="bbox 433 935 2025 1008; baseline -0.003 -14"><span class='ocrx_word' id='word_1_55' title='bbox 433 940 564 994; x_wconf 89' lang='lat' dir='ltr'><strong>dum</strong></span> <span class='ocrx_word' id='word_1_56' title='bbox 611 937 830 994; x_wconf 77' lang='lat' dir='ltr'><strong>fratrem</strong></span> <span class='ocrx_word' id='word_1_57' title='bbox 875 945 934 994; x_wconf 92' lang='lat' dir='ltr'><strong>et</strong></span> <span class='ocrx_word' id='word_1_58' title='bbox 977 937 1354 1008; x_wconf 76' lang='lat' dir='ltr'><strong>coepiscopum</strong></span> <span class='ocrx_word' id='word_1_59' title='bbox 1382 943 1656 1000; x_wconf 89' lang='lat' dir='ltr'><strong>nostrum,</strong></span> <span class='ocrx_word' id='word_1_60' title='bbox 1695 935 2025 992; x_wconf 77' lang='lat' dir='ltr'><strong>Arelatensis</strong></span> 
     </span>
    </p>
   </div>
   <div class='ocr_carea' id='block_1_11' title="bbox 433 1025 2026 1096">
    <p class='ocr_par' dir='ltr' id='par_1_11' title="bbox 433 1025 2026 1096">
     <span class='ocr_line' id='line_1_11' title="bbox 433 1025 2026 1096; baseline 0.002 -15"><span class='ocrx_word' id='word_1_61' title='bbox 433 1026 669 1084; x_wconf 76' lang='lat' dir='ltr'><strong>civitatis</strong></span> <span class='ocrx_word' id='word_1_62' title='bbox 719 1027 1036 1092; x_wconf 73' lang='lat' dir='ltr'><strong>antistitem,</strong></span> <span class='ocrx_word' id='word_1_63' title='bbox 1091 1025 1243 1096; x_wconf 84' lang='lat' dir='ltr'><strong>cujus</strong></span> <span class='ocrx_word' id='word_1_64' title='bbox 1294 1025 1533 1095; x_wconf 69' lang='lat' dir='ltr'><strong>Ecclesia</strong></span> <span class='ocrx_word' id='word_1_65' title='bbox 1601 1025 1655 1082; x_wconf 89' lang='lat' dir='ltr'><strong>in</strong></span> <span class='ocrx_word' id='word_1_66' title='bbox 1717 1026 2026 1094; x_wconf 78' lang='lat' dir='ltr'><strong>regionibus</strong></span> 
     </span>
    </p>
   </div>
   <div class='ocr_carea' id='block_1_12' title="bbox 375 1115 2024 1189">
    <p class='ocr_par' dir='ltr' id='par_1_12' title="bbox 375 1115 2024 1189">
     <span class='ocr_line' id='line_1_12' title="bbox 375 1115 2024 1189; baseline -0.001 -17"><span class='ocrx_word' id='word_1_67' title='bbox 375 1127 383 1134; x_wconf 89' lang='lat'><strong>&#39;</strong></span> <span class='ocrx_word' id='word_1_68' title='bbox 433 1115 724 1175; x_wconf 70' lang='lat' dir='ltr'><strong>Gallicanis</strong></span> <span class='ocrx_word' id='word_1_69' title='bbox 742 1119 1004 1189; x_wconf 74' lang='lat' dir='ltr'><strong>primatus</strong></span> <span class='ocrx_word' id='word_1_70' title='bbox 1029 1118 1307 1188; x_wconf 88' lang='lat' dir='ltr'><strong>privilegio</strong></span> <span class='ocrx_word' id='word_1_71' title='bbox 1327 1126 1381 1172; x_wconf 91' lang='lat' dir='ltr'><strong>et</strong></span> <span class='ocrx_word' id='word_1_72' title='bbox 1407 1118 1550 1172; x_wconf 83' lang='lat' dir='ltr'><strong>sedis</strong></span> <span class='ocrx_word' id='word_1_73' title='bbox 1571 1117 1881 1187; x_wconf 76' lang='lat' dir='ltr'><strong>apostolica:</strong></span> <span class='ocrx_word' id='word_1_74' title='bbox 1898 1118 2024 1172; x_wconf 84' lang='lat' dir='ltr'><strong>viei-</strong></span> 
     </span>
    </p>
   </div>
   <div class='ocr_carea' id='block_1_13' title="bbox 435 1207 2021 1278">
    <p class='ocr_par' dir='ltr' id='par_1_13' title="bbox 435 1207 2021 1278">
     <span class='ocr_line' id='line_1_13' title="bbox 435 1207 2021 1278; baseline -0.001 -15"><span class='ocrx_word' id='word_1_75' title='bbox 435 1209 536 1264; x_wconf 84' lang='lat' dir='ltr'><strong>bus</strong></span> <span class='ocrx_word' id='word_1_76' title='bbox 561 1207 868 1274; x_wconf 82' lang='lat' dir='ltr'><strong>decoratur,</strong></span> <span class='ocrx_word' id='word_1_77' title='bbox 898 1207 966 1264; x_wconf 89' lang='lat' dir='ltr'><strong>ad</strong></span> <span class='ocrx_word' id='word_1_78' title='bbox 995 1208 1307 1278; x_wconf 79' lang='lat' dir='ltr'><strong>petitionem</strong></span> <span class='ocrx_word' id='word_1_79' title='bbox 1335 1207 1574 1278; x_wconf 89' lang='lat' dir='ltr'><strong>episcopi</strong></span> <span class='ocrx_word' id='word_1_80' title='bbox 1610 1207 1679 1262; x_wconf 91' lang='lat' dir='ltr'><strong>ab</strong></span> <span class='ocrx_word' id='word_1_81' title='bbox 1718 1207 1836 1277; x_wconf 88' lang='lat' dir='ltr'><strong>ipso</strong></span> <span class='ocrx_word' id='word_1_82' title='bbox 1872 1208 2021 1262; x_wconf 89' lang='lat' dir='ltr'><strong>ordi-</strong></span> 
     </span>
    </p>
   </div>
   <div class='ocr_carea' id='block_1_14' title="bbox 433 1297 2020 1368">
    <p class='ocr_par' dir='ltr' id='par_1_14' title="bbox 433 1297 2020 1368">
     <span class='ocr_line' id='line_1_14' title="bbox 433 1297 2020 1368; baseline 0.001 -16"><span class='ocrx_word' id='word_1_83' title='bbox 433 1297 578 1366; x_wconf 85' lang='lat' dir='ltr'><strong>nati,</strong></span> <span class='ocrx_word' id='word_1_84' title='bbox 607 1297 662 1352; x_wconf 87' lang='lat' dir='ltr'><strong>in</strong></span> <span class='ocrx_word' id='word_1_85' title='bbox 690 1297 950 1367; x_wconf 79' lang='lat' dir='ltr'><strong>judicium</strong></span> <span class='ocrx_word' id='word_1_86' title='bbox 987 1299 1262 1367; x_wconf 79' lang='lat' dir='ltr'><strong>sequentis</strong></span> <span class='ocrx_word' id='word_1_87' title='bbox 1295 1297 1524 1354; x_wconf 90' lang='lat' dir='ltr'><strong>civitatis</strong></span> <span class='ocrx_word' id='word_1_88' title='bbox 1568 1297 1830 1367; x_wconf 82' lang='lat' dir='ltr'><strong>episcopi,</strong></span> <span class='ocrx_word' id='word_1_89' title='bbox 1876 1298 2020 1368; x_wconf 90' lang='lat' dir='ltr'><strong>quod</strong></span> 
     </span>
    </p>
   </div>
   <div class='ocr_carea' id='block_1_15' title="bbox 433 1386 2022 1458">
    <p class='ocr_par' dir='ltr' id='par_1_15' title="bbox 433 1386 2022 1458">
     <span class='ocr_line' id='line_1_15' title="bbox 433 1386 2022 1458; baseline -0.001 -14"><span class='ocrx_word' id='word_1_90' title='bbox 433 1389 580 1446; x_wconf 88' lang='lat' dir='ltr'><strong>nulla</strong></span> <span class='ocrx_word' id='word_1_91' title='bbox 606 1389 971 1448; x_wconf 85' lang='lat' dir='ltr'><strong>ecclesiastica</strong></span> <span class='ocrx_word' id='word_1_92' title='bbox 1003 1388 1122 1458; x_wconf 80' lang='lat' dir='ltr'><strong>lege</strong></span> <span class='ocrx_word' id='word_1_93' title='bbox 1145 1389 1233 1444; x_wconf 90' lang='lat' dir='ltr'><strong>vel</strong></span> <span class='ocrx_word' id='word_1_94' title='bbox 1253 1389 1462 1445; x_wconf 81' lang='lat' dir='ltr'><strong>ratione</strong></span> <span class='ocrx_word' id='word_1_95' title='bbox 1489 1386 1840 1452; x_wconf 86' lang='lat' dir='ltr'><strong>conceditur,</strong></span> <span class='ocrx_word' id='word_1_96' title='bbox 1877 1388 2022 1458; x_wconf 83' lang='lat' dir='ltr'><strong>judi-</strong></span> 
     </span>
    </p>
   </div>
   <div class='ocr_carea' id='block_1_16' title="bbox 431 1479 2020 1550">
    <p class='ocr_par' dir='ltr' id='par_1_16' title="bbox 431 1479 2020 1550">
     <span class='ocr_line' id='line_1_16' title="bbox 431 1479 2020 1550; baseline 0 -14"><span class='ocrx_word' id='word_1_97' title='bbox 431 1479 664 1536; x_wconf 87' lang='lat' dir='ltr'><strong>caudum</strong></span> <span class='ocrx_word' id='word_1_98' title='bbox 696 1480 960 1550; x_wconf 84' lang='lat' dir='ltr'><strong>juberetis</strong></span> <span class='ocrx_word' id='word_1_99' title='bbox 991 1494 1310 1544; x_wconf 87' lang='lat' dir='ltr'><strong>occurrere;</strong></span> <span class='ocrx_word' id='word_1_100' title='bbox 1343 1488 1402 1538; x_wconf 91' lang='lat' dir='ltr'><strong>ut</strong></span> <span class='ocrx_word' id='word_1_101' title='bbox 1447 1480 1566 1550; x_wconf 91' lang='lat' dir='ltr'><strong>ipso</strong></span> <span class='ocrx_word' id='word_1_102' title='bbox 1591 1479 1660 1536; x_wconf 87' lang='lat' dir='ltr'><strong>de</strong></span> <span class='ocrx_word' id='word_1_103' title='bbox 1703 1481 2020 1537; x_wconf 85' lang='lat' dir='ltr'><strong>conculcan</strong></span> 
     </span>
    </p>
   </div>
   <div class='ocr_carea' id='block_1_17' title="bbox 432 1571 2020 1642">
    <p class='ocr_par' dir='ltr' id='par_1_17' title="bbox 432 1571 2020 1642">
     <span class='ocr_line' id='line_1_17' title="bbox 432 1571 2020 1642; baseline 0 -16"><span class='ocrx_word' id='word_1_104' title='bbox 432 1571 537 1628; x_wconf 93' lang='lat' dir='ltr'><strong>loci</strong></span> <span class='ocrx_word' id='word_1_105' title='bbox 564 1573 646 1628; x_wconf 90' lang='lat' dir='ltr'><strong>sui</strong></span> <span class='ocrx_word' id='word_1_106' title='bbox 675 1571 986 1642; x_wconf 71' lang='lat' dir='ltr'><strong>praeiudicio</strong></span> <span class='ocrx_word' id='word_1_107' title='bbox 1013 1579 1400 1640; x_wconf 77' lang='lat' dir='ltr'><strong>conquerente.</strong></span> <span class='ocrx_word' id='word_1_108' title='bbox 1433 1571 1584 1628; x_wconf 85' lang='lat' dir='ltr'><strong>illum</strong></span> <span class='ocrx_word' id='word_1_109' title='bbox 1609 1571 1702 1642; x_wconf 90' lang='lat' dir='ltr'><strong>qui</strong></span> <span class='ocrx_word' id='word_1_110' title='bbox 1745 1571 2020 1642; x_wconf 86' lang='lat' dir='ltr'><strong>usurpavit</strong></span> 
     </span>
    </p>
   </div>
   <div class='ocr_carea' id='block_1_18' title="bbox 431 1660 2019 1732">
    <p class='ocr_par' dir='ltr' id='par_1_18' title="bbox 431 1660 2019 1732">
     <span class='ocr_line' id='line_1_18' title="bbox 431 1660 2019 1732; baseline -0.002 -14"><span class='ocrx_word' id='word_1_111' title='bbox 431 1676 652 1719; x_wconf 86' lang='lat' dir='ltr'><strong>necesse</strong></span> <span class='ocrx_word' id='word_1_112' title='bbox 671 1662 744 1718; x_wconf 86' lang='lat' dir='ltr'><strong>sit</strong></span> <span class='ocrx_word' id='word_1_113' title='bbox 761 1661 830 1718; x_wconf 91' lang='lat' dir='ltr'><strong>de</strong></span> <span class='ocrx_word' id='word_1_114' title='bbox 857 1661 1042 1718; x_wconf 81' lang='lat' dir='ltr'><strong>illicita</strong></span> <span class='ocrx_word' id='word_1_115' title='bbox 1067 1661 1484 1732; x_wconf 69' lang='lat' dir='ltr'><strong>praesumptione</strong></span> <span class='ocrx_word' id='word_1_116' title='bbox 1510 1661 1714 1732; x_wconf 84' lang='lat' dir='ltr'><strong>culpari</strong></span> <span class='ocrx_word' id='word_1_117' title='bbox 1737 1660 2019 1732; x_wconf 75' lang='lat' dir='ltr'><strong>(flium-</strong></span> 
     </span>
    </p>
   </div>
   <div class='ocr_carea' id='block_1_19' title="bbox 2127 479 3705 549">
    <p class='ocr_par' dir='ltr' id='par_1_19' title="bbox 2127 479 3705 549">
     <span class='ocr_line' id='line_1_19' title="bbox 2127 479 3705 549; baseline 0.002 -17"><span class='ocrx_word' id='word_1_118' title='bbox 2127 479 2232 533; x_wconf 91' lang='lat' dir='ltr'><strong>tori</strong></span> <span class='ocrx_word' id='word_1_119' title='bbox 2263 488 2375 541; x_wconf 90' lang='lat' dir='ltr'><strong>tuo,</strong></span> <span class='ocrx_word' id='word_1_120' title='bbox 2424 494 2492 534; x_wconf 80' lang='lat' dir='ltr'><strong>ex</strong></span> <span class='ocrx_word' id='word_1_121' title='bbox 2515 487 2695 532; x_wconf 84' lang='lat' dir='ltr'><strong>nostra</strong></span> <span class='ocrx_word' id='word_1_122' title='bbox 2737 494 2968 549; x_wconf 82' lang='lat' dir='ltr'><strong>persona</strong></span> <span class='ocrx_word' id='word_1_123' title='bbox 3010 481 3258 536; x_wconf 85' lang='lat' dir='ltr'><strong>volumus</strong></span> <span class='ocrx_word' id='word_1_124' title='bbox 3295 479 3670 536; x_wconf 77' lang='lat' dir='ltr'><strong>conuueudari</strong></span> <span class='ocrx_word' id='word_1_125' title='bbox 3689 499 3705 519; x_wconf 73' lang='grc' dir='ltr'>ι</span> 
     </span>
    </p>
   </div>
   <div class='ocr_carea' id='block_1_20' title="bbox 2125 566 3723 642">
    <p class='ocr_par' dir='ltr' id='par_1_20' title="bbox 2125 566 3723 642">
     <span class='ocr_line' id='line_1_20' title="bbox 2125 566 3723 642; baseline 0 -20"><span class='ocrx_word' id='word_1_126' title='bbox 2125 576 2184 622; x_wconf 90' lang='lat' dir='ltr'><strong>ut</strong></span> <span class='ocrx_word' id='word_1_127' title='bbox 2238 566 2292 622; x_wconf 85' lang='lat' dir='ltr'><strong>in</strong></span> <span class='ocrx_word' id='word_1_128' title='bbox 2335 583 2432 623; x_wconf 88' lang='lat' dir='ltr'><strong>sua</strong></span> <span class='ocrx_word' id='word_1_129' title='bbox 2477 569 2805 624; x_wconf 85' lang='lat' dir='ltr'><strong>continentia</strong></span> <span class='ocrx_word' id='word_1_130' title='bbox 2836 580 3225 642; x_wconf 75' lang='lat' dir='ltr'><strong>recognoscant</strong></span> <span class='ocrx_word' id='word_1_131' title='bbox 3267 579 3530 642; x_wconf 84' lang='lat' dir='ltr'><strong>quantum</strong></span> <span class='ocrx_word' id='word_1_132' title='bbox 3573 571 3723 642; x_wconf 83' lang='lat' dir='ltr'><strong>apud</strong></span> 
     </span>
    </p>
   </div>
   <div class='ocr_carea' id='block_1_21' title="bbox 2125 660 3719 734">
    <p class='ocr_par' dir='ltr' id='par_1_21' title="bbox 2125 660 3719 734">
     <span class='ocr_line' id='line_1_21' title="bbox 2125 660 3719 734; baseline 0.001 -18"><span class='ocrx_word' id='word_1_133' title='bbox 2125 660 2444 716; x_wconf 86' lang='lat' dir='ltr'><strong>cbaritatem</strong></span> <span class='ocrx_word' id='word_1_134' title='bbox 2485 669 2630 716; x_wconf 84' lang='lat' dir='ltr'><strong>tuam</strong></span> <span class='ocrx_word' id='word_1_135' title='bbox 2657 662 2736 717; x_wconf 90' lang='lat' dir='ltr'><strong>eis</strong></span> <span class='ocrx_word' id='word_1_136' title='bbox 2779 663 3175 719; x_wconf 84' lang='lat' dir='ltr'><strong>commendatio</strong></span> <span class='ocrx_word' id='word_1_137' title='bbox 3213 673 3399 720; x_wconf 86' lang='lat' dir='ltr'><strong>nostra</strong></span> <span class='ocrx_word' id='word_1_138' title='bbox 3425 661 3719 734; x_wconf 76' lang='lat' dir='ltr'><strong>profuerit.</strong></span> 
     </span>
    </p>
   </div>
   <div class='ocr_carea' id='block_1_22' title="bbox 2123 748 3724 811">
    <p class='ocr_par' dir='ltr' id='par_1_22' title="bbox 2123 748 3724 811">
     <span class='ocr_line' id='line_1_22' title="bbox 2123 748 3724 811; baseline 0.001 -8"><span class='ocrx_word' id='word_1_139' title='bbox 2123 748 2232 804; x_wconf 89' lang='lat' dir='ltr'><strong>Sed</strong></span> <span class='ocrx_word' id='word_1_140' title='bbox 2274 757 2330 803; x_wconf 90' lang='lat' dir='ltr'><strong>et</strong></span> <span class='ocrx_word' id='word_1_141' title='bbox 2357 749 2486 806; x_wconf 89' lang='lat' dir='ltr'><strong>illud</strong></span> <span class='ocrx_word' id='word_1_142' title='bbox 2511 750 2578 806; x_wconf 89' lang='lat' dir='ltr'><strong>ad</strong></span> <span class='ocrx_word' id='word_1_143' title='bbox 2607 753 3182 807; x_wconf 83' lang='lat' dir='ltr'><strong>commemorationem</strong></span> <span class='ocrx_word' id='word_1_144' title='bbox 3222 759 3332 808; x_wconf 70' lang='lat' dir='ltr'><strong>tum</strong></span> <span class='ocrx_word' id='word_1_145' title='bbox 3357 751 3724 811; x_wconf 74' lang='lat' dir='ltr'><strong>fraternitatis</strong></span> 
     </span>
    </p>
   </div>
   <div class='ocr_carea' id='block_1_23' title="bbox 2125 840 3723 913">
    <p class='ocr_par' dir='ltr' id='par_1_23' title="bbox 2125 840 3723 913">
     <span class='ocr_line' id='line_1_23' title="bbox 2125 840 3723 913; baseline 0.002 -20"><span class='ocrx_word' id='word_1_146' title='bbox 2125 840 2458 904; x_wconf 85' lang='lat' dir='ltr'><strong>adducimus,</strong></span> <span class='ocrx_word' id='word_1_147' title='bbox 2508 850 2568 896; x_wconf 88' lang='lat' dir='ltr'><strong>ut</strong></span> <span class='ocrx_word' id='word_1_148' title='bbox 2605 843 2746 899; x_wconf 87' lang='lat' dir='ltr'><strong>sicut</strong></span> <span class='ocrx_word' id='word_1_149' title='bbox 2787 842 3111 912; x_wconf 82' lang='lat' dir='ltr'><strong>jampridem</strong></span> <span class='ocrx_word' id='word_1_150' title='bbox 3154 843 3494 913; x_wconf 80' lang='lat' dir='ltr'><strong>scripsimus,</strong></span> <span class='ocrx_word' id='word_1_151' title='bbox 3531 850 3723 898; x_wconf 84' lang='lat' dir='ltr'><strong>vestes</strong></span> 
     </span>
    </p>
   </div>
   <div class='ocr_carea' id='block_1_24' title="bbox 2123 932 3720 1005">
    <p class='ocr_par' dir='ltr' id='par_1_24' title="bbox 2123 932 3720 1005">
     <span class='ocr_line' id='line_1_24' title="bbox 2123 932 3720 1005; baseline -0.001 -18"><span class='ocrx_word' id='word_1_152' title='bbox 2123 948 2244 1005; x_wconf 80' lang='lat' dir='ltr'><strong>qum</strong></span> <span class='ocrx_word' id='word_1_153' title='bbox 2272 934 2597 1004; x_wconf 76' lang='lat' dir='ltr'><strong>pauperibus</strong></span> <span class='ocrx_word' id='word_1_154' title='bbox 2636 944 2953 1002; x_wconf 84' lang='lat' dir='ltr'><strong>erogentur,</strong></span> <span class='ocrx_word' id='word_1_155' title='bbox 2991 933 3042 988; x_wconf 88' lang='lat' dir='ltr'><strong>id</strong></span> <span class='ocrx_word' id='word_1_156' title='bbox 3084 943 3168 992; x_wconf 84' lang='lat' dir='ltr'><strong>est</strong></span> <span class='ocrx_word' id='word_1_157' title='bbox 3195 933 3455 1000; x_wconf 82' lang='lat' dir='ltr'><strong>cucullas,</strong></span> <span class='ocrx_word' id='word_1_158' title='bbox 3477 942 3535 988; x_wconf 92' lang='lat' dir='ltr'><strong>et</strong></span> <span class='ocrx_word' id='word_1_159' title='bbox 3563 932 3720 986; x_wconf 81' lang='lat' dir='ltr'><strong>tuni-</strong></span> 
     </span>
    </p>
   </div>
   <div class='ocr_carea' id='block_1_25' title="bbox 2123 1021 3722 1094">
    <p class='ocr_par' dir='ltr' id='par_1_25' title="bbox 2123 1021 3722 1094">
     <span class='ocr_line' id='line_1_25' title="bbox 2123 1021 3722 1094; baseline -0.001 -18"><span class='ocrx_word' id='word_1_160' title='bbox 2123 1036 2234 1083; x_wconf 88' lang='lat' dir='ltr'><strong>cas.</strong></span> <span class='ocrx_word' id='word_1_161' title='bbox 2263 1030 2426 1092; x_wconf 87' lang='lat' dir='ltr'><strong>atque</strong></span> <span class='ocrx_word' id='word_1_162' title='bbox 2447 1035 2594 1091; x_wconf 83' lang='lat' dir='ltr'><strong>saga.</strong></span> <span class='ocrx_word' id='word_1_163' title='bbox 2626 1021 2696 1078; x_wconf 91' lang='lat' dir='ltr'><strong>de</strong></span> <span class='ocrx_word' id='word_1_164' title='bbox 2722 1037 2790 1078; x_wconf 94' lang='lat' dir='ltr'><strong>eo</strong></span> <span class='ocrx_word' id='word_1_165' title='bbox 2810 1021 2955 1093; x_wconf 89' lang='lat' dir='ltr'><strong>quod</strong></span> <span class='ocrx_word' id='word_1_166' title='bbox 2993 1038 3094 1093; x_wconf 89' lang='lat' dir='ltr'><strong>pro</strong></span> <span class='ocrx_word' id='word_1_167' title='bbox 3136 1023 3488 1094; x_wconf 84' lang='lat' dir='ltr'><strong>pensionibus</strong></span> <span class='ocrx_word' id='word_1_168' title='bbox 3535 1021 3722 1078; x_wconf 86' lang='lat' dir='ltr'><strong>eccle-</strong></span> 
     </span>
    </p>
   </div>
   <div class='ocr_carea' id='block_1_26' title="bbox 2122 1111 3722 1182">
    <p class='ocr_par' dir='ltr' id='par_1_26' title="bbox 2122 1111 3722 1182">
     <span class='ocr_line' id='line_1_26' title="bbox 2122 1111 3722 1182; baseline 0.001 -18"><span class='ocrx_word' id='word_1_169' title='bbox 2122 1111 2457 1166; x_wconf 83' lang='lat' dir='ltr'><strong>siasticarum</strong></span> <span class='ocrx_word' id='word_1_170' title='bbox 2485 1114 2886 1182; x_wconf 79' lang='lat' dir='ltr'><strong>possessionum</strong></span> <span class='ocrx_word' id='word_1_171' title='bbox 2915 1114 3071 1170; x_wconf 90' lang='lat' dir='ltr'><strong>nobis</strong></span> <span class='ocrx_word' id='word_1_172' title='bbox 3089 1114 3320 1171; x_wconf 86' lang='lat' dir='ltr'><strong>domnus</strong></span> <span class='ocrx_word' id='word_1_173' title='bbox 3357 1113 3500 1168; x_wconf 78' lang='lat' dir='ltr'><strong>ﬁlius</strong></span> <span class='ocrx_word' id='word_1_174' title='bbox 3527 1122 3722 1168; x_wconf 83' lang='lat' dir='ltr'><strong>noster</strong></span> 
     </span>
    </p>
   </div>
   <div class='ocr_carea' id='block_1_27' title="bbox 2123 1197 3718 1274">
    <p class='ocr_par' dir='ltr' id='par_1_27' title="bbox 2123 1197 3718 1274">
     <span class='ocr_line' id='line_1_27' title="bbox 2123 1197 3718 1274; baseline 0.004 -22"><span class='ocrx_word' id='word_1_175' title='bbox 2123 1197 2369 1256; x_wconf 84' lang='lat' dir='ltr'><strong>Placidus</strong></span> <span class='ocrx_word' id='word_1_176' title='bbox 2405 1201 2708 1258; x_wconf 89' lang='lat' dir='ltr'><strong>directurus</strong></span> <span class='ocrx_word' id='word_1_177' title='bbox 2735 1212 2873 1271; x_wconf 91' lang='lat' dir='ltr'><strong>erat,</strong></span> <span class='ocrx_word' id='word_1_178' title='bbox 2920 1205 3224 1274; x_wconf 83' lang='lat' dir='ltr'><strong>comparari</strong></span> <span class='ocrx_word' id='word_1_179' title='bbox 3270 1203 3500 1271; x_wconf 81' lang='lat' dir='ltr'><strong>faciatis,</strong></span> <span class='ocrx_word' id='word_1_180' title='bbox 3540 1212 3600 1256; x_wconf 90' lang='lat' dir='ltr'><strong>et</strong></span> <span class='ocrx_word' id='word_1_181' title='bbox 3644 1201 3718 1258; x_wconf 79' lang='lat' dir='ltr'><strong>ad</strong></span> 
     </span>
    </p>
   </div>
   <div class='ocr_carea' id='block_1_28' title="bbox 2121 1289 3734 1365">
    <p class='ocr_par' dir='ltr' id='par_1_28' title="bbox 2121 1289 3734 1365">
     <span class='ocr_line' id='line_1_28' title="bbox 2121 1289 3734 1365; baseline 0.004 -21"><span class='ocrx_word' id='word_1_182' title='bbox 2121 1296 2336 1359; x_wconf 87' lang='lat' dir='ltr'><strong>portum</strong></span> <span class='ocrx_word' id='word_1_183' title='bbox 2362 1289 2685 1356; x_wconf 84' lang='lat' dir='ltr'><strong>Romanum,</strong></span> <span class='ocrx_word' id='word_1_184' title='bbox 2714 1291 2827 1349; x_wconf 89' lang='lat' dir='ltr'><strong>Deo</strong></span> <span class='ocrx_word' id='word_1_185' title='bbox 2846 1291 3734 1365; x_wconf 82' lang='lat' dir='ltr'><strong>propitiante,dirigere;quatenus</strong></span> 
     </span>
    </p>
   </div>
   <div class='ocr_carea' id='block_1_29' title="bbox 2119 1377 3710 1453">
    <p class='ocr_par' dir='ltr' id='par_1_29' title="bbox 2119 1377 3710 1453">
     <span class='ocr_line' id='line_1_29' title="bbox 2119 1377 3710 1453; baseline 0.003 -21"><span class='ocrx_word' id='word_1_186' title='bbox 2119 1377 2534 1434; x_wconf 79' lang='lat' dir='ltr'><strong>sollicitudinem</strong></span> <span class='ocrx_word' id='word_1_187' title='bbox 2581 1391 2820 1438; x_wconf 84' lang='lat' dir='ltr'><strong>nostram</strong></span> <span class='ocrx_word' id='word_1_188' title='bbox 2866 1398 2933 1438; x_wconf 80' lang='lat' dir='ltr'><strong>ex</strong></span> <span class='ocrx_word' id='word_1_189' title='bbox 2981 1391 3135 1452; x_wconf 83' lang='lat' dir='ltr'><strong>parte</strong></span> <span class='ocrx_word' id='word_1_190' title='bbox 3171 1383 3352 1453; x_wconf 84' lang='lat' dir='ltr'><strong>aliqua</strong></span> <span class='ocrx_word' id='word_1_191' title='bbox 3405 1384 3710 1439; x_wconf 88' lang='lat' dir='ltr'><strong>relevetis:</strong></span> 
     </span>
    </p>
   </div>
   <div class='ocr_carea' id='block_1_30' title="bbox 2119 1469 3718 1539">
    <p class='ocr_par' dir='ltr' id='par_1_30' title="bbox 2119 1469 3718 1539">
     <span class='ocr_line' id='line_1_30' title="bbox 2119 1469 3718 1539; baseline 0.003 -16"><span class='ocrx_word' id='word_1_192' title='bbox 2119 1469 2243 1538; x_wconf 85' lang='lat' dir='ltr'><strong>quia</strong></span> <span class='ocrx_word' id='word_1_193' title='bbox 2281 1478 2430 1526; x_wconf 89' lang='lat' dir='ltr'><strong>tanta</strong></span> <span class='ocrx_word' id='word_1_194' title='bbox 2458 1479 2670 1539; x_wconf 82' lang='lat' dir='ltr'><strong>egestas</strong></span> <span class='ocrx_word' id='word_1_195' title='bbox 2707 1479 2764 1527; x_wconf 91' lang='lat' dir='ltr'><strong>ct</strong></span> <span class='ocrx_word' id='word_1_196' title='bbox 2790 1472 3002 1527; x_wconf 87' lang='lat' dir='ltr'><strong>nuditas</strong></span> <span class='ocrx_word' id='word_1_197' title='bbox 3031 1473 3084 1527; x_wconf 92' lang='lat' dir='ltr'><strong>in</strong></span> <span class='ocrx_word' id='word_1_198' title='bbox 3112 1473 3334 1528; x_wconf 84' lang='lat' dir='ltr'><strong>civitate</strong></span> <span class='ocrx_word' id='word_1_199' title='bbox 3364 1473 3466 1528; x_wconf 90' lang='lat' dir='ltr'><strong>ista</strong></span> <span class='ocrx_word' id='word_1_200' title='bbox 3498 1479 3605 1538; x_wconf 88' lang='lat' dir='ltr'><strong>est,</strong></span> <span class='ocrx_word' id='word_1_201' title='bbox 3655 1480 3718 1527; x_wconf 87' lang='lat' dir='ltr'><strong>ut</strong></span> 
     </span>
    </p>
   </div>
   <div class='ocr_carea' id='block_1_31' title="bbox 2119 1559 3717 1634">
    <p class='ocr_par' dir='ltr' id='par_1_31' title="bbox 2119 1559 3717 1634">
     <span class='ocr_line' id='line_1_31' title="bbox 2119 1559 3717 1634; baseline 0.003 -20"><span class='ocrx_word' id='word_1_202' title='bbox 2119 1561 2236 1615; x_wconf 89' lang='lat' dir='ltr'><strong>sine</strong></span> <span class='ocrx_word' id='word_1_203' title='bbox 2257 1559 2445 1617; x_wconf 88' lang='lat' dir='ltr'><strong>dolore</strong></span> <span class='ocrx_word' id='word_1_204' title='bbox 2472 1571 2530 1620; x_wconf 88' lang='lat' dir='ltr'><strong>et</strong></span> <span class='ocrx_word' id='word_1_205' title='bbox 2558 1563 2802 1632; x_wconf 76' lang='lat' dir='ltr'><strong>angustia</strong></span> <span class='ocrx_word' id='word_1_206' title='bbox 2840 1563 3020 1618; x_wconf 89' lang='lat' dir='ltr'><strong>cordis</strong></span> <span class='ocrx_word' id='word_1_207' title='bbox 3063 1563 3234 1619; x_wconf 89' lang='lat' dir='ltr'><strong>nostri</strong></span> <span class='ocrx_word' id='word_1_208' title='bbox 3269 1563 3518 1620; x_wconf 85' lang='lat' dir='ltr'><strong>homines</strong></span> <span class='ocrx_word' id='word_1_209' title='bbox 3567 1578 3717 1634; x_wconf 87' lang='lat' dir='ltr'><strong>quos</strong></span> 
     </span>
    </p>
   </div>
   <div class='ocr_carea' id='block_1_32' title="bbox 2119 1647 3717 1722">
    <p class='ocr_par' dir='ltr' id='par_1_32' title="bbox 2119 1647 3717 1722">
     <span class='ocr_line' id='line_1_32' title="bbox 2119 1647 3717 1722; baseline 0.003 -20"><span class='ocrx_word' id='word_1_210' title='bbox 2119 1647 2345 1706; x_wconf 88' lang='lat' dir='ltr'><strong>honesto</strong></span> <span class='ocrx_word' id='word_1_211' title='bbox 2374 1649 2494 1706; x_wconf 91' lang='lat' dir='ltr'><strong>loco</strong></span> <span class='ocrx_word' id='word_1_212' title='bbox 2521 1658 2680 1706; x_wconf 90' lang='lat' dir='ltr'><strong>natos</strong></span> <span class='ocrx_word' id='word_1_213' title='bbox 2717 1651 2941 1707; x_wconf 88' lang='lat' dir='ltr'><strong>idoneos</strong></span> <span class='ocrx_word' id='word_1_214' title='bbox 2991 1667 3346 1718; x_wconf 85' lang='lat' dir='ltr'><strong>noveramus,</strong></span> <span class='ocrx_word' id='word_1_215' title='bbox 3379 1667 3489 1708; x_wconf 88' lang='lat' dir='ltr'><strong>non</strong></span> <span class='ocrx_word' id='word_1_216' title='bbox 3533 1652 3717 1722; x_wconf 83' lang='lat' dir='ltr'><strong>possi-</strong></span> 
     </span>
    </p>
   </div>
   <div class='ocr_carea' id='block_1_33' title="bbox 431 1741 3715 1825">
    <p class='ocr_par' dir='ltr' id='par_1_33' title="bbox 431 1741 3715 1825">
     <span class='ocr_line' id='line_1_33' title="bbox 431 1741 3715 1825; baseline -0.003 -16"><span class='ocrx_word' id='word_1_217' title='bbox 431 1769 642 1822; x_wconf 74' lang='lat' dir='ltr'><strong>rus,ep.</strong></span> <span class='ocrx_word' id='word_1_218' title='bbox 673 1752 728 1821; x_wconf 87' lang='lat'><strong>6,</strong></span> <span class='ocrx_word' id='word_1_219' title='bbox 770 1769 818 1810; x_wconf 73' lang='grc' dir='ltr'><strong>ε.</strong></span> <span class='ocrx_word' id='word_1_220' title='bbox 851 1751 958 1824; x_wconf 81' lang='lat' dir='ltr'><strong>l5).</strong></span> <span class='ocrx_word' id='word_1_221' title='bbox 1004 1749 1110 1810; x_wconf 85' lang='lat' dir='ltr'><strong>Pro</strong></span> <span class='ocrx_word' id='word_1_222' title='bbox 1137 1752 1348 1825; x_wconf 83' lang='lat' dir='ltr'><strong>quibus,</strong></span> <span class='ocrx_word' id='word_1_223' title='bbox 1378 1751 1795 1808; x_wconf 79' lang='lat' dir='ltr'><strong>Christianitatis</strong></span> <span class='ocrx_word' id='word_1_224' title='bbox 1818 1762 2014 1807; x_wconf 79' lang='lat' dir='ltr'><strong>vestra:</strong></span> <span class='ocrx_word' id='word_1_225' title='bbox 2049 1762 2089 1816; x_wconf 76' lang='grc' dir='ltr'><strong>Β</strong></span> <span class='ocrx_word' id='word_1_226' title='bbox 2119 1755 2237 1795; x_wconf 86' lang='lat' dir='ltr'><strong>mus</strong></span> <span class='ocrx_word' id='word_1_227' title='bbox 2283 1741 2542 1811; x_wconf 82' lang='lat' dir='ltr'><strong>aspicere.</strong></span> <span class='ocrx_word' id='word_1_228' title='bbox 2594 1742 2736 1799; x_wconf 87' lang='lat' dir='ltr'><strong>Deus</strong></span> <span class='ocrx_word' id='word_1_229' title='bbox 2781 1752 2834 1799; x_wconf 92' lang='lat' dir='ltr'><strong>te</strong></span> <span class='ocrx_word' id='word_1_230' title='bbox 2862 1744 3187 1801; x_wconf 82' lang='lat' dir='ltr'><strong>incolumem</strong></span> <span class='ocrx_word' id='word_1_231' title='bbox 3214 1743 3507 1810; x_wconf 88' lang='lat' dir='ltr'><strong>custodiat,</strong></span> <span class='ocrx_word' id='word_1_232' title='bbox 3539 1745 3715 1800; x_wconf 86' lang='lat' dir='ltr'><strong>frater</strong></span> 
     </span>
    </p>
   </div>
   <div class='ocr_carea' id='block_1_34' title="bbox 428 1838 2012 1913">
    <p class='ocr_par' dir='ltr' id='par_1_34' title="bbox 428 1838 2012 1913">
     <span class='ocr_line' id='line_1_34' title="bbox 428 1838 2012 1913; baseline -0.001 -14"><span class='ocrx_word' id='word_1_233' title='bbox 428 1838 754 1899; x_wconf 78' lang='lat' dir='ltr'><strong>conﬁdentia</strong></span> <span class='ocrx_word' id='word_1_234' title='bbox 804 1843 945 1909; x_wconf 86' lang='lat' dir='ltr'><strong>freti,</strong></span> <span class='ocrx_word' id='word_1_235' title='bbox 991 1851 1219 1913; x_wconf 87' lang='lat' dir='ltr'><strong>paterno</strong></span> <span class='ocrx_word' id='word_1_236' title='bbox 1248 1842 1426 1897; x_wconf 91' lang='lat' dir='ltr'><strong>studio</strong></span> <span class='ocrx_word' id='word_1_237' title='bbox 1473 1842 1809 1912; x_wconf 87' lang='lat' dir='ltr'><strong>postulamus</strong></span> <span class='ocrx_word' id='word_1_238' title='bbox 1859 1850 1918 1897; x_wconf 91' lang='lat' dir='ltr'><strong>ut</strong></span> <span class='ocrx_word' id='word_1_239' title='bbox 1963 1843 2012 1898; x_wconf 87' lang='lat' dir='ltr'><strong>si</strong></span> 
     </span>
    </p>
   </div>
   <div class='ocr_carea' id='block_1_35' title="bbox 427 1933 2012 2004">
    <p class='ocr_par' dir='ltr' id='par_1_35' title="bbox 427 1933 2012 2004">
     <span class='ocr_line' id='line_1_35' title="bbox 427 1933 2012 2004; baseline 0 -16"><span class='ocrx_word' id='word_1_240' title='bbox 427 1933 554 2004; x_wconf 90' lang='lat' dir='ltr'><strong>quid</strong></span> <span class='ocrx_word' id='word_1_241' title='bbox 585 1933 692 1990; x_wconf 79' lang='lat' dir='ltr'><strong>tale</strong></span> <span class='ocrx_word' id='word_1_242' title='bbox 731 1933 934 1989; x_wconf 74' lang='lat' dir='ltr'><strong>factum</strong></span> <span class='ocrx_word' id='word_1_243' title='bbox 955 1941 1042 1989; x_wconf 91' lang='lat' dir='ltr'><strong>est</strong></span> <span class='ocrx_word' id='word_1_244' title='bbox 1062 1971 1078 1996; x_wconf 91' lang='lat'><strong>,</strong></span> <span class='ocrx_word' id='word_1_245' title='bbox 1110 1945 1344 2002; x_wconf 88' lang='lat' dir='ltr'><strong>congrua</strong></span> <span class='ocrx_word' id='word_1_246' title='bbox 1373 1933 1736 1988; x_wconf 73' lang='lat' dir='ltr'><strong>satisfactione</strong></span> <span class='ocrx_word' id='word_1_247' title='bbox 1761 1933 2012 1988; x_wconf 88' lang='lat' dir='ltr'><strong>celeriter</strong></span> 
     </span>
    </p>
   </div>
   <div class='ocr_carea' id='block_1_36' title="bbox 427 2023 2011 2094">
    <p class='ocr_par' dir='ltr' id='par_1_36' title="bbox 427 2023 2011 2094">
     <span class='ocr_line' id='line_1_36' title="bbox 427 2023 2011 2094; baseline 0.002 -18"><span class='ocrx_word' id='word_1_248' title='bbox 427 2026 757 2094; x_wconf 81' lang='lat' dir='ltr'><strong>amputetur,</strong></span> <span class='ocrx_word' id='word_1_249' title='bbox 785 2039 883 2080; x_wconf 90' lang='lat' dir='ltr'><strong>nec</strong></span> <span class='ocrx_word' id='word_1_250' title='bbox 912 2023 1074 2078; x_wconf 92' lang='lat' dir='ltr'><strong>ullum</strong></span> <span class='ocrx_word' id='word_1_251' title='bbox 1093 2023 1176 2078; x_wconf 89' lang='lat' dir='ltr'><strong>sui</strong></span> <span class='ocrx_word' id='word_1_252' title='bbox 1197 2023 1501 2094; x_wconf 79' lang='lat' dir='ltr'><strong>exemplum</strong></span> <span class='ocrx_word' id='word_1_253' title='bbox 1531 2023 1585 2078; x_wconf 89' lang='lat' dir='ltr'><strong>in</strong></span> <span class='ocrx_word' id='word_1_254' title='bbox 1607 2024 2011 2094; x_wconf 88' lang='lat' dir='ltr'><strong>perturbatione</strong></span> 
     </span>
    </p>
   </div>
   <div class='ocr_carea' id='block_1_37' title="bbox 429 2111 2009 2184">
    <p class='ocr_par' dir='ltr' id='par_1_37' title="bbox 429 2111 2009 2184">
     <span class='ocr_line' id='line_1_37' title="bbox 429 2111 2009 2184; baseline 0.001 -16"><span class='ocrx_word' id='word_1_255' title='bbox 429 2111 785 2169; x_wconf 86' lang='lat' dir='ltr'><strong>Ecclesiarum</strong></span> <span class='ocrx_word' id='word_1_256' title='bbox 831 2127 967 2182; x_wconf 87' lang='lat' dir='ltr'><strong>quas</strong></span> <span class='ocrx_word' id='word_1_257' title='bbox 1017 2113 1170 2169; x_wconf 84' lang='lat' dir='ltr'><strong>vobis</strong></span> <span class='ocrx_word' id='word_1_258' title='bbox 1207 2111 1352 2169; x_wconf 89' lang='lat' dir='ltr'><strong>Deus</strong></span> <span class='ocrx_word' id='word_1_259' title='bbox 1396 2111 1644 2176; x_wconf 84' lang='lat' dir='ltr'><strong>credidit.</strong></span> <span class='ocrx_word' id='word_1_260' title='bbox 1702 2113 2009 2184; x_wconf 75' lang='lat' dir='ltr'><strong>relinquere</strong></span> 
     </span>
    </p>
   </div>
   <div class='ocr_carea' id='block_1_38' title="bbox 424 2203 2007 2273">
    <p class='ocr_par' dir='ltr' id='par_1_38' title="bbox 424 2203 2007 2273">
     <span class='ocr_line' id='line_1_38' title="bbox 424 2203 2007 2273; baseline 0.001 -14"><span class='ocrx_word' id='word_1_261' title='bbox 424 2204 774 2264; x_wconf 81' lang='lat' dir='ltr'><strong>concedatur.</strong></span> <span class='ocrx_word' id='word_1_262' title='bbox 805 2203 874 2259; x_wconf 88' lang='lat' dir='ltr'><strong>Et</strong></span> <span class='ocrx_word' id='word_1_263' title='bbox 915 2204 1219 2273; x_wconf 85' lang='lat' dir='ltr'><strong>hujusmodi</strong></span> <span class='ocrx_word' id='word_1_264' title='bbox 1247 2205 1425 2261; x_wconf 86' lang='lat' dir='ltr'><strong>causis</strong></span> <span class='ocrx_word' id='word_1_265' title='bbox 1469 2204 1752 2260; x_wconf 85' lang='lat' dir='ltr'><strong>sollicitam</strong></span> <span class='ocrx_word' id='word_1_266' title='bbox 1805 2221 1902 2261; x_wconf 88' lang='lat' dir='ltr'><strong>vos</strong></span> <span class='ocrx_word' id='word_1_267' title='bbox 1953 2207 2007 2260; x_wconf 91' lang='lat' dir='ltr'><strong>iu</strong></span> 
     </span>
    </p>
   </div>
   <div class='ocr_carea' id='block_1_39' title="bbox 422 2295 2006 2368">
    <p class='ocr_par' dir='ltr' id='par_1_39' title="bbox 422 2295 2006 2368">
     <span class='ocr_line' id='line_1_39' title="bbox 422 2295 2006 2368; baseline 0 -14"><span class='ocrx_word' id='word_1_268' title='bbox 422 2297 632 2366; x_wconf 88' lang='lat' dir='ltr'><strong>reliquo</strong></span> <span class='ocrx_word' id='word_1_269' title='bbox 671 2295 828 2357; x_wconf 82' lang='lat' dir='ltr'><strong>decet</strong></span> <span class='ocrx_word' id='word_1_270' title='bbox 877 2297 1134 2353; x_wconf 77' lang='lat' dir='ltr'><strong>exhibere</strong></span> <span class='ocrx_word' id='word_1_271' title='bbox 1183 2297 1480 2364; x_wconf 84' lang='lat' dir='ltr'><strong>cautelam,</strong></span> <span class='ocrx_word' id='word_1_272' title='bbox 1529 2311 1599 2353; x_wconf 88' lang='lat' dir='ltr'><strong>ne</strong></span> <span class='ocrx_word' id='word_1_273' title='bbox 1645 2297 1773 2368; x_wconf 82' lang='lat' dir='ltr'><strong>quid</strong></span> <span class='ocrx_word' id='word_1_274' title='bbox 1819 2307 2006 2354; x_wconf 91' lang='lat' dir='ltr'><strong>contra</strong></span> 
     </span>
    </p>
   </div>
   <div class='ocr_carea' id='block_1_40' title="bbox 421 2387 2002 2459">
    <p class='ocr_par' dir='ltr' id='par_1_40' title="bbox 421 2387 2002 2459">
     <span class='ocr_line' id='line_1_40' title="bbox 421 2387 2002 2459; baseline -0.001 -15"><span class='ocrx_word' id='word_1_275' title='bbox 421 2389 808 2450; x_wconf 80' lang='lat' dir='ltr'><strong>ecclesiasticas</strong></span> <span class='ocrx_word' id='word_1_276' title='bbox 846 2387 1059 2458; x_wconf 83' lang='lat' dir='ltr'><strong>regulas</strong></span> <span class='ocrx_word' id='word_1_277' title='bbox 1108 2388 1416 2459; x_wconf 87' lang='lat' dir='ltr'><strong>petentibus</strong></span> <span class='ocrx_word' id='word_1_278' title='bbox 1455 2387 1808 2444; x_wconf 88' lang='lat' dir='ltr'><strong>concedatis:</strong></span> <span class='ocrx_word' id='word_1_279' title='bbox 1857 2390 2002 2458; x_wconf 81' lang='lat' dir='ltr'><strong>quia,</strong></span> 
     </span>
    </p>
   </div>
   <div class='ocr_carea' id='block_1_41' title="bbox 421 2480 2006 2552">
    <p class='ocr_par' dir='ltr' id='par_1_41' title="bbox 421 2480 2006 2552">
     <span class='ocr_line' id='line_1_41' title="bbox 421 2480 2006 2552; baseline 0.001 -16"><span class='ocrx_word' id='word_1_280' title='bbox 421 2480 562 2552; x_wconf 84' lang='lat' dir='ltr'><strong>quod</strong></span> <span class='ocrx_word' id='word_1_281' title='bbox 589 2482 728 2537; x_wconf 87' lang='lat' dir='ltr'><strong>bene</strong></span> <span class='ocrx_word' id='word_1_282' title='bbox 753 2480 1026 2549; x_wconf 89' lang='lat' dir='ltr'><strong>cognitum</strong></span> <span class='ocrx_word' id='word_1_283' title='bbox 1055 2488 1139 2537; x_wconf 91' lang='lat' dir='ltr'><strong>est</strong></span> <span class='ocrx_word' id='word_1_284' title='bbox 1167 2481 1434 2550; x_wconf 65' lang='lat' dir='ltr'><strong>religiosas</strong></span> <span class='ocrx_word' id='word_1_285' title='bbox 1457 2482 1626 2536; x_wconf 89' lang='lat' dir='ltr'><strong>menti</strong></span> <span class='ocrx_word' id='word_1_286' title='bbox 1651 2489 1867 2546; x_wconf 71' lang='lat' dir='ltr'><strong>vestra,</strong></span> <span class='ocrx_word' id='word_1_287' title='bbox 1898 2497 2006 2538; x_wconf 87' lang='lat' dir='ltr'><strong>non</strong></span> 
     </span>
    </p>
   </div>
   <div class='ocr_carea' id='block_1_42' title="bbox 419 2571 2007 2643">
    <p class='ocr_par' dir='ltr' id='par_1_42' title="bbox 419 2571 2007 2643">
     <span class='ocr_line' id='line_1_42' title="bbox 419 2571 2007 2643; baseline 0.001 -17"><span class='ocrx_word' id='word_1_288' title='bbox 419 2572 577 2628; x_wconf 82' lang='lat' dir='ltr'><strong>aliter</strong></span> <span class='ocrx_word' id='word_1_289' title='bbox 597 2572 711 2628; x_wconf 84' lang='lat' dir='ltr'><strong>Deo</strong></span> <span class='ocrx_word' id='word_1_290' title='bbox 735 2580 927 2632; x_wconf 85' lang='lat' dir='ltr'><strong>nostro</strong></span> <span class='ocrx_word' id='word_1_291' title='bbox 954 2579 1105 2628; x_wconf 89' lang='lat' dir='ltr'><strong>recte</strong></span> <span class='ocrx_word' id='word_1_292' title='bbox 1144 2579 1328 2643; x_wconf 88' lang='lat' dir='ltr'><strong>potest</strong></span> <span class='ocrx_word' id='word_1_293' title='bbox 1355 2571 1552 2642; x_wconf 75' lang='lat' dir='ltr'><strong>regalis</strong></span> <span class='ocrx_word' id='word_1_294' title='bbox 1576 2571 1795 2628; x_wconf 85' lang='lat' dir='ltr'><strong>devotio</strong></span> <span class='ocrx_word' id='word_1_295' title='bbox 1835 2571 2007 2627; x_wconf 65' lang='lat' dir='ltr'><strong>fama-</strong></span> 
     </span>
    </p>
   </div>
   <div class='ocr_carea' id='block_1_43' title="bbox 421 2661 2006 2736">
    <p class='ocr_par' dir='ltr' id='par_1_43' title="bbox 421 2661 2006 2736">
     <span class='ocr_line' id='line_1_43' title="bbox 421 2661 2006 2736; baseline 0.001 -20"><span class='ocrx_word' id='word_1_296' title='bbox 421 2663 539 2729; x_wconf 85' lang='lat' dir='ltr'><strong>lari,</strong></span> <span class='ocrx_word' id='word_1_297' title='bbox 587 2663 693 2718; x_wconf 87' lang='lat' dir='ltr'><strong>nisi</strong></span> <span class='ocrx_word' id='word_1_298' title='bbox 715 2661 1054 2736; x_wconf 80' lang='lat' dir='ltr'><strong>providentia</strong></span> <span class='ocrx_word' id='word_1_299' title='bbox 1080 2661 1196 2732; x_wconf 90' lang='lat' dir='ltr'><strong>ejus</strong></span> <span class='ocrx_word' id='word_1_300' title='bbox 1234 2661 1719 2718; x_wconf 80' lang='lat' dir='ltr'><strong>ecclesiasticarum</strong></span> <span class='ocrx_word' id='word_1_301' title='bbox 1756 2662 2006 2718; x_wconf 87' lang='lat' dir='ltr'><strong>ordinum</strong></span> 
     </span>
    </p>
   </div>
   <div class='ocr_carea' id='block_1_44' title="bbox 418 2752 2005 2822">
    <p class='ocr_par' dir='ltr' id='par_1_44' title="bbox 418 2752 2005 2822">
     <span class='ocr_line' id='line_1_44' title="bbox 418 2752 2005 2822; baseline 0.001 -14"><span class='ocrx_word' id='word_1_302' title='bbox 418 2760 662 2810; x_wconf 81' lang='lat' dir='ltr'><strong>servetur</strong></span> <span class='ocrx_word' id='word_1_303' title='bbox 689 2753 983 2822; x_wconf 72' lang='lat' dir='ltr'><strong>integritas.</strong></span> <span class='ocrx_word' id='word_1_304' title='bbox 1010 2752 1440 2810; x_wconf 81' lang='lat' dir='ltr'><strong>incolumitatem</strong></span> <span class='ocrx_word' id='word_1_305' title='bbox 1463 2753 1792 2810; x_wconf 78' lang='lat' dir='ltr'><strong>excellentia:</strong></span> <span class='ocrx_word' id='word_1_306' title='bbox 1813 2762 2005 2809; x_wconf 71' lang='lat' dir='ltr'><strong>vestrm</strong></span> 
     </span>
    </p>
   </div>
   <div class='ocr_carea' id='block_1_45' title="bbox 421 2841 2002 2914">
    <p class='ocr_par' dir='ltr' id='par_1_45' title="bbox 421 2841 2002 2914">
     <span class='ocr_line' id='line_1_45' title="bbox 421 2841 2002 2914; baseline 0.003 -17"><span class='ocrx_word' id='word_1_307' title='bbox 421 2842 565 2902; x_wconf 77' lang='lat' dir='ltr'><strong>Deus.</strong></span> <span class='ocrx_word' id='word_1_308' title='bbox 613 2850 799 2900; x_wconf 84' lang='lat' dir='ltr'><strong>noster</strong></span> <span class='ocrx_word' id='word_1_309' title='bbox 867 2843 1180 2910; x_wconf 88' lang='lat' dir='ltr'><strong>custodiat,</strong></span> <span class='ocrx_word' id='word_1_310' title='bbox 1228 2841 1446 2900; x_wconf 89' lang='lat' dir='ltr'><strong>domine</strong></span> <span class='ocrx_word' id='word_1_311' title='bbox 1501 2843 1575 2898; x_wconf 89' lang='lat' dir='ltr'><strong>tlli</strong></span> <span class='ocrx_word' id='word_1_312' title='bbox 1619 2843 2002 2914; x_wconf 88' lang='lat' dir='ltr'><strong>gloriosissime</strong></span> 
     </span>
    </p>
   </div>
   <div class='ocr_carea' id='block_1_46' title="bbox 419 2935 1115 3016">
    <p class='ocr_par' dir='ltr' id='par_1_46' title="bbox 419 2935 1115 3016">
     <span class='ocr_line' id='line_1_46' title="bbox 419 2935 1115 3016; baseline 0.003 -28"><span class='ocrx_word' id='word_1_313' title='bbox 419 2945 581 3006; x_wconf 82' lang='lat' dir='ltr'><strong>atque</strong></span> <span class='ocrx_word' id='word_1_314' title='bbox 600 2935 1115 3016; x_wconf 72' lang='lat' dir='ltr'><strong>praecellemissime.</strong></span> 
     </span>
    </p>
   </div>
   <div class='ocr_carea' id='block_1_47' title="bbox 787 3046 1619 3119">
    <p class='ocr_par' dir='ltr' id='par_1_47' title="bbox 787 3046 1619 3119">
     <span class='ocr_line' id='line_1_47' title="bbox 787 3046 1619 3119; baseline -0.005 -14"><span class='ocrx_word' id='word_1_315' title='bbox 787 3046 1121 3105; x_wconf 79' lang='lat' dir='ltr'><strong>EPISTOLA</strong></span> <span class='ocrx_word' id='word_1_316' title='bbox 1148 3046 1265 3107; x_wconf 74' lang='lat' dir='ltr'><strong>xrv</strong></span> <span class='ocrx_word' id='word_1_317' title='bbox 1305 3048 1455 3119; x_wconf 79' lang='lat' dir='ltr'><strong>(olim</strong></span> <span class='ocrx_word' id='word_1_318' title='bbox 1483 3046 1619 3117; x_wconf 79' lang='lat' dir='ltr'><strong>XV).</strong></span> 
     </span>
    </p>
   </div>
   <div class='ocr_carea' id='block_1_48' title="bbox 773 3161 1616 3218">
    <p class='ocr_par' dir='ltr' id='par_1_48' title="bbox 773 3161 1616 3218">
     <span class='ocr_line' id='line_1_48' title="bbox 773 3161 1616 3218; baseline 0 -2"><span class='ocrx_word' id='word_1_319' title='bbox 773 3161 867 3217; x_wconf 65' lang='lat' dir='ltr'><strong>‘An</strong></span> <span class='ocrx_word' id='word_1_320' title='bbox 897 3175 1174 3216; x_wconf 70' lang='lat' dir='ltr'><strong>SAPAUDUI</strong></span> <span class='ocrx_word' id='word_1_321' title='bbox 1210 3175 1616 3218; x_wconf 65' lang='lat' dir='ltr'><strong>aususausus.</strong></span> 
     </span>
    </p>
   </div>
   <div class='ocr_carea' id='block_1_49' title="bbox 419 3253 2004 3326">
    <p class='ocr_par' dir='ltr' id='par_1_49' title="bbox 419 3253 2004 3326">
     <span class='ocr_line' id='line_1_49' title="bbox 419 3253 2004 3326; baseline 0 -15"><span class='ocrx_word' id='word_1_322' title='bbox 419 3254 502 3310; x_wconf 75' lang='lat' dir='ltr'><strong>De</strong></span> <span class='ocrx_word' id='word_1_323' title='bbox 522 3254 740 3326; x_wconf 69' lang='lat' dir='ltr'><strong>epistola</strong></span> <span class='ocrx_word' id='word_1_324' title='bbox 759 3271 877 3326; x_wconf 70' lang='lat' dir='ltr'><strong>sua,</strong></span> <span class='ocrx_word' id='word_1_325' title='bbox 908 3269 1064 3326; x_wconf 74' lang='lat' dir='ltr'><strong>quam</strong></span> <span class='ocrx_word' id='word_1_326' title='bbox 1089 3253 1161 3326; x_wconf 59' lang='lat' dir='ltr'><strong>de</strong></span> <span class='ocrx_word' id='word_1_327' title='bbox 1180 3253 1285 3322; x_wconf 80' lang='lat' dir='ltr'><strong>fide</strong></span> <span class='ocrx_word' id='word_1_328' title='bbox 1308 3253 1565 3326; x_wconf 75' lang='lat' dir='ltr'><strong>catholica</strong></span> <span class='ocrx_word' id='word_1_329' title='bbox 1593 3255 1662 3326; x_wconf 80' lang='lat' dir='ltr'><strong>ad</strong></span> <span class='ocrx_word' id='word_1_330' title='bbox 1687 3271 1858 3326; x_wconf 78' lang='lat' dir='ltr'><strong>regem</strong></span> <span class='ocrx_word' id='word_1_331' title='bbox 1881 3264 2004 3312; x_wconf 83' lang='lat' dir='ltr'><strong>ante</strong></span> 
     </span>
    </p>
   </div>
   <div class='ocr_carea' id='block_1_50' title="bbox 485 3321 2001 3394">
    <p class='ocr_par' dir='ltr' id='par_1_50' title="bbox 485 3321 2001 3394">
     <span class='ocr_line' id='line_1_50' title="bbox 485 3321 2001 3394; baseline -0.001 -12"><span class='ocrx_word' id='word_1_332' title='bbox 485 3321 708 3394; x_wconf 75' lang='lat' dir='ltr'><strong>scripsit.</strong></span> <span class='ocrx_word' id='word_1_333' title='bbox 754 3321 1092 3382; x_wconf 64' lang='lat' dir='ltr'><strong>Comatam!“</strong></span> <span class='ocrx_word' id='word_1_334' title='bbox 1118 3321 1384 3394; x_wconf 73' lang='lat' dir='ltr'><strong>Romanos</strong></span> <span class='ocrx_word' id='word_1_335' title='bbox 1411 3325 1498 3394; x_wconf 79' lang='lat' dir='ltr'><strong>qui</strong></span> <span class='ocrx_word' id='word_1_336' title='bbox 1526 3321 1762 3380; x_wconf 63' lang='lat' dir='ltr'><strong>hostium</strong></span> <span class='ocrx_word' id='word_1_337' title='bbox 1776 3335 1912 3380; x_wconf 78' lang='lat' dir='ltr'><strong>metu</strong></span> <span class='ocrx_word' id='word_1_338' title='bbox 1939 3343 2001 3382; x_wconf 79' lang='lat' dir='ltr'><strong>eo</strong></span> 
     </span>
    </p>
   </div>
   <div class='ocr_carea' id='block_1_51' title="bbox 483 3392 1998 3525">
    <p class='ocr_par' dir='ltr' id='par_1_51' title="bbox 483 3392 1998 3525">
     <span class='ocr_line' id='line_1_51' title="bbox 483 3392 1998 3525; baseline 0 -76"><span class='ocrx_word' id='word_1_339' title='bbox 483 3392 856 3525; x_wconf 42' lang='lat' dir='ltr'><strong>stringerent;</strong></span> <span class='ocrx_word' id='word_1_340' title='bbox 883 3395 1167 3465; x_wconf 75' lang='lat' dir='ltr'><strong>iterumque</strong></span> <span class='ocrx_word' id='word_1_341' title='bbox 1195 3392 1258 3447; x_wconf 81' lang='lat' dir='ltr'><strong>de</strong></span> <span class='ocrx_word' id='word_1_342' title='bbox 1283 3392 1506 3452; x_wconf 74' lang='lat' dir='ltr'><strong>uestibus</strong></span> <span class='ocrx_word' id='word_1_343' title='bbox 1546 3396 1602 3448; x_wconf 83' lang='lat' dir='ltr'><strong>in</strong></span> <span class='ocrx_word' id='word_1_344' title='bbox 1647 3395 1826 3449; x_wconf 80' lang='lat' dir='ltr'><strong>urbem</strong></span> <span class='ocrx_word' id='word_1_345' title='bbox 1874 3397 1998 3463; x_wconf 73' lang='lat' dir='ltr'><strong>mit-</strong></span> 
     </span>
     <span class='ocr_line' id='line_1_52' title="bbox 537 3481 672 3520; baseline -0.007 0"><span class='ocrx_word' id='word_1_346' title='bbox 537 3483 567 3520; x_wconf 88' lang='lat' dir='ltr'><strong>n</strong></span> <span class='ocrx_word' id='word_1_347' title='bbox 610 3481 672 3520; x_wconf 82' lang='lat' dir='ltr'><strong>ts.</strong></span> 
     </span>
    </p>
   </div>
   <div class='ocr_carea' id='block_1_52' title="bbox 488 3475 672 3520">
    <p class='ocr_par' dir='ltr' id='par_1_52' title="bbox 488 3475 672 3520">
     <span class='ocr_line' id='line_1_53' title="bbox 488 3475 672 3520; baseline -0.011 0"><span class='ocrx_word' id='word_1_348' title='bbox 488 3475 672 3520; x_wconf 80' lang='lat' dir='ltr'><strong>tendis.</strong></span> 
     </span>
    </p>
   </div>
   <div class='ocr_carea' id='block_1_53' title="bbox 489 3567 1591 3641">
    <p class='ocr_par' dir='ltr' id='par_1_53' title="bbox 489 3567 1591 3641">
     <span class='ocr_line' id='line_1_54' title="bbox 489 3567 1591 3641; baseline -0.002 -13"><span class='ocrx_word' id='word_1_349' title='bbox 489 3572 846 3630; x_wconf 86' lang='lat' dir='ltr'><strong>Dilectissimo</strong></span> <span class='ocrx_word' id='word_1_350' title='bbox 873 3571 1024 3626; x_wconf 86' lang='lat' dir='ltr'><strong>fratri</strong></span> <span class='ocrx_word' id='word_1_351' title='bbox 1047 3567 1296 3641; x_wconf 86' lang='lat' dir='ltr'><strong>Sapaudo</strong></span> <span class='ocrx_word' id='word_1_352' title='bbox 1323 3569 1591 3641; x_wconf 78' lang='lat' dir='ltr'><strong>Pelagius.</strong></span> 
     </span>
    </p>
   </div>
   <div class='ocr_carea' id='block_1_54' title="bbox 482 3662 2000 3734">
    <p class='ocr_par' dir='ltr' id='par_1_54' title="bbox 482 3662 2000 3734">
     <span class='ocr_line' id='line_1_55' title="bbox 482 3662 2000 3734; baseline 0.001 -14"><span class='ocrx_word' id='word_1_353' title='bbox 482 3663 659 3730; x_wconf 82' lang='lat' dir='ltr'><strong>Tanta</strong></span> <span class='ocrx_word' id='word_1_354' title='bbox 696 3663 852 3720; x_wconf 88' lang='lat' dir='ltr'><strong>nobis</strong></span> <span class='ocrx_word' id='word_1_355' title='bbox 881 3671 968 3726; x_wconf 84' lang='lat' dir='ltr'><strong>est</strong></span> <span class='ocrx_word' id='word_1_356' title='bbox 993 3662 1136 3720; x_wconf 86' lang='lat' dir='ltr'><strong>circa</strong></span> <span class='ocrx_word' id='word_1_357' title='bbox 1179 3674 1466 3734; x_wconf 79' lang='lat' dir='ltr'><strong>persdnam</strong></span> <span class='ocrx_word' id='word_1_358' title='bbox 1506 3671 1612 3720; x_wconf 78' lang='lat' dir='ltr'><strong>tum</strong></span> <span class='ocrx_word' id='word_1_359' title='bbox 1652 3663 2000 3723; x_wconf 86' lang='lat' dir='ltr'><strong>fraternitatis</strong></span> 
     </span>
    </p>
   </div>
   <div class='ocr_carea' id='block_1_55' title="bbox 412 3752 1998 3826">
    <p class='ocr_par' dir='ltr' id='par_1_55' title="bbox 412 3752 1998 3826">
     <span class='ocr_line' id='line_1_56' title="bbox 412 3752 1998 3826; baseline 0 -15"><span class='ocrx_word' id='word_1_360' title='bbox 412 3755 651 3822; x_wconf 74' lang='lat' dir='ltr'><strong>aliectio,</strong></span> <span class='ocrx_word' id='word_1_361' title='bbox 697 3760 756 3809; x_wconf 89' lang='lat' dir='ltr'><strong>ut</strong></span> <span class='ocrx_word' id='word_1_362' title='bbox 781 3753 955 3814; x_wconf 85' lang='lat' dir='ltr'><strong>nullas</strong></span> <span class='ocrx_word' id='word_1_363' title='bbox 981 3752 1298 3810; x_wconf 88' lang='lat' dir='ltr'><strong>occasiones</strong></span> <span class='ocrx_word' id='word_1_364' title='bbox 1326 3753 1552 3810; x_wconf 89' lang='lat' dir='ltr'><strong>transire</strong></span> <span class='ocrx_word' id='word_1_365' title='bbox 1577 3753 1793 3810; x_wconf 91' lang='lat' dir='ltr'><strong>silentio</strong></span> <span class='ocrx_word' id='word_1_366' title='bbox 1822 3757 1998 3826; x_wconf 82' lang='lat' dir='ltr'><strong>patia-</strong></span> 
     </span>
    </p>
   </div>
   <div class='ocr_carea' id='block_1_56' title="bbox 413 3843 1998 3917">
    <p class='ocr_par' dir='ltr' id='par_1_56' title="bbox 413 3843 1998 3917">
     <span class='ocr_line' id='line_1_57' title="bbox 413 3843 1998 3917; baseline 0 -15"><span class='ocrx_word' id='word_1_367' title='bbox 413 3861 552 3902; x_wconf 88' lang='lat' dir='ltr'><strong>mur.</strong></span> <span class='ocrx_word' id='word_1_368' title='bbox 589 3843 824 3916; x_wconf 85' lang='lat' dir='ltr'><strong>Denique</strong></span> <span class='ocrx_word' id='word_1_369' title='bbox 847 3845 1096 3917; x_wconf 78' lang='lat' dir='ltr'><strong>veniente</strong></span> <span class='ocrx_word' id='word_1_370' title='bbox 1124 3843 1250 3904; x_wconf 86' lang='lat' dir='ltr'><strong>illuc</strong></span> <span class='ocrx_word' id='word_1_371' title='bbox 1282 3843 1441 3900; x_wconf 79' lang='lat' dir='ltr'><strong>Petro</strong></span> <span class='ocrx_word' id='word_1_372' title='bbox 1466 3844 1614 3900; x_wconf 89' lang='lat' dir='ltr'><strong>urbis</strong></span> <span class='ocrx_word' id='word_1_373' title='bbox 1637 3845 1998 3916; x_wconf 83' lang='lat' dir='ltr'><strong>negotiatore,</strong></span> 
     </span>
    </p>
   </div>
   <div class='ocr_carea' id='block_1_57' title="bbox 411 3932 1995 4010">
    <p class='ocr_par' dir='ltr' id='par_1_57' title="bbox 411 3932 1995 4010">
     <span class='ocr_line' id='line_1_58' title="bbox 411 3932 1995 4010; baseline -0.001 -19"><span class='ocrx_word' id='word_1_374' title='bbox 411 3937 697 4010; x_wconf 68' lang='lat' dir='ltr'><strong>praesentia</strong></span> <span class='ocrx_word' id='word_1_375' title='bbox 728 3937 1033 3998; x_wconf 87' lang='lat' dir='ltr'><strong>curavimus</strong></span> <span class='ocrx_word' id='word_1_376' title='bbox 1077 3935 1144 3992; x_wconf 90' lang='lat' dir='ltr'><strong>ad</strong></span> <span class='ocrx_word' id='word_1_377' title='bbox 1191 3932 1582 4000; x_wconf 81' lang='lat' dir='ltr'><strong>fraternitatem</strong></span> <span class='ocrx_word' id='word_1_378' title='bbox 1621 3941 1769 3995; x_wconf 89' lang='lat' dir='ltr'><strong>tuam</strong></span> <span class='ocrx_word' id='word_1_379' title='bbox 1799 3936 1995 4007; x_wconf 85' lang='lat' dir='ltr'><strong>scripta</strong></span> 
     </span>
    </p>
   </div>
   <div class='ocr_carea' id='block_1_58' title="bbox 409 4027 1996 4102">
    <p class='ocr_par' dir='ltr' id='par_1_58' title="bbox 409 4027 1996 4102">
     <span class='ocr_line' id='line_1_59' title="bbox 409 4027 1996 4102; baseline -0.004 -14"><span class='ocrx_word' id='word_1_380' title='bbox 409 4032 660 4102; x_wconf 83' lang='lat' dir='ltr'><strong>dirigere,</strong></span> <span class='ocrx_word' id='word_1_381' title='bbox 690 4029 1060 4090; x_wconf 83' lang='lat' dir='ltr'><strong>desiderantes</strong></span> <span class='ocrx_word' id='word_1_382' title='bbox 1096 4036 1158 4084; x_wconf 93' lang='lat' dir='ltr'><strong>ut</strong></span> <span class='ocrx_word' id='word_1_383' title='bbox 1182 4027 1251 4084; x_wconf 89' lang='lat' dir='ltr'><strong>de</strong></span> <span class='ocrx_word' id='word_1_384' title='bbox 1271 4027 1641 4085; x_wconf 86' lang='lat' dir='ltr'><strong>incolumitate</strong></span> <span class='ocrx_word' id='word_1_385' title='bbox 1667 4041 1886 4102; x_wconf 88' lang='lat' dir='ltr'><strong>quoque</strong></span> <span class='ocrx_word' id='word_1_386' title='bbox 1912 4028 1996 4082; x_wconf 89' lang='lat' dir='ltr'><strong>vi-</strong></span> 
     </span>
    </p>
   </div>
   <div class='ocr_carea' id='block_1_59' title="bbox 409 4116 1998 4194">
    <p class='ocr_par' dir='ltr' id='par_1_59' title="bbox 409 4116 1998 4194">
     <span class='ocr_line' id='line_1_60' title="bbox 409 4116 1998 4194; baseline -0.003 -15"><span class='ocrx_word' id='word_1_387' title='bbox 409 4123 592 4180; x_wconf 90' lang='lat' dir='ltr'><strong>cissim</strong></span> <span class='ocrx_word' id='word_1_388' title='bbox 608 4119 1251 4194; x_wconf 82' lang='lat' dir='ltr'><strong>datisopportunitatibus</strong></span> <span class='ocrx_word' id='word_1_389' title='bbox 1277 4131 1651 4188; x_wconf 73' lang='lat' dir='ltr'><strong>agnoscamus.</strong></span> <span class='ocrx_word' id='word_1_390' title='bbox 1676 4116 1850 4186; x_wconf 80' lang='lat' dir='ltr'><strong>Atque</strong></span> <span class='ocrx_word' id='word_1_391' title='bbox 1871 4117 1998 4174; x_wconf 88' lang='lat' dir='ltr'><strong>ideo</strong></span> 
     </span>
    </p>
   </div>
   <div class='ocr_carea' id='block_1_60' title="bbox 409 4205 1998 4278">
    <p class='ocr_par' dir='ltr' id='par_1_60' title="bbox 409 4205 1998 4278">
     <span class='ocr_line' id='line_1_61' title="bbox 409 4205 1998 4278; baseline -0.004 -8"><span class='ocrx_word' id='word_1_392' title='bbox 409 4213 708 4270; x_wconf 83' lang='lat' dir='ltr'><strong>salutantes</strong></span> <span class='ocrx_word' id='word_1_393' title='bbox 733 4211 974 4273; x_wconf 85' lang='lat' dir='ltr'><strong>fraterno</strong></span> <span class='ocrx_word' id='word_1_394' title='bbox 1001 4205 1280 4272; x_wconf 85' lang='lat' dir='ltr'><strong>charitatis</strong></span> <span class='ocrx_word' id='word_1_395' title='bbox 1305 4223 1509 4273; x_wconf 90' lang='lat' dir='ltr'><strong>amore,</strong></span> <span class='ocrx_word' id='word_1_396' title='bbox 1541 4207 1844 4264; x_wconf 89' lang='lat' dir='ltr'><strong>iudicamus</strong></span> <span class='ocrx_word' id='word_1_397' title='bbox 1871 4223 1998 4278; x_wconf 88' lang='lat' dir='ltr'><strong>pro-</strong></span> 
     </span>
    </p>
   </div>
   <div class='ocr_carea' id='block_1_61' title="bbox 409 4301 1994 4377">
    <p class='ocr_par' dir='ltr' id='par_1_61' title="bbox 409 4301 1994 4377">
     <span class='ocr_line' id='line_1_62' title="bbox 409 4301 1994 4377; baseline -0.002 -17"><span class='ocrx_word' id='word_1_398' title='bbox 409 4305 636 4377; x_wconf 89' lang='lat' dir='ltr'><strong>pitiante</strong></span> <span class='ocrx_word' id='word_1_399' title='bbox 657 4303 887 4361; x_wconf 81' lang='lat' dir='ltr'><strong>Domino</strong></span> <span class='ocrx_word' id='word_1_400' title='bbox 909 4303 1053 4358; x_wconf 90' lang='lat' dir='ltr'><strong>circa</strong></span> <span class='ocrx_word' id='word_1_401' title='bbox 1083 4316 1182 4357; x_wconf 89' lang='lat' dir='ltr'><strong>nos</strong></span> <span class='ocrx_word' id='word_1_402' title='bbox 1217 4301 1396 4356; x_wconf 87' lang='lat' dir='ltr'><strong>omnia</strong></span> <span class='ocrx_word' id='word_1_403' title='bbox 1443 4315 1700 4371; x_wconf 88' lang='lat' dir='ltr'><strong>prospere</strong></span> <span class='ocrx_word' id='word_1_404' title='bbox 1745 4302 1877 4370; x_wconf 90' lang='lat' dir='ltr'><strong>geri.</strong></span> <span class='ocrx_word' id='word_1_405' title='bbox 1931 4301 1994 4357; x_wconf 86' lang='lat' dir='ltr'><strong>Et</strong></span> 
     </span>
    </p>
   </div>
   <div class='ocr_carea' id='block_1_62' title="bbox 409 4391 1993 4464">
    <p class='ocr_par' dir='ltr' id='par_1_62' title="bbox 409 4391 1993 4464">
     <span class='ocr_line' id='line_1_63' title="bbox 409 4391 1993 4464; baseline 0 -14"><span class='ocrx_word' id='word_1_406' title='bbox 409 4396 690 4451; x_wconf 85' lang='lat' dir='ltr'><strong>hortamur</strong></span> <span class='ocrx_word' id='word_1_407' title='bbox 716 4400 794 4460; x_wconf 87' lang='lat' dir='ltr'><strong>ut,</strong></span> <span class='ocrx_word' id='word_1_408' title='bbox 847 4393 894 4448; x_wconf 90' lang='lat' dir='ltr'><strong>si</strong></span> <span class='ocrx_word' id='word_1_409' title='bbox 919 4391 1148 4464; x_wconf 90' lang='lat' dir='ltr'><strong>epistola</strong></span> <span class='ocrx_word' id='word_1_410' title='bbox 1170 4406 1330 4464; x_wconf 85' lang='lat' dir='ltr'><strong>quam</strong></span> <span class='ocrx_word' id='word_1_411' title='bbox 1360 4406 1459 4461; x_wconf 89' lang='lat' dir='ltr'><strong>per</strong></span> <span class='ocrx_word' id='word_1_412' title='bbox 1499 4391 1784 4447; x_wconf 89' lang='lat' dir='ltr'><strong>diaconum</strong></span> <span class='ocrx_word' id='word_1_413' title='bbox 1831 4402 1993 4464; x_wconf 86' lang='lat' dir='ltr'><strong>atque</strong></span> 
     </span>
    </p>
   </div>
   <div class='ocr_carea' id='block_1_63' title="bbox 2113 1831 3714 1907">
    <p class='ocr_par' dir='ltr' id='par_1_63' title="bbox 2113 1831 3714 1907">
     <span class='ocr_line' id='line_1_64' title="bbox 2113 1831 3714 1907; baseline 0.003 -21"><span class='ocrx_word' id='word_1_414' title='bbox 2113 1831 2444 1886; x_wconf 88' lang='lat' dir='ltr'><strong>cbarissime.</strong></span> <span class='ocrx_word' id='word_1_415' title='bbox 2474 1831 2607 1886; x_wconf 89' lang='lat' dir='ltr'><strong>Data</strong></span> <span class='ocrx_word' id='word_1_416' title='bbox 2637 1834 2811 1890; x_wconf 86' lang='lat' dir='ltr'><strong>idibus</strong></span> <span class='ocrx_word' id='word_1_417' title='bbox 2837 1834 3054 1905; x_wconf 79' lang='lat' dir='ltr'><strong>Aprilis,</strong></span> <span class='ocrx_word' id='word_1_418' title='bbox 3087 1851 3231 1892; x_wconf 87' lang='lat' dir='ltr'><strong>anno</strong></span> <span class='ocrx_word' id='word_1_419' title='bbox 3261 1834 3328 1890; x_wconf 81' lang='lat' dir='ltr'><strong>l6</strong></span> <span class='ocrx_word' id='word_1_420' title='bbox 3355 1844 3473 1907; x_wconf 87' lang='lat' dir='ltr'><strong>post</strong></span> <span class='ocrx_word' id='word_1_421' title='bbox 3507 1850 3714 1892; x_wconf 84' lang='lat' dir='ltr'><strong>consu-</strong></span> 
     </span>
    </p>
   </div>
   <div class='ocr_carea' id='block_1_64' title="bbox 2113 1923 2947 1981">
    <p class='ocr_par' dir='ltr' id='par_1_64' title="bbox 2113 1923 2947 1981">
     <span class='ocr_line' id='line_1_65' title="bbox 2113 1923 2947 1981; baseline 0.005 -5"><span class='ocrx_word' id='word_1_422' title='bbox 2113 1923 2278 1978; x_wconf 90' lang='lat' dir='ltr'><strong>latum</strong></span> <span class='ocrx_word' id='word_1_423' title='bbox 2306 1923 2484 1980; x_wconf 87' lang='lat' dir='ltr'><strong>Basilii</strong></span> <span class='ocrx_word' id='word_1_424' title='bbox 2513 1924 2613 1980; x_wconf 90' lang='lat' dir='ltr'><strong>viri</strong></span> <span class='ocrx_word' id='word_1_425' title='bbox 2640 1925 2947 1981; x_wconf 84' lang='lat' dir='ltr'><strong>clarissimi.</strong></span> 
     </span>
    </p>
   </div>
   <div class='ocr_carea' id='block_1_65' title="bbox 2484 2034 3312 2110">
    <p class='ocr_par' dir='ltr' id='par_1_65' title="bbox 2484 2034 3312 2110">
     <span class='ocr_line' id='line_1_66' title="bbox 2484 2034 3312 2110; baseline 0.005 -20"><span class='ocrx_word' id='word_1_426' title='bbox 2484 2034 2816 2091; x_wconf 83' lang='lat' dir='ltr'><strong>EPISTOLA</strong></span> <span class='ocrx_word' id='word_1_427' title='bbox 2854 2036 2947 2092; x_wconf 82' lang='lat' dir='ltr'><strong>XV</strong></span> <span class='ocrx_word' id='word_1_428' title='bbox 2978 2039 3121 2106; x_wconf 79' lang='lat' dir='ltr'><strong>(olim</strong></span> <span class='ocrx_word' id='word_1_429' title='bbox 3148 2037 3312 2110; x_wconf 79' lang='lat' dir='ltr'><strong>XVI).</strong></span> 
     </span>
    </p>
   </div>
   <div class='ocr_carea' id='block_1_66' title="bbox 2544 2144 3276 2186">
    <p class='ocr_par' dir='ltr' id='par_1_66' title="bbox 2544 2144 3276 2186">
     <span class='ocr_line' id='line_1_67' title="bbox 2544 2144 3276 2186; baseline 0 -2"><span class='ocrx_word' id='word_1_430' title='bbox 2544 2145 2610 2184; x_wconf 79' lang='lat' dir='ltr'><strong>AD</strong></span> <span class='ocrx_word' id='word_1_431' title='bbox 2648 2144 3055 2184; x_wconf 70' lang='lat' dir='ltr'><strong>CIIILDBBERTUI</strong></span> <span class='ocrx_word' id='word_1_432' title='bbox 3079 2145 3276 2186; x_wconf 72' lang='lat' dir='ltr'><strong>REGEI.</strong></span> 
     </span>
    </p>
   </div>
   <div class='ocr_carea' id='block_1_67' title="bbox 2111 2233 3710 2310">
    <p class='ocr_par' dir='ltr' id='par_1_67' title="bbox 2111 2233 3710 2310">
     <span class='ocr_line' id='line_1_68' title="bbox 2111 2233 3710 2310; baseline 0.004 -20"><span class='ocrx_word' id='word_1_433' title='bbox 2111 2233 2272 2290; x_wconf 79' lang='lat' dir='ltr'><strong>Mittit</strong></span> <span class='ocrx_word' id='word_1_434' title='bbox 2319 2237 2689 2310; x_wconf 61' lang='lat' dir='ltr'><strong>ronfessignem</strong></span> <span class='ocrx_word' id='word_1_435' title='bbox 2747 2239 2870 2308; x_wconf 79' lang='lat' dir='ltr'><strong>ﬁdei</strong></span> <span class='ocrx_word' id='word_1_436' title='bbox 2907 2255 3045 2310; x_wconf 8' lang='lat' dir='ltr'><strong>ﬁrme,</strong></span> <span class='ocrx_word' id='word_1_437' title='bbox 3084 2247 3353 2310; x_wconf 84' lang='lat' dir='ltr'><strong>monetque</strong></span> <span class='ocrx_word' id='word_1_438' title='bbox 3401 2249 3461 2294; x_wconf 82' lang='lat' dir='ltr'><strong>ut</strong></span> <span class='ocrx_word' id='word_1_439' title='bbox 3525 2247 3710 2296; x_wconf 80' lang='lat' dir='ltr'><strong>careat</strong></span> 
     </span>
    </p>
   </div>
   <div class='ocr_carea' id='block_1_68' title="bbox 2177 2306 3710 2389">
    <p class='ocr_par' dir='ltr' id='par_1_68' title="bbox 2177 2306 3710 2389">
     <span class='ocr_line' id='line_1_69' title="bbox 2177 2306 3710 2389; baseline 0.005 -30"><span class='ocrx_word' id='word_1_440' title='bbox 2177 2322 2246 2389; x_wconf 61' lang='lat' dir='ltr'><strong>ne</strong></span> <span class='ocrx_word' id='word_1_441' title='bbox 2287 2324 2386 2389; x_wconf 71' lang='lat' dir='ltr'><strong>qua</strong></span> <span class='ocrx_word' id='word_1_442' title='bbox 2419 2306 2478 2360; x_wconf 75' lang='lat' dir='ltr'><strong>in</strong></span> <span class='ocrx_word' id='word_1_443' title='bbox 2524 2306 2710 2361; x_wconf 76' lang='lat' dir='ltr'><strong>Galliis</strong></span> <span class='ocrx_word' id='word_1_444' title='bbox 2749 2306 2848 2378; x_wconf 78' lang='lat' dir='ltr'><strong>per</strong></span> <span class='ocrx_word' id='word_1_445' title='bbox 2895 2309 3163 2364; x_wconf 67' lang='lat' dir='ltr'><strong>hereticos</strong></span> <span class='ocrx_word' id='word_1_446' title='bbox 3208 2306 3429 2365; x_wconf 66' lang='lat' dir='ltr'><strong>excitari</strong></span> <span class='ocrx_word' id='word_1_447' title='bbox 3475 2310 3710 2366; x_wconf 77' lang='lat' dir='ltr'><strong>discidia</strong></span> 
     </span>
    </p>
   </div>
   <div class='ocr_carea' id='block_1_69' title="bbox 2178 2387 2336 2434">
    <p class='ocr_par' dir='ltr' id='par_1_69' title="bbox 2178 2387 2336 2434">
     <span class='ocr_line' id='line_1_70' title="bbox 2178 2387 2336 2434; baseline -0.013 0"><span class='ocrx_word' id='word_1_448' title='bbox 2178 2387 2336 2434; x_wconf 64' lang='lat' dir='ltr'><strong>ﬂuat.</strong></span> 
     </span>
    </p>
   </div>
   <div class='ocr_carea' id='block_1_70' title="bbox 2180 2489 3706 2564">
    <p class='ocr_par' dir='ltr' id='par_1_70' title="bbox 2180 2489 3706 2564">
     <span class='ocr_line' id='line_1_71' title="bbox 2180 2489 3706 2564; baseline 0.005 -21"><span class='ocrx_word' id='word_1_449' title='bbox 2180 2489 2409 2546; x_wconf 90' lang='lat' dir='ltr'><strong>Domino</strong></span> <span class='ocrx_word' id='word_1_450' title='bbox 2437 2489 2547 2546; x_wconf 74' lang='lat' dir='ltr'><strong>tilio</strong></span> <span class='ocrx_word' id='word_1_451' title='bbox 2574 2489 2962 2560; x_wconf 69' lang='lat' dir='ltr'><strong>gloriosissimo</strong></span> <span class='ocrx_word' id='word_1_452' title='bbox 2990 2501 3154 2562; x_wconf 86' lang='lat' dir='ltr'><strong>atque</strong></span> <span class='ocrx_word' id='word_1_453' title='bbox 3194 2493 3706 2564; x_wconf 73' lang='lat' dir='ltr'><strong>prmcelleutissimo</strong></span> 
     </span>
    </p>
   </div>
   <div class='ocr_carea' id='block_1_71' title="bbox 2105 2581 3189 2654">
    <p class='ocr_par' dir='ltr' id='par_1_71' title="bbox 2105 2581 3189 2654">
     <span class='ocr_line' id='line_1_72' title="bbox 2105 2581 3189 2654; baseline 0.002 -17"><span class='ocrx_word' id='word_1_454' title='bbox 2105 2581 2451 2638; x_wconf 87' lang='lat' dir='ltr'><strong>Cbildeberto</strong></span> <span class='ocrx_word' id='word_1_455' title='bbox 2474 2582 2587 2650; x_wconf 84' lang='lat' dir='ltr'><strong>regi</strong></span> <span class='ocrx_word' id='word_1_456' title='bbox 2617 2581 2864 2651; x_wconf 79' lang='lat' dir='ltr'><strong>Pelagius</strong></span> <span class='ocrx_word' id='word_1_457' title='bbox 2887 2583 3189 2654; x_wconf 85' lang='lat' dir='ltr'><strong>episcopus.</strong></span> 
     </span>
    </p>
   </div>
   <div class='ocr_carea' id='block_1_72' title="bbox 2179 2673 3710 2748">
    <p class='ocr_par' dir='ltr' id='par_1_72' title="bbox 2179 2673 3710 2748">
     <span class='ocr_line' id='line_1_73' title="bbox 2179 2673 3710 2748; baseline 0.007 -21"><span class='ocrx_word' id='word_1_458' title='bbox 2179 2673 2405 2728; x_wconf 80' lang='lat' dir='ltr'><strong>Humani</strong></span> <span class='ocrx_word' id='word_1_459' title='bbox 2449 2674 2662 2742; x_wconf 87' lang='lat' dir='ltr'><strong>generis</strong></span> <span class='ocrx_word' id='word_1_460' title='bbox 2711 2673 2961 2729; x_wconf 89' lang='lat' dir='ltr'><strong>Salvator</strong></span> <span class='ocrx_word' id='word_1_461' title='bbox 2992 2690 3056 2730; x_wconf 85' lang='lat' dir='ltr'><strong>ac</strong></span> <span class='ocrx_word' id='word_1_462' title='bbox 3102 2675 3360 2731; x_wconf 89' lang='lat' dir='ltr'><strong>Dominus</strong></span> <span class='ocrx_word' id='word_1_463' title='bbox 3402 2676 3710 2748; x_wconf 76' lang='lat' dir='ltr'><strong>discipulos</strong></span> 
     </span>
    </p>
   </div>
   <div class='ocr_carea' id='block_1_73' title="bbox 2105 2761 3703 2830">
    <p class='ocr_par' dir='ltr' id='par_1_73' title="bbox 2105 2761 3703 2830">
     <span class='ocr_line' id='line_1_74' title="bbox 2105 2761 3703 2830; baseline 0.004 -12"><span class='ocrx_word' id='word_1_464' title='bbox 2105 2778 2230 2818; x_wconf 88' lang='lat' dir='ltr'><strong>suos</strong></span> <span class='ocrx_word' id='word_1_465' title='bbox 2279 2762 2512 2830; x_wconf 91' lang='lat' dir='ltr'><strong>docens,</strong></span> <span class='ocrx_word' id='word_1_466' title='bbox 2557 2763 2676 2818; x_wconf 88' lang='lat' dir='ltr'><strong>ait:</strong></span> <span class='ocrx_word' id='word_1_467' title='bbox 2712 2761 2837 2818; x_wconf 85' lang='lat' dir='ltr'><strong>Non</strong></span> <span class='ocrx_word' id='word_1_468' title='bbox 2879 2774 2955 2818; x_wconf 65' lang='grc' dir='ltr'><strong>ρει</strong></span> <span class='ocrx_word' id='word_1_469' title='bbox 2995 2765 3230 2821; x_wconf 77' lang='lat' dir='ltr'><strong>voluntas</strong></span> <span class='ocrx_word' id='word_1_470' title='bbox 3281 2765 3461 2822; x_wconf 82' lang='lat' dir='ltr'><strong>Patris</strong></span> <span class='ocrx_word' id='word_1_471' title='bbox 3506 2770 3703 2827; x_wconf 73' lang='lat' dir='ltr'><strong>vestri.</strong></span> 
     </span>
    </p>
   </div>
   <div class='ocr_carea' id='block_1_74' title="bbox 2102 2854 3707 2929">
    <p class='ocr_par' dir='ltr' id='par_1_74' title="bbox 2102 2854 3707 2929">
     <span class='ocr_line' id='line_1_75' title="bbox 2102 2854 3707 2929; baseline 0.006 -24"><span class='ocrx_word' id='word_1_472' title='bbox 2102 2856 2188 2926; x_wconf 81' lang='lat' dir='ltr'><strong>qui</strong></span> <span class='ocrx_word' id='word_1_473' title='bbox 2225 2855 2284 2908; x_wconf 83' lang='lat' dir='ltr'><strong>in</strong></span> <span class='ocrx_word' id='word_1_474' title='bbox 2323 2854 2463 2908; x_wconf 70' lang='lat' dir='ltr'><strong>caelis</strong></span> <span class='ocrx_word' id='word_1_475' title='bbox 2513 2863 2610 2916; x_wconf 79' lang='lat' dir='ltr'><strong>est,</strong></span> <span class='ocrx_word' id='word_1_476' title='bbox 2646 2863 2704 2907; x_wconf 84' lang='lat' dir='ltr'><strong>ut</strong></span> <span class='ocrx_word' id='word_1_477' title='bbox 2741 2871 2875 2908; x_wconf 81' lang='lat' dir='ltr'><strong>unus</strong></span> <span class='ocrx_word' id='word_1_478' title='bbox 2928 2856 3113 2910; x_wconf 78' lang='lat' dir='ltr'><strong>saltem</strong></span> <span class='ocrx_word' id='word_1_479' title='bbox 3157 2866 3336 2928; x_wconf 78' lang='lat' dir='ltr'><strong>pereat</strong></span> <span class='ocrx_word' id='word_1_480' title='bbox 3381 2858 3447 2912; x_wconf 81' lang='lat' dir='ltr'><strong>de</strong></span> <span class='ocrx_word' id='word_1_481' title='bbox 3490 2858 3707 2929; x_wconf 80' lang='lat' dir='ltr'><strong>pusillis</strong></span> 
     </span>
    </p>
   </div>
   <div class='ocr_carea' id='block_1_75' title="bbox 2104 2944 3706 3020">
    <p class='ocr_par' dir='ltr' id='par_1_75' title="bbox 2104 2944 3706 3020">
     <span class='ocr_line' id='line_1_76' title="bbox 2104 2944 3706 3020; baseline 0.004 -22"><span class='ocrx_word' id='word_1_482' title='bbox 2104 2945 2316 3016; x_wconf 73' lang='lat' dir='ltr'><strong>(Matth.</strong></span> <span class='ocrx_word' id='word_1_483' title='bbox 2342 2945 2490 3015; x_wconf 83' lang='lat' dir='ltr'><strong>xvul)</strong></span> <span class='ocrx_word' id='word_1_484' title='bbox 2516 2962 2529 2998; x_wconf 91' lang='lat'><strong>:</strong></span> <span class='ocrx_word' id='word_1_485' title='bbox 2553 2944 2621 3000; x_wconf 91' lang='lat' dir='ltr'><strong>de</strong></span> <span class='ocrx_word' id='word_1_486' title='bbox 2639 2945 2835 3016; x_wconf 83' lang='lat' dir='ltr'><strong>quibus</strong></span> <span class='ocrx_word' id='word_1_487' title='bbox 2865 2961 2963 3001; x_wconf 91' lang='lat' dir='ltr'><strong>nec</strong></span> <span class='ocrx_word' id='word_1_488' title='bbox 2989 2946 3336 3002; x_wconf 82' lang='lat' dir='ltr'><strong>scandalizari</strong></span> <span class='ocrx_word' id='word_1_489' title='bbox 3359 2961 3706 3020; x_wconf 86' lang='lat' dir='ltr'><strong>quemquam</strong></span> 
     </span>
    </p>
   </div>
   <div class='ocr_carea' id='block_1_76' title="bbox 2101 3036 3704 3108">
    <p class='ocr_par' dir='ltr' id='par_1_76' title="bbox 2101 3036 3704 3108">
     <span class='ocr_line' id='line_1_77' title="bbox 2101 3036 3704 3108; baseline -0.001 -15"><span class='ocrx_word' id='word_1_490' title='bbox 2101 3037 2218 3094; x_wconf 89' lang='lat' dir='ltr'><strong>sine</strong></span> <span class='ocrx_word' id='word_1_491' title='bbox 2245 3036 2423 3105; x_wconf 88' lang='lat' dir='ltr'><strong>magni</strong></span> <span class='ocrx_word' id='word_1_492' title='bbox 2453 3036 2648 3091; x_wconf 89' lang='lat' dir='ltr'><strong>asserit</strong></span> <span class='ocrx_word' id='word_1_493' title='bbox 2668 3038 3074 3106; x_wconf 86' lang='lat' dir='ltr'><strong>comparatione</strong></span> <span class='ocrx_word' id='word_1_494' title='bbox 3103 3038 3373 3108; x_wconf 84' lang='lat' dir='ltr'><strong>supplicii.</strong></span> <span class='ocrx_word' id='word_1_495' title='bbox 3405 3037 3541 3095; x_wconf 89' lang='lat' dir='ltr'><strong>Cum</strong></span> <span class='ocrx_word' id='word_1_496' title='bbox 3592 3039 3704 3108; x_wconf 86' lang='lat' dir='ltr'><strong>igi-</strong></span> 
     </span>
    </p>
   </div>
   <div class='ocr_carea' id='block_1_77' title="bbox 2027 3125 3706 3202">
    <p class='ocr_par' dir='ltr' id='par_1_77' title="bbox 2027 3125 3706 3202">
     <span class='ocr_line' id='line_1_78' title="bbox 2027 3125 3706 3202; baseline 0 -19"><span class='ocrx_word' id='word_1_497' title='bbox 2027 3130 2072 3193; x_wconf 91' lang='lat' dir='ltr'><strong>C</strong></span> <span class='ocrx_word' id='word_1_498' title='bbox 2105 3136 2194 3183; x_wconf 91' lang='lat' dir='ltr'><strong>tur</strong></span> <span class='ocrx_word' id='word_1_499' title='bbox 2212 3127 2374 3182; x_wconf 89' lang='lat' dir='ltr'><strong>etiam</strong></span> <span class='ocrx_word' id='word_1_500' title='bbox 2397 3126 2464 3181; x_wconf 91' lang='lat' dir='ltr'><strong>de</strong></span> <span class='ocrx_word' id='word_1_501' title='bbox 2502 3125 2708 3197; x_wconf 90' lang='lat' dir='ltr'><strong>pusillis</strong></span> <span class='ocrx_word' id='word_1_502' title='bbox 2729 3127 2828 3182; x_wconf 88' lang='lat' dir='ltr'><strong>ista</strong></span> <span class='ocrx_word' id='word_1_503' title='bbox 2860 3126 3030 3182; x_wconf 87' lang='lat' dir='ltr'><strong>forma</strong></span> <span class='ocrx_word' id='word_1_504' title='bbox 3057 3129 3310 3202; x_wconf 62' lang='lat' dir='ltr'><strong>praecepti</strong></span> <span class='ocrx_word' id='word_1_505' title='bbox 3355 3129 3448 3194; x_wconf 89' lang='lat' dir='ltr'><strong>sit,</strong></span> <span class='ocrx_word' id='word_1_506' title='bbox 3489 3137 3706 3202; x_wconf 86' lang='lat' dir='ltr'><strong>quanto</strong></span> 
     </span>
    </p>
   </div>
   <div class='ocr_carea' id='block_1_78' title="bbox 2103 3217 3705 3290">
    <p class='ocr_par' dir='ltr' id='par_1_78' title="bbox 2103 3217 3705 3290">
     <span class='ocr_line' id='line_1_79' title="bbox 2103 3217 3705 3290; baseline 0.002 -15"><span class='ocrx_word' id='word_1_507' title='bbox 2103 3219 2261 3275; x_wconf 89' lang='lat' dir='ltr'><strong>nobis</strong></span> <span class='ocrx_word' id='word_1_508' title='bbox 2296 3218 2476 3274; x_wconf 89' lang='lat' dir='ltr'><strong>studio</strong></span> <span class='ocrx_word' id='word_1_509' title='bbox 2503 3234 2566 3274; x_wconf 88' lang='lat' dir='ltr'><strong>ac</strong></span> <span class='ocrx_word' id='word_1_510' title='bbox 2600 3217 2786 3272; x_wconf 86' lang='lat' dir='ltr'><strong>labore</strong></span> <span class='ocrx_word' id='word_1_511' title='bbox 2806 3219 3156 3286; x_wconf 86' lang='lat' dir='ltr'><strong>satagendum</strong></span> <span class='ocrx_word' id='word_1_512' title='bbox 3182 3227 3268 3274; x_wconf 90' lang='lat' dir='ltr'><strong>est</strong></span> <span class='ocrx_word' id='word_1_513' title='bbox 3312 3227 3373 3274; x_wconf 90' lang='lat' dir='ltr'><strong>ut</strong></span> <span class='ocrx_word' id='word_1_514' title='bbox 3414 3235 3518 3290; x_wconf 89' lang='lat' dir='ltr'><strong>pro</strong></span> <span class='ocrx_word' id='word_1_515' title='bbox 3545 3224 3705 3280; x_wconf 73' lang='lat' dir='ltr'><strong>aule-</strong></span> 
     </span>
    </p>
   </div>
   <div class='ocr_carea' id='block_1_79' title="bbox 2104 3307 3705 3380">
    <p class='ocr_par' dir='ltr' id='par_1_79' title="bbox 2104 3307 3705 3380">
     <span class='ocr_line' id='line_1_80' title="bbox 2104 3307 3705 3380; baseline 0.002 -14"><span class='ocrx_word' id='word_1_516' title='bbox 2104 3309 2276 3366; x_wconf 90' lang='lat' dir='ltr'><strong>rendo</strong></span> <span class='ocrx_word' id='word_1_517' title='bbox 2317 3308 2638 3377; x_wconf 82' lang='lat' dir='ltr'><strong>suspicionis</strong></span> <span class='ocrx_word' id='word_1_518' title='bbox 2675 3307 2932 3363; x_wconf 89' lang='lat' dir='ltr'><strong>seandalo</strong></span> <span class='ocrx_word' id='word_1_519' title='bbox 2969 3310 3286 3380; x_wconf 88' lang='lat' dir='ltr'><strong>obsequium</strong></span> <span class='ocrx_word' id='word_1_520' title='bbox 3337 3310 3705 3371; x_wconf 85' lang='lat' dir='ltr'><strong>confessionis</strong></span> 
     </span>
    </p>
   </div>
   <div class='ocr_carea' id='block_1_80' title="bbox 2103 3401 3705 3472">
    <p class='ocr_par' dir='ltr' id='par_1_80' title="bbox 2103 3401 3705 3472">
     <span class='ocr_line' id='line_1_81' title="bbox 2103 3401 3705 3472; baseline 0.002 -14"><span class='ocrx_word' id='word_1_521' title='bbox 2103 3413 2301 3464; x_wconf 75' lang='lat' dir='ltr'><strong>nostra:</strong></span> <span class='ocrx_word' id='word_1_522' title='bbox 2328 3401 2541 3472; x_wconf 87' lang='lat' dir='ltr'><strong>regibus</strong></span> <span class='ocrx_word' id='word_1_523' title='bbox 2568 3401 2960 3466; x_wconf 71' lang='lat' dir='ltr'><strong>ministrmus;</strong></span> <span class='ocrx_word' id='word_1_524' title='bbox 2982 3402 3177 3472; x_wconf 83' lang='lat' dir='ltr'><strong>quibus</strong></span> <span class='ocrx_word' id='word_1_525' title='bbox 3197 3417 3297 3458; x_wconf 91' lang='lat' dir='ltr'><strong>nos</strong></span> <span class='ocrx_word' id='word_1_526' title='bbox 3320 3403 3484 3458; x_wconf 81' lang='lat' dir='ltr'><strong>etiam</strong></span> <span class='ocrx_word' id='word_1_527' title='bbox 3510 3407 3705 3461; x_wconf 56' lang='lat' dir='ltr'><strong>snbdiq</strong></span> 
     </span>
    </p>
   </div>
   <div class='ocr_carea' id='block_1_81' title="bbox 2102 3491 3701 3565">
    <p class='ocr_par' dir='ltr' id='par_1_81' title="bbox 2102 3491 3701 3565">
     <span class='ocr_line' id='line_1_82' title="bbox 2102 3491 3701 3565; baseline 0.004 -17"><span class='ocrx_word' id='word_1_528' title='bbox 2102 3501 2189 3550; x_wconf 89' lang='lat' dir='ltr'><strong>tos</strong></span> <span class='ocrx_word' id='word_1_529' title='bbox 2214 3508 2334 3549; x_wconf 85' lang='lat' dir='ltr'><strong>esse</strong></span> <span class='ocrx_word' id='word_1_530' title='bbox 2369 3500 2572 3548; x_wconf 63' lang='lat' dir='ltr'><strong>sancta</strong></span> <span class='ocrx_word' id='word_1_531' title='bbox 2619 3491 2912 3562; x_wconf 75' lang='lat' dir='ltr'><strong>Scripturtc</strong></span> <span class='ocrx_word' id='word_1_532' title='bbox 2953 3494 3308 3565; x_wconf 69' lang='lat' dir='ltr'><strong>praecipiunt!</strong></span> <span class='ocrx_word' id='word_1_533' title='bbox 3345 3495 3580 3552; x_wconf 78' lang='lat' dir='ltr'><strong>Veniens</strong></span> <span class='ocrx_word' id='word_1_534' title='bbox 3608 3508 3701 3554; x_wconf 60' lang='lat' dir='ltr'><strong>et-</strong></span> 
     </span>
    </p>
   </div>
   <div class='ocr_carea' id='block_1_82' title="bbox 2103 3581 3702 3654">
    <p class='ocr_par' dir='ltr' id='par_1_82' title="bbox 2103 3581 3702 3654">
     <span class='ocr_line' id='line_1_83' title="bbox 2103 3581 3702 3654; baseline 0 -15"><span class='ocrx_word' id='word_1_535' title='bbox 2103 3583 2246 3639; x_wconf 85' lang='lat' dir='ltr'><strong>enim</strong></span> <span class='ocrx_word' id='word_1_536' title='bbox 2301 3581 2524 3636; x_wconf 78' lang='lat' dir='ltr'><strong>Rufinus</strong></span> <span class='ocrx_word' id='word_1_537' title='bbox 2571 3581 2653 3636; x_wconf 89' lang='lat' dir='ltr'><strong>vir</strong></span> <span class='ocrx_word' id='word_1_538' title='bbox 2703 3581 3050 3651; x_wconf 79' lang='lat' dir='ltr'><strong>magniﬁcus,</strong></span> <span class='ocrx_word' id='word_1_539' title='bbox 3101 3583 3310 3654; x_wconf 84' lang='lat' dir='ltr'><strong>legatus</strong></span> <span class='ocrx_word' id='word_1_540' title='bbox 3357 3585 3702 3648; x_wconf 68' lang='lat' dir='ltr'><strong>excellentia)</strong></span> 
     </span>
    </p>
   </div>
   <div class='ocr_carea' id='block_1_83' title="bbox 2101 3670 3700 3746">
    <p class='ocr_par' dir='ltr' id='par_1_83' title="bbox 2101 3670 3700 3746">
     <span class='ocr_line' id='line_1_84' title="bbox 2101 3670 3700 3746; baseline 0.001 -18"><span class='ocrx_word' id='word_1_541' title='bbox 2101 3681 2312 3740; x_wconf 75' lang='lat' dir='ltr'><strong>vestrm,</strong></span> <span class='ocrx_word' id='word_1_542' title='bbox 2361 3670 2694 3728; x_wconf 81' lang='lat' dir='ltr'><strong>confidenter</strong></span> <span class='ocrx_word' id='word_1_543' title='bbox 2729 3685 2760 3726; x_wconf 91' lang='lat' dir='ltr'><strong>a</strong></span> <span class='ocrx_word' id='word_1_544' title='bbox 2799 3671 2976 3741; x_wconf 88' lang='lat' dir='ltr'><strong>nobis,</strong></span> <span class='ocrx_word' id='word_1_545' title='bbox 3033 3681 3093 3727; x_wconf 87' lang='lat' dir='ltr'><strong>ut</strong></span> <span class='ocrx_word' id='word_1_546' title='bbox 3135 3675 3336 3739; x_wconf 89' lang='lat' dir='ltr'><strong>decuit,</strong></span> <span class='ocrx_word' id='word_1_547' title='bbox 3375 3677 3700 3746; x_wconf 85' lang='lat' dir='ltr'><strong>postulavit,</strong></span> 
     </span>
    </p>
   </div>
   <div class='ocr_carea' id='block_1_84' title="bbox 2099 3763 3702 3837">
    <p class='ocr_par' dir='ltr' id='par_1_84' title="bbox 2099 3763 3702 3837">
     <span class='ocr_line' id='line_1_85' title="bbox 2099 3763 3702 3837; baseline 0.002 -16"><span class='ocrx_word' id='word_1_548' title='bbox 2099 3775 2366 3836; x_wconf 88' lang='lat' dir='ltr'><strong>quatenus</strong></span> <span class='ocrx_word' id='word_1_549' title='bbox 2392 3765 2543 3822; x_wconf 83' lang='lat' dir='ltr'><strong>vobis</strong></span> <span class='ocrx_word' id='word_1_550' title='bbox 2571 3772 2664 3820; x_wconf 87' lang='lat' dir='ltr'><strong>aut</strong></span> <span class='ocrx_word' id='word_1_551' title='bbox 2691 3764 2864 3819; x_wconf 69' lang='lat' dir='ltr'><strong>beat-re</strong></span> <span class='ocrx_word' id='word_1_552' title='bbox 2888 3763 3285 3820; x_wconf 83' lang='lat' dir='ltr'><strong>recordationis</strong></span> <span class='ocrx_word' id='word_1_553' title='bbox 3313 3781 3467 3837; x_wconf 67' lang='lat' dir='ltr'><strong>papae</strong></span> <span class='ocrx_word' id='word_1_554' title='bbox 3497 3766 3702 3824; x_wconf 88' lang='lat' dir='ltr'><strong>Leonis</strong></span> 
     </span>
    </p>
   </div>
   <div class='ocr_carea' id='block_1_85' title="bbox 2101 3855 3699 3927">
    <p class='ocr_par' dir='ltr' id='par_1_85' title="bbox 2101 3855 3699 3927">
     <span class='ocr_line' id='line_1_86' title="bbox 2101 3855 3699 3927; baseline 0.001 -15"><span class='ocrx_word' id='word_1_555' title='bbox 2101 3866 2307 3913; x_wconf 84' lang='lat' dir='ltr'><strong>tomum</strong></span> <span class='ocrx_word' id='word_1_556' title='bbox 2337 3871 2368 3911; x_wconf 84' lang='lat' dir='ltr'><strong>a</strong></span> <span class='ocrx_word' id='word_1_557' title='bbox 2391 3856 2547 3912; x_wconf 87' lang='lat' dir='ltr'><strong>nobis</strong></span> <span class='ocrx_word' id='word_1_558' title='bbox 2567 3871 2666 3925; x_wconf 89' lang='lat' dir='ltr'><strong>per</strong></span> <span class='ocrx_word' id='word_1_559' title='bbox 2701 3855 2880 3910; x_wconf 88' lang='lat' dir='ltr'><strong>omnia</strong></span> <span class='ocrx_word' id='word_1_560' title='bbox 2911 3857 3218 3910; x_wconf 90' lang='lat' dir='ltr'><strong>conservari</strong></span> <span class='ocrx_word' id='word_1_561' title='bbox 3249 3857 3555 3927; x_wconf 84' lang='lat' dir='ltr'><strong>significare</strong></span> <span class='ocrx_word' id='word_1_562' title='bbox 3599 3859 3699 3914; x_wconf 88' lang='lat' dir='ltr'><strong>de-</strong></span> 
     </span>
    </p>
   </div>
   <div class='ocr_carea' id='block_1_86' title="bbox 2099 3945 3699 4016">
    <p class='ocr_par' dir='ltr' id='par_1_86' title="bbox 2099 3945 3699 4016">
     <span class='ocr_line' id='line_1_87' title="bbox 2099 3945 3699 4016; baseline 0.003 -14"><span class='ocrx_word' id='word_1_563' title='bbox 2099 3948 2425 4015; x_wconf 82' lang='lat' dir='ltr'><strong>bulssetnus,</strong></span> <span class='ocrx_word' id='word_1_564' title='bbox 2454 3955 2548 4001; x_wconf 90' lang='lat' dir='ltr'><strong>aut</strong></span> <span class='ocrx_word' id='word_1_565' title='bbox 2577 3945 2808 4016; x_wconf 88' lang='lat' dir='ltr'><strong>propriis</strong></span> <span class='ocrx_word' id='word_1_566' title='bbox 2835 3945 3014 4002; x_wconf 87' lang='lat' dir='ltr'><strong>verbis</strong></span> <span class='ocrx_word' id='word_1_567' title='bbox 3054 3955 3252 4002; x_wconf 71' lang='lat' dir='ltr'><strong>nostrae</strong></span> <span class='ocrx_word' id='word_1_568' title='bbox 3290 3949 3699 4007; x_wconf 86' lang='lat' dir='ltr'><strong>confessionem</strong></span> 
     </span>
    </p>
   </div>
   <div class='ocr_carea' id='block_1_87' title="bbox 2101 4035 3699 4112">
    <p class='ocr_par' dir='ltr' id='par_1_87' title="bbox 2101 4035 3699 4112">
     <span class='ocr_line' id='line_1_88' title="bbox 2101 4035 3699 4112; baseline 0.006 -23"><span class='ocrx_word' id='word_1_569' title='bbox 2101 4037 2224 4094; x_wconf 81' lang='lat' dir='ltr'><strong>fidei</strong></span> <span class='ocrx_word' id='word_1_570' title='bbox 2262 4037 2552 4092; x_wconf 83' lang='lat' dir='ltr'><strong>destinare.</strong></span> <span class='ocrx_word' id='word_1_571' title='bbox 2601 4035 2670 4093; x_wconf 81' lang='lat' dir='ltr'><strong>Et</strong></span> <span class='ocrx_word' id='word_1_572' title='bbox 2706 4036 2930 4106; x_wconf 84' lang='lat' dir='ltr'><strong>primam</strong></span> <span class='ocrx_word' id='word_1_573' title='bbox 2976 4037 3193 4106; x_wconf 89' lang='lat' dir='ltr'><strong>quidem</strong></span> <span class='ocrx_word' id='word_1_574' title='bbox 3249 4039 3527 4109; x_wconf 88' lang='lat' dir='ltr'><strong>petitionis</strong></span> <span class='ocrx_word' id='word_1_575' title='bbox 3574 4041 3699 4112; x_wconf 88' lang='lat' dir='ltr'><strong>ejus</strong></span> 
     </span>
    </p>
   </div>
   <div class='ocr_carea' id='block_1_88' title="bbox 2098 4127 3697 4202">
    <p class='ocr_par' dir='ltr' id='par_1_88' title="bbox 2098 4127 3697 4202">
     <span class='ocr_line' id='line_1_89' title="bbox 2098 4127 3697 4202; baseline 0.001 -17"><span class='ocrx_word' id='word_1_576' title='bbox 2098 4140 2324 4202; x_wconf 83' lang='lat' dir='ltr'><strong>partem,</strong></span> <span class='ocrx_word' id='word_1_577' title='bbox 2347 4130 2472 4198; x_wconf 90' lang='lat' dir='ltr'><strong>quia</strong></span> <span class='ocrx_word' id='word_1_578' title='bbox 2503 4128 2712 4184; x_wconf 90' lang='lat' dir='ltr'><strong>facilior</strong></span> <span class='ocrx_word' id='word_1_579' title='bbox 2737 4127 2854 4192; x_wconf 91' lang='lat' dir='ltr'><strong>fuit,</strong></span> <span class='ocrx_word' id='word_1_580' title='bbox 2887 4143 3014 4184; x_wconf 81' lang='lat' dir='ltr'><strong>mox</strong></span> <span class='ocrx_word' id='word_1_581' title='bbox 3043 4139 3101 4184; x_wconf 92' lang='lat' dir='ltr'><strong>ut</strong></span> <span class='ocrx_word' id='word_1_582' title='bbox 3127 4130 3285 4196; x_wconf 82' lang='lat' dir='ltr'><strong>dixit,</strong></span> <span class='ocrx_word' id='word_1_583' title='bbox 3315 4131 3697 4202; x_wconf 88' lang='lat' dir='ltr'><strong>implevimus,</strong></span> 
     </span>
    </p>
   </div>
   <div class='ocr_carea' id='block_1_89' title="bbox 2097 4219 3698 4294">
    <p class='ocr_par' dir='ltr' id='par_1_89' title="bbox 2097 4219 3698 4294">
     <span class='ocr_line' id='line_1_90' title="bbox 2097 4219 3698 4294; baseline 0.002 -19"><span class='ocrx_word' id='word_1_584' title='bbox 2097 4235 2291 4289; x_wconf 91' lang='lat' dir='ltr'><strong>meque</strong></span> <span class='ocrx_word' id='word_1_585' title='bbox 2343 4220 2396 4274; x_wconf 88' lang='lat' dir='ltr'><strong>in</strong></span> <span class='ocrx_word' id='word_1_586' title='bbox 2443 4219 2694 4274; x_wconf 86' lang='lat' dir='ltr'><strong>omnibus</strong></span> <span class='ocrx_word' id='word_1_587' title='bbox 2745 4219 2984 4288; x_wconf 76' lang='lat' dir='ltr'><strong>prmdicti</strong></span> <span class='ocrx_word' id='word_1_588' title='bbox 3025 4221 3268 4290; x_wconf 72' lang='lat' dir='ltr'><strong>prmsulis</strong></span> <span class='ocrx_word' id='word_1_589' title='bbox 3317 4230 3524 4277; x_wconf 90' lang='lat' dir='ltr'><strong>tomum</strong></span> <span class='ocrx_word' id='word_1_590' title='bbox 3590 4238 3698 4294; x_wconf 86' lang='lat' dir='ltr'><strong>pro</strong></span> 
     </span>
    </p>
   </div>
   <div class='ocr_carea' id='block_1_90' title="bbox 2097 4307 3695 4384">
    <p class='ocr_par' dir='ltr' id='par_1_90' title="bbox 2097 4307 3695 4384">
     <span class='ocr_line' id='line_1_91' title="bbox 2097 4307 3695 4384; baseline -0.005 -16"><span class='ocrx_word' id='word_1_591' title='bbox 2097 4309 2376 4368; x_wconf 81' lang='lat' dir='ltr'><strong>catholicae</strong></span> <span class='ocrx_word' id='word_1_592' title='bbox 2408 4307 2528 4362; x_wconf 80' lang='lat' dir='ltr'><strong>fidei</strong></span> <span class='ocrx_word' id='word_1_593' title='bbox 2580 4307 2880 4362; x_wconf 85' lang='lat' dir='ltr'><strong>assertione</strong></span> <span class='ocrx_word' id='word_1_594' title='bbox 2915 4310 3311 4380; x_wconf 88' lang='lat' dir='ltr'><strong>conscriptum,</strong></span> <span class='ocrx_word' id='word_1_595' title='bbox 3344 4309 3457 4366; x_wconf 89' lang='lat' dir='ltr'><strong>Deo</strong></span> <span class='ocrx_word' id='word_1_596' title='bbox 3500 4315 3695 4384; x_wconf 87' lang='lat' dir='ltr'><strong>propi-</strong></span> 
     </span>
    </p>
   </div>
   <div class='ocr_carea' id='block_1_91' title="bbox 2098 4398 3688 4475">
    <p class='ocr_par' dir='ltr' id='par_1_91' title="bbox 2098 4398 3688 4475">
     <span class='ocr_line' id='line_1_92' title="bbox 2098 4398 3688 4475; baseline 0.003 -20"><span class='ocrx_word' id='word_1_597' title='bbox 2098 4401 2197 4468; x_wconf 91' lang='lat' dir='ltr'><strong>tio,</strong></span> <span class='ocrx_word' id='word_1_598' title='bbox 2227 4398 2516 4462; x_wconf 88' lang='lat' dir='ltr'><strong>custodire,</strong></span> <span class='ocrx_word' id='word_1_599' title='bbox 2549 4413 2740 4453; x_wconf 87' lang='lat' dir='ltr'><strong>manus</strong></span> <span class='ocrx_word' id='word_1_600' title='bbox 2765 4405 2962 4454; x_wconf 76' lang='lat' dir='ltr'><strong>nostrm</strong></span> <span class='ocrx_word' id='word_1_601' title='bbox 2983 4399 3050 4454; x_wconf 88' lang='lat' dir='ltr'><strong>ad</strong></span> <span class='ocrx_word' id='word_1_602' title='bbox 3076 4414 3174 4455; x_wconf 87' lang='lat' dir='ltr'><strong>vos</strong></span> <span class='ocrx_word' id='word_1_603' title='bbox 3203 4402 3546 4471; x_wconf 84' lang='lat' dir='ltr'><strong>professione</strong></span> <span class='ocrx_word' id='word_1_604' title='bbox 3573 4407 3688 4475; x_wconf 81' lang='lat' dir='ltr'><strong>sig-</strong></span> 
     </span>
    </p>
   </div>
   <div class='ocr_carea' id='block_1_92' title="bbox 409 4481 3695 4564">
    <p class='ocr_par' dir='ltr' id='par_1_92' title="bbox 409 4481 3695 4564">
     <span class='ocr_line' id='line_1_93' title="bbox 409 4481 3695 4564; baseline -0.001 -23"><span class='ocrx_word' id='word_1_605' title='bbox 409 4485 802 4551; x_wconf 78' lang='lat' dir='ltr'><strong>subdiaconum</strong></span> <span class='ocrx_word' id='word_1_606' title='bbox 837 4481 1188 4538; x_wconf 70' lang='lat' dir='ltr'><strong>fraternitatis</strong></span> <span class='ocrx_word' id='word_1_607' title='bbox 1227 4489 1336 4536; x_wconf 70' lang='lat' dir='ltr'><strong>tum</strong></span> <span class='ocrx_word' id='word_1_608' title='bbox 1370 4481 1437 4538; x_wconf 91' lang='lat' dir='ltr'><strong>ad</strong></span> <span class='ocrx_word' id='word_1_609' title='bbox 1481 4482 1988 4540; x_wconf 78' lang='lat' dir='ltr'><strong>excellentissimum</strong></span> <span class='ocrx_word' id='word_1_610' title='bbox 2021 4505 2068 4564; x_wconf 76' lang='grc' dir='ltr'>υ</span> <span class='ocrx_word' id='word_1_611' title='bbox 2095 4493 2356 4548; x_wconf 76' lang='lat' dir='ltr'><strong>navimus.</strong></span> <span class='ocrx_word' id='word_1_612' title='bbox 2382 4490 2452 4547; x_wconf 86' lang='lat' dir='ltr'><strong>Ut</strong></span> <span class='ocrx_word' id='word_1_613' title='bbox 2481 4499 2661 4546; x_wconf 80' lang='lat' dir='ltr'><strong>autem</strong></span> <span class='ocrx_word' id='word_1_614' title='bbox 2688 4491 2886 4546; x_wconf 84' lang='lat' dir='ltr'><strong>nullius</strong></span> <span class='ocrx_word' id='word_1_615' title='bbox 2912 4491 3168 4562; x_wconf 77' lang='lat' dir='ltr'><strong>deinceps</strong></span> <span class='ocrx_word' id='word_1_616' title='bbox 3186 4535 3204 4562; x_wconf 64' lang='lat'><strong>,</strong></span> <span class='ocrx_word' id='word_1_617' title='bbox 3231 4493 3376 4562; x_wconf 76' lang='lat' dir='ltr'><strong>quod</strong></span> <span class='ocrx_word' id='word_1_618' title='bbox 3405 4494 3568 4563; x_wconf 62' lang='lat' dir='ltr'><strong>absit,</strong></span> <span class='ocrx_word' id='word_1_619' title='bbox 3597 4512 3695 4552; x_wconf 72' lang='lat' dir='ltr'><strong>su-</strong></span> 
     </span>
    </p>
   </div>
   <div class='ocr_carea' id='block_1_93' title="bbox 413 4573 1989 4644">
    <p class='ocr_par' dir='ltr' id='par_1_93' title="bbox 413 4573 1989 4644">
     <span class='ocr_line' id='line_1_94' title="bbox 413 4573 1989 4644; baseline -0.003 -7"><span class='ocrx_word' id='word_1_620' title='bbox 413 4580 575 4638; x_wconf 78' lang='lat' dir='ltr'><strong>tilium</strong></span> <span class='ocrx_word' id='word_1_621' title='bbox 605 4585 848 4634; x_wconf 86' lang='lat' dir='ltr'><strong>nostrum</strong></span> <span class='ocrx_word' id='word_1_622' title='bbox 896 4573 1296 4634; x_wconf 84' lang='lat' dir='ltr'><strong>Childebertum</strong></span> <span class='ocrx_word' id='word_1_623' title='bbox 1344 4588 1524 4642; x_wconf 75' lang='lat' dir='ltr'><strong>regem</strong></span> <span class='ocrx_word' id='word_1_624' title='bbox 1569 4573 1883 4644; x_wconf 81' lang='lat' dir='ltr'><strong>direximus,</strong></span> <span class='ocrx_word' id='word_1_625' title='bbox 1935 4577 1989 4632; x_wconf 93' lang='lat' dir='ltr'><strong>in</strong></span> 
     </span>
    </p>
   </div>
   <div class='ocr_carea' id='block_1_94' title="bbox 411 4665 1988 4741">
    <p class='ocr_par' dir='ltr' id='par_1_94' title="bbox 411 4665 1988 4741">
     <span class='ocr_line' id='line_1_95' title="bbox 411 4665 1988 4741; baseline -0.002 -14"><span class='ocrx_word' id='word_1_626' title='bbox 411 4687 516 4741; x_wconf 85' lang='lat' dir='ltr'><strong>qua</strong></span> <span class='ocrx_word' id='word_1_627' title='bbox 554 4671 623 4727; x_wconf 89' lang='lat' dir='ltr'><strong>de</strong></span> <span class='ocrx_word' id='word_1_628' title='bbox 652 4669 907 4726; x_wconf 90' lang='lat' dir='ltr'><strong>institutis</strong></span> <span class='ocrx_word' id='word_1_629' title='bbox 944 4667 1373 4726; x_wconf 85' lang='lat' dir='ltr'><strong>beatissimorum</strong></span> <span class='ocrx_word' id='word_1_630' title='bbox 1416 4665 1634 4724; x_wconf 85' lang='lat' dir='ltr'><strong>Patrum</strong></span> <span class='ocrx_word' id='word_1_631' title='bbox 1681 4679 1988 4726; x_wconf 81' lang='lat' dir='ltr'><strong>nostrorum</strong></span> 
     </span>
    </p>
   </div>
   <div class='ocr_carea' id='block_1_95' title="bbox 411 4757 1990 4828">
    <p class='ocr_par' dir='ltr' id='par_1_95' title="bbox 411 4757 1990 4828">
     <span class='ocr_line' id='line_1_96' title="bbox 411 4757 1990 4828; baseline 0 -12"><span class='ocrx_word' id='word_1_632' title='bbox 411 4762 570 4818; x_wconf 78' lang='lat' dir='ltr'><strong>fidem</strong></span> <span class='ocrx_word' id='word_1_633' title='bbox 587 4761 906 4817; x_wconf 86' lang='lat' dir='ltr'><strong>catholicam</strong></span> <span class='ocrx_word' id='word_1_634' title='bbox 952 4765 1141 4817; x_wconf 87' lang='lat' dir='ltr'><strong>nostro</strong></span> <span class='ocrx_word' id='word_1_635' title='bbox 1181 4773 1279 4828; x_wconf 90' lang='lat' dir='ltr'><strong>per</strong></span> <span class='ocrx_word' id='word_1_636' title='bbox 1329 4757 1423 4812; x_wconf 92' lang='lat' dir='ltr'><strong>Dei</strong></span> <span class='ocrx_word' id='word_1_637' title='bbox 1469 4758 1696 4826; x_wconf 86' lang='lat' dir='ltr'><strong>gratiam</strong></span> <span class='ocrx_word' id='word_1_638' title='bbox 1741 4774 1990 4819; x_wconf 87' lang='lat' dir='ltr'><strong>sermone</strong></span> 
     </span>
    </p>
   </div>
   <div class='ocr_carea' id='block_1_96' title="bbox 409 4849 1986 4925">
    <p class='ocr_par' dir='ltr' id='par_1_96' title="bbox 409 4849 1986 4925">
     <span class='ocr_line' id='line_1_97' title="bbox 409 4849 1986 4925; baseline -0.003 -15"><span class='ocrx_word' id='word_1_639' title='bbox 409 4852 860 4925; x_wconf 83' lang='lat' dir='ltr'><strong>deprompsimus,</strong></span> <span class='ocrx_word' id='word_1_640' title='bbox 909 4857 1020 4904; x_wconf 88' lang='lat' dir='ltr'><strong>tam</strong></span> <span class='ocrx_word' id='word_1_641' title='bbox 1069 4849 1168 4920; x_wconf 87' lang='lat' dir='ltr'><strong>ipsi</strong></span> <span class='ocrx_word' id='word_1_642' title='bbox 1223 4849 1608 4920; x_wconf 91' lang='lat' dir='ltr'><strong>gloriosissimo</strong></span> <span class='ocrx_word' id='word_1_643' title='bbox 1660 4850 1774 4920; x_wconf 81' lang='lat' dir='ltr'><strong>regi</strong></span> <span class='ocrx_word' id='word_1_644' title='bbox 1825 4865 1986 4922; x_wconf 88' lang='lat' dir='ltr'><strong>quam</strong></span> 
     </span>
    </p>
   </div>
   <div class='ocr_carea' id='block_1_97' title="bbox 408 4940 1990 5012">
    <p class='ocr_par' dir='ltr' id='par_1_97' title="bbox 408 4940 1990 5012">
     <span class='ocr_line' id='line_1_98' title="bbox 408 4940 1990 5012; baseline -0.002 -10"><span class='ocrx_word' id='word_1_645' title='bbox 408 4944 654 5002; x_wconf 87' lang='lat' dir='ltr'><strong>cbaritati</strong></span> <span class='ocrx_word' id='word_1_646' title='bbox 690 4951 794 4998; x_wconf 70' lang='lat' dir='ltr'><strong>ture</strong></span> <span class='ocrx_word' id='word_1_647' title='bbox 826 4943 911 4998; x_wconf 85' lang='lat' dir='ltr'><strong>vel</strong></span> <span class='ocrx_word' id='word_1_648' title='bbox 957 4941 1076 4998; x_wconf 90' lang='lat' dir='ltr'><strong>aliis</strong></span> <span class='ocrx_word' id='word_1_649' title='bbox 1115 4940 1364 4996; x_wconf 87' lang='lat' dir='ltr'><strong>fratribus</strong></span> <span class='ocrx_word' id='word_1_650' title='bbox 1413 4941 1747 5012; x_wconf 82' lang='lat' dir='ltr'><strong>coepiscOpis</strong></span> <span class='ocrx_word' id='word_1_651' title='bbox 1793 4943 1990 5000; x_wconf 85' lang='lat' dir='ltr'><strong>nostris</strong></span> 
     </span>
    </p>
   </div>
   <div class='ocr_carea' id='block_1_98' title="bbox 407 5031 1986 5106">
    <p class='ocr_par' dir='ltr' id='par_1_98' title="bbox 407 5031 1986 5106">
     <span class='ocr_line' id='line_1_99' title="bbox 407 5031 1986 5106; baseline -0.003 -16"><span class='ocrx_word' id='word_1_652' title='bbox 407 5035 629 5106; x_wconf 89' lang='lat' dir='ltr'><strong>placuit,</strong></span> <span class='ocrx_word' id='word_1_653' title='bbox 679 5033 940 5106; x_wconf 87' lang='lat' dir='ltr'><strong>rescripta</strong></span> <span class='ocrx_word' id='word_1_654' title='bbox 975 5039 1084 5088; x_wconf 68' lang='lat' dir='ltr'><strong>tua:</strong></span> <span class='ocrx_word' id='word_1_655' title='bbox 1129 5032 1409 5097; x_wconf 78' lang='lat' dir='ltr'><strong>charitatis</strong></span> <span class='ocrx_word' id='word_1_656' title='bbox 1457 5031 1687 5090; x_wconf 90' lang='lat' dir='ltr'><strong>celerius</strong></span> <span class='ocrx_word' id='word_1_657' title='bbox 1723 5045 1986 5102; x_wconf 79' lang='lat' dir='ltr'><strong>agnosca-</strong></span> 
     </span>
    </p>
   </div>
   <div class='ocr_carea' id='block_1_99' title="bbox 406 5121 1986 5191">
    <p class='ocr_par' dir='ltr' id='par_1_99' title="bbox 406 5121 1986 5191">
     <span class='ocr_line' id='line_1_100' title="bbox 406 5121 1986 5191; baseline -0.001 -11"><span class='ocrx_word' id='word_1_658' title='bbox 406 5141 547 5180; x_wconf 89' lang='lat' dir='ltr'><strong>mus.</strong></span> <span class='ocrx_word' id='word_1_659' title='bbox 588 5123 852 5181; x_wconf 67' lang='lat' dir='ltr'><strong>Pratterea</strong></span> <span class='ocrx_word' id='word_1_660' title='bbox 883 5121 1326 5188; x_wconf 85' lang='lat' dir='ltr'><strong>commendamus</strong></span> <span class='ocrx_word' id='word_1_661' title='bbox 1353 5121 1662 5191; x_wconf 87' lang='lat' dir='ltr'><strong>specialiter</strong></span> <span class='ocrx_word' id='word_1_662' title='bbox 1711 5121 1986 5180; x_wconf 83' lang='lat' dir='ltr'><strong>dilectioni</strong></span> 
     </span>
    </p>
   </div>
   <div class='ocr_carea' id='block_1_100' title="bbox 406 5213 1984 5285">
    <p class='ocr_par' dir='ltr' id='par_1_100' title="bbox 406 5213 1984 5285">
     <span class='ocr_line' id='line_1_101' title="bbox 406 5213 1984 5285; baseline -0.001 -13"><span class='ocrx_word' id='word_1_663' title='bbox 406 5225 512 5272; x_wconf 73' lang='lat' dir='ltr'><strong>tum</strong></span> <span class='ocrx_word' id='word_1_664' title='bbox 540 5214 814 5274; x_wconf 79' lang='lat' dir='ltr'><strong>Romanos</strong></span> <span class='ocrx_word' id='word_1_665' title='bbox 839 5215 930 5285; x_wconf 92' lang='lat' dir='ltr'><strong>qui</strong></span> <span class='ocrx_word' id='word_1_666' title='bbox 979 5213 1291 5278; x_wconf 82' lang='lat' dir='ltr'><strong>hostilitatis</strong></span> <span class='ocrx_word' id='word_1_667' title='bbox 1333 5220 1479 5268; x_wconf 90' lang='lat' dir='ltr'><strong>metu</strong></span> <span class='ocrx_word' id='word_1_668' title='bbox 1506 5213 1878 5282; x_wconf 78' lang='lat' dir='ltr'><strong>confugerunt,</strong></span> <span class='ocrx_word' id='word_1_669' title='bbox 1925 5225 1984 5272; x_wconf 90' lang='lat' dir='ltr'><strong>ut</strong></span> 
     </span>
    </p>
   </div>
   <div class='ocr_carea' id='block_1_101' title="bbox 404 5302 1982 5373">
    <p class='ocr_par' dir='ltr' id='par_1_101' title="bbox 404 5302 1982 5373">
     <span class='ocr_line' id='line_1_102' title="bbox 404 5302 1982 5373; baseline -0.001 -13"><span class='ocrx_word' id='word_1_670' title='bbox 404 5306 656 5362; x_wconf 82' lang='lat' dir='ltr'><strong>solatium</strong></span> <span class='ocrx_word' id='word_1_671' title='bbox 682 5305 1034 5373; x_wconf 84' lang='lat' dir='ltr'><strong>fraternitatis</strong></span> <span class='ocrx_word' id='word_1_672' title='bbox 1079 5313 1202 5369; x_wconf 74' lang='lat' dir='ltr'><strong>tum,</strong></span> <span class='ocrx_word' id='word_1_673' title='bbox 1253 5313 1310 5358; x_wconf 93' lang='lat' dir='ltr'><strong>et</strong></span> <span class='ocrx_word' id='word_1_674' title='bbox 1335 5302 1718 5358; x_wconf 80' lang='lat' dir='ltr'><strong>continentlam</strong></span> <span class='ocrx_word' id='word_1_675' title='bbox 1767 5305 1982 5372; x_wconf 89' lang='lat' dir='ltr'><strong>qualem</strong></span> 
     </span>
    </p>
   </div>
   <div class='ocr_carea' id='block_1_102' title="bbox 2098 4582 3694 4656">
    <p class='ocr_par' dir='ltr' id='par_1_102' title="bbox 2098 4582 3694 4656">
     <span class='ocr_line' id='line_1_103' title="bbox 2098 4582 3694 4656; baseline 0.001 -14"><span class='ocrx_word' id='word_1_676' title='bbox 2098 4584 2352 4655; x_wconf 79' lang='lat' dir='ltr'><strong>Spicionis</strong></span> <span class='ocrx_word' id='word_1_677' title='bbox 2375 4582 2636 4638; x_wconf 86' lang='lat' dir='ltr'><strong>resideret</strong></span> <span class='ocrx_word' id='word_1_678' title='bbox 2662 4583 2896 4649; x_wconf 86' lang='lat' dir='ltr'><strong>occasio,</strong></span> <span class='ocrx_word' id='word_1_679' title='bbox 2921 4583 3084 4636; x_wconf 89' lang='lat' dir='ltr'><strong>etiam</strong></span> <span class='ocrx_word' id='word_1_680' title='bbox 3108 4583 3253 4638; x_wconf 87' lang='lat' dir='ltr'><strong>illam</strong></span> <span class='ocrx_word' id='word_1_681' title='bbox 3285 4584 3444 4638; x_wconf 89' lang='lat' dir='ltr'><strong>aliam</strong></span> <span class='ocrx_word' id='word_1_682' title='bbox 3475 4595 3694 4656; x_wconf 86' lang='lat' dir='ltr'><strong>partem</strong></span> 
     </span>
    </p>
   </div>
   <div class='ocr_carea' id='block_1_103' title="bbox 2097 4673 3668 4745">
    <p class='ocr_par' dir='ltr' id='par_1_103' title="bbox 2097 4673 3668 4745">
     <span class='ocr_line' id='line_1_104' title="bbox 2097 4673 3668 4745; baseline 0.005 -17"><span class='ocrx_word' id='word_1_683' title='bbox 2097 4689 2259 4745; x_wconf 84' lang='lat' dir='ltr'><strong>quam</strong></span> <span class='ocrx_word' id='word_1_684' title='bbox 2309 4681 2637 4729; x_wconf 84' lang='lat' dir='ltr'><strong>memoratus</strong></span> <span class='ocrx_word' id='word_1_685' title='bbox 2689 4675 2774 4728; x_wconf 90' lang='lat' dir='ltr'><strong>vir</strong></span> <span class='ocrx_word' id='word_1_686' title='bbox 2820 4673 3045 4728; x_wconf 87' lang='lat' dir='ltr'><strong>illustris</strong></span> <span class='ocrx_word' id='word_1_687' title='bbox 3100 4674 3326 4730; x_wconf 75' lang='lat' dir='ltr'><strong>Rufinus</strong></span> <span class='ocrx_word' id='word_1_688' title='bbox 3379 4679 3668 4738; x_wconf 87' lang='lat' dir='ltr'><strong>admonuit</strong></span> 
     </span>
    </p>
   </div>
   <div class='ocr_carea' id='block_1_104' title="bbox 2099 4762 3692 4832">
    <p class='ocr_par' dir='ltr' id='par_1_104' title="bbox 2099 4762 3692 4832">
     <span class='ocr_line' id='line_1_105' title="bbox 2099 4762 3692 4832; baseline 0.004 -15"><span class='ocrx_word' id='word_1_689' title='bbox 2099 4763 2536 4828; x_wconf 83' lang='lat' dir='ltr'><strong>facere,mutavi;</strong></span> <span class='ocrx_word' id='word_1_690' title='bbox 2567 4762 2774 4817; x_wconf 88' lang='lat' dir='ltr'><strong>scilicet</strong></span> <span class='ocrx_word' id='word_1_691' title='bbox 2801 4763 3032 4832; x_wconf 89' lang='lat' dir='ltr'><strong>propriis</strong></span> <span class='ocrx_word' id='word_1_692' title='bbox 3074 4762 3253 4818; x_wconf 90' lang='lat' dir='ltr'><strong>verbis</strong></span> <span class='ocrx_word' id='word_1_693' title='bbox 3284 4763 3692 4823; x_wconf 85' lang='lat' dir='ltr'><strong>confessionem</strong></span> 
     </span>
    </p>
   </div>
   <div class='ocr_carea' id='block_1_105' title="bbox 2097 4851 3694 4927">
    <p class='ocr_par' dir='ltr' id='par_1_105' title="bbox 2097 4851 3694 4927">
     <span class='ocr_line' id='line_1_106' title="bbox 2097 4851 3694 4927; baseline 0.003 -20"><span class='ocrx_word' id='word_1_694' title='bbox 2097 4855 2218 4910; x_wconf 73' lang='grc' dir='ltr'><strong>εἰδεί</strong></span> <span class='ocrx_word' id='word_1_695' title='bbox 2247 4868 2406 4922; x_wconf 87' lang='lat' dir='ltr'><strong>quam</strong></span> <span class='ocrx_word' id='word_1_696' title='bbox 2446 4859 2720 4916; x_wconf 85' lang='lat' dir='ltr'><strong>tenemus,</strong></span> <span class='ocrx_word' id='word_1_697' title='bbox 2749 4867 3047 4922; x_wconf 75' lang='lat' dir='ltr'><strong>exponens.</strong></span> <span class='ocrx_word' id='word_1_698' title='bbox 3077 4851 3424 4909; x_wconf 80' lang='lat' dir='ltr'><strong>Deﬁnitiones</strong></span> <span class='ocrx_word' id='word_1_699' title='bbox 3467 4871 3694 4927; x_wconf 88' lang='lat' dir='ltr'><strong>quoque</strong></span> 
     </span>
    </p>
   </div>
   <div class='ocr_carea' id='block_1_106' title="bbox 2092 4942 3693 5012">
    <p class='ocr_par' dir='ltr' id='par_1_106' title="bbox 2092 4942 3693 5012">
     <span class='ocr_line' id='line_1_107' title="bbox 2092 4942 3693 5012; baseline 0.001 -12"><span class='ocrx_word' id='word_1_700' title='bbox 2092 4944 2162 5000; x_wconf 91' lang='lat' dir='ltr'><strong>de</strong></span> <span class='ocrx_word' id='word_1_701' title='bbox 2189 4944 2378 5000; x_wconf 87' lang='lat' dir='ltr'><strong>eadem</strong></span> <span class='ocrx_word' id='word_1_702' title='bbox 2408 4943 2674 4999; x_wconf 88' lang='lat' dir='ltr'><strong>catholica</strong></span> <span class='ocrx_word' id='word_1_703' title='bbox 2701 4942 2804 4997; x_wconf 83' lang='lat' dir='ltr'><strong>llde</strong></span> <span class='ocrx_word' id='word_1_704' title='bbox 2825 4957 2944 5010; x_wconf 80' lang='lat' dir='ltr'><strong>qum</strong></span> <span class='ocrx_word' id='word_1_705' title='bbox 2971 4943 3022 4997; x_wconf 91' lang='lat' dir='ltr'><strong>in</strong></span> <span class='ocrx_word' id='word_1_706' title='bbox 3051 4949 3286 5012; x_wconf 87' lang='lat' dir='ltr'><strong>quatuor</strong></span> <span class='ocrx_word' id='word_1_707' title='bbox 3317 4946 3524 5001; x_wconf 73' lang='lat' dir='ltr'><strong>sanctis</strong></span> <span class='ocrx_word' id='word_1_708' title='bbox 3553 4963 3693 5002; x_wconf 78' lang='lat' dir='ltr'><strong>cou-</strong></span> 
     </span>
    </p>
   </div>
   <div class='ocr_carea' id='block_1_107' title="bbox 2091 5031 3692 5106">
    <p class='ocr_par' dir='ltr' id='par_1_107' title="bbox 2091 5031 3692 5106">
     <span class='ocr_line' id='line_1_108' title="bbox 2091 5031 3692 5106; baseline 0.001 -15"><span class='ocrx_word' id='word_1_709' title='bbox 2091 5033 2226 5092; x_wconf 84' lang='lat' dir='ltr'><strong>ciliis</strong></span> <span class='ocrx_word' id='word_1_710' title='bbox 2253 5041 2466 5088; x_wconf 73' lang='lat' dir='ltr'><strong>statutze</strong></span> <span class='ocrx_word' id='word_1_711' title='bbox 2493 5041 2636 5096; x_wconf 89' lang='lat' dir='ltr'><strong>sunt,</strong></span> <span class='ocrx_word' id='word_1_712' title='bbox 2659 5031 2755 5088; x_wconf 88' lang='lat' dir='ltr'><strong>sed</strong></span> <span class='ocrx_word' id='word_1_713' title='bbox 2807 5039 2862 5086; x_wconf 90' lang='lat' dir='ltr'><strong>et</strong></span> <span class='ocrx_word' id='word_1_714' title='bbox 2909 5033 3194 5088; x_wconf 88' lang='lat' dir='ltr'><strong>memorati</strong></span> <span class='ocrx_word' id='word_1_715' title='bbox 3221 5032 3518 5104; x_wconf 81' lang='lat' dir='ltr'><strong>pontificis,</strong></span> <span class='ocrx_word' id='word_1_716' title='bbox 3549 5051 3692 5106; x_wconf 87' lang='lat' dir='ltr'><strong>quas</strong></span> 
     </span>
    </p>
   </div>
   <div class='ocr_carea' id='block_1_108' title="bbox 2091 5124 3691 5194">
    <p class='ocr_par' dir='ltr' id='par_1_108' title="bbox 2091 5124 3691 5194">
     <span class='ocr_line' id='line_1_109' title="bbox 2091 5124 3691 5194; baseline 0.003 -12"><span class='ocrx_word' id='word_1_717' title='bbox 2091 5126 2406 5182; x_wconf 80' lang='lat' dir='ltr'><strong>universalis</strong></span> <span class='ocrx_word' id='word_1_718' title='bbox 2455 5139 2672 5194; x_wconf 86' lang='lat' dir='ltr'><strong>semper</strong></span> <span class='ocrx_word' id='word_1_719' title='bbox 2711 5124 2884 5179; x_wconf 86' lang='lat' dir='ltr'><strong>tenuit</strong></span> <span class='ocrx_word' id='word_1_720' title='bbox 2931 5140 2996 5179; x_wconf 85' lang='lat' dir='ltr'><strong>ac</strong></span> <span class='ocrx_word' id='word_1_721' title='bbox 3041 5133 3191 5181; x_wconf 86' lang='lat' dir='ltr'><strong>tenet</strong></span> <span class='ocrx_word' id='word_1_722' title='bbox 3238 5124 3480 5182; x_wconf 86' lang='lat' dir='ltr'><strong>Ecclesia</strong></span> <span class='ocrx_word' id='word_1_723' title='bbox 3511 5167 3528 5192; x_wconf 90' lang='lat'><strong>,</strong></span> <span class='ocrx_word' id='word_1_724' title='bbox 3580 5146 3691 5186; x_wconf 93' lang='lat' dir='ltr'><strong>nos</strong></span> 
     </span>
    </p>
   </div>
   <div class='ocr_carea' id='block_1_109' title="bbox 2088 5215 3688 5287">
    <p class='ocr_par' dir='ltr' id='par_1_109' title="bbox 2088 5215 3688 5287">
     <span class='ocr_line' id='line_1_110' title="bbox 2088 5215 3688 5287; baseline 0.004 -14"><span class='ocrx_word' id='word_1_725' title='bbox 2088 5233 2211 5273; x_wconf 91' lang='lat' dir='ltr'><strong>cum</strong></span> <span class='ocrx_word' id='word_1_726' title='bbox 2241 5217 2336 5272; x_wconf 90' lang='lat' dir='ltr'><strong>Dei</strong></span> <span class='ocrx_word' id='word_1_727' title='bbox 2365 5216 2564 5270; x_wconf 82' lang='lat' dir='ltr'><strong>auxilio</strong></span> <span class='ocrx_word' id='word_1_728' title='bbox 2594 5227 2780 5270; x_wconf 89' lang='lat' dir='ltr'><strong>tenere</strong></span> <span class='ocrx_word' id='word_1_729' title='bbox 2805 5224 2966 5284; x_wconf 85' lang='lat' dir='ltr'><strong>atque</strong></span> <span class='ocrx_word' id='word_1_730' title='bbox 2992 5215 3303 5282; x_wconf 76' lang='lat' dir='ltr'><strong>defendere,</strong></span> <span class='ocrx_word' id='word_1_731' title='bbox 3329 5223 3592 5287; x_wconf 65' lang='lat' dir='ltr'><strong>praesenti</strong></span> <span class='ocrx_word' id='word_1_732' title='bbox 3615 5223 3688 5279; x_wconf 88' lang='lat' dir='ltr'><strong>ad</strong></span> 
     </span>
    </p>
   </div>
   <div class='ocr_carea' id='block_1_110' title="bbox 2091 5305 3688 5380">
    <p class='ocr_par' dir='ltr' id='par_1_110' title="bbox 2091 5305 3688 5380">
     <span class='ocr_line' id='line_1_111' title="bbox 2091 5305 3688 5380; baseline 0.004 -19"><span class='ocrx_word' id='word_1_733' title='bbox 2091 5306 2467 5368; x_wconf 77' lang='lat' dir='ltr'><strong>excellentiam</strong></span> <span class='ocrx_word' id='word_1_734' title='bbox 2489 5315 2722 5360; x_wconf 86' lang='lat' dir='ltr'><strong>vestram</strong></span> <span class='ocrx_word' id='word_1_735' title='bbox 2751 5305 3021 5377; x_wconf 87' lang='lat' dir='ltr'><strong>colloquio</strong></span> <span class='ocrx_word' id='word_1_736' title='bbox 3049 5306 3404 5380; x_wconf 78' lang='lat' dir='ltr'><strong>intimandum</strong></span> <span class='ocrx_word' id='word_1_737' title='bbox 3427 5327 3688 5368; x_wconf 84' lang='lat' dir='ltr'><strong>necessa-</strong></span> 
     </span>
    </p>
   </div>
   <div class='ocr_carea' id='block_1_111' title="bbox 404 5397 2443 5483">
    <p class='ocr_par' dir='ltr' id='par_1_111' title="bbox 404 5397 2443 5483">
     <span class='ocr_line' id='line_1_112' title="bbox 404 5397 2443 5483; baseline -0.001 -31"><span class='ocrx_word' id='word_1_738' title='bbox 404 5399 765 5483; x_wconf 79' lang='lat' dir='ltr'><strong>peregrinatio</strong></span> <span class='ocrx_word' id='word_1_739' title='bbox 783 5413 972 5454; x_wconf 85' lang='lat' dir='ltr'><strong>eorum</strong></span> <span class='ocrx_word' id='word_1_740' title='bbox 992 5398 1167 5468; x_wconf 89' lang='lat' dir='ltr'><strong>poscit</strong></span> <span class='ocrx_word' id='word_1_741' title='bbox 1190 5398 1493 5462; x_wconf 87' lang='lat' dir='ltr'><strong>inveniant;</strong></span> <span class='ocrx_word' id='word_1_742' title='bbox 1521 5413 1658 5468; x_wconf 87' lang='lat' dir='ltr'><strong>quos</strong></span> <span class='ocrx_word' id='word_1_743' title='bbox 1686 5398 1848 5454; x_wconf 86' lang='lat' dir='ltr'><strong>etiam</strong></span> <span class='ocrx_word' id='word_1_744' title='bbox 1873 5399 1983 5455; x_wconf 84' lang='lat' dir='ltr'><strong>filio</strong></span> <span class='ocrx_word' id='word_1_745' title='bbox 2087 5400 2168 5454; x_wconf 85' lang='lat' dir='ltr'><strong>rio</strong></span> <span class='ocrx_word' id='word_1_746' title='bbox 2186 5397 2443 5466; x_wconf 71' lang='lat' dir='ltr'><strong>iudicavi.</strong></span> 
     </span>
    </p>
   </div>
   <div class='ocr_carea' id='block_1_112' title="bbox 413 5517 564 5533">
    <p class='ocr_par' dir='ltr' id='par_1_112' title="bbox 413 5517 564 5533">
     <span class='ocr_line' id='line_1_113' title="bbox 413 5517 564 5533; baseline -0.02 0"><span class='ocrx_word' id='word_1_747' title='bbox 413 5517 564 5533; x_wconf 42' lang='lat' dir='ltr'><strong>ﬁ</strong></span> 
     </span>
    </p>
   </div>
   <div class='ocr_carea' id='block_1_113' title="bbox 588 5504 3672 5538">
    <p class='ocr_par' dir='ltr' id='par_1_113' title="bbox 588 5504 3672 5538">
     <span class='ocr_line' id='line_1_114' title="bbox 588 5504 3672 5538; baseline 0.005 -14"><span class='ocrx_word' id='word_1_748' title='bbox 588 5504 3672 5538; x_wconf 72' lang='lat'><strong>_————_————-———-—|-—-—-—-—-——-—-————-————-—-————————__—__</strong></span> 
     </span>
    </p>
   </div>
   <div class='ocr_carea' id='block_1_114' title="bbox 1591 5579 2467 5641">
    <p class='ocr_par' dir='ltr' id='par_1_114' title="bbox 1591 5579 2467 5641">
     <span class='ocr_line' id='line_1_115' title="bbox 1591 5579 2467 5641; baseline -0.003 -1"><span class='ocrx_word' id='word_1_749' title='bbox 1591 5581 1816 5641; x_wconf 79' lang='lat' dir='ltr'><strong>FlDES</strong></span> <span class='ocrx_word' id='word_1_750' title='bbox 1860 5581 2079 5640; x_wconf 64' lang='lat' dir='ltr'><strong>PAPE</strong></span> <span class='ocrx_word' id='word_1_751' title='bbox 2125 5579 2467 5640; x_wconf 79' lang='lat' dir='ltr'><strong>PELAGII.</strong></span> 
     </span>
    </p>
   </div>
   <div class='ocr_carea' id='block_1_115' title="bbox 479 5679 1975 5751">
    <p class='ocr_par' dir='ltr' id='par_1_115' title="bbox 479 5679 1975 5751">
     <span class='ocr_line' id='line_1_116' title="bbox 479 5679 1975 5751; baseline -0.001 -17"><span class='ocrx_word' id='word_1_752' title='bbox 479 5679 651 5737; x_wconf 82' lang='lat' dir='ltr'><strong>Credo</strong></span> <span class='ocrx_word' id='word_1_753' title='bbox 676 5683 837 5751; x_wconf 84' lang='lat' dir='ltr'><strong>lgltur</strong></span> <span class='ocrx_word' id='word_1_754' title='bbox 865 5686 917 5736; x_wconf 90' lang='lat' dir='ltr'><strong>in</strong></span> <span class='ocrx_word' id='word_1_755' title='bbox 964 5697 1127 5737; x_wconf 91' lang='lat' dir='ltr'><strong>unum</strong></span> <span class='ocrx_word' id='word_1_756' title='bbox 1159 5683 1346 5749; x_wconf 83' lang='lat' dir='ltr'><strong>Deum,</strong></span> <span class='ocrx_word' id='word_1_757' title='bbox 1395 5682 1628 5746; x_wconf 82' lang='lat' dir='ltr'><strong>Patrem,</strong></span> <span class='ocrx_word' id='word_1_758' title='bbox 1669 5690 1724 5736; x_wconf 86' lang='lat' dir='ltr'><strong>et</strong></span> <span class='ocrx_word' id='word_1_759' title='bbox 1765 5681 1975 5746; x_wconf 87' lang='lat' dir='ltr'><strong>Filium,</strong></span> 
     </span>
    </p>
   </div>
   <div class='ocr_carea' id='block_1_116' title="bbox 438 5769 1982 5848">
    <p class='ocr_par' dir='ltr' id='par_1_116' title="bbox 438 5769 1982 5848">
     <span class='ocr_line' id='line_1_117' title="bbox 438 5769 1982 5848; baseline -0.001 -21"><span class='ocrx_word' id='word_1_760' title='bbox 438 5779 492 5835; x_wconf 61' lang='lat' dir='ltr'><strong>et</strong></span> <span class='ocrx_word' id='word_1_761' title='bbox 521 5769 764 5848; x_wconf 59' lang='lat' dir='ltr'><strong>Spiritum</strong></span> <span class='ocrx_word' id='word_1_762' title='bbox 799 5780 1082 5828; x_wconf 83' lang='lat' dir='ltr'><strong>sanctum:</strong></span> <span class='ocrx_word' id='word_1_763' title='bbox 1131 5771 1341 5829; x_wconf 79' lang='lat' dir='ltr'><strong>Patrem</strong></span> <span class='ocrx_word' id='word_1_764' title='bbox 1394 5773 1596 5827; x_wconf 87' lang='lat' dir='ltr'><strong>scilicet</strong></span> <span class='ocrx_word' id='word_1_765' title='bbox 1643 5773 1982 5842; x_wconf 80' lang='lat' dir='ltr'><strong>omnipoten-</strong></span> 
     </span>
    </p>
   </div>
   <div class='ocr_carea' id='block_1_117' title="bbox 2085 5681 3676 5754">
    <p class='ocr_par' dir='ltr' id='par_1_117' title="bbox 2085 5681 3676 5754">
     <span class='ocr_line' id='line_1_118' title="bbox 2085 5681 3676 5754; baseline 0.001 -20"><span class='ocrx_word' id='word_1_766' title='bbox 2085 5691 2213 5746; x_wconf 89' lang='lat' dir='ltr'><strong>tem,</strong></span> <span class='ocrx_word' id='word_1_767' title='bbox 2245 5681 2649 5751; x_wconf 84' lang='lat' dir='ltr'><strong>scmpiternum,</strong></span> <span class='ocrx_word' id='word_1_768' title='bbox 2682 5682 3009 5747; x_wconf 67' lang='lat' dir='ltr'><strong>ingenitum;</strong></span> <span class='ocrx_word' id='word_1_769' title='bbox 3043 5683 3234 5736; x_wconf 83' lang='lat' dir='ltr'><strong>Filium</strong></span> <span class='ocrx_word' id='word_1_770' title='bbox 3263 5701 3394 5740; x_wconf 79' lang='lat' dir='ltr'><strong>vero</strong></span> <span class='ocrx_word' id='word_1_771' title='bbox 3425 5703 3494 5742; x_wconf 79' lang='lat' dir='ltr'><strong>ex</strong></span> <span class='ocrx_word' id='word_1_772' title='bbox 3527 5687 3676 5754; x_wconf 74' lang='lat' dir='ltr'><strong>ejus-</strong></span> 
     </span>
    </p>
   </div>
   <div class='ocr_carea' id='block_1_118' title="bbox 2090 5769 3680 5849">
    <p class='ocr_par' dir='ltr' id='par_1_118' title="bbox 2090 5769 3680 5849">
     <span class='ocr_line' id='line_1_119' title="bbox 2090 5769 3680 5849; baseline 0.006 -25"><span class='ocrx_word' id='word_1_773' title='bbox 2090 5771 2210 5824; x_wconf 78' lang='lat' dir='ltr'><strong>dem</strong></span> <span class='ocrx_word' id='word_1_774' title='bbox 2241 5770 2412 5824; x_wconf 80' lang='lat' dir='ltr'><strong>Patris</strong></span> <span class='ocrx_word' id='word_1_775' title='bbox 2439 5769 2731 5824; x_wconf 85' lang='lat' dir='ltr'><strong>substantia</strong></span> <span class='ocrx_word' id='word_1_776' title='bbox 2761 5770 2844 5824; x_wconf 85' lang='lat' dir='ltr'><strong>vel</strong></span> <span class='ocrx_word' id='word_1_777' title='bbox 2875 5780 3059 5825; x_wconf 86' lang='lat' dir='ltr'><strong>natura</strong></span> <span class='ocrx_word' id='word_1_778' title='bbox 3083 5773 3317 5846; x_wconf 81' lang='lat' dir='ltr'><strong>genitum</strong></span> <span class='ocrx_word' id='word_1_779' title='bbox 3357 5785 3486 5844; x_wconf 76' lang='lat' dir='ltr'><strong>ante</strong></span> <span class='ocrx_word' id='word_1_780' title='bbox 3514 5794 3680 5849; x_wconf 64' lang='lat' dir='ltr'><strong>Omtte</strong></span> 
     </span>
    </p>
   </div>
  </div>
