3952 6432
125 389 214 446 ιοε»

1528 377 1910 437 ΕΡΙΒΤΟῙιΕ.

3275 385 3379 443 MO

125 503 320 561 omnino
367 498 448 556 vel
486 496 766 570 temporis,
819 497 904 554 vel
955 496 1272 568 cujusquam
1328 493 1562 559 initium,
1606 493 1676 548 de
1708 499 1752 554 A
1781 491 2188 549 subsistentiam
2231 493 2495 551 adunatas
2539 495 2815 554 credimus
2857 509 2980 555 esse
3021 503 3266 565 naturas,
3321 508 3384 558 ut

123 593 462 662 omnipotente
488 589 915 660 omnipotentem
933 627 950 653 ,
976 587 1260 657 aqualem,
1290 579 1681 655 cousempiterl

123 700 232 740 num
258 692 310 738 et
349 679 858 738 consubstantialem
885 680 1138 749 genitori.
1169 679 1428 751 Spiritum
1464 681 1682 750 quoque

119 783 335 831 sanctum
379 772 826 844 omnipotentem,
878 772 1115 842 utrique,
1170 769 1317 825 Patri
1360 769 1570 826 scilicet
1617 781 1683 823 ac

120 867 235 922 Filio
259 865 533 934 :equalem,
549 865 1042 936 consempitcrnum
1063 871 1224 932 atque
1249 860 1682 918 consubstantia»

117 958 236 1022 lem;
273 958 362 1027 qui
402 973 468 1012 ex
499 955 659 1012 Patre
687 956 1119 1028 intemporaliter
1136 955 1464 1028 procedens,
1509 954 1685 1010 Patris

119 1056 189 1100 cst
211 1046 427 1116 Filiique
455 1045 708 1116 Spiritus.
737 1046 852 1102 Hoc
877 1055 961 1102 est
985 1055 1094 1102 tres
1122 1062 1404 1117 personas,
1431 1046 1546 1100 sive
1574 1053 1684 1100 tres

113 1139 461 1194 subsistentias
490 1141 648 1195 unius
681 1141 931 1196 essentia:
956 1141 1072 1196 sive
1112 1149 1337 1202 naturm,
1372 1139 1530 1193 unius
1576 1138 1686 1193 vir-

115 1231 244 1295 tutis,
295 1231 450 1286 unius
504 1231 860 1302 operationis,
917 1232 1077 1286 unius
1121 1229 1471 1286 beatitudinis
1523 1237 1686 1298 atque

115 1323 254 1378 unius
273 1325 583 1393 potestatis;
615 1333 678 1380 ut
696 1327 835 1380 trina
865 1325 936 1382 sit
963 1327 1162 1389 unitas,
1195 1333 1252 1380 et
1277 1340 1381 1378 una
1417 1325 1487 1379 sit
1511 1325 1687 1381 Trini-

114 1423 200 1479 tas,
221 1414 366 1484 juxta
395 1416 546 1472 vocis
587 1417 872 1473 dominica:
899 1419 1209 1485 veritatem,
1237 1418 1466 1474 dicentis
1491 1437 1505 1472 :
1561 1417 1684 1485 Ite;

113 1504 268 1560 docete
329 1523 506 1562 omnes
572 1515 752 1578 gentes
775 1549 790 1573 ,
855 1508 1178 1580 baptiz-mtes
1226 1525 1313 1564 eos
1358 1510 1414 1562 in
1479 1511 1689 1565 nomine

115 1593 289 1659 Patris,
335 1607 385 1650 et
411 1595 574 1662 Filii,
603 1607 652 1652 et
683 1599 913 1668 Spiritus
957 1601 1122 1653 sancti
1177 1597 1400 1670 (Matth.
1460 1601 1683 1672 xxvm).

110 1684 158 1738 in
201 1686 451 1754 nomine,
502 1688 716 1758 inquit,
763 1703 870 1743 non
921 1689 1252 1760 nominibus,
1295 1699 1356 1746 ut
1409 1700 1466 1748 et
1520 1708 1685 1747 unum

107 1774 260 1830 Deum
314 1791 412 1846 per
464 1778 836 1835 indistinctum
911 1779 1106 1836 divina:
1167 1784 1416 1839 essentia:
1483 1798 1683 1839 nomen

108 1866 398 1923 ostenderet
419 1907 436 1932 ,
513 1877 572 1924 et

105 1958 512 2015 demonstratam
563 1962 984 2032 proprietatibus
1029 1964 1332 2021 edoceret:
1387 1965 1512 2034 quia
1559 1964 1685 2020 dum

105 2048 264 2104 tribus
309 2065 476 2105 unum
517 2051 735 2107 deitatis
787 2068 984 2107 nomen
1031 2062 1156 2116 est,
1199 2054 1478 2124 mqualitas
1505 2064 1689 2110 osten-

103 2139 236 2194 ditur
259 2155 658 2210 personarum;
690 2151 747 2198 et
788 2159 975 2199 rursus
1014 2146 1294 2216 mqualitas
1333 2161 1686 2216 personarum

111 2230 230 2284 nihil
249 2239 588 2298 extraneum,
622 2234 752 2289 nihil
780 2235 1048 2291 accedens
1074 2235 1127 2289 in
1176 2235 1256 2291 eis
1300 2237 1563 2308 permittit
1601 2237 1687 2291 in-

108 2323 260 2393 telligi
296 2341 310 2376 :
355 2324 431 2378 ita
476 2333 548 2378 ut
587 2333 654 2402 et.
680 2327 1051 2396 unusquisque
1087 2342 1276 2383 eorum
1316 2344 1474 2384 verus
1513 2328 1692 2398 perfe-

105 2421 314 2484 ctasque
335 2415 407 2470 sit
435 2415 621 2482 Deus;
652 2416 906 2472 videlicet
937 2433 1004 2472 ex
1035 2417 1369 2488 plenitudine
1395 2417 1692 2474 divinitatis

107 2505 226 2560 nihil
248 2508 425 2561 minus
453 2509 512 2562 in
543 2509 787 2577 singulis,
838 2510 971 2564 nihil
1001 2511 1231 2581 amplius
1278 2511 1604 2581 intelligatur
1635 2511 1687 2565 in

105 2595 278 2650 tribus.
319 2595 397 2651 Ex
441 2595 550 2654 hac
577 2608 760 2655 autem
790 2607 998 2664 sancta,
1048 2610 1106 2656 et
1150 2601 1482 2667 beatissima,
1527 2609 1690 2670 atque

98 2686 536 2742 consubstantiali
569 2687 854 2754 Trinitate,
878 2692 1042 2745 credo
1065 2699 1227 2760 atque
1247 2690 1512 2747 conﬁteor
1531 2707 1690 2746 unam

99 2792 398 2846 personam,
449 2779 504 2833 id
532 2787 638 2845 est,
679 2779 872 2834 Filium
902 2780 994 2834 Dei
1022 2797 1122 2854 p"o
1150 2781 1323 2836 salute
1349 2783 1568 2836 humani
1597 2799 1693 2852 ge-

97 2869 232 2924 neris
278 2867 603 2924 novissimis
642 2871 980 2942 temporibus
1023 2872 1367 2928 descendisse
1411 2873 1479 2930 de
1527 2875 1687 2942 cmlo,

98 2972 187 3012 nec
211 2959 450 3028 patriam
501 2960 710 3027 sedem,
753 2977 857 3017 nec
884 2963 1068 3018 mundi
1117 2964 1475 3032 gubernacula
1521 2967 1692 3022 relin-

93 3059 382 3119 quentem;
426 3061 488 3108 et
538 3063 730 3111 sancto
774 3053 976 3126 Spiritu
1003 3058 1420 3130 superveniente
1449 3059 1500 3113 in
1531 3061 1692 3116 beata

95 3144 306 3216 Virgine
323 3147 527 3213 Maria,
554 3157 717 3220 atque
737 3150 1094 3206 obumbrante
1115 3153 1166 3208 ei
1189 3153 1384 3208 virtute
1406 3154 1687 3218 Altissimi,

1783 583 2066 657 utriusque
2094 589 2428 659 proprietate
2455 599 2691 660 servata,
2741 601 2934 648 neutra
2971 603 3387 652 converteretur

1782 677 1837 731 in
1867 675 2115 756 alteram.
2154 679 2233 735 Ac
2258 687 2567 751 propterea,
2595 683 2736 738 sicut
2761 699 2904 754 saepe
2931 685 3184 754 diximus,
3211 703 3380 743 unum

1783 767 2143 838 eumdemque
2191 769 2462 852 Christum
2513 787 2634 828 esse
2684 788 2871 829 verum
2917 774 3108 831 Filium
3157 775 3276 846 Dei,
3324 787 3383 834 et

1785 858 2036 915 eumdem
2079 861 2252 931 ipsum
2303 878 2488 918 verum
2535 863 2700 918 lilium
2751 866 2986 922 hominis
3030 866 3380 938 conﬁtemur,

1785 951 2305 1008 consubstantialem
2338 951 2484 1009 Patri
2511 955 2804 1011 secundum
2839 957 3118 1024 deitatem,
3139 959 3380 1015 consub-

1785 1045 2094 1101 stantialem
2145 1047 2304 1102 nobis
2332 1051 2582 1104 eumdem
2613 1049 2909 1104 secundum
2940 1050 3331 1106 humanitatem
3361 1069 3378 1116 ;

1786 1151 1884 1206 per
1911 1137 2093 1192 omnia
2119 1139 2279 1194 nobis
2298 1139 2528 1194 similem
2551 1141 2755 1208 absque
2774 1149 3039 1210 peccato;
3070 1141 3380 1212 passibilem

1786 1243 1974 1296 carne,
2021 1229 2272 1285 eumdem
2317 1230 2492 1300 ipsum
2523 1231 2910 1301 impas~ibilem
2939 1231 3161 1288 deitate.
3206 1233 3378 1300 Quem

1785 1320 1886 1374 sub
1917 1319 2110 1375 Pontio
2138 1319 2314 1374 Pilato
2352 1331 2547 1391 sponte
2584 1337 2686 1392 pro
2723 1323 2899 1378 salute
2943 1330 3128 1378 nostra
3159 1337 3380 1392 passum

1787 1426 1908 1466 esse
1935 1425 2100 1467 carne
2123 1411 2464 1478 conﬁtemur,
2512 1413 2826 1468 cruciﬁxum
2877 1429 3066 1482 carne,
3108 1422 3382 1469 mortuum

1787 1515 1970 1568 carne,
1999 1504 2361 1560 resurrexisse
2411 1504 2568 1558 tertia
2599 1504 2686 1560 die
2711 1504 3008 1574 gloriﬁcata
3038 1515 3095 1562 et
3125 1507 3380 1563 incorru-

1787 1593 1961 1664 ptibili
2007 1593 2199 1649 eadem
2247 1609 2431 1660 carne,
2473 1603 2529 1649 et
2568 1605 2947 1652 conversatum
2978 1604 3102 1666 post
3138 1611 3383 1652 resurre-

1787 1684 2023 1740 ctionem
2056 1698 2179 1739 cum
2221 1685 2499 1754 discipulis
2525 1686 2659 1752 suis,
2709 1701 2774 1742 ac
2825 1688 3010 1742 multis
3052 1687 3229 1742 modis
3271 1687 3383 1742 evi-

1787 1776 1977 1832 denter
2007 1777 2086 1834 eis
2113 1777 2414 1832 ostendisse
2441 1777 2523 1832 sui
2549 1778 2792 1848 corporis
2817 1779 3101 1834 veritatem
3127 1795 3142 1845 ;
3167 1787 3225 1834 et
3250 1793 3384 1849 qua-

651 1886 1004 1941 personarum
1097 1873 1481 1929 discretionem
1569 1875 1683 1928 suis
1718 1865 1760 1924 Β
1788 1865 2096 1936 dragesimo
2115 1866 2204 1922 die
2224 1867 2532 1922 videntibus
2556 1868 2759 1923 eisdem
2783 1867 3060 1940 discipulis
3081 1869 3388 1925 ascendisse

1792 1959 1847 2014 in
1877 1959 2084 2025 caelos;
2128 1957 2320 2015 sedere
2363 1961 2527 2016 etiam
2569 1961 2636 2015 ad
2661 1961 2940 2016 dexteram
2981 1959 3178 2015 Patris.
3211 1959 3384 2028 Quem

1791 2051 1955 2106 credo
1980 2059 2037 2106 et
2061 2051 2348 2118 conﬁteor,
2374 2050 2666 2106 secundum
2696 2049 3132 2108 testiﬁcationem
3161 2051 3390 2118 angelo-

1791 2157 1931 2207 rum,
1961 2141 2102 2197 sicut
2129 2141 2372 2196 ascendit
2400 2141 2454 2195 in
2483 2141 2674 2208 cados,
2715 2141 2790 2194 ita
2831 2148 3116 2195 venturum
3141 2139 3388 2209 judicare

1793 2231 1946 2286 vivos
1983 2238 2040 2284 et
2068 2239 2332 2286 mortuos.
2373 2228 2575 2286 Omnes
2620 2230 2766 2286 enim
2807 2230 3055 2288 homines
3099 2229 3170 2286 ab
3215 2230 3387 2285 Adam

1794 2341 1965 2396 usque
1993 2325 2061 2380 ad
2091 2327 2612 2382 consummationem
2635 2325 2819 2380 saeculi
2844 2333 3004 2379 natos
3031 2332 3089 2380 et
3115 2331 3384 2386 mortuos,

1791 2435 1914 2474 cum
1943 2419 2060 2489 ipso
2091 2419 2262 2473 Adam
2291 2418 2515 2490 ejusque
2543 2433 2746 2483 uxore,
2777 2419 2870 2487 qui
2902 2432 3010 2473 non
3039 2431 3109 2472 ex
3135 2414 3257 2472 aliis
3286 2430 3388 2486 pa-

1792 2510 2038 2566 rentibus
2065 2511 2177 2564 nati
2204 2518 2352 2578 sunt,
2401 2511 2493 2566 sed
2525 2512 2662 2566 alter
2683 2511 2752 2566 de
2783 2518 2950 2576 terra,
3001 2510 3172 2564 altera
3201 2517 3384 2564 autem

1793 2599 1862 2655 de
1888 2609 2040 2655 costa
2070 2597 2202 2669 viri,
2241 2601 2413 2656 creati
2461 2611 2608 2667 sunt,
2665 2610 2795 2656 tunc
2835 2608 3238 2656 resurrecturus
3265 2613 3389 2654 esse

1793 2691 2078 2757 conﬁteor,
2112 2700 2168 2747 et
2195 2700 2378 2747 astare
2407 2701 2534 2748 ante
2563 2692 2794 2747 tribunal
2823 2691 3045 2760 Christi,
3074 2700 3133 2747 ut
3160 2691 3389 2762 recipiat

1797 2784 2164 2855 unusquisque
2191 2785 2408 2855 propria
2437 2785 2701 2856 corporis,
2734 2793 2898 2856 prout
2923 2786 3109 2854 gessit,
3141 2785 3258 2840 sive
3287 2785 3388 2840 ho-

1795 2892 1884 2943 na,
1936 2877 2050 2932 sive
2079 2877 2259 2943 mala;
2310 2888 2366 2933 et
2400 2877 2578 2947 justos
2622 2877 2840 2948 quidem
2889 2893 2988 2947 per
3031 2877 3386 2946 largissimam

1795 2967 2026 3036 patiam
2055 2966 2173 3034 Dei,
2224 2975 2284 3023 ut
2311 2977 2438 3038 pote
2465 2983 2594 3023 vasa
2633 2967 3016 3024 misericordia:
3064 2969 3118 3023 in
3163 2969 3390 3038 gloriam

1793 3067 2117 3130 prmparata,
2161 3067 2378 3115 mter-na:
2406 3061 2530 3116 vita:
2559 3061 2794 3131 prtemiis
2821 3061 3169 3125 donaturum,
3221 3063 3273 3116 in
3300 3077 3391 3118 δον

1797 3150 1992 3209 cietate
2018 3149 2272 3206 videlicet
2297 3151 2632 3219 angelorum,
2683 3150 2887 3220 absque
2927 3151 3040 3207 ullo
3060 3151 3172 3221 jam
3206 3153 3392 3224 lapsus

93 3240 339 3296 eumdem
370 3241 624 3297 Verbum
669 3257 733 3297 ac
777 3241 974 3298 Filium
1019 3244 1117 3300 Dei
1159 3246 1212 3300 in
1261 3253 1418 3302 mero
1447 3247 1689 3316 ejusdem
1719 3246 1764 3309 C
1794 3241 1876 3294 sui
1918 3247 2067 3295 metu
2104 3241 2222 3295 sine
2257 3240 2364 3296 ﬁne
2391 3240 2664 3308 victuros;
2717 3241 2930 3311 iniquos
2957 3250 3136 3296 autem
3165 3241 3394 3298 arbitrio

92 3339 282 3386 sanetae
321 3331 574 3402 Virginis
613 3331 796 3388 Maria:
835 3333 1136 3391 clementer
1181 3335 1506 3406 ingressum,
1539 3345 1594 3394 et
1623 3337 1692 3394 de

89 3425 242 3476 carne
267 3421 396 3492 ejus
423 3423 538 3478 sibi
573 3423 756 3478 nuisse
795 3437 1016 3479 carnem
1043 3425 1226 3479 anima
1251 3427 1498 3482 rationali
1525 3436 1581 3483 et
1610 3429 1697 3484 in-

89 3513 376 3569 tellectuali
405 3515 714 3570 auimatam
739 3532 752 3568 :
777 3531 879 3571 nec
898 3522 1026 3572 ante
1050 3526 1289 3572 creatam
1309 3534 1431 3576 esse
1449 3535 1691 3589 carnem,

85 3613 132 3659 et
156 3614 355 3676 postea
388 3607 788 3680 supervenisse
813 3607 1005 3662 Filium
1031 3607 1166 3676 Dei;
1209 3609 1323 3676 sed,
1375 3612 1515 3667 sicut
1554 3613 1694 3669 scri-

87 3705 224 3764 ptum
254 3707 366 3762 est,
390 3699 670 3769 sapientia
699 3698 997 3769 azdiﬁcaute
1021 3699 1121 3754 sibi
1141 3701 1350 3756 domum
1375 3701 1555 3773 (Prov.
1589 3714 1693 3773 lx),

82 3803 196 3844 mox
227 3805 466 3847 carnem
500 3791 564 3846 in
611 3798 767 3846 utero
796 3789 1047 3860 Virginis,
1089 3807 1218 3848 mox
1265 3793 1426 3850 Verbi
1455 3795 1548 3850 Dei
1575 3812 1698 3851 car-

85 3897 196 3936 nem
225 3883 463 3950 factam,
517 3883 827 3954 exindeque
867 3886 984 3940 sine
1011 3886 1119 3941 ulla
1162 3890 1562 3957 permutatione
1603 3898 1698 3946 aut

85 3975 454 4030 conversione
505 3973 676 4028 Verbi
723 3974 1011 4044 carnisque
1054 3985 1260 4033 natura:
1284 4021 1300 4046 ,
1349 3978 1585 4036 Verbum
1633 3997 1700 4039 ac

81 4062 266 4119 Filium
289 4064 394 4120 Dei
429 4065 648 4120 factum
667 4065 942 4122 hominem
967 4083 1128 4122 unum
1151 4068 1204 4124 in
1229 4077 1456 4140 utraque
1480 4081 1696 4142 natura,

77 4155 249 4212 divina
309 4159 550 4216 scilicet
604 4167 660 4214 et
702 4159 957 4226 humana,
1002 4161 1274 4218 Christum
1304 4163 1487 4220 Jesum
1527 4167 1696 4222 Deum

79 4264 282 4318 verum,
326 4250 718 4320 eumdemque
746 4267 932 4307 verum
960 4254 1234 4310 hominem
1263 4259 1614 4328 processisse,
1647 4261 1699 4318 id

75 4348 150 4397 est
177 4351 380 4399 natum
413 4357 577 4411 esse,
606 4351 818 4398 servata
848 4343 1156 4413 integritate
1185 4356 1445 4406 materna:
1470 4353 1698 4422 virgini-

74 4433 191 4487 tatis
229 4451 244 4487 :
293 4435 437 4506 quia
466 4433 561 4489 sic
588 4448 711 4488 eum
739 4435 893 4503 virgo
921 4451 1243 4508 permanens
1269 4443 1476 4510 genuit,
1505 4458 1700 4513 quem-

72 4523 372 4581 admodum
429 4525 602 4594 virgo
650 4526 918 4596 concepit.
985 4524 1217 4600 Pr0pter
1260 4532 1406 4600 quod
1453 4535 1698 4591 eamdem

1795 3331 2090 3389 voluntatis
2132 3333 2364 3403 propria:
2408 3345 2535 3387 vasa
2579 3331 2674 3386 irae
2701 3341 2828 3403 apta
2869 3333 2925 3388 in
2954 3332 3227 3407 interitum
3258 3348 3388 3403 per-

1795 3407 2098 3488 manentes,
2127 3421 2220 3492 qui
2244 3423 2383 3476 viam
2414 3421 2624 3477 Domini
2654 3431 2748 3477 aut
2773 3437 2882 3477 non
2909 3431 3266 3492 agnoverunt,
3294 3431 3392 3477 aut

1797 3513 2071 3581 cognitam
2107 3513 2337 3568 diversis
2389 3512 2532 3583 capti
2581 3512 3115 3583 prmvaricationibus
3157 3512 3390 3582 relique-

1794 3612 1942 3670 runt,
1991 3605 2046 3659 in
2089 3605 2264 3676 pmnis
2308 3603 2498 3660 mtcrni
2525 3610 2690 3674 atque
2731 3603 3186 3673 iuexstinguibilis
3233 3604 3388 3673 ignis,

1797 3701 1858 3748 ut
1884 3695 2004 3750 sine
2026 3694 2132 3749 line
2160 3693 2405 3760 ardeant,
2432 3693 2734 3762 iustissimo
2757 3693 2966 3763 judicio
3003 3695 3351 3750 traditurum.

1867 3783 1994 3840 Haec
2023 3792 2108 3840 est
2135 3784 2300 3854 igitur
2335 3783 2466 3839 ﬁdes
2501 3799 2621 3838 mea
2650 3793 2709 3839 et
2733 3800 2860 3854 spes
2885 3800 3027 3852 utea,
3072 3801 3193 3856 qua:
3221 3787 3276 3840 in
3303 3801 3398 3842 me

1796 3875 1942 3932 dono
1971 3875 2352 3931 misericordiae
2377 3875 2471 3930 Dei
2501 3883 2586 3930 est
2610 3892 2624 3928 :
2655 3891 2756 3946 pro
2779 3889 2886 3944 qua
2913 3877 3150 3933 maxime
3174 3885 3394 3948 paratos

1797 3983 1917 4025 esse
1937 3967 2133 4024 debere
2153 3968 2346 4022 beatus
2366 3965 2558 4023 Petrus
2579 3967 2856 4038 apostolus
2869 3969 3119 4039 prtecipit
3139 3968 3195 4035 (1
3239 3967 3388 4024 Patr.

1798 4065 1878 4135 Ill)
1909 4062 1978 4118 ad
2024 4060 2460 4133 respondendum
2506 4059 2654 4115 omni
2695 4060 2942 4131 poscenti
2970 4075 3073 4116 nos
3099 4062 3386 4116 rationem.

1797 4157 1952 4214 Nunc
1998 4155 2253 4212 convenit
2299 4153 2681 4210 excellentiam
2735 4162 2972 4209 vestram
3029 4169 3131 4226 pro
3179 4152 3396 4211 fervore

1800 4249 2039 4322 ejusdem
2067 4249 2214 4316 ﬁdei,
2243 4263 2405 4318 quam
2433 4263 2534 4304 vos
2562 4247 2616 4304 in
2647 4248 2812 4304 corde
2840 4249 3043 4304 habere
3070 4249 3390 4318 gaudemus,

1799 4344 2127 4416 peculiarem
2151 4357 2339 4399 curam
2369 4357 2468 4413 per
2495 4343 2774 4397 universas
2793 4341 2981 4397 Gallia:
3003 4348 3197 4397 vestrae
3225 4343 3398 4410 regio-

1801 4453 1900 4493 nes
1928 4436 2263 4507 impcndere,
2312 4449 2382 4490 ne
2410 4435 2521 4491 illic
2549 4435 2804 4491 scandala
2848 4435 3203 4505 seminantes,
3253 4435 3397 4492 sicut

1803 4529 1857 4584 in
1885 4527 2127 4599 partibus
2155 4527 2272 4582 istis
2299 4525 2482 4581 facere
2508 4527 2864 4592 conabantur,
2909 4524 3101 4582 frontis
3128 4542 3239 4582 sua:
3263 4543 3396 4598 pro-

72 4617 287 4672 heatam
337 4618 634 4687 virginem
679 4616 901 4673 Mariam
931 4619 1026 4675 Dei
1057 4621 1387 4679 Genitricem
1417 4629 1701 4686 verissime
1732 4619 1782 4678 Ι)
1807 4620 2038 4676 cacitate
2060 4619 2371 4690 impellente
2395 4617 2718 4685 discurrant,
2742 4626 2798 4674 et
2825 4619 2962 4676 alios
2982 4618 3176 4676 fratres
3217 4629 3274 4677 et
3297 4637 3396 4678 co-

71 4708 411 4764 conﬁtcmur
440 4725 456 4762 :
511 4708 728 4778 peperit
773 4710 916 4764 enim
948 4711 1284 4770 incarnatum
1315 4715 1410 4771 Dei
1441 4717 1697 4776 Verbum.

65 4795 156 4852 Est
184 4814 329 4869 ergo
357 4814 530 4854 unus
573 4806 734 4868 atque
763 4799 902 4855 idem
951 4799 1106 4858 Jesus
1152 4803 1396 4860 Christus
1426 4823 1585 4866 verus
1611 4809 1702 4866 Fi-

67 4888 164 4946 lius
191 4891 319 4956 Dei,
354 4899 421 4945 et
455 4889 613 4946 idem
646 4891 759 4960 ipse
798 4904 962 4948 verus
991 4893 1130 4951 ﬁlius
1173 4896 1406 4953 hominis
1428 4898 1701 4969 perfectus

64 4979 113 5032 in
141 4981 393 5046 deitate,
457 4986 527 5034 et
561 4978 704 5034 idem
736 4979 852 5051 ipse
899 4983 1170 5051 perfectus
1221 4987 1276 5041 in
1323 4987 1698 5058 humanitate;

61 5076 281 5140 utpote
313 5077 492 5125 totus
541 5067 595 5122 in
635 5069 779 5136 suis,
820 5077 876 5124 ct
903 5069 1044 5126 idem
1071 5072 1186 5144 ipse
1214 5081 1360 5130 totus
1382 5076 1432 5130 in
1463 5079 1700 5145 nostris;

1805 4713 2095 4782 episcopos
2117 4718 2356 4776 nostros,
2378 4709 2464 4764 vel
2485 4709 2722 4766 creditas
2743 4709 2824 4765 eis
2849 4711 3056 4781 plebes,
3084 4711 3155 4766 ad
3182 4711 3398 4768 dissen-

1803 4805 1985 4861 siones
2031 4802 2350 4870 exagitent:
2401 4800 2528 4870 quia
2576 4801 2706 4856 dum
2754 4809 2919 4857 recta:
2961 4801 3083 4857 ﬁdei
3127 4818 3236 4858 non
3265 4804 3396 4873 sint,

1804 4897 1990 4953 dolore
2017 4893 2383 4966 oppressionis
2411 4909 2542 4959 suae,
2574 4901 2635 4948 ut
2662 4907 2722 4948 se
2749 4893 2816 4948 ad
2839 4894 3122 4950 nutrienda
3143 4895 3397 4952 scandala

1807 4987 2094 5043 catholicis
2121 4984 2414 5040 familiares
2440 4981 2697 5050 elﬁciant,
2721 4984 2886 5039 etiam
2915 4992 3122 5040 rectam
3148 4983 3308 5040 ﬁdem
3339 5001 3400 5041 se
3423 5011 3433 5028 ο

1806 5079 2064 5136 simulant
2106 5075 2406 5140 vindicare,
2457 5076 2693 5130 maxime
2737 5075 2880 5147 apud
2923 5091 3020 5131 eos
3058 5076 3150 5146 qui
3180 5074 3400 5133 fraudes

56 5160 131 5215 sic
173 5176 286 5230 por
332 5157 664 5216 secundam
721 5160 1060 5218 nativitatem
1109 5179 1326 5222 sumens
1374 5183 1442 5223 ex
1484 5169 1706 5229 homine

59 5262 237 5310 matre
281 5251 457 5323 quod
493 5265 612 5305 non
643 5259 780 5318 erat,
827 5261 886 5307 ut
923 5270 1032 5311 non
1077 5256 1366 5316 desisteret
1411 5277 1531 5318 esse
1559 5263 1706 5334 quod

55 5363 150 5416 per
179 5349 480 5418 primam,
541 5358 646 5414 qua
678 5359 744 5400 ex
779 5344 937 5400 Patre
968 5354 1126 5404 natus
1165 5359 1266 5415 est,
1299 5360 1434 5406 erat.
1479 5352 1709 5423 Propter

54 5439 198 5506 quod
225 5453 372 5494 eum
407 5451 484 5490 ex
529 5433 738 5490 duabus
765 5444 835 5490 et.
854 5435 908 5491 in
937 5437 1164 5502 duabus,
1196 5444 1536 5501 manentibus
1565 5446 1705 5502 indi-

49 5529 178 5588 visis
231 5522 694 5593 inconfusisque
721 5525 994 5584 credimus
1043 5543 1165 5584 esse
1195 5532 1418 5587 naturis.
1461 5533 1707 5592 lndivisis

50 5622 304 5688 quidem,
344 5618 503 5689 quia
542 5622 754 5685 etpost
793 5619 1216 5690 assumptionem
1259 5631 1465 5679 natura:
1507 5635 1706 5682 nostra:

47 5732 187 5770 unus
235 5712 550 5770 Christus
597 5706 764 5763 Filius
793 5708 885 5764 Dei
925 5714 1224 5780 permansit
1273 5722 1328 5770 et
1379 5726 1700 5786 permanet:

47 5807 376 5877 inconfusis
411 5809 642 5868 autem,
692 5802 816 5882 quia
844 5803 923 5860 sic
951 5803 1005 5860 in
1031 5819 1192 5862 uuam
1219 5822 1504 5892 personam
1531 5816 1694 5896 atque

1809 5173 2050 5241 ipsorum
2080 5177 2137 5225 et
2167 5167 2324 5222 dolos
2354 5167 2623 5235 ignorant.
2677 5165 2784 5223 Sed
2827 5167 2994 5236 Deus,
3041 5167 3133 5236 qui
3169 5167 3398 5237 gloriam

1805 5269 2042 5316 vestram
2074 5265 2264 5313 contra
2313 5257 2562 5313 inimicos
2588 5257 2738 5326 pacis
2764 5258 3149 5314 ecclesiastica:
3182 5258 3398 5313 miseri.

1807 5351 2047 5410 corditer
2093 5352 2196 5412 hoc
2235 5357 2482 5419 tempore
2532 5349 2877 5420 praeparavit,
2924 5358 3148 5420 praestet
3195 5365 3293 5406 vos
3322 5352 3398 5407 ita

1809 5443 2074 5502 sollicitos
2102 5450 2158 5497 et
2196 5439 2620 5510 circumspectos
2645 5440 2906 5509 existere,
2954 5449 3018 5496 ut
3052 5458 3160 5497 non
3189 5457 3403 5513 prmvag

1811 5538 1957 5593 leant
1983 5534 2124 5589 intra
2151 5540 2268 5588 sata
2297 5539 2496 5586 sancta:
2523 5529 2780 5586 Ecclesia:
2818 5533 2874 5588 in
2911 5532 3019 5589 illis
3039 5535 3284 5604 partibus
3315 5535 3404 5601 lo-_

1809 5626 2004 5684 liorum
2035 5641 2254 5682 suorum
2285 5625 2491 5680 semina
2533 5624 2766 5695 maligna
2790 5623 3023 5695 jactare.
3083 5625 3408 5697 Periucolug

1809 5735 1952 5774 mem
2003 5719 2380 5774 excellentiam
2425 5725 2662 5773 vestram
2710 5717 2854 5776 Deus
2899 5727 3086 5776 noster
3108 5718 3406 5810 custodiat,

1804 5812 2021 5869 domine
2071 5809 2145 5868 ﬁli
2181 5810 2565 5882 gloriosissime
2599 5818 2764 5884 atque
2791 5811 3309 5890 praecellentissime,
