3952 6406
523 351 620 404 Ml

1861 349 2129 406 PELAGll
2167 352 2368 407 ΡΑΡιΕ
2407 353 2428 408 l

3693 356 3802 410 4ιῖ

1052 559 1176 629 EJ
1191 559 1544 630 USDEM
1625 557 2068 630 PELAGII

2213 560 2447 628 AP/E
2527 562 2564 631 Ι
2649 563 3210 636 EPISTOLIE
3230 611 3258 652 ,

747 711 862 753 BEU
909 710 1126 754 POTIUS
1175 713 1559 755 FRAGMENTA
1607 711 1784 754 ιυωζ
1828 709 2106 753 Ηυιετεκ

2213 707 2435 754 ετυυιο
2479 713 2730 758 PRIMUM
2777 717 2813 757 Β
2855 716 3167 762 τεκεειιιε
3217 719 3592 766 νικυιῦΑτΔ.

588 922 824 994 Pelagius
851 922 1046 978 Joanni
1079 923 1308 978 Patricio
1329 925 1644 990 caburtario,
1670 925 1806 978 inter
1832 933 2036 980 cetera.

597 1013 868 1081 Pudenda,
899 1015 971 1068 ita
1000 1023 1056 1068 nt
1081 1013 1272 1079 dicam,
1306 1013 1490 1083 rapina
1515 1013 1569 1068 in
1599 1013 1859 1068 divisione
1883 1022 1966 1067 est
1995 1027 2103 1066 non

522 1114 898 1172 consecratus,
956 1107 1050 1162 sed
1105 1116 1423 1162 exsecratus
1482 1107 1788 1176 episcopus.
1849 1103 1904 1159 Si
1959 1104 2103 1158 enim

525 1199 695 1268 ipsum
745 1213 940 1253 nomen
988 1199 1410 1253 consecrationis
1467 1197 1775 1252 rationabili
1821 1211 1884 1251 ac
1928 1195 2101 1249 vivaci

525 1290 793 1345 intellectu
823 1290 1160 1356 discutimus,
1190 1290 1234 1344 is
1259 1290 1352 1358 qui
1385 1305 1508 1345 cum
1531 1287 1818 1343 universali
1840 1286 2105 1342 detrectat

522 1381 825 1436 consecrari
865 1380 1129 1447 Ecclesia,
1182 1389 1532 1436 consecratus
1559 1379 1664 1433 dici
1693 1379 1776 1432 vel
1807 1393 1927 1432 esse
1957 1375 2104 1430 nulla

521 1473 729 1527 ratione
771 1474 989 1542 poterit.
1020 1472 1355 1528 Consecrare
1381 1471 1526 1528 enim
1555 1479 1639 1526 est
1667 1469 1827 1524 simul
1865 1483 2100 1523 sacrare.

520 1561 626 1617 Sed
655 1562 723 1618 ab
748 1561 1002 1618 Ecclesia:
1027 1563 1322 1619 visceribus
1349 1563 1572 1627 divisus,
1615 1569 1672 1616 et
1697 1561 1766 1616 ab
1793 1558 2104 1630 apostolicis

521 1653 737 1709 sedibus
773 1663 1056 1726 separatus
1084 1664 1331 1711 exsecrat
1359 1655 1475 1725 ipse
1515 1653 1714 1724 potius,
1757 1659 1816 1706 et
1841 1668 1949 1706 non
1973 1665 2105 1705 con-

521 1753 715 1799 secrat.
743 1743 870 1800 Jure
896 1760 1025 1814 ergo
1045 1753 1355 1800 exsecratus
1378 1752 1606 1806 tantum,
1629 1757 1736 1797 non
1761 1746 2106 1796 consecratus

522 1836 724 1906 poterit
748 1833 878 1900 dici,
925 1851 1086 1904 quem
1115 1835 1274 1892 simul
1302 1849 1518 1891 sacrare
1565 1835 1618 1888 in
1647 1833 1852 1888 unitate
1879 1830 2104 1900 conjun-

522 1927 623 1982 ctis
670 1925 926 1980 membris
966 1943 1074 1982 non
1119 1927 1365 1995 agnoscit
1405 1924 1666 1981 Ecclesia.
1707 1923 1996 1980 Videamus
2024 1930 2105 1976 ta-

522 2032 646 2072 men
676 2025 854 2072 utrum
899 2018 985 2073 vel
1033 2018 1271 2089 ipsarum
1311 2008 1759 2074 consuetudinem
1789 2017 2020 2087 partium
2050 2015 2103 2070 in

522 2122 616 2162 sua
649 2106 990 2164 ordinatione
1015 2110 1474 2165 conservaverint.
1521 2109 1723 2178 Nempe
1752 2108 1796 2163 is
1817 2123 1937 2162 mos
1964 2106 2104 2160 anti-

521 2214 660 2268 quus
703 2199 822 2267 fuit,
872 2211 931 2256 ut
957 2203 1082 2271 quia
1112 2217 1212 2272 pro
1251 2201 1642 2270 longinquitate
1673 2201 1758 2255 vel
1786 2198 2102 2254 difﬁcultate

2123 924 2174 982 Α
2206 919 2352 975 Idem
2383 921 2631 994 Pelagius
2669 922 2871 980 Viatori
2898 935 2948 978 et
2990 924 3273 983 Pancratio
3311 929 3636 1001 illustribus,
3669 933 3810 989 inter

2892 1007 3104 1052 caetera.

2274 1101 2321 1154 A
2357 1101 2822 1158 scliismaticorum
2847 1105 3142 1171 sacriﬁciis,
3170 1109 3347 1178 potius
3371 1086 3552 1166 autem
3583 1113 3810 1170 sacrile-

2204 1193 2304 1260 giis
2332 1195 2602 1250 abstinere
2618 1196 2846 1252 debetis.
2878 1197 3120 1254 Schisma
3144 1202 3408 1270 siquidem
3437 1205 3635 1275 ipsum,
3659 1207 3810 1277 quod

2205 1282 2450 1338 Grzecum
2480 1301 2678 1340 nomen
2703 1295 2819 1356 est,
2850 1289 3138 1344 scissuram
3173 1301 3354 1348 sonat.
3382 1293 3487 1349 Sed
3511 1297 3564 1350 iu
3597 1299 3811 1356 unitate

2205 1375 2436 1430 scissura
2465 1391 2584 1430 esse
2626 1392 2734 1432 non
2763 1386 2962 1447 potest.
2993 1379 3110 1434 Non
3151 1395 3283 1451 ergo
3311 1385 3506 1440 unitati
3549 1402 3809 1442 commu-

2207 1466 2390 1520 nicant
2433 1467 2524 1535 qui
2577 1468 2936 1526 schismaticis
2981 1473 3408 1528 communicant.
3453 1474 3645 1532 Partes
3702 1479 3811 1534 sibi

2208 1557 2309 1625 ipsi
2332 1555 2592 1624 fecerunt,
2624 1567 2680 1612 et
2707 1560 2775 1614 ab
2814 1575 2881 1615 eo
2918 1561 3062 1631 quod
3101 1578 3266 1617 unum
3308 1572 3421 1630 est,
3466 1575 3525 1620 ut
3567 1569 3812 1638 apostoli

2205 1647 2371 1703 Judaei
2395 1647 2507 1717 jam
2531 1650 2710 1705 verbis
2730 1651 2942 1720 loquar,
2963 1655 3264 1723 semetipsos
3287 1665 3622 1728 segregantes
3639 1698 3656 1722 ,
3689 1661 3810 1729 spi-

2205 1741 2361 1792 ritum
2389 1756 2493 1794 non
2515 1740 2704 1795 habent
2735 1739 2908 1811 (Jud.,
2924 1741 3002 1812 9).
3030 1742 3234 1809 Quibus
3254 1746 3504 1801 omnibus
3529 1747 3664 1802 illud
3687 1749 3812 1804 elﬁ—

2208 1831 2369 1896 citur,
2401 1840 2462 1886 ut
2489 1831 2613 1901 quia
2635 1832 2690 1886 in
2719 1831 2926 1888 unitate
2977 1849 3140 1888 unum
3185 1851 3294 1890 non
3321 1844 3465 1903 sunt,
3502 1846 3560 1892 ut
3581 1839 3712 1909 quia
3750 1841 3810 1896 in

2205 1936 2359 1996 parte
2385 1943 2505 1982 esse
2549 1927 2862 1994 voluerunt,
2887 1936 2948 1982 ut
2983 1928 3108 1998 quia
3148 1928 3407 1999 Spiritum
3449 1946 3560 1986 non
3596 1933 3810 1988 habent

2206 2017 2448 2086 corporis
2473 2017 2698 2085 Christi,
2721 2017 3040 2073 sacriﬁcium
3063 2019 3263 2074 habere
3286 2035 3390 2076 non
3422 2022 3649 2091 possint.
3683 2022 3810 2079 Non

2207 2116 2388 2162 autem
2427 2107 2583 2162 nobis
2621 2123 2768 2163 nunc
2807 2108 2896 2162 illa
2935 2110 3162 2176 quaestio
3209 2117 3313 2175 est,
3346 2119 3524 2165 utrum
3560 2111 3810 2167 tolerare

2207 2197 2398 2264 malos,
2427 2196 2522 2252 sed
2549 2205 2727 2251 utrum
2765 2197 3061 2253 debeamus
3087 2198 3447 2254 schismaticis
3480 2201 3702 2256 sociari.
3746 2199 3812 2256 Si

521 2290 728 2346 itineris
746 2291 814 2346 ab
839 2293 1142 2362 apostolico
1171 2308 1462 2348 onerosum
1491 2292 1596 2347 illis
1625 2291 1802 2346 fuerat
1836 2289 2095 2354 ordinari,
2131 2293 2176 2352 Β
2206 2287 2367 2342 etiam
2392 2287 2516 2356 ipsi,
2545 2287 2673 2342 licet
2697 2287 2750 2341 in
2779 2303 2880 2343 suo
2908 2303 3071 2342 sensu
3093 2288 3456 2358 abundantes,
3500 2290 3641 2344 intra
3688 2305 3815 2345 ma-

520 2383 710 2454 ipsise
753 2383 984 2439 invicem
1012 2383 1430 2440 Mediolanensis
1459 2393 1515 2439 et
1555 2381 1914 2452 Aquileiensis
1950 2379 2100 2434 ordi-

521 2489 650 2530 nare
675 2474 914 2544 episcopi
941 2473 1252 2530 debuissent
1277 2492 1290 2528 :
1320 2474 1392 2528 ita
1420 2481 1600 2528 tamen
1631 2483 1690 2528 ut
1714 2472 1767 2526 in
1795 2487 1858 2527 ea
1887 2470 2106 2527 civitate

521 2582 571 2620 In
598 2580 704 2634 qua
735 2575 852 2620 erat
879 2565 1207 2620 ordinandus
1251 2565 1560 2635 episcopus,
1603 2562 1825 2617 alterius
1872 2560 2106 2616 civitatis

520 2655 762 2726 pontifex
785 2671 1069 2711 occurrere
1095 2655 1372 2711 debuisset
1397 2672 1413 2721 ;
1443 2663 1502 2710 ut
1528 2662 1584 2709 et
1609 2651 1892 2708 ordinandi
1913 2651 2107 2707 electio

520 2764 551 2801 a
580 2748 832 2817 pnesenti
877 2747 1206 2812 ordinatore,
1253 2763 1322 2802 ex
1345 2762 1611 2802 consensu
1654 2744 1974 2800 universalis
2021 2743 2108 2800 cui

523 2837 892 2908 pneﬁciendus
912 2846 1030 2893 erat
1057 2837 1336 2906 Ecclesiae,
1367 2837 1557 2892 melius
1580 2852 1644 2892 ac
1670 2836 1877 2891 facilius
1899 2835 2110 2906 potuis-

521 2936 606 2982 set
644 2928 904 2996 agnosci;
953 2936 1010 2984 et
1054 2929 1108 2984 in
1157 2943 1252 2983 sua
1281 2928 1371 2997 qui
1402 2927 1470 2983 ad
1499 2929 1870 2997 episcopatum
1913 2941 2111 2997 prove-

524 3016 733 3074 hendus
760 3027 898 3087 erat,
941 3035 1042 3075 nec
1089 3028 1268 3074 tamen
1314 3019 1610 3074 ordinatori
1658 3033 1758 3074 suo
1802 3015 2113 3072 subdendus

523 3107 716 3177 fuerat,
742 3109 1085 3164 ordinaretur
1103 3109 1363 3166 Ecclesia.
1396 3109 1519 3166 Noli
1547 3109 1869 3165 catholicam
1897 3123 2114 3180 semper

523 3208 756 3254 mentem
776 3199 954 3270 aliqua
967 3199 1436 3256 schismaticorum
1451 3199 1832 3256 communione
1848 3198 2109 3269 polluere.

524 3291 696 3348 Unum
721 3292 918 3349 Christi
948 3309 1169 3364 corpus,
1201 3309 1361 3348 uuam
1387 3300 1605 3349 constat
1633 3307 1756 3348 esse
1785 3289 2110 3346 Ecclesiam.

524 3384 764 3441 Divisnm
792 3386 860 3440 ab
887 3385 1096 3440 unitate
1123 3385 1292 3439 altare
1320 3385 1603 3439 veritatem
1647 3381 1850 3438 Christi
1898 3379 2115 3452 corpori

528 3490 635 3532 non
667 3483 850 3546 potest
873 3489 1204 3544 congregare
1229 3493 1243 3540 ;
1299 3475 1573 3530 toleranda
1603 3482 1729 3530 sunt
1774 3474 1829 3529 in
1856 3487 2116 3542 compage

523 3567 764 3636 corporis
787 3565 1084 3635 positorum
1114 3565 1278 3620 etiam
1305 3565 1396 3619 illa
1425 3579 1808 3633 nonnunquam
1835 3563 1962 3618 vitia
1990 3578 2111 3634 qua:

2208 2385 2364 2433 terna
2395 2387 2578 2434 tamen
2607 2377 2770 2448 positi
2815 2379 3026 2434 viscera
3074 2389 3382 2448 qnmrerent
3407 2381 3734 2449 veritatem,
3776 2397 3818 2438 ι

2209 2471 2366 2526 nobis
2395 2469 2692 2541 repellendi
2722 2485 2831 2525 non
2861 2478 3034 2538 erant,
3068 2470 3243 2527 donec
3272 2472 3418 2543 apud
3457 2488 3556 2528 eos
3594 2474 3818 2530 ratione

2221 2563 2358 2619 duce
2381 2564 2459 2619 rei
2488 2563 2688 2620 veritas
2715 2563 3017 2620 claruisset.
3047 2565 3151 2620 Sed
3180 2565 3309 2634 quia
3338 2582 3398 2622 se
3427 2567 3496 2622 ab
3515 2567 3819 2624 universali

2214 2653 2459 2710 Ecclesia
2487 2655 2802 2721 diviserunt,
2827 2656 2964 2712 sicut
2991 2655 3182 2711 beatus
3207 2656 3540 2726 Augustinus
3565 2657 3664 2726 ait,
3694 2674 3821 2713 om-

2217 2744 2301 2800 nis
2341 2743 2644 2800 catbolicus
2689 2760 2912 2800 securus
2948 2760 3068 2801 eam
3107 2753 3320 2816 partem
3354 2746 3694 2810 detestatur,
3725 2747 3819 2803 cui

2211 2834 2507 2890 Ecclesiam
2535 2835 2896 2891 universalem
2919 2836 3232 2906 apostolicis
3251 2836 3470 2892 sedibus
3497 2836 3822 2894 roboratam

2213 2943 2322 2982 non
2349 2929 2750 2983 communicare
2781 2927 3083 2996 cognoscit.
3115 2927 3225 2983 Nec
3265 2928 3411 2983 enim
3458 2927 3662 2997 levigat
3711 2929 3822 2983 cri-

2214 3034 2339 3074 men
2369 3033 2589 3083 eorum,
2629 3017 2800 3088 magis
2843 3033 2975 3074 vero
3011 3026 3192 3088 auget,
3222 3019 3370 3088 quod
3392 3035 3490 3074 eos
3525 3017 3621 3074 diu
3657 3021 3823 3076 resti-

2213 3111 2345 3166 tisse
2399 3109 2628 3176 dixistis,
2661 3125 2730 3165 ne
2757 3111 3070 3181 apostolicis
3097 3111 3570 3166 communicantes
3596 3110 3822 3166 sedibus

2221 3203 2275 3258 in
2297 3217 2394 3257 sua
2423 3201 2803 3258 communione
2829 3203 3153 3275 reciperent.
3188 3203 3246 3258 lu
3281 3203 3388 3259 hoc
3427 3203 3578 3259 enim
3608 3202 3741 3258 dum
3765 3212 3822 3261 et

2219 3294 2298 3349 illi
2344 3292 2595 3364 culpandi
2640 3301 2798 3360 sunt,
2836 3295 2929 3365 qui
2967 3296 3372 3367 communicare
3399 3295 3603 3352 talibus
3629 3296 3821 3356 volue-

2213 3391 2358 3451 runt,
2383 3383 2554 3438 multo
2581 3384 2754 3452 magis
2770 3392 2950 3439 tamen
2975 3384 3050 3438 illi
3072 3384 3394 3441 exsecrandi
3409 3394 3560 3454 sunt,
3586 3387 3686 3455 qui
3711 3403 3820 3444 non

2216 3472 2394 3527 solum
2433 3472 2487 3526 in
2511 3471 2885 3528 sacerdotibus
2915 3473 3353 3528 communionem
3389 3474 3821 3544 apostolicarum

2215 3562 2448 3630 sedium,
2479 3577 2668 3618 verum
2706 3563 2869 3618 etiam
2902 3563 2956 3618 in
2980 3563 3112 3634 ipsis
3140 3564 3292 3620 laicis
3329 3575 3682 3634 spreverunt.
3714 3565 3820 3622 Sed

524 3671 624 3725 pro
667 3656 873 3710 unitate
901 3655 1168 3710 interdum
1203 3665 1484 3726 parcentes
1513 3671 1762 3712 resecare
1789 3671 1898 3710 non
1927 3671 2106 3726 possn-
2134 3654 2178 3717 C
2213 3667 2313 3706 nec
2343 3651 2473 3706 illud
2513 3652 2592 3706 eis
2620 3652 2842 3722 prodest
2878 3653 3023 3722 quod
3053 3669 3147 3709 eos
3175 3650 3229 3708 in
3267 3653 3471 3708 eisdem
3501 3654 3703 3711 litteris
3731 3657 3818 3711 vel

526 3766 663 3806 mus.
704 3749 838 3817 Quia
865 3759 921 3806 et
958 3749 1324 3818 evangelicum
1363 3750 1652 3818 agricolam
1697 3747 1874 3822 (Joan.
1903 3765 1991 3813 xv,
2025 3750 2102 3820 Ι),

525 3841 700 3896 minus
745 3839 1064 3895 aﬂerentem
1114 3841 1344 3895 fructum
1395 3839 1691 3909 palmitem,
1739 3839 1787 3893 si
1832 3847 2010 3894 tamen
2053 3839 2105 3893 in

525 3929 633 3985 vite
662 3937 894 3996 maneat,
926 3945 1157 4002 purgare
1187 3945 1344 4000 posse
1367 3938 1550 3984 noster
1577 3929 1824 3984 Salvator
1851 3928 2067 3983 edocuit
2091 3946 2104 3980 :

524 4023 819 4079 abscissum
849 4032 1027 4080 autem
1058 4039 1090 4077 a
1117 4023 1228 4078 vite
1256 4022 1532 4092 palmitem
1564 4022 1667 4076 nisi
1698 4021 1805 4092 igni
1845 4021 1914 4076 ad
1953 4035 2106 4076 com-

526 4111 830 4168 burendum
855 4121 1040 4184 aptum
1087 4128 1208 4168 esse
1238 4129 1347 4168 non
1394 4127 1571 4182 posse,
1604 4112 1844 4180 ejusdem
1873 4112 2108 4167 cmlestis

523 4205 763 4274 magistri
787 4205 1015 4260 veritate
1041 4204 1326 4259 didicimus
1357 4203 1569 4273 (Ibid).
1602 4203 1722 4258 Noli
1757 4219 1886 4274 ergo
1919 4219 2108 4258 eorum

523 4294 615 4362 qui
645 4294 754 4362 igni
781 4294 891 4364 apti
936 4302 1083 4362 sunt,
1135 4309 1244 4348 non
1275 4293 1692 4354 consecrationi,
1735 4294 1830 4348 sed
1859 4308 2110 4348 exsecra-

528 4385 762 4439 tionibus
787 4385 1110 4440 consentire.
1163 4385 1274 4440 Nec
1319 4385 1592 4440 existimes
1621 4385 1740 4440 illos
1765 4385 1847 4440 vel
1879 4400 1996 4440 esse
2024 4384 2110 4440 vel

527 4475 632 4530 dici
662 4473 962 4530 Ecclesiam
991 4490 1169 4544 posse.
1208 4473 1418 4530 Etenim
1471 4492 1614 4542 cum,
1668 4477 1808 4531 sicut
1851 4476 2105 4538 diximus,

527 4564 765 4620 Ecclesia
795 4581 898 4620 una
926 4566 1018 4633 sit,
1049 4566 1135 4621 cui
1163 4565 1217 4621 in
1248 4566 1486 4622 Canticis
1510 4567 1841 4622 canticorum
1870 4565 2066 4620 dicitur
2090 4583 2103 4618 :

531 4652 646 4707 Una
669 4663 744 4707 est
767 4654 998 4708 columba
1027 4671 1138 4708 mea
1176 4655 1353 4726 (Cant.
1385 4657 1497 4728 Vl);
1532 4655 1733 4710 nullam
1781 4655 1939 4709 aliam
1988 4670 2108 4709 esse

525 4752 742 4798 constat
777 4745 878 4798 nisi
901 4760 1022 4815 qum
1047 4746 1102 4800 in
1131 4747 1430 4818 apostolica
1455 4756 1540 4802 est
1570 4748 1752 4804 radice
1783 4745 2004 4802 fundata
2033 4765 2044 4798 :
2076 4762 2108 4800 a

526 4835 719 4904 quibus
748 4835 916 4906 ipsam
968 4825 1129 4892 ﬁdem
1174 4839 1228 4892 in
1273 4840 1522 4895 universo
1575 4848 1925 4910 propagatam
1977 4839 2108 4893 orbe

529 4941 634 4980 non
677 4934 854 4996 potest
903 4927 1156 4984 dubitari.
1205 4928 1358 4996 Quod
1408 4930 1560 4986 vobis
1603 4930 1730 4985 licet
1771 4931 2105 4985 notissimum

2213 3746 2514 3816 ignorantia
2544 3749 2791 3813 rationis,
2822 3748 2908 3802 vel
2935 3747 3278 3818 simplicitate
3322 3748 3642 3804 intellectus
3679 3750 3766 3804 sui
3790 3765 3821 3804 a

2213 3846 2396 3892 nostra
2427 3853 2487 3892 se
2510 3839 2892 3893 communione
2931 3835 3275 3908 suspendisse
3303 3836 3628 3906 perhibetis.
3673 3837 3820 3908 ldip-

2213 3945 2333 3984 sum
2355 3930 2500 3985 enim
2530 3931 2701 3999 magis
2730 3937 2813 3985 est
2831 3973 2848 3998 ,
2878 3938 3101 4001 propter
3127 3929 3271 4000 quod
3300 3930 3634 3986 schismalici
3657 3942 3819 3987 sunt:

2213 4021 2339 4090 quia
2367 4035 2474 4075 non
2505 4036 2600 4076 eos
2621 4021 2830 4076 diversa
2843 4020 3110 4076 sentiendi
3135 4011 3418 4091 judicium,
3442 4021 3544 4077 sed
3567 4023 3820 4092 quaedam

2216 4111 2359 4180 apud
2379 4125 2439 4164 se
2467 4110 2644 4164 delata
2666 4153 2682 4178 ,
2708 4111 2808 4165 sibi
2848 4117 3030 4166 tamen
3073 4111 3345 4182 incognita
3384 4121 3736 4177 metuentes,
3769 4122 3823 4167 et

2212 4207 2402 4253 contra
2432 4198 2788 4269 apostolicam
2809 4199 2992 4254 sedem
3024 4208 3228 4255 temere
3245 4201 3555 4268 credentes,
3577 4204 3819 4273 pessima

2215 4291 2396 4346 divisit
2431 4291 2636 4362 opinio.
2682 4290 2837 4358 Quod
2864 4291 3099 4350 schisma
3128 4293 3443 4363 specialiter
3475 4309 3602 4351 esse
3627 4295 3822 4352 beatus

2213 4381 2497 4437 denuntiat
2525 4381 2854 4454 Augustinus
2881 4383 3069 4439 dicens
3113 4382 3180 4438 de
3210 4383 3408 4439 talibus
3440 4403 3454 4438 :
3490 4386 3595 4450 Qui
3635 4388 3822 4442 adrer-

2209 4490 2326 4528 sum
2349 4477 2712 4530 auctoritatem
2739 4475 2947 4529 illarum
2975 4473 3332 4529 Ecclesiarum
3354 4492 3470 4546 qua:
3495 4480 3818 4548 apostolicus

2210 4565 2357 4619 sedes
2411 4573 2462 4619 et
2508 4565 2753 4635 epistolas
2801 4567 3032 4634 accipere
3072 4573 3396 4630 meruerunt,
3441 4575 3638 4621 temere
3705 4585 3818 4622 cre-

2215 4655 2324 4722 dit,
2373 4653 2808 4708 immanissimum
2843 4654 3139 4709 schismatis
3179 4652 3376 4707 crimen
3421 4670 3456 4706 a
3499 4671 3558 4708 se
3594 4659 3816 4727 propul-

2210 4761 2328 4800 sare
2357 4761 2460 4800 non
2503 4747 2713 4815 poterit.
2754 4744 2836 4799 Ad
2877 4760 3168 4808 summam,
3206 4753 3300 4800 aut
3339 4745 3464 4800 illos
3513 4743 3814 4803 Ecclesiam

2211 4853 2328 4891 esse
2355 4836 2605 4902 creditis,
2651 4843 2707 4891 et
2749 4852 2872 4892 cum
2913 4836 3033 4892 dua:
3072 4835 3327 4892 Ecclesia:
3357 4852 3481 4894 esse
3519 4855 3637 4895 non
3687 4859 3812 4913 pos-

2211 4927 2338 4992 sint,
2373 4941 2491 4993 nos,
2523 4925 2668 4995 quod
2697 4925 2856 4988 absit,
2909 4926 3285 4981 schismaticos
3317 4926 3688 4998 judicabitis;
3725 4943 3814 4986 aut

527 5018 746 5072 omnino
765 5018 856 5086 sit,
877 5018 1021 5074 beati
1045 5027 1220 5074 tamen
1244 5020 1525 5090 Augustini
1542 5021 1850 5075 testimonio
1867 5035 2114 5090 compro-
2142 5027 2189 5085 ι)
2215 5019 2259 5073 si
2283 5033 2466 5072 veram
2510 5017 2564 5071 in
2611 5016 2928 5086 apostolicis
2959 5017 3177 5072 sedibus
3207 5033 3328 5073 esse
3365 5027 3584 5075 constat
3627 5021 3812 5078 Eccle-

528 5105 735 5162 bemus.
759 5108 952 5164 Audite
981 5109 1108 5178 quid
1140 5109 1194 5164 in
1222 5111 1458 5179 quodam
1486 5126 1651 5180 opere
1681 5126 1780 5166 suo
1803 5110 2106 5181 prmclaris-

527 5197 694 5252 simus
722 5197 912 5253 doctor
933 5199 1078 5255 dicat
1105 5199 1355 5256 Ecclesia:
1379 5219 1394 5270 ;
1427 5201 1501 5257 ait
1520 5202 1662 5256 enim
1691 5221 1703 5255 :
1737 5199 1889 5265 Quod
1914 5203 1961 5256 si
1987 5201 2107 5254 nul-

527 5287 577 5340 lo
605 5287 757 5341 modo
784 5297 919 5342 recte
947 5291 1047 5342 dici
1077 5299 1244 5359 potest
1271 5289 1512 5346 Ecclesia
1538 5293 1593 5344 in
1621 5309 1720 5362 qua
1741 5293 1967 5345 schisma
1990 5299 2066 5344 est
2087 5309 2105 5357 ;

529 5387 688 5433 restat
726 5389 780 5432 ut
808 5385 1052 5452 quoniam
1094 5381 1328 5437 Ecclesia
1357 5385 1503 5438 nulla
1544 5402 1658 5438 esse
1697 5401 1801 5438 non
1828 5392 2018 5454 potest,
2045 5400 2107 5436 ea

529 5468 594 5520 sit
623 5485 777 5537 qvam
801 5471 854 5522 in
893 5473 1032 5525 sedis
1061 5476 1356 5541 apostolicae
1393 5492 1484 5544 per
1505 5477 1872 5538 successiones,
1904 5476 2106 5545 episco-

531 5573 711 5623 porum
739 5560 914 5614 radice
933 5565 1282 5630 constitutam,
1307 5565 1567 5618 nullorum
1590 5567 1853 5620 hominum
1883 5565 2104 5628 malitia,

531 5649 733 5702 etiamsi
760 5659 882 5704 nota
921 5653 1124 5707 excludi
1151 5671 1252 5707 non
1291 5657 1474 5725 possit,
1503 5658 1592 5710 sed
1614 5673 1706 5724 pro
1747 5657 1948 5709 ratione
1980 5664 2108 5707 tem-

539 5749 672 5796 pons
721 5741 988 5794 toleranda
1031 5743 1324 5814 judicctnr,
1361 5747 1466 5800 ulla
1509 5748 1658 5802 modo
1707 5746 1872 5800 caleat
1921 5745 2110 5797 exstin-

533 5822 703 5870 gucrc.

2215 5109 2370 5173 siam,
2401 5114 2457 5162 et
2484 5107 2605 5163 illos
2641 5108 2710 5163 ab
2739 5107 2948 5162 unitate
2975 5107 3180 5164 divisos
3218 5111 3556 5178 cognoscite,
3581 5122 3646 5168 et
3669 5131 3808 5170 com-

2215 5197 2490 5252 munionis
2533 5197 2886 5265 qumstionem
2927 5213 3046 5253 esse
3085 5199 3386 5265 sublatam,
3429 5217 3596 5271 quam
3629 5223 3806 5262 veram

2217 5287 2320 5342 nisi
2356 5287 2411 5340 in
2459 5288 2663 5341 unitate
2709 5293 2924 5342 constat
2969 5303 3093 5343 esse
3129 5304 3238 5344 non
3277 5305 3458 5360 posse.
3492 5291 3620 5349 Noli
3662 5309 3803 5364 ergo,

2215 5378 2367 5449 quasi
2396 5379 2543 5433 nulla
2565 5378 3028 5434 schismaticorum
3049 5387 3215 5448 atque
3228 5378 3484 5436 Ecclesia:
3506 5383 3805 5440 diﬁ'erentia

2215 5472 2304 5534 sit,
2334 5471 2474 5526 velle
2503 5469 2873 5526 indill'ereuter
2901 5479 3256 5542 utrorumque
3280 5474 3564 5531 sacriﬁciis
3589 5480 3802 5534 sociari.

2214 5562 2332 5617 Non
2362 5571 2445 5618 est
2491 5561 2689 5617 Christi
2719 5577 2946 5632 corpus,
2971 5561 3120 5632 quod
3154 5565 3532 5621 schismaticus
3570 5567 3803 5630 conﬁcit,

2213 5654 2255 5707 si
2290 5654 2517 5707 veritate
2569 5653 2706 5707 duce
2750 5651 3048 5723 dirigimur.
3087 5652 3198 5709 Nec
3235 5655 3383 5709 enim
3416 5656 3654 5711 divisum
3697 5673 3805 5714 esse

2213 5743 2480 5798 Christum
2500 5745 2696 5813 poterit
2711 5745 2992 5814 quisquam
3015 5745 3130 5799 sine
3151 5745 3399 5816 Apostoli
3424 5751 3805 5818 reprobatione

2213 5834 2536 5902 conﬁngere.
2578 5833 2748 5889 Unam
2775 5877 2791 5904 ,
2831 5842 2888 5888 ut
2915 5849 3056 5905 saepe
3087 5837 3288 5892 dictum
3315 5849 3418 5905 est,
3443 5856 3566 5910 qum
3608 5842 3803 5898 Citriin
