3952 6376
108 377 210 437 “5

1574 387 1950 452 EPISTULA}.

3292 414 3393 472 Ui

101 489 301 542 corpus
323 483 430 538 est.
455 485 667 533 constat
694 494 814 536 esse
842 481 1161 550 Ecclesiam,
1190 500 1310 556 qua:
1337 487 1389 553 in
1413 487 1518 546 duo
1545 485 1696 540 velin
1728 490 1777 547 Α
1803 484 1864 552 ﬁt
1893 495 2062 537 tamen
2091 484 2228 554 quod
2256 484 2437 550 nollet,
2477 493 2535 538 ut
2563 484 2757 554 doleat,
2785 489 2876 558 qui
2902 487 3063 542 etiam
3096 487 3284 541 invitus
3317 492 3400 542 vt-

103 565 262 630 ptura
316 563 488 619 dividi
537 579 641 619 non
679 575 881 633 potest.
939 569 1111 623 Simul
1149 571 1292 624 enim
1351 586 1476 626 cum
1528 572 1597 628 ab
1630 585 1698 628 ea

102 653 338 723 quisque
362 657 676 723 recesserit,
697 673 818 715 esse
835 661 1054 740 desistit
1079 661 1346 717 Ecclesia.
1369 662 1696 721 Unum-Hie-

106 749 348 802 rusalem
379 751 637 820 templum
656 763 781 808 est:
813 752 971 809 idolis
1003 767 1228 810 necesse
1247 764 1417 813 estut
1445 756 1699 814 immolet

103 841 198 910 qui
225 844 579 910 semetipsum
605 845 874 900 diviserit.
1679 895 1698 926 λ

186 957 344 1014 Idem
373 958 625 1030 Pelagius
664 957 948 1015 Valeriano
981 961 1232 1032 patricio,
1263 962 1400 1015 inter
1423 971 1628 1016 catera.

178 1088 330 1144 Istud
356 1097 440 1146 est
463 1088 606 1159 quod
629 1103 660 1142 a
681 1089 836 1144 vobis
863 1091 1232 1160 poposcimus,
1263 1101 1317 1145 et
1347 1107 1490 1146 nunc
1512 1093 1702 1147 iterum

108 1181 468 1250 postulamus,
502 1187 562 1234 ut
615 1177 898 1234 Paulinum
939 1181 1339 1250 Aquileienscm
1387 1182 1706 1253 pseudoepi-

109 1285 365 1341 scopum,
397 1282 453 1326 et
480 1270 630 1324 illum
670 1269 1124 1325 Mediolanensem
1158 1272 1468 1342 episcopum
1499 1273 1567 1327 ad
1592 1273 1704 1328 cle-

109 1361 506 1416 mentissimum
535 1361 836 1432 principem
875 1361 976 1415 sub
996 1361 1156 1429 digna
1179 1362 1424 1418 custodia
1441 1364 1702 1434 dirigatis,

107 1461 165 1506 et
207 1453 313 1507 iste
352 1452 444 1523 qui
481 1452 773 1522 episcopus
812 1467 933 1508 esse
979 1454 1288 1509 nullatenus
1327 1464 1535 1526 potest,
1577 1459 1702 1526 quia

106 1550 303 1596 contra
335 1555 554 1596 omnem
581 1542 899 1596 canonicam
921 1543 1363 1600 consuetudinem
1393 1547 1567 1602 factus
1599 1555 1699 1614 est,

105 1634 248 1688 alios
277 1633 419 1688 ultra
453 1648 562 1688 non
589 1633 800 1702 perdat,
834 1641 890 1688 et
918 1633 1009 1689 ille
1037 1635 1127 1704 qui
1153 1644 1341 1691 contra
1371 1653 1580 1694 morem
1606 1655 1703 1694 an-

107 1724 324 1794 tiquum
348 1738 474 1777 eum
500 1722 754 1778 ordinare
783 1725 1144 1793 praesumpsit,
1172 1726 1366 1781 debita:
1403 1729 1702 1785 canonihus

106 1811 366 1868 vindicta:
385 1812 684 1880 subjaceat.
717 1811 826 1868 Sed
838 1828 939 1868 nec
965 1813 1119 1868 licuit
1139 1816 1428 1886 aliquando
1449 1835 1550 1874 nec
1569 1819 1703 1876 lice-

105 1903 190 1959 bit
220 1903 608 1974 particularem
635 1903 900 1976 synodum
935 1905 1004 1960 ad
1031 1905 1437 1976 dijudicandum
1477 1925 1704 1980 genera-

103 1993 216 2050 lem
241 1993 516 2065 synodum
544 1997 881 2064 congregari.
914 1995 1022 2052 Sed
1068 1996 1202 2068 (luo,
1237 2018 1290 2070 p.
1324 2016 1397 2067 tv,
1421 2019 1534 2073 cap.
1572 2003 1701 2076 259)

103 2085 365 2155 quotiens
385 2086 564 2157 aliqua
589 2086 659 2142 de
694 2088 986 2146 universali
1015 2090 1225 2161 synodo
1248 2091 1516 2163 aliquibus
1541 2094 1700 2150 dubi-

87 2175 250 2232 tatio
273 2178 538 2246 nascitur,
569 2179 637 2232 ad
666 2179 1029 2249 recipiendam
1050 2181 1120 2237 de
1149 2197 1216 2238 eo
1245 2185 1388 2252 quod
1410 2202 1518 2240 non
1551 2187 1705 2243 intel-

107 2265 282 2337 ligunt
303 2267 592 2337 rationem,
607 2277 700 2324 aut
725 2279 920 2340 sponte
940 2272 992 2326 hi
1015 2273 1107 2342 qui
1129 2274 1356 2330 salutem
1379 2277 1570 2332 anima:
1593 2294 1703 2334 suze

107 2357 843 2428 desiderantadapostolicas
863 2361 1018 2417 sedes
1042 2378 1140 2434 pro
1164 2367 1472 2437 recipienda
1493 2371 1704 2426 ratione

106 2449 456 2514 conveniant,
485 2459 578 2504 aut
608 2451 654 2507 si
683 2451 854 2520 forte,
885 2453 1024 2508 sicut
1051 2455 1119 2508 de
1143 2457 1336 2512 talibus
1364 2459 1566 2514 dictum
1596 2471 1698 2524 est,

107 2550 354 2608 peccator
375 2556 490 2594 cum
509 2543 700 2596 uenerit
724 2544 780 2597 in
807 2531 1126 2615 profundum
1153 2547 1457 2614 malorum,-
1475 2561 1703 2605 eontem-

106 2635 188 2685 m’t
217 2631 564 2703 (Promxvm,
585 2634 663 2706 5),
696 2636 770 2691 ita
792 2639 1047 2693 obstinati
1076 2647 1133 2694 et
1169 2650 1510 2700 contumaces
1539 2648 1706 2702 exsti-

109 2723 302 2790 terint,
337 2732 394 2778 ut
426 2723 606 2780 doceri
649 2741 758 2782 non
800 2727 1005 2792 velint,
1037 2745 1132 2786 eos
1153 2730 1224 2786 ab
1253 2733 1456 2788 eisdem
1485 2745 1706 2806 aposto-

111 2811 235 2868 licis
260 2811 488 2869 sedibus
507 2823 600 2869 aut
625 2817 826 2870 attrahi
849 2817 915 2872 ad
945 2819 1174 2875 salutem
1204 2827 1585 2893 quoquomodo
1609 2845 1705 2884 ne-

111 2919 273 2959 cesse
320 2912 444 2972 est,
505 2914 598 2961 aut
652 2923 722 2963 ne
767 2908 995 2966 aliorum
1050 2915 1283 2983 perditio
1322 2933 1442 2973 esse
1497 2922 1706 2990 possint

108 2994 412 3050 secundum
439 3011 675 3055 canones
696 3015 795 3069 per
821 3003 1108 3060 saeculares
1133 3007 1363 3076 opprimi
1384 3017 1700 3079 potestates.

107 3085 222 3141 Nec
251 3086 308 3140 in
337 3087 442 3142 hac
469 3097 626 3157 parte
651 3106 748 3145 vos
777 3091 1053 3148 hominum
1083 3097 1390 3166 vaniloquia
1426 3102 1704 3157 retardent

107 3179 429 3246 dicentium,
459 3181 587 3249 quia
615 3184 1046 3251 persecutionem
1067 3185 1313 3244 Ecclesia
1343 3189 1537 3257 faciat,
1571 3193 1699 3248 dum

105 3271 196 3326 vel
225 3285 293 3324 ea
321 3285 442 3340 quas
469 3273 880 3329 committuntur
899 3277 1162 3346 reprimit,
1193 3280 1278 3334 vel
1299 3281 1598 3337 animarum
1612 3300 1699 3339 sa-

107 3361 277 3420 lutem
300 3361 544 3430 requirit.
576 3360 776 3417 Errant
796 3364 1103 3434 bujusmodi
1121 3371 1354 3425 rumoris
1374 3371 1701 3430 fabulatores

105 3451 224 3523 (leo
252 3469 375 3523 par.
401 3469 455 3520 x,
511 3470 626 3524 cap.
661 3453 774 3527 95).
823 3456 940 3512 Non
988 3461 1336 3530 persequitur
1361 3463 1464 3518 nisi
1511 3466 1602 3536 qui
1633 3468 1702 3524 ad

104 3543 320 3605 malum
351 3545 516 3613 cogit.
547 3543 650 3612 Qui
680 3562 811 3602 vero
838 3549 1036 3604 malum
1065 3551 1152 3605 vel
1179 3551 1376 3608 factum
1389 3553 1502 3624 jam
1525 3559 1698 3626 punit,

103 3635 192 3690 vel
221 3633 484 3704 prohibet
503 3651 572 3691 ne
601 3635 712 3702 fiat,
744 3653 853 3692 non
880 3641 1221 3710 persequitur
1247 3643 1370 3712 iste,
1392 3646 1487 3701 sed
1506 3648 1698 3718 diligit.

102 3725 244 3780 Nam
277 3724 345 3784 si.
371 3733 432 3779 ut
451 3725 529 3780 illi
549 3736 762 3797 putant,
795 3744 956 3785 nemo
987 3747 1089 3786 nec
1115 3734 1486 3803 reprimendus
1506 3753 1537 3792 a
1557 3739 1700 3794 malo

107 3815 178 3870 ad
209 3815 420 3874 bonum
447 3824 556 3882 est,
584 3817 852 3874 humanas
871 3827 927 3875 et
955 3822 1165 3878 divinas
1185 3825 1332 3893 leges
1369 3843 1589 3884 necesse
1617 3838 1702 3884 est

99 3907 394 3972 cvacuari;
424 3923 544 3978 qua:
575 3916 630 3963 et
660 3909 816 3965 malis
843 3927 1058 3980 poenam
1082 3922 1138 3968 et
1163 3915 1320 3971 bonis
1345 3921 1560 3987 praemia
1582 3919 1700 3986 jus-

99 4000 222 4055 titia
273 3999 539 4055 suadente
577 4001 932 4057 constituunt.
980 4002 1181 4061 Malum
1235 4016 1417 4063 autem
1465 4009 1700 4066 schisma

101 4107 253 4159 esse,
277 4099 336 4146 et
363 4107 464 4162 per
489 4101 704 4148 exteras
735 4095 896 4149 etiam
939 4106 1238 4167 potestates
1267 4101 1567 4170 bujusmodi
1597 4103 1700 4159 ho-

97 4184 279 4238 mines
302 4181 500 4237 debere
525 4185 776 4254 opprimi,
809 4195 865 4242 et
892 4189 1167 4244 canonica:
1193 4189 1488 4262 Scriptura:
1513 4202 1702 4248 aucto-

96 4272 258 4335 ritas,
293 4280 350 4332 et
388 4279 737 4342 paternarum
783 4277 1090 4344 regularum
1137 4295 1238 4335 nos
1277 4282 1475 4335 veritas
1514 4282 1694 4338 docet.

96 4363 368 4432 Quisquis
396 4377 528 4432 ergo
569 4366 638 4420 ab
666 4368 977 4436 apostolicis
1004 4369 1205 4426 divisus
1233 4380 1317 4427 est
1363 4373 1594 4440 sedibus,
1646 4376 1699 4430 in

95 4455 408 4509 schismate
437 4469 560 4509 eum
590 4471 713 4512 esse
741 4474 848 4514 non
888 4459 1108 4516 dubium
1139 4472 1253 4528 est,
1285 4473 1340 4519 et
1364 4475 1550 4521 contra
1581 4470 1700 4523 uni-

95 4545 376 4601 versalem
399 4545 696 4602 Ecclesiam
727 4549 898 4607 altare
918 4561 1150 4609 conatur
1175 4556 1404 4624 erigere.
1437 4557 1544 4613 Sed
1571 4561 1698 4630 quid

100 4637 170 4692 de
201 4637 410 4692 talibus
436 4639 674 4695 insertus
704 4639 1134 4700 Chalcedoneusi
1153 4648 1361 4718 synodo
1390 4665 1562 4704 canon
1589 4659 1696 4706 sta-

98 4736 222 4782 tuat
248 4728 393 4799 (Act.
426 4729 481 4795 4,
512 4745 704 4787 canon.
723 4742 834 4787 ant.
857 4733 934 4805 5),
962 4736 1130 4804 gloria
1162 4747 1338 4794 vestra
1367 4741 1696 4810 consideret,

102 4819 197 4873 ubi
228 4825 360 4888 post
388 4819 492 4873 alia
516 4820 594 4876 sic
620 4821 750 4876 dicit
781 4841 794 4875 :
840 4823 941 4890 Qui
971 4842 1000 4880 a
1036 4829 1417 4886 communione
1463 4833 1696 4904 seipsum

97 4909 408 4978 suspendit,
440 4918 496 4965 et
522 4912 804 4967 collectam
835 4913 983 4976 facit.
1011 4925 1067 4971 et
1104 4918 1276 4974 altare
1315 4923 1612 4986 constituit,
1643 4931 1698 4978 et

99 4999 346 5054 noluerit
383 5004 599 5056 vocanti
654 5005 915 5074 episcopo
969 5011 1298 5076 consentire,
1356 5022 1412 5066 et
1465 5013 1698 5069 noluerit

107 5087 291 5142 cidem
327 5088 695 5157 acquiescere,
731 5109 908 5162 neque
935 5095 1158 5154 obedire
1183 5101 1357 5168 primo
1378 5111 1430 5157 et
1452 5107 1692 5162 secundo

110 5178 354 5240 vocanti,
388 5178 534 5234 hunc
565 5181 790 5237 omnino
851 5183 1124 5253 damnari,
1173 5205 1274 5244 nec
1325 5205 1562 5261 unquam
1605 5199 1690 5253 vel

105 5270 416 5324 orationem
431 5274 647 5337 mereri,
669 5289 768 5328 nec
795 5276 1036 5344 recipere
1061 5295 1183 5333 eum
1209 5296 1364 5349 posse
1393 5283 1685 5342 honorem.

107 5363 167 5417 Si
195 5363 345 5418 enim
369 5367 733 5432 permanserit
786 5371 973 5422 turbas
1012 5369 1225 5428 faciens
1257 5373 1344 5437 {et
1379 5377 1684 5435 seditiones

103 5451 390 5521 Ecclesiae,
421 5470 519 5524 per
565 5447 810 5514 exteram
840 5470 1165 5530 potestatem
1195 5479 1449 5535 tanquam
1477 5471 1697 5525 seditio-

99 5557 222 5594 sum
245 5544 554 5612 comprimi.
579 5545 644 5601 Et
663 5547 851 5604 beatus
873 5551 1199 5619 Augustinus
1223 5555 1292 5612 de
1315 5557 1506 5614 talibus
1529 5561 1685 5616 dicit:

100 5630 276 5688 Multa
317 5636 478 5689 etiam
511 5655 627 5692 cum
668 5641 840 5696 invitis
870 5643 1095 5716 benigna
1134 5648 1362 5719 quadam
1409 5654 1691 5720 asperitate

97 5723 386 5790 plectendis
407 5728 614 5797 agenda
641 5742 762 5784 sunt
783 5749 802 5796 ;
827 5751 1044 5804 quorum
1072 5739 1244 5806 potius
1268 5740 1483 5795 utilitati
1502 5761 1690 5798 consu-

96 5814 312 5868 lendum
335 5823 414 5869 est
440 5833 595 5888 quam
623 5821 895 5878 voluntati.
941 5823 1084 5879 Nam
1129 5829 1183 5880 in
1221 5831 1548 5900 corripiendo
1575 5835 1687 5902 ﬁlio

92 5906 426 5975 quantumvis
446 5923 648 5970 aspere.
675 5927 939 5975 nunquam
959 5923 1204 5975 paternus
1234 5936 1382 5975 amor
1411 5923 1514 5974 mni
1522 5925 1686 5984 (titur.

1809 577 1960 630 detur
1987 577 2167 631 dolore
2203 578 2491 632 sanandus.
2538 576 2680 634 Ecce
2707 578 2902 635 videtis
2938 578 3394 650 quemadmodum

1807 666 1942 720 tanti
1998 666 2310 721 testimonio
2351 665 2526 722 Patris
2555 682 2663 722 non
2691 679 3046 738 persequatur
3091 666 3397 723 coercendo

1808 757 1956 821 talia,
1987 757 2084 812 sed
2112 757 2302 827 diligat
2341 757 2679 814 emendando
2715 757 2849 814 tales
2875 774 3090 830 semper
3125 758 3396 817 Ecclesia.

1807 845 1990 902 Facite
2019 862 2152 916 ergo
2195 848 2358 902 etiam
2389 864 2508 914 vos,
2551 847 2698 918 quod
2747 850 2984 905 scientes
3031 850 3392 906 intentionem

1806 935 2227 994 Christianitatis
2251 947 2446 995 vestrae
2486 939 2798 1010 frequenter
2826 941 3136 1007 hortamur;
3180 949 3237 996 et.
3261 940 3392 997 date

1804 1043 2026 1096 Operam
2071 1037 2130 1084 ut
2179 1031 2305 1084 talia
2332 1030 2448 1085 fieri
2500 1031 2638 1086 ultra
2692 1047 2802 1086 non
2848 1032 3030 1100 liceat,
3071 1031 3165 1086 sed
3195 1032 3384 1097 etiam,

1806 1119 1952 1187 quod
1981 1121 2136 1176 vobis
2157 1137 2264 1177 non
2290 1121 2606 1177 facillimum
2636 1138 2756 1178 esse
2789 1139 2898 1178 non
2944 1123 3168 1187 dubito,
3201 1123 3258 1177 hi
3304 1123 3397 1192 qui

1813 1209 1940 1263 talia
1993 1221 2452 1282 praesumpserunt
2491 1211 2558 1267 ad
2607 1213 2906 1283 piissimum
2955 1215 3250 1284 principem
3296 1213 3398 1269 sub

1805 1298 1964 1367 digna
1988 1301 2230 1356 custodia
2258 1303 2578 1371 dirigantur.
2614 1304 2873 1360 Recolere
2915 1304 3058 1359 enim
3087 1306 3250 1361 debet
3277 1303 3395 1361 cel-

1805 1389 1984 1444 situdo
2007 1400 2185 1446 vestra
2213 1392 2343 1460 quid
2382 1408 2480 1462 per
2506 1409 2604 1448 vos
2625 1392 2766 1448 Deus
2793 1393 2984 1448 fecerit
3023 1403 3271 1464 tempore
3301 1393 3396 1450 illo

1804 1496 1936 1550 quo,
1969 1482 2177 1538 [striam
2206 1491 2262 1537 et
2300 1482 2558 1538 Venetias
2598 1494 2828 1556 tyranno
2857 1485 3034 1540 Totila
3061 1485 3391 1555 possidente,

1805 1571 2028 1627 Francis
2069 1573 2233 1626 etiam
2261 1582 2456 1628 cuncta
2496 1574 2854 1639 vastantibus,
2898 1591 3006 1630 non
3034 1584 3162 1629 ante
3211 1583 3390 1629 tamen

1803 1659 2256 1716 Mediolanensem
2289 1663 2603 1732 episcopum
2648 1662 2762 1718 fieri
2791 1663 3128 1734 permisislis,
3181 1663 3285 1718 nisi
3327 1665 3394 1720 ad

1804 1753 2283 1809 clementissimum
2336 1755 2634 1825 principem
2683 1755 2880 1810 exinde
2928 1755 3286 1822 retulissetis;
3335 1764 3396 1811 et

1732 1859 1779 1917 Β
1805 1845 1934 1914 quid
1956 1843 2068 1900 fieri
2091 1846 2384 1910 debuisset,
2427 1846 2543 1916 ejus
2581 1849 2776 1903 iterum
2805 1848 3021 1919 scriptis
3047 1863 3394 1918 recognovns-

1801 1938 1953 2005 setis,
1984 1945 2041 1992 et
2077 1936 2218 1992 inter
2269 1937 2469 2007 ubique
2511 1937 2782 1994 ferventes
2822 1939 3028 2005 hostes,
3073 1937 3389 1992 Ravennam

1804 2033 2001 2091 tamen,
2052 2035 2109 2081 et
2139 2027 2183 2081 is
2207 2027 2298 2096 qui
2345 2026 2700 2082 ordinabatur
2737 2036 2794 2083 et
2837 2029 2884 2085 is
2911 2029 3003 2098 qui
3049 2027 3395 2083 ordinaturus

1802 2123 1937 2183 erat,
1970 2116 2306 2187 providentia
2335 2118 2582 2174 culminis
2603 2120 2767 2174 vestri
2787 2120 3003 2176 deducti
3026 2129 3172 2176 sunt.

2213 2229 2460 2302 Pelagius
2483 2229 2705 2304 Cethego
2730 2234 2970 2304 patricio.

1874 2339 2026 2406 Quod
2069 2340 2138 2397 de
2165 2341 2467 2398 ordinando
2494 2341 2749 2398 Ecclesia:
2788 2343 3076 2401 Catanensi
3125 2347 3387 2420 episcopo

1799 2420 2038 2486 salubris
2087 2433 2352 2487 electione
2375 2433 2560 2502 judicii
2607 2433 2721 2489 fieri
2763 2435 3130 2502 desiderastis,
3169 2439 3392 2506 agnovi-

1805 2541 1924 2580 mus
1951 2565 1967 2591 ,
2000 2524 2283 2580 confestim
2325 2526 2572 2595 sequenti
2597 2526 2687 2581 die
2725 2542 2847 2581 eum
2871 2527 3024 2597 juxta
3054 2544 3260 2584 morem
3286 2529 3394 2586 dis-

1803 2615 2092 2684 cutientes,
2115 2617 2278 2672 tertio
2307 2633 2416 2687 quo
2445 2617 2593 2672 venit
2613 2617 2701 2672 die
2730 2619 3040 2690 episcopum
3073 2635 3396 2678 consecrare

1803 2708 2134 2764 curavimus.
2183 2708 2357 2764 Simili
2403 2709 2621 2779 quidem
2653 2711 2817 2766 modo
2861 2711 3012 2768 etde
3037 2711 3392 2784 Syracusana:

1804 2798 1953 2853 urbis
1979 2799 2622 2869 antistiteoptaveramus
2644 2802 2698 2857 in
2730 2802 2849 2872 ipso
2880 2803 3036 2859 initio
3075 2804 3258 2874 gloriae
3295 2823 3393 2862 ve-

1801 2896 1928 2942 strm
1950 2889 2230 2945 desideriis
2252 2891 2495 2956 obedire,
2515 2893 2616 2946 nisi
2640 2908 2738 2948 nos
2761 2894 3042 2964 multiplex
3070 2897 3210 2950 ratio
3227 2896 3394 2966 ipsius

1804 2996 1912 3035 non
1939 2981 2124 3050 paucis
2155 2983 2488 3052 temporibus
2517 2984 2914 3041 ordinationem
2959 2986 3174 3044 differre
3211 3004 3395 3045 sacer-

1803 3071 1936 3126 dotii
1965 3073 2251 3142 coegisset;
2281 3075 2352 3130 ob
2376 3075 2483 3130 hoc
2503 3076 2648 3145 quod
2677 3077 2763 3132 vel
2784 3093 3033 3148 persona:
3060 3081 3315 3149 qualitas,
3338 3090 3393 3136 et

1802 3164 1943 3218 sicut
1969 3180 2066 3220 vos
2095 3166 2288 3222 melius
2342 3167 2534 3235 nostis,
2561 3168 2648 3222 vel
2676 3179 2956 3239 superstes
2984 3186 3142 3238 uxor,
3175 3181 3269 3226 aut
3292 3174 3390 3228 lilii

1803 3269 1900 3324 per
1937 3271 2074 3325 quos
2124 3257 2494 3314 ecclesiastica
2539 3259 2681 3314 solet
2723 3261 3017 3331 periclitari
3054 3262 3390 3335 substantia,

1802 3353 2018 3400 nostros
2041 3346 2252 3402 animos
2280 3347 2482 3404 diutius
2521 3349 2590 3404 ab
2631 3349 2750 3420 ejus
2777 3351 3119 3408 ordinatione
3159 3369 3390 3425 suspen-

1802 3435 2016 3490 derent.
2049 3435 2116 3491 Et
2139 3446 2402 3506 quantum
2429 3441 2495 3494 ad
2517 3443 2782 3497 cautelam
2813 3442 3100 3499 humanam
3130 3447 3387 3517 pertinet,

1802 3527 2013 3597 integro
2039 3542 2180 3598 pene
2199 3543 2341 3584 anno
2369 3528 2706 3598 distulimus;
2727 3533 3014 3604 opinantes
3032 3536 3176 3605 quod
3199 3537 3390 3592 melius

1804 3617 2264 3688 Syracusanorum
2285 3621 2574 3688 provenire
2602 3623 2796 3680 electio
2819 3625 3105 3696 potuisset.
3127 3625 3236 3682 Sed
3267 3628 3390 3698 quia

1803 3709 1856 3762 in
1899 3707 2198 3764 voluntatis
2243 3725 2354 3765 sua:
2379 3713 2660 3783 proposito
2688 3715 3114 3773 irrevocabiliter
3134 3720 3389 3788 perstite-

1801 3806 1948 3862 runt,
1981 3807 2037 3854 et
2063 3799 2244 3856 nullus
2269 3811 2354 3857 est
2392 3803 2531 3858 alius
2553 3805 2614 3859 in
2643 3805 2836 3861 eadem
2865 3816 3110 3878 repertus
3129 3809 3388 3877 Ecclesia,

1801 3889 1906 3944 nisi
1945 3891 2278 3960 longioribus
2305 3893 2481 3949 adhuc
2510 3903 2814 3966 temporum
2843 3898 3150 3956 dillerretur
3177 3903 3389 3972 spatiis,

1801 3995 1870 4034 ne
1895 3979 2058 4049 paulo
2087 3981 2318 4050 amplius
2347 3983 2665 4054 insanirent,
2693 3987 2834 4042 sicut
2861 3987 2953 4044 lilii
2976 3990 3149 4046 nostri
3178 3993 3388 4062 magni-

1801 4068 1886 4124 fici
1907 4070 2009 4124 viri
2029 4072 2275 4140 praetoris
2297 4072 2681 4132 testificatione
2700 4079 3006 4146 didicimus,
3039 4082 3181 4138 inter
3201 4083 3388 4154 bujus-

1802 4157 1947 4212 modi
1986 4158 2370 4229 ambiguitates
2400 4163 2531 4219 illud
2577 4168 2881 4224 co..sultius
2903 4168 3264 4239 judicavimus
3305 4173 3387 4230 fa-

1801 4247 2081 4314 ciendum,
2137 4258 2196 4304 ut
2224 4267 2464 4321 congrua
2511 4257 2872 4328 providentia,
2901 4277 3120 4317 causam
3169 4274 3388 4336 propter

1801 4351 1962 4406 quam
1994 4339 2306 4411 principalis
2325 4345 2644 4403 constitutio
2661 4349 2922 4408 habentes
2949 4353 3086 4410 ﬁlios
3114 4363 3170 4411 et
3192 4373 3390 4417 uxores

1803 4427 1870 4480 ad
1889 4420 2236 4500 episcopatus
2250 4435 2754 4502 prohibetordinem
2767 4457 3110 4514 promovere,
3124 4448 3273 4504 salva
3289 4449 3390 4507 dis-

1803 4523 2072 4591 positione
2101 4526 2314 4582 concilii
2341 4530 2694 4589 muniremus.
2727 4534 2842 4602 Qua
2871 4536 2939 4592 de
2959 4553 3022 4594 re
3045 4554 3258 4596 summo
3277 4549 3388 4598 stu-

1805 4611 1892 4665 dio
1945 4613 2014 4668 ab
2041 4614 2235 4669 eodem
2283 4617 2596 4690 priusquam
2625 4637 2657 4677 a
2695 4623 2851 4680 nobis
2894 4641 3018 4681 eum
3054 4623 3388 4700 contingeret

1800 4707 2062 4772 ordinari,
2094 4709 2406 4781 bujusmodi
2435 4717 2716 4784 exegimus
2743 4720 3072 4790 cautionem,
3106 4739 3204 4795 per
3223 4741 3388 4794 quam

1798 4805 1854 4850 et
1879 4814 2031 4852 suam
2060 4798 2321 4856 fateretur
2346 4807 2605 4874 quantula
2633 4817 2780 4865 esset
2805 4813 3088 4880 praesentis
3115 4816 3383 4883 temporis

1799 4887 1980 4942 habita
2007 4905 2186 4944 rerum
2223 4889 2589 4962 descriptione
2620 4897 3013 4967 substantiam,
3044 4909 3101 4956 et
3127 4901 3258 4956 nihil
3287 4918 3387 4957 un-

1799 4987 1960 5044 quam
1985 4993 2082 5047 per
2107 4995 2186 5046 se,
2218 4989 2312 5035 aut
2339 4998 2438 5053 per
2465 4984 2620 5052 ﬁlios,
2647 4996 2742 5042 aut
2766 5003 2864 5058 per
2885 5005 3130 5058 uxorem,
3153 4992 3266 5048 sive
3292 5007 3396 5064 per

1805 5070 2108 5138 quamlibet
2154 5073 2538 5145 propinquam,
2571 5086 2666 5132 aut
2690 5078 3062 5149 domesticam,
3094 5084 3182 5140 vel
3204 5091 3386 5140 extra-

1805 5173 1962 5212 neam
2005 5160 2145 5215 forte
2169 5177 2478 5232 personam,
2511 5167 2581 5222 de
2610 5169 2770 5225 rebus
2791 5182 3074 5242 usurparet
3095 5173 3384 5244 Ecclesiae;

1801 5259 1857 5303 et
1888 5251 2134 5305 universa
2155 5253 2236 5306 sui
2258 5253 2598 5324 episcopatus
2617 5259 2840 5328 quaesita
2863 5269 3106 5332 tempore
3135 5265 3386 5321 Ecclesiae

1803 5338 2043 5394 dominio
2065 5341 2325 5408 sociaret;
2363 5343 2496 5398 nihil
2532 5347 2669 5402 ultra
2697 5347 2750 5402 id
2787 5350 2932 5418 quod
2957 5353 3120 5408 modo
3146 5353 3385 5427 descrip-

1798 5434 1910 5482 tum
1934 5438 2035 5496 est,
2069 5431 2194 5486 liliis
2221 5435 2332 5488 suis
2357 5435 2441 5489 vel
2469 5436 2772 5495 hatredibus
2799 5439 3109 5496 relicturus.

1796 5538 2044 5612 Pelagius
2070 5540 2372 5600 Eleutherio
2400 5548 2637 5618 episcopo
2666 5547 2746 5621 (ϐ.
2777 5547 2998 5617 Deusd.,
3020 5551 3059 5606 ι.
3089 5568 3169 5621 nt,
3191 5569 3238 5606 ο.
3267 5554 3378 5628 10.)

1865 5652 2129 5710 Maximus
2161 5655 2420 5715 diaconus
2449 5658 2701 5717 Ecclesia:
2727 5661 3029 5720 dilectionis
3077 5675 3181 5720 tua:
3225 5668 3379 5726 nobis

1794 5748 2079 5815 suggessit,
2109 5748 2164 5802 in
2193 5750 2360 5807 fundo
2381 5753 2472 5823 qui
2505 5755 2809 5824 appellatur
2837 5755 3146 5824 Pancellus,
3193 5771 3376 5816 orato-

1795 5837 1933 5890 rium
1955 5853 2014 5892 se
2041 5853 2138 5909 pro
2167 5855 2262 5895 sua
2286 5840 2578 5898 devotione
2597 5843 2848 5902 fundasse
2866 5887 2881 5912 ,
2915 5849 3058 5917 quod
3089 5849 3142 5905 in
3173 5851 3378 5908 honore

1797 5929 1968 5983 beata:
2015 5929 2291 5988 Cantiana:
2330 5936 2578 5990 martvris
2619 5937 2887 5992 desiderat
2916 5957 3252 5998 C0ll:CCl'al‘c.
3314 5943 3373 5996 Et
