3952 6412
522 373 627 432 H5

1873 366 2134 424 PELAGII
2175 367 2376 424 ΡΑΡᾹΞ
2401 371 2423 426 l

3690 373 3810 430 “3

521 491 666 556 ideo,
697 485 864 543 frater
901 485 1231 551 cbarissime,
1259 485 1304 540 si
1344 483 1398 538 in
1429 491 1518 542 tua
1545 481 1763 538 dimcesi
1793 489 2092 538 memorata
2120 485 2170 542 Α
2198 481 2444 554 Pelagius
2479 481 2678 537 locum
2703 483 2874 539 comiti
2915 484 3246 560 patrimonii,
3279 493 3396 557 post
3417 493 3633 542 cetera.
3666 487 3814 560 (1b.,

521 577 853 634 constructio
896 575 1018 646 jure
1046 574 1313 640 consistit,
1345 581 1402 630 et
1423 573 1625 630 nullum
1670 589 1871 644 corpus
1907 573 2106 628 ibidem

522 674 734 723 constat
761 667 1061 728 humatum,
1088 673 1344 736 percepta
1369 665 1518 734 prius
1546 664 1841 720 donatione
1869 663 2106 733 legitima

523 757 607 813 vel
631 755 974 827 possessione
1001 756 1094 810 illa
1121 764 1178 812 et
1195 756 1307 821 illa,
1329 763 1649 825 praestantes
1676 755 1874 810 liberos
1894 769 1925 808 a
1951 753 2107 808 iisca-

522 849 660 906 libus
679 850 852 906 titulis
877 849 1081 906 solidos
1111 857 1210 914 tot,
1239 849 1512 920 gestisque
1537 847 1950 918 municipalibus
1979 845 2109 900 alle-

522 941 693 1010 gatis,
723 938 1038 1012 prmdictum
1077 940 1374 996 oratorium
1419 938 1624 1009 absque
1663 939 1842 994 missis
1883 938 2111 1008 publicis

523 1030 840 1087 solemniter
865 1031 1245 1097 consecrabis;
1277 1031 1348 1086 ita
1376 1038 1558 1085 tamen
1587 1037 1648 1085 ut
1675 1031 1729 1084 in
1765 1029 1958 1086 eodem
1987 1029 2110 1086 loco

526 1137 628 1180 nec
655 1121 848 1178 futuris
869 1123 1209 1193 temporibus
1227 1122 1598 1194 baptisterium
1613 1130 1978 1189 construatur,
2009 1138 2112 1178 nec

527 1213 901 1285 presbylerum
956 1213 1251 1268 constituas
1296 1211 1673 1268 cardinalem:
1728 1211 1823 1268 sed
1860 1213 2113 1282 quotiens

527 1303 720 1360 missas
741 1304 816 1358 ibi
846 1301 962 1360 ﬁeri
993 1302 1130 1360 forte
1157 1303 1426 1369 maluerit,
1459 1318 1490 1358 a
1518 1301 1810 1358 dilectione
1839 1311 1928 1358 tua
1956 1319 2110 1374 pres-

528 1395 772 1465 byterum
799 1396 1010 1449 noverit
1050 1395 1449 1466 postulandum,
1499 1404 1765 1466 quatenus
1789 1395 1921 1450 nihil
1953 1396 2060 1452 tale
2082 1411 2112 1451 a

528 1486 769 1556 quolibet
793 1486 900 1543 alio
928 1487 1214 1544 sacerdote
1233 1488 1500 1544 ullatenus
1528 1497 1896 1560 praesumatur.

754 1597 993 1670 Pelagius
1015 1599 1216 1656 Asteria
1245 1601 1504 1673 episcopo.
1529 1599 1662 1671 (1b.,
1699 1617 1747 1656 c.
1780 1601 1895 1674 10.)

607 1709 906 1768 Vindimius
935 1711 1101 1768 abbas
1127 1713 1368 1783 petitorii
1397 1715 1554 1771 nobis
1597 1717 1958 1774 insinuatione
1986 1731 2113 1787 sug-

533 1800 714 1869 gessit,
745 1799 891 1872 quod
918 1803 1147 1857 habetur
1175 1803 1228 1858 in
1255 1803 1503 1872 subditis,
1547 1807 1702 1877 juxta
1747 1824 1932 1866 muros
1979 1809 2116 1864 civi-

2881 571 2930 608 c.
2966 553 3114 624 114).

2278 663 2462 721 Gloria
2491 665 2654 734 igitur
2678 676 2859 721 vestra
2887 667 3184 723 secundum
3205 666 3464 724 bonitatis
3477 679 3816 727 consuetum

2210 771 2439 825 morem,
2473 756 2582 812 lilio
2627 765 2814 812 nostro
2853 756 3146 813 Luminoso
3174 760 3494 832 presbytero
3519 760 3719 817 solatia
3748 761 3814 818 in

2211 847 2439 919 praefato
2489 848 2704 914 itinere,
2755 848 2948 918 quibus
2999 857 3115 905 tute
3143 851 3213 905 ad
3255 851 3586 907 destinatum
3617 852 3818 910 locum

2210 939 2496 1010 pervenire
2524 940 2720 1002 valeat,
2753 929 3144 996 subministret.
3173 939 3280 996 Sed
3310 949 3366 997 et
3407 942 3807 1000 commendare

2211 1045 2336 1086 eum
2365 1030 2656 1099 dignemini
2699 1031 2810 1086 illic
2836 1031 3146 1087 hominibus
3171 1033 3396 1097 vestris,
3448 1041 3507 1088 ut
3534 1033 3704 1088 etiam
3734 1033 3816 1090 ibi

2212 1121 2405 1177 vestris
2427 1120 2592 1176 fultus
2631 1122 2874 1186 auxiliis,
2906 1119 3136 1191 injuncti
3181 1121 3284 1179 sibi
3329 1123 3533 1192 negotii
3593 1121 3820 1178 facilius

2211 1213 2385 1284 possit
2404 1215 2692 1268 terminum
2720 1213 2983 1285 recipere.

2214 1322 2463 1394 Pelagius
2485 1321 2709 1378 Anilano
2739 1324 2947 1391 comiti,
2989 1331 3105 1395 post
3132 1340 3321 1396 pauca.
3358 1323 3549 1397 (Ibid.,
3573 1341 3620 1379 c.
3653 1323 3816 1396 115.)

2287 1432 2503 1489 Petrum
2533 1434 2698 1488 lilium
2729 1443 2974 1490 nostrum
3003 1436 3316 1505 apostolica:
3345 1436 3491 1492 sedis
3520 1436 3822 1509 presbyte-

2214 1540 2334 1580 rum
2363 1524 2432 1580 ad
2471 1524 2789 1592 corrigenda
2819 1539 2885 1582 ea
2925 1539 3047 1594 qua:
3075 1526 3127 1581 in
3171 1527 3526 1596 quzestionem
3578 1529 3822 1582 veniunt

2215 1615 2466 1671 duximus
2493 1614 2862 1684 dirigendum;
2909 1605 3210 1672 faciliorem
3240 1616 3482 1673 omnium
3522 1633 3820 1673 causarqu

2215 1704 2451 1761 futurum
2481 1721 2602 1762 esse
2636 1705 2940 1775 judicantes
2965 1707 3195 1774 exitum,
3227 1707 3274 1762 si
3296 1707 3444 1762 illum
3490 1707 3558 1764 ab
3586 1717 3822 1778 aposto-

2218 1797 2322 1853 lica
2361 1799 2677 1867 contigisset
2724 1799 2937 1869 publice
2965 1798 3094 1856 sede
3135 1800 3448 1867 transmitti,
3477 1801 3572 1870 qui
3625 1811 3685 1855 et
3737 1805 3822 1857 rei

535 1891 660 1945 tatis
683 1889 1036 1948 Salernitante
1062 1893 1201 1948 intra
1226 1907 1612 1954 monasterium
1641 1915 1797 1955 suum
1821 1901 2114 1956 oratorium

2231 1892 2436 1959 merito,
2485 1899 2540 1948 et
2570 1908 2668 1964 pro
2695 1891 2976 1948 charitatis
3019 1893 3234 1948 vinculo
3263 1895 3552 1963 potestatis
3579 1894 3822 1962 publica:

534 1995 594 2034 se
621 1995 722 2050 pro
750 1996 846 2036 sua
869 1982 1160 2039 devotione
1188 1983 1460 2054 fundasse,
1492 1989 1638 2057 quod
1671 1991 1724 2045 in
1753 1991 1961 2047 honore
1989 1992 2118 2047 bea-

2231 1979 2493 2044 iuvaretur
2518 1981 2754 2036 auxiliis.
2795 1979 2886 2036 Sic
2933 1983 3076 2037 enim
3127 1992 3183 2037 et
3210 1999 3482 2039 canonum
3529 1993 3586 2039 et
3630 1984 3821 2053 legum

535 2076 712 2124 torum
742 2080 1035 2143 martyrum
1066 2062 1386 2146 Chrysantbi
1417 2086 1473 2133 et
1493 2079 1664 2134 Dariae
1688 2080 1960 2138 desiderat
1985 2097 2119 2139 con-
2219 2078 2420 2125 διειῑυιθ
2448 2087 2547 2127 "05
2575 2071 2868 2128 admonent
2895 2081 2956 2146 ut.
2982 2081 3039 2128 ει
3064 2072 3363 2129 doceamur
3391 2075 3626 2131 humiles
3644 2084 3706 2130 οι
3725 2091 3822 2131 δυ’

540 2159 762 2214 secrari.
795 2159 863 2214 Et
889 2161 1030 2224 ideo,
1057 2162 1100 2218 si
1131 2165 1334 2220 nullum
1356 2182 1552 2238 corpus
1573 2170 1769 2225 ibidem
1788 2181 2003 2226 constat
2025 2175 2120 2228 hu-
2220 2165 2512 2236 ρεὼοτιιιῐι
2538 2166 2758 2236 Spiritus
2775 2167 3222 2236 comprimnlur-
3253 2167 3392 2234 Quia
3423 2183 3822 2238 nonnunquam

536 2255 761 2314 malum,
783 2251 1099 2320 prmdictum
1130 2257 1517 2312 monasterium
1547 2255 1749 2329 absque
1780 2261 1958 2317 missis
1985 2278 2119 2318 con-
2221 2256 2494 2311 mentibus
2530 2255 2830 2326 desperatis
2869 2265 2924 2312 et
2950 2256 3194 2312 doctrina
3221 2257 3338 2313 sine
3379 2266 3655 2328 potestate
3683 2274 3826 2313 con-

535 2337 800 2406 secrabis;
842 2340 914 2394 ita
941 2347 1122 2398 tamen
1150 2352 1210 2398 ut
1254 2345 1297 2401 si
1329 2345 1580 2404 fundator
1601 2350 1889 2420 pmdicms
1929 2353 2122 2409 missas
2223 2346 2503 2412 temnitur,
2535 2355 2592 2401 et
2617 2347 2946 2402 dominantis
2966 2338 3072 2402 vim
3096 2348 3296 2404 habere
3315 2350 3555 2404 creditur
3575 2358 3828 2420 potestas

537 2427 733 2484 ibidem
762 2427 876 2486 ﬁeri
905 2431 1044 2488 forte
1073 2435 1358 2501 maluerit,
1400 2453 1431 2492 a
1461 2437 1752 2497 dilectione
1779 2450 1866 2498 tua
1897 2445 2119 2518 presby-

2231 2437 2340 2492 sine
2364 2437 2574 2492 ratione
2601 2437 2878 2492 doctrinm.
2907 2437 3044 2494 Huic
3069 2449 3270 2501 autem,
3301 2448 3361 2494 ut
3381 2441 3592 2510 possint
3609 2455 3676 2495 ea
3697 2455 3828 2509 qua:

537 2527 710 2574 terum
740 2523 954 2576 noverit
983 2525 1380 2593 postulandum.

539 2647 1055 2740 Felix-gittarius?in
1087 2654 1460 2740 Neapolitano,
1487 2660 1702 2720 Gemino
1734 2666 2042 2740 Puteolano,
2074 2684 2124 2728 et

608 2719 912 2812 gogstantio
939 2723 1190 2780 Misenoti
1207 2719 1488 2802 episcopis,
1519 2744 1634 2804 post
1663 2719 1880 2794 scelero.

611 2789 762 2860 ne.)

611 2901 681 2958 Et
726 2905 848 2960 ideo
875 2907 1122 2964 charitati
1154 2919 1348 2969 vestra:
1398 2920 1738 2986 pnnsentium
1781 2924 2122 2982 decretorum

544 3001 733 3049 tenore
760 2997 1074 3054 mandamus
1092 3041 1108 3067 ,
1135 3008 1194 3056 ut
1223 3017 1552 3075 exsequente
1581 3009 1936 3072 Constantino
1978 3019 2126 3077 sedis

499 3157 509 3162 I
543 3095 740 3140 nostra:
785 3085 1090 3160 defensore,
1119 3091 1324 3148 clerum
1371 3097 1455 3151 vel
1497 3099 1642 3156 cives
1687 3101 1940 3161 Ecclesia:
1983 3107 2127 3165 Pari-

2218 2525 2368 2596 jussa
2397 2535 2522 2582 sunt
2551 2527 2758 2583 facilius
2788 2529 3016 2584 Domino
3044 2529 3333 2598 adjuvante
3352 2531 3646 2601 compleri,
3680 2529 3826 2586 Pro-

2217 2620 2424 2686 jectum
2453 2618 2724 2672 notarium
2752 2618 2896 2674 sedis
2925 2629 3122 2676 nostrae
3143 2619 3538 2690 adjungcndum
3562 2637 3686 2676 esse
3698 2637 3830 2677 cre-

2224 2709 2480 2777 didimus,
2511 2719 2572 2764 ut
2591 2711 2914 2782 participato
2927 2714 3172 2778 consilio,
3189 2729 3310 2784 qua:
3332 2715 3678 2769 rationabilis
3693 2725 3828 2770 sunt

2223 2800 2445 2869 exsequi
2472 2816 2579 2856 non
2607 2815 2900 2857 morentur.
2918 2803 3222 2858 Salutantes
3245 2805 3406 2874 igitur
3417 2814 3662 2876 paterna:
3695 2806 3828 2861 cha-

2225 2889 2400 2945 ritatis
2427 2891 2686 2961 alloquio,
2719 2902 2779 2948 ut
2807 2893 3080 2963 praedictis
3120 2895 3174 2950 in
3205 2895 3456 2951 omnibus
3482 2911 3606 2966 quae
3634 2897 3725 2952 vel
3757 2898 3828 2953 ad

2228 2983 2654 3039 ecclesiasticam
2684 2987 2969 3056 unitatem,
2999 2987 3081 3041 vel
3111 2987 3178 3040 ad
3205 2989 3608 3059 correptionem
3632 3004 3828 3045 exces-

2226 3089 2382 3129 suum
2409 3075 2702 3145 pertinent,
2735 3075 2917 3130 feratis
2937 3075 3192 3130 auxilium
3216 3078 3578 3148 postulamus.

543 3173 758 3282 :iensis,
801 3185 856 3233 et
888 3195 920 3234 e
951 3179 1166 3239 diverso
1195 3183 1447 3243 Ecclesia:
1495 3190 1850 3264 Vulturninm,
1880 3199 1965 3252 vel
2008 3198 2119 3256 Vici

2231 3185 2476 3259 Pelagius
2526 3185 2736 3260 Elpidio
2783 3187 3372 3282 C(lzt'rinensi‘fpiscopo,
3417 3191 3554 3244 inter
3603 3198 3821 3244 caztera.

546 3263 910 3326 Feniculensis
933 3271 1002 3326 ad
1027 3283 1268 3330 vestrum
1299 3275 1508 3335 faciatis
1532 3285 1822 3340 convenire
1836 3263 2121 3357 judicium,

544 3364 600 3410 et
625 3372 692 3412 ex
731 3360 934 3430 scripto
973 3365 1298 3419 sententiam
1337 3383 1520 3423 coram
1549 3373 1789 3440 partibus
1825 3375 2115 3446 deferatis;

541 3448 814 3505 antedicto
843 3451 986 3506 sedis
1007 3462 1206 3510 nostrae
1233 3455 1520 3515 defensore
1532 3461 1706 3517 modis
1718 3467 1967 3522 omnibus
1981 3484 2131 3525 exse-

544 3547 764 3608 quente,
792 3547 852 3595 ut
877 3557 998 3612 qua:
1019 3551 1216 3600 statuta
1238 3545 1437 3604 fuerint
1457 3549 1668 3608 echctui
1693 3557 2087 3628 mancipcntur.

548 3648 794 3722 Pelagius
818 3651 1100 3726 Benegesto
1129 3657 1431 3802 defen‘sgi),
1470 3675 1590 3736 post
1615 3685 1802 3740 pauca.
1839 3672 2028 3746 (Ibid.,
2076 3694 2124 3734 c.

543 4016 703 4072 oﬂlcii
731 4033 960 4089 persona
991 4021 1114 4079 loco
1141 4025 1389 4094 petitoris
1417 4031 1600 4086 existit
1619 4035 1906 4104 quemdam
1930 4039 2126 4096 laicum

543 4108 832 4178 pulsatura,
865 4110 1005 4181 apud
1056 4115 1372 4182 provincia}.
1397 4117 1631 4188 judicem
1661 4137 1786 4178 suas
1824 4140 2129 4197 proponere

543 4212 651 4252 non
697 4198 914 4254 desinat
944 4207 1205 4262 actiones.
1243 4206 1302 4262 ln
1331 4209 1413 4263 bis
1433 4225 1562 4266 vero
1593 4213 1823 4281 negotiis
1849 4217 1903 4272 in
1933 4219 2130 4288 quibus

545 4291 894 4348 ecclesiastici
923 4293 1084 4351 ofﬁcii
1115 4313 1347 4367 persona
1373 4301 1637 4370 pulsatur,
1667 4307 1834 4364 totius
1857 4320 2129 4368 summoto

545 4381 864 4472 pulsationis
909 4385 1190 4444 obstaculo
1235 4389 1304 4444 ad
1345 4392 1585 4463 episcopi
1621 4395 1709 4452 vel
1751 4399 2126 4472 episcoporum

547 4471 601 4524 in
630 4469 752 4526 loco
786 4473 875 4529 ubi
904 4477 1132 4544 quaestio
1169 4480 1399 4536 vertitur
1437 4486 1849 4544 constitutorum
1879 4469 2131 4549 occurrat

2832 3259 2964 3328 (10.,
2995 3278 3040 3312 c.
3076 3259 3156 3312 11..
3178 3261 3218 3329 .)

2297 3370 2448 3426 Sicut
2470 3385 2902 3444 unumquemque
2924 3373 3246 3429 clericorum
3270 3381 3485 3430 tuorum
3527 3374 3825 3431 ecclesias-

2227 3461 2348 3516 ticis
2399 3462 2722 3517 utilitatibus
2761 3463 2850 3518 vel
2897 3463 3341 3533 dispositionibus
3376 3463 3692 3519 dilectionis
3721 3473 3826 3520 tua:

2228 3569 2328 3626 pro
2355 3553 2544 3608 eadem
2574 3552 2815 3608 Ecclesia
2837 3568 3005 3622 usque
3028 3552 3096 3608 ad
3117 3553 3338 3623 justitia:
3351 3553 3646 3624 legumque
3659 3555 3828 3608 ratio-

2227 3657 2351 3697 nem
2382 3641 2800 3712 procedentibus
2831 3641 3062 3697 ﬁdeliter
3089 3644 3312 3698 obedire
3339 3644 3720 3714 prospexeris,
3754 3644 3827 3698 ita

2227 3734 2539 3789 dilectionis
2569 3743 2672 3789 tua:
2693 3733 2892 3790 ell‘ectu
2919 3735 3202 3792 continuas
3225 3734 3525 3791 secundum
3549 3733 3715 3790 (idem
3747 3733 3828 3789 di-

2231 3826 2620 3895 ligentiamque
2673 3841 2826 3880 suam
2893 3827 3316 3898 uniuscujusque
3381 3828 3580 3882 merita
3636 3842 3828 3899 prose-

2109 3949 2122 3988 ς
2227 3915 2464 3988 qu'endo.

2374 4028 2622 4104 Pelagius
2651 4027 2934 4082 Laurentio
2956 4029 3197 4098 episcopo
3224 4025 3680 4084 Centumcellensi.

2302 4120 2591 4211 Principali
2621 4140 3094 4198 devotissimorum
3123 4141 3372 4206 militum,
3405 4140 3499 4210 qui
3528 4140 3642 4197 illic
3673 4140 3732 4198 in
3755 4142 3830 4198 ci-

2229 4231 2402 4286 vitate
2429 4230 2882 4287 Centumcellensi
2920 4233 3244 4298 consistunt,
3291 4232 3559 4288 relatione
3604 4230 3680 4286 ad
3733 4247 3833 4289 nos

2231 4319 2439 4376 directa
2465 4335 2675 4376 sacram
2715 4320 2992 4376 insinuant
3022 4335 3082 4377 se
3111 4319 3515 4376 clementissimi
3562 4319 3830 4391 principis

2231 4410 2569 4480 impetrasse,
2601 4424 2722 4480 qum
2749 4410 2829 4465 eis
2848 4410 3244 4481 presbyterum,
3275 4408 3590 4473 diaconum,
3621 4422 3682 4464 et
3708 4410 3830 4465 sub-

2232 4501 2517 4558 diaconum
2548 4502 2663 4558 fieri
2693 4502 2891 4558 debere
2939 4502 3221 4574 praecepit.
3251 4501 3378 4560 Ideo
3407 4502 3698 4559 hortamur
3747 4503 3829 4558 di-

547 4558 923 4663 ξηίξίβθιξηῑθιξ
971 4579 1226 4663 Θξϐῐηθξι,
1261 4569 1420 4624 nullis
1441 4585 1614 4629 causa!
1655 4575 1948 4634 dictionem
1985 4579 2124 4638 frus—
2151 4591 2206 4652 D
2228 4593 2513 4648 lectionem
2545 4602 2689 4648 tuam
2717 4600 2776 4648 ut
2803 4607 3060 4663 personas
3082 4558 3229 4663 ipsas
3259 4591 3476 4658 videas,
3509 4599 3566 4647 et
3595 4591 3831 4662 diligen-

546 4651 866 4708 trationibus
893 4653 1210 4714 declinando
1245 4677 1258 4712 :
1299 4671 1563 4732 quatenus
1591 4683 1751 4724 omne
1781 4673 1980 4740 negotii
2010 4689 2124 4731 me-

543 4740 706 4796 ritum
736 4743 944 4837 desola
973 4748 1202 4806 veritate
1227 4767 1346 4823 sua,
1387 4757 1624 4828 solisque
1673 4759 1882 4828 legibus
1908 4764 2122 4837 discep-

546 4839 738 4900 tatum,
769 4833 900 4890 cleri
929 4841 1283 4907 proveniente
1302 4849 1566 4904 sententia
1595 4853 1932 4911 terminetur.
1959 4833 2124 4913 Anni-

546 4931 691 5023 lente
715 4939 930 5023 quoque
958 4935 1304 4993 exsecutione
1327 4947 1435 5004 tua,
1471 4950 1529 4996 ut
1555 4958 1674 5013 qua:
1702 4947 1866 5002 statui
1893 4951 2126 5020 contige-

543 5013 669 5112 rint,
698 5013 912 5112 effectui
933 5025 1335 5098 mancipentur:
1367 5032 1511 5087 nulla
1534 5035 1604 5090 ad
1623 5037 1799 5094 nosde
1812 5013 2124 5112 cujusquam

543 5103 892 5200 ecclesiastici
919 5113 1118 5184 pulsati
1143 5123 1486 5178 contumacia
1511 5124 1768 5200 deinceps
1791 5103 2128 5200 querimonia

544 5195 801 5268 reditura,
832 5216 930 5273 per
948 5219 1109 5276 quam
1137 5225 1245 5266 non
1275 5211 1449 5268 solum
1478 5195 1826 5276 contumaces
1851 5238 2124 5293 excessus,

544 5299 728 5362 verum
759 5298 850 5348 tua
876 5308 1094 5368 quoque
1123 5300 1444 5374 negligentia
1469 5305 1545 5362 sit
1570 5307 1853 5379 plectenda
1873 5347 1890 5365 .

2233 4693 2312 4739 ter
2334 4685 2592 4754 inquiras,
2617 4699 2684 4740 ne
2711 4685 2910 4754 aliquid
2929 4693 3117 4740 contra
3139 4699 3379 4741 canones
3399 4683 3830 4750 commisissent;

2231 4783 2286 4829 et
2313 4775 2357 4830 si
2383 4791 2478 4830 eos
2499 4775 2852 4846 inculpabiles
2875 4776 3146 4846 repereris
3164 4815 3180 4840 ,
3209 4785 3264 4831 et
3289 4775 3412 4832 vitm
3434 4775 3684 4846 ipsorum
3711 4776 3829 4831 lau-

2233 4869 2412 4924 dabile
2435 4869 2799 4924 testimonium
2825 4869 3046 4937 videris,
3073 4870 3327 4927 veniente
3365 4869 3623 4926 mediana
3663 4872 3828 4942 septi-

2234 4975 2390 5014 mana
2421 4959 2665 5027 Pascbzn,
2706 4961 2750 5016 si
2781 4961 3042 5017 Dominus
3062 4963 3316 5032 voluerit,
3346 4971 3402 5020 et
3429 4964 3475 5020 si
3507 4965 3828 5030 vixerimus,

2233 5065 2664 5122 unumquemque
2685 5065 2782 5122 per
2802 5051 2976 5108 ofﬁcia
2997 5067 3118 5122 qua:
3135 5055 3478 5124 praediximus
3498 5071 3828 5126 promovere

2235 5155 2344 5194 non
2387 5139 2624 5196 diﬂ'eras.
2670 5141 2872 5197 Caveat
2898 5143 3000 5199 sibi
3027 5145 3312 5217 presbyter
3339 5147 3430 5202 ille
3455 5163 3744 5218 nunquam
3769 5163 3827 5206 se

2233 5231 2354 5286 sine
2385 5231 2560 5286 nostri
2590 5239 2648 5288 et
2673 5232 2751 5289 tui
2780 5233 3013 5292 nominis
3039 5235 3358 5294 recitatione
3377 5252 3534 5295 saera
3563 5240 3824 5316 mysteria

2231 5321 2506 5378 celebrare
2521 5359 2538 5379 .
