3952 6454
125 411 210 470 ιιι
1559 405 1702 460 El‘lS

1794 427 1795 434 η
1805 405 1922 460 LJE.

3272 402 3379 462 M8

127 547 2024 577 ~____________________.____.___._.

875 663 881 669 -
955 631 1454 694 FRAGMENTA
1492 624 2054 688 EPISTOLARUM
2095 624 2417 686 PELAGII
2454 627 2503 687 Ι.

1328 752 1438 826 (Ea:
1466 749 1782 806 Collectione
1811 747 2143 821 Deusdedit.)

257 983 492 1056 Pelagius
517 979 706 1034 Hellen
730 975 1049 1032 subdiacono
1065 1015 1081 1040 ,
1101 976 1236 1029 inter
1255 979 1444 1026 caetera
1475 973 1514 1023 ‘.

171 1079 495 1135 Notariorum
534 1074 682 1131 sedis
719 1084 922 1131 nostrae
957 1073 1324 1128 insinuatione
1356 1070 1664 1133 didicimus.

111 1173 234 1244 quod
254 1171 447 1226 nullius
469 1161 785 1223 in'dictionis
805 1183 834 1220 a
864 1176 1110 1236 tempore
1136 1179 1245 1234 quo
1287 1165 1386 1220 tibi
1430 1165 1662 1234 primum

115 1266 344 1320 Ecclesia:
359 1260 744 1332 patrimonium
771 1267 988 1313 constat
1021 1273 1144 1312 esse
1165 1259 1538 1319 commissum,
1570 1271 1664 1309 us-

111 1376 202 1426 que
224 1360 476 1414 hactenus
501 1355 786 1412 ratiocinia
805 1355 914 1412 sint
936 1355 1168 1420 decissa,
1187 1366 1250 1407 ea
1275 1352 1386 1406 sint
1408 1363 1669 1404 necesse.

112 1451 185 1506 rio
206 1449 591 1518 dispungenda,
641 1447 850 1518 utquid
897 1445 1290 1500 ecclesiasticis
1341 1440 1668 1496 utilitatibus

112 1544 374 1609 debeatur,
407 1542 494 1598 vel
520 1541 692 1613 quida
719 1555 992 1612 quoquam
1029 1548 1345 1610 usurpatum
1391 1537 1484 1602 sit,
1546 1535 1668 1593 ﬁdei

114 1635 428 1704 inspectione
475 1647 808 1704 cognoscere
848 1632 1126 1687 valeamus
1151 1649 1167 1697 ;
1197 1641 1247 1686 et
1278 1641 1356 1694 tu,
1382 1630 1466 1684 vel
1491 1628 1669 1684 lucre-

112 1729 197 1784 des
219 1728 289 1782 tui
311 1731 362 1782 in
391 1725 582 1792 futuro
607 1733 848 1792 tempore
893 1723 1193 1778 securitate
1241 1722 1485 1789 plenaria
1522 1739 1674 1779 com-

111 1818 505 1887 muniti,nullas
527 1817 753 1890 possitis
788 1814 1195 1886 inquietudines
1223 1815 1527 1870 sustinere.

138 1962 371 2034 Pelagius
395 1957 595 2014 Mauro
623 1957 870 2028 episcopo
890 1952 1242 2017 Praenestino,
1272 1953 1410 2006 inter
1437 1958 1644 2004 caetera.

171 2094 457 2150 Didicimus
484 2091 558 2148 de
602 2089 934 2163 patrimonio
974 2085 1222 2142 Hilviade
1267 2083 1424 2140 annis
1465 2081 1682 2152 quidem

111 2187 169 2241 de
205 2185 395 2257 prima,
421 2182 664 2240 secunda
692 2191 748 2238 et
787 2181 946 2237 tertia
970 2177 1382 2240 indictionibus,
1413 2172 1682 2244 Ampliato

110 2277 362 2348 quondam
383 2276 708 2348 presbytero
737 2282 793 2329 et
813 2271 1090 2342 Stephano
1117 2269 1348 2324 diacono
1376 2265 1523 2322 vices
1548 2278 1685 2334 pon-

109 2341 248 2426 tiﬁcis
275 2369 328 2423 in
365 2341 502 2423 urbe
632 2341 936 2434 agentibus,
965 2360 1112 2433 quod
1130 2359 1355 2429 exegisti
1376 2357 1480 2413 ﬁde
1507 2353 1684 2410 media
1715 2341 1764 2401 Β

107 2457 433 2528 persolvisse.
465 2459 550 2512 De
573 2464 766 2528 quarta
795 2469 924 2510 vero
952 2452 1243 2508 indictione
1271 2447 1565 2505 secundum
1592 2459 1683 2500 or-

106 2549 423 2604 dinationem
445 2546 548 2602 ﬁlii
574 2546 746 2602 nostri
773 2545 875 2601 viri
905 2543 1142 2614 religiosi
1169 2542 1352 2597 Narsa:
1379 2541 1516 2596 sacri
1532 2538 1683 2612 pala-

107 2642 160 2695 tii
181 2641 296 2697 ﬁliis
319 2637 808 2704 nostris'Dulcitio,
843 2635 1008 2692 Felici
1038 2646 1202 2704 atque
1223 2633 1428 2704 Spanni
1461 2629 1686 2702 presby-

106 2733 244 2799 teris,
264 2733 411 2804 quod
439 2739 696 2788 exactum
718 2729 912 2796 fuerat,
935 2727 1204 2784 intulisse.
1242 2720 1686 2796 Supervenicnti-

103 2825 195 2881 bos
217 2841 348 2882 vero
375 2826 538 2882 nobis
567 2831 624 2880 et
651 2839 750 2895 per
773 2822 872 2877 Dei
907 2822 1136 2892 gratiam
1165 2817 1430 2875 ordinatis
1460 2812 1687 2870 intulisti

101 2917 163 2972 de
190 2918 378 2974 eodem
407 2923 611 2987 quarta
634 2914 945 2971 indictione.
988 2911 1056 2966 Et
1084 2911 1248 2984 infra.
1290 2909 1528 2976 Ideoque
1567 2920 1688 2974 sup-

102 3007 326 3075 plicante
351 3008 652 3064 dilectione
676 3015 767 3060 tua
795 3021 865 3060 ex
883 3003 1134 3060 omnibus
1152 2997 1531 3073 soprascriptis
1551 3010 1688 3066 prm-

103 3099 265 3156 teritis
292 3115 344 3155 vt
369 3098 764 3155 indictionibus
787 3093 1180 3150 fraternitatem
1209 3099 1356 3147 tuam
1388 3091 1488 3144 hac
1533 3103 1690 3142 secu-

101 3188 250 3244 ritate
265 3189 604 3244 credidimus
617 3185 987 3252 muniendam,
1001 3192 1060 3239 ut
1079 3183 1224 3238 nulla
1247 3178 1497 3238 charitati
1513 3185 1614 3234 tua:
1636 3177 1689 3232 in

99 3288 365 3350 posterum
393 3297 426 3336 a
456 3279 708 3352 quolibet
735 3277 1004 3334 calumnia
1029 3283 1328 3332 moveatur.

99 3413 339 3488 Pelagius
369 3413 578 3472 Narue
605 3409 826 3486 patricia
865 3407 1278 3482 Anagnosticon,
1319 3406 1456 3460 inter
1482 3410 1688 3458 cetera.

159 3548 302 3604 Bene
348 3548 578 3604 noverit
627 3544 950 3602 excellentia
999 3549 1180 3598 vestra
1219 3555 1321 3595 nos
1368 3537 1693 3594 habentibus

96 3637 360 3695 duntaxat
387 3637 733 3703 hominibus,
761 3644 819 3691 et
837 3634 1042 3690 nullam
1066 3647 1168 3688 nec
1190 3629 1566 3687 necessitatem
1597 3641 1692 3697 pa-

93 3729 328 3784 rentibus
340 3745 437 3785 res
456 3729 597 3784 dare
610 3740 908 3798 pauperum
936 3722 1082 3779 nulla
1099 3722 1312 3778 ratione
1330 3731 1651 3790 pratsumere
1669 3733 1682 3768 :
1715 3703 1761 3766 C

88 3816 209 3884 quia
237 3831 430 3890 neque
479 3817 594 3872 hoc
622 3814 775 3870 vobis
803 3813 1022 3885 placere
1062 3811 1343 3878 novimus,
1369 3821 1548 3879 neque
1583 3806 1689 3862 hoc

90 3917 269 3964 nostro
299 3923 428 3966 esse
451 3905 640 3964 ofﬁcio
665 3903 996 3962 conveniens
1024 3901 1349 3974 iudicamus.

87 4042 330 4118 Pelagius
377 4043 592 4100 Bowtia
653 4040 1206 4164 prmfceg‘aeﬂfrwtorio
1261 4036 1458 4111 Africa:
1483 4071 1500 4093 .
1549 4035 1689 4090 inter

784 4127 998 4166 cwtera.

145 4227 424 4294 Romana,
476 4225 570 4283 cui
617 4225 742 4282 Deo
760 4233 982 4280 auctore
1025 4220 1406 4294 prmsidemus,
1427 4218 1684 4286 Ecclesia,

79 4328 199 4388 post
251 4320 598 4376 continuam
639 4316 710 4373 25
764 4326 819 4374 et
863 4332 932 4372 eo
983 4315 1212 4386 amplius
1255 4329 1518 4370 annorum
1565 4328 1688 4369 vas-

79 4413 344 4470 tationem
413 4413 680 4470 bellicam
745 4411 800 4467 in
847 4407 1017 4466 italiae
1071 4408 1391 4478 regionibus
1425 4406 1682 4463 acciden-

78 4510 200 4568 tcm,
223 4511 282 4560 et
306 4517 461 4574 pene
483 4503 666 4558 adhuc
689 4501 910 4556 minimc
939 4499 1307 4556 discedentem
1334 4513 1442 4554 non
1472 4497 1689 4554 aliunde

72 4593 171 4648 nisi
210 4593 284 4650 de
311 4592 634 4664 peregrinis
663 4590 850 4648 insulis
879 4598 973 4646 aut
999 4590 1137 4646 locis
1164 4588 1310 4646 clero
1336 4587 1690 4660 pauperibus-

70 4696 195 4752 que,
225 4683 336 4740 etsi
367 4698 491 4740 non
520 4680 822 4747 sufﬁciens.
849 4682 937 4740 vel
962 4681 1216 4740 exiauum
1262 4687 1448 4736 tamen
1486 4679 1684 4750 stipen-

67 4773 212 4832 dium
237 4776 640 4846 consequitur.
1323 4807 1351 4841 δ

311 4903 590 4976 Pelagius
616 4901 831 4958 Juliano
853 4903 1092 4975 episwpo
1128 4901 1444 4976 Cingulano.

131 5018 376 5073 Constat
403 5015 766 5072 dilectionem
803 5023 950 5070 tuam
979 5015 1223 5072 intulisse
1256 5017 1559 5072 rationibus
1583 5014 1686 5072 Ec-

1706 971 1754 1027 Α
1783 967 1892 1020 tavi
1931 967 2018 1022 die
2043 983 2100 1022 tu
2123 967 2227 1023 cal.
2271 937 2494 1039 Augusti
2524 976 2648 1040 post
2695 970 3032 1026 consulatum
3063 969 3247 1027 Basilii
3271 973 3375 1070 'viri

1789 1057 2094 1114 clarissimi.

1957 1149 2208 1222 Pelagius
2237 1150 2464 1206 Dulcitio
2488 1151 2778 1223 defensori,
2805 1162 2920 1224 post
2948 1153 3206 1225 quadam.

1859 1259 2126 1317 Praeterea
2157 1263 2396 1318 rationes
2444 1263 2597 1318 nobis
2648 1265 2832 1319 nescio
2880 1279 3014 1335 quas
3067 1263 3382 1322 Graecorum

1787 1367 1940 1408 more
1969 1351 2180 1409 fucatas
2207 1354 2275 1409 de
2299 1370 2353 1408 vr
2395 1354 2700 1409 indictionis
2729 1356 3076 1426 pensionibus
3111 1355 3374 1422 direxisti,

1787 1455 2078 1511 suggerens
2122 1450 2176 1498 te
2223 1457 2322 1514 per
2367 1441 2436 1496 50
2465 1444 2696 1509 solidos,
2731 1452 2787 1499 et
2813 1460 2911 1515 pro
2931 1445 3052 1499 aliis
3080 1443 3167 1510 60,
3197 1460 3229 1498 a
3257 1445 3374 1498 dia-

1788 1549 1930 1590 cono
1947 1534 2172 1599 Varino,
2193 1544 2247 1589 et
2269 1536 2453 1589 nescio
2481 1549 2590 1604 quo
2617 1535 2724 1592 alio
2743 1550 2898 1590 casas
2918 1536 3280 1606 recollegisse.
3307 1534 3374 1588 Et

1786 1639 1908 1680 cum
1938 1625 2034 1680 tibi
2073 1624 2274 1682 cotidie
2300 1624 2427 1682 hinc
2451 1634 2510 1680 et
2535 1625 2662 1681 inde
2689 1635 3004 1680 accrescant
3043 1623 3244 1696 praedia
3269 1665 3286 1692 ,
3314 1635 3372 1680 tu

1786 1716 1943 1772 nobis
1977 1716 2047 1772 de
2099 1717 2448 1788 pensionibus
2501 1717 2776 1786 angustias
2821 1729 3068 1784 generas.
3117 1715 3236 1770 Non
3278 1715 3374 1772 tibi

1786 1807 2005 1873 suﬂicit,
2030 1807 2178 1879 quod
2205 1815 2260 1864 te
2285 1823 2316 1863 a
2345 1807 2570 1864 notariis
2585 1815 2641 1863 et
2666 1807 2786 1863 aliis
2805 1807 3032 1862 diversis
3061 1805 3374 1864 ofﬁciis.....

1785 1901 1876 1957 vix
1905 1911 1958 1957 te
1986 1901 2214 1956 liberare
2241 1896 2534 1972 potuimus,
2564 1909 2671 1956 etc.

2019 2008 2270 2080 Pelagius
2305 2007 2426 2063 Vita
2455 2009 2736 2080 defensori,
2757 2011 2894 2064 inter
2919 2021 3126 2068 cratera.

1857 2120 2089 2190 Ideoque
2117 2121 2367 2191 presenti
2398 2120 2492 2175 tibi
2503 2120 2744 2190 jussione
2758 2124 3094 2188 mandamus,
3110 2133 3166 2179 ut
3187 2139 3380 2180 curam

1787 2213 1916 2282 ipsis
1944 2213 2253 2284 patrimonii
2284 2227 2541 2282 peragere
2583 2229 2690 2268 non
2715 2217 2963 2281 omittas;
3009 2217 3186 2271 sciens
3218 2217 3366 2286 quod

1787 2319 1888 2358 nos
1910 2318 1942 2358 a
1983 2313 2034 2358 te
2049 2303 2185 2373 jam,
2211 2311 2265 2358 et
2297 2304 2559 2374 reliquam
2591 2321 2639 2359 vr
2671 2305 3016 2361 indictioncm
3037 2309 3140 2370 ,‘et
3181 2320 3372 2363 omnes

1787 2396 2118 2466 singularum
2147 2395 2400 2466 deinceps
2426 2395 2776 2452 indictionum
2799 2413 2829 2452 a
2852 2412 2922 2452 vn
2943 2398 3222 2468 exigemus
3241 2414 3375 2469 pen.’

1785 2491 1966 2547 siones
2015 2497 2073 2544 ut
2116 2489 2413 2544 secundum
2463 2505 2671 2546 morem
2718 2500 2771 2545 et
2811 2492 3030 2547 emittas
3073 2493 3128 2548 in
3172 2495 3374 2549 scrinio

1787 2584 2124 2662 cautionem,
2179 2591 2236 2639 et
2287 2583 2508 2640 brevem
2553 2583 2793 2654 ejusdem
2839 2586 3152 2656 patrimonii
3200 2589 3387 2659 possis

1787 2675 2052 2746 accipere.

1789 2772 2037 2858 Pelagius
2065 2785 2259 2843 Melleo
2283 2787 2599 2844 subdiacono
2640 2789 2756 2862 (Iro
2787 2800 2924 2862 part.
2950 2809 3082 2862 vnr,
3112 2810 3228 2865 cap.
3261 2791 3381 2867 55)‘.

1860 2899 2112 2965 Dulcitia,
2139 2901 2392 2958 Ecclesia:
2419 2914 2615 2961 nostra:
2639 2905 2858 2974 famula,
2878 2907 3177 2979 Tarpeiana
3201 2927 3378 2971 massa

1791 2995 2092 3049 consistens
2113 3036 2127 3054 .
2152 2995 2456 3064 huiusmodi
2488 2999 2762 3068 querelam
2791 3014 2944 3056 suam
2973 3003 3174 3062 nostris
3202 3007 3376 3060 sensi-

1789 3085 1890 3140 bus
1913 3087 2199 3155 intimavit,
2222 3088 2426 3154 dicens,
2449 3090 2593 3158 quod
2625 3102 2976 3162 posteaquam
3007 3109 3148 3161 eam,
3179 3099 3377 3152 marito

1789 3193 1890 3233 suo
1917 3175 2191 3241 defuncto,
2221 3181 2446 3248 contigit
2474 3181 2702 3247 viduari,
2729 3183 3010 3239 Celerinus
3037 3186 3254 3255 quidam
3279 3203 3382 3242 no-

1791 3271 1938 3324 mine
1961 3310 1982 3334 ,.
2022 3285 2090 3324 ex
2129 3271 2322 3324 ancilla
2355 3273 2437 3341 (ut
2467 3272 2800 3342 perhibetur)
2837 3273 3093 3330 Ecclesiae
3121 3291 3350 3346 procrea

1793 3368 1922 3428 tus,
1951 3361 2175 3416 diversis
2220 3362 2493 3419 blanditiis
2541 3371 2705 3432 atque
2755 3365 3094 3422 suasionibus
3143 3369 3388 3438 prmfatar.

1793 3455 2034 3510 mulieris
2081 3454 2292 3510 animos
2334 3454 2642 3510 inclinando
2670 3456 2722 3511 in
2747 3471 2848 3512 suo
2893 3467 3138 3514 curasset
3161 3457 3391 3517 allicere

1795 3546 2100 3612 consortio,
2126 3561 2196 3602 ex
2224 3562 2328 3616 qua
2347 3547 2509 3602 etiam
2537 3547 2704 3603 ﬁlium
2727 3558 3082 3618 procreasset.
3106 3549 3259 3608 Nunc
3283 3566 3376 3607 au-

1800 3646 1910 3694 tem
1949 3648 2072 3710 post
2113 3638 2514 3710 conjunctionis
2565 3656 2674 3696 suae
2717 3657 2828 3696 non
2867 3657 3092 3714 parvum
3145 3651 3391 3714 tempus,.

1793 3732 1994 3802 quippe
2013 3731 2128 3802 jam
2171 3741 2302 3786 nato
2326 3741 2384 3788 et
2409 3733 2637 3790 educato
2660 3732 2769 3789 ﬁlio
2787 3773 2802 3799 ,
2825 3735 2986 3791 nullis
3016 3740 3098 3808 (ut
3126 3737 3378 3806 perbibe-

1793 3825 1902 3894 tur)
1932 3824 2345 3879 rationabilibus
2371 3825 2550 3881 causis
2574 3827 2914 3882 exstantibus
2937 3868 2952 3894 ,
2984 3828 3229 3884 eamdem
3257 3844 3383 3884 muv

1791 3915 1980 3972 lierem
2025 3915 2351 3983 deseruisse,
2377 3924 2541 3986 atque
2587 3917 2642 3972 in
2681 3931 2802 3972 eam
2831 3919 3146 3989 prosiluisse
3183 3930 3377 3976 contu-

1791 4007 2044 4072 maciam,
2071 4013 2131 4060 ut
2151 4004 2218 4060 ad
2239 4003 2608 4060 declinandam
2641 4006 2956 4062 servitutem
2986 4006 3250 4078 debitam,
3278 4025 3384 4065 cu-

1791 4099 1940 4154 rialis
1968 4097 2069 4153 sibi
2093 4111 2289 4153 nomen
2317 4098 2513 4153 audeat
2547 4115 2836 4170 usurpare;
2863 4100 2954 4170 qui
2981 4110 3036 4156 et
3063 4102 3292 4172 primam
3321 4103 3388 4158 in:

1789 4190 2048 4248 Ecclesiae
2090 4191 2434 4262 possessione
2479 4191 2716 4261 genitam
2745 4207 2820 4248 ex
2867 4193 3077 4250 colonis
3122 4191 3389 4250 Ecclesite'

1790 4283 2039 4339 habuisse
2061 4291 2392 4338 memoretur
2415 4299 2678 4352 uxorem,
2694 4300 2762 4340 ex
2782 4285 2936 4355 cujus
2957 4286 3174 4357 peculio
3193 4302 3387 4356 quem-

1789 4372 1912 4428 dam
1944 4374 2177 4442 agellum
2208 4373 2410 4430 dicitur
2437 4374 2703 4431 hactenus
2728 4375 3011 4432 detinere:
3037 4377 3131 4434 sed
3175 4385 3234 4432 et
3271 4377 3386 4432 alia

1789 4480 1898 4520 non
1928 4481 2099 4536 pauca
2130 4466 2184 4520 in
2205 4481 2307 4522 suo
2321 4465 2492 4521 fertur
2515 4467 2768 4523 habuisse
2791 4467 3391 4540 peculio.Quaproptet-'

1790 4558 2125 4628 experientia
2155 4565 2280 4624 tua,
2309 4559 2866 4630 praesentisjussionis
2891 4560 3073 4630 vigore
3101 4573 3388 4634 suscepto,

1788 4650 1981 4708 eodem
1995 4651 2219 4707 desento
2242 4650 2378 4723 (Sic)
2407 4649 2683 4708 Clarentio
2703 4668 2879 4709 causa
2904 4654 3070 4710 totius
3095 4656 3392 4711 veritatem

1791 4744 2048 4812 diligente
2094 4758 2394 4812 agnoscens
2417 4783 2432 4808 ,
2463 4758 2584 4812 quae
2610 4745 2678 4800 de
2717 4746 3000 4801 memorati
3031 4761 3262 4818 persona
3281 4762 3391 4804 seut

1787 4834 1951 4890 rebus
1976 4835 2345 4890 ecclesiastica
2385 4834 2614 4906 requirit
2640 4835 2846 4892 utilitas
2873 4861 2890 4905 -,
2916 4845 3272 4905 exsequatur;
3321 4847 3390 4894 εἰ

1737 4949 1744 4956 ·
1788 4925 1835 4982 si
1865 4939 1990 4980 eum
2037 4925 2108 4982 de
2137 4925 2378 4982 ecclesia:
2404 4925 2599 4980 ancilla
2629 4925 2902 4994 genitum,
2933 4926 3020 4980 vel
3066 4927 3174 4983 alio
3211 4927 3388 4984 modo

1787 5013 2028 5084 legitimo
2047 5013 2155 5084 juri
2177 5011 2429 5069 Ecclesiae
2455 5021 2668 5068 constat
2689 5012 2946 5070 Ecclesia:
2971 5014 3264 5070 obnoxium
3291 5031 3390 5071 re-

59 5107 241 5165 clcsia:
271 5122 344 5162 ex
378 5105 746 5176 prmstatione
771 5121 1070 5162 massarum
1087 5147 1103 5174 ,
1133 5108 1249 5163 sive
1277 5107 1563 5163 fundorum
1587 5123 1687 5178 per
1714 5076 1764 5137 D
1787 5076 1968 5178 perire
2013 5076 2136 5162 cum
2157 5106 2407 5162 omnibus
2435 5105 2596 5161 rebus
2622 5107 2737 5162 suis
2772 5107 2824 5161 in
2855 5122 3086 5162 massam
3113 5106 3383 5164 Ecclesiae-

59 5203 326 5261 Picenum
358 5204 524 5261 ultra
548 5200 608 5254 ll
662 5201 980 5273 positorum,
1007 5200 1152 5270 quod
1179 5216 1322 5258 curre
1339 5203 1684 5260 commissum

57 5303 162 5364 est,
191 5294 268 5351 de
296 5293 622 5350 indictione
647 5307 740 5356 vn,
763 5291 875 5347 ﬁlio
903 5300 1091 5348 nostro
1119 5290 1406 5348 Anastasio
1433 5301 1684 5362 argenta.

59 5385 161 5451 rio,
187 5393 248 5441 et
276 5381 522 5440 arcario
545 5374 802 5437 Ecclesiae
828 5388 1029 5438 nostra:
1056 5379 1173 5435 auri
1195 5378 1399 5435 solidos
1421 5376 1549 5436 500.
1571 5380 1679 5438 No-

1785 5200 2006 5258 !estinet
2029 5213 2323 5263 revocare;
2352 5207 2406 5255 et
2453 5199 2504 5254 ei
2553 5197 2829 5269 praefatam
2871 5199 3179 5265 mulierem,
3207 5213 3386 5270 quam.

1784 5290 1889 5347 sibi
1918 5291 2032 5363 ipse
2059 5292 2277 5356 ascivit,
2311 5291 2368 5345 in
2408 5291 2742 5346 consortium
2779 5290 3026 5357 sociare,
3068 5289 3388 5350 nullatenus

1784 5384 2038 5441 habituro
2059 5382 2130 5440 de
2155 5392 2356 5441 cratere
2383 5397 2517 5440 eam
2532 5381 2882 5454 relinquendi
2897 5381 3194 5438 licentiam.

118 5571 138 5602 ⁸
176 5569 477 5626 Anser-unt
492 5561 821 5620 Dalieriniin
855 5563 1070 5623 dissert.
1095 5578 1263 5638 [πίεν.
1294 5563 1363 5621 ad
1393 5573 1526 5622 tom.
1553 5563 1624 5620 ιιι
1655 5565 1815 5638 Oper.
1841 5569 1900 5626 S.
1924 5569 2122 5632 Leonis
2149 5568 2354 5640 Magni,
2379 5584 2501 5642 pag.
2533 5583 2700 5628 cecvr.
