3952 6434
465 398 568 460 εσζὸ
1635 393 1704 451 M.
1745 391 1834 448 ΑΙ]
1843 389 2026 446 RELIE

2186 377 2598 441 tSSlODORUS.
3639 361 3747 416 ιιι

467 513 747 595 pentinis
779 517 1180 580 successibus
1215 512 1498 578 evonvit
1533 531 1550 572 :
1581 509 1690 572 sed
1728 551 1746 580 ,
1782 516 1852 568 ut
1878 521 2166 568 crescere
2193 501 2456 560 virtutes
2495 497 2730 566 solent,
2780 491 2860 553 ad
2891 487 3216 566 fastigium
3249 480 3554 563 praeconii
3591 496 3753 540 con-

465 581 710 683 scendit
742 623 1046 702 gradibus
1107 621 1487 700 dignitatum
1528 616 1713 694 (Var.
1755 611 1863 675 lib.
1895 629 1944 684 ι,
1975 608 2154 686 epist.
2193 602 2280 683 ιι).
2317 601 2398 662 In
2447 595 2829 660 Cassiodoro
2861 594 3246 702 incorrupta.
3287 584 3468 702 fides.
3499 581 3754 702 animus

466 721 624 782 recti
652 681 1082 783 tenacissimas
1103 767 1120 796 ,
1153 681 1495 800 prudentia
1515 711 1862 792 singularis
1885 711 2133 788 viguere
2161 722 2181 760 :
2211 705 2279 766 in
2309 701 2582 764 Tellerio
2619 713 2854 757 summa
2906 692 3030 754 haec
3075 689 3309 752 omnia.
3345 687 3428 748 In
3455 681 3757 800 ambobus

467 822 676 884 virtus
706 827 772 885 in
803 825 933 887 dies
961 807 1373 897 honoratior,
1396 823 1564 901 fama
1589 837 1720 880 non
1747 826 1884 876 arte
1908 812 2168 892 quaesita
2194 853 2209 881 ,
2239 823 2370 868 non
2397 803 2576 866 varia
2607 843 2628 876 ,
2681 799 2787 860 sed
2811 812 3048 875 semper
3079 802 3133 855 et
3163 791 3389 869 ubique
3427 783 3569 901 sibi.
3587 799 3759 901 cois.-

469 929 665 982 stans.
704 923 793 985 Et
821 883 1488 1004 quidem—teathui'tate
1517 917 1842 982 commissa
1859 883 1983 974 sibi
2009 925 2269 970 munera
2302 905 2492 985 gessit
2521 899 2933 965 Cassiodorus
2961 942 2981 974 ,
3035 902 3102 955 ut
3138 895 3498 1001 quisquam.
3533 883 3760 1004 ἀξνίυο

473 1025 800 1084 contraria
827 984 1368 1084 submurmurare
1399 1018 1698 1081 nescierit
1727 1059 1742 1085 ,
1776 1013 1886 1074 sed
1931 1013 2248 1084 derogare
2276 1005 2606 1082 cupientes
2636 998 2861 1062 vicerit
2891 992 3228 1072 integritas
3263 986 3534 1052 actionis
3565 984 3760 1063 (Var.

480 1121 593 1183 lib.
626 1141 722 1196 rx,
771 1127 954 1204 epist.
992 1125 1120 1202 Ωιι).
1152 1123 1323 1186 Idem
1352 1139 1493 1182 vero
1522 1118 1594 1180 de
1627 1115 1896 1180 Tellerio
1925 1113 2165 1174 dictum
2189 1115 2347 1182 puta
2371 1151 2391 1181 ,
2429 1105 2532 1166 cui
2578 1117 2898 1204 nunquam
2923 1097 3174 1204 dentem
3202 1093 3460 1204 infigere
3486 1106 3642 1204 ausa
3671 1093 3762 1146 est

477 1191 719 1288 invidia
753 1191 936 1288 etiam
973 1191 1312 1287 morosior.
1347 1224 1528 1285 lllius
1563 1222 1781 1283 labore
1812 1219 2024 1278 actum
2047 1220 2142 1274 est
2167 1256 2183 1284 ,
2218 1213 2608 1272 contestante
2639 1201 3008 1266 Athalarico
3041 1243 3059 1270 ,
3093 1213 3173 1258 ue
3206 1197 3534 1256 laboraret
3559 1191 3768 1268 impe-

479 1327 644 1385 rium
671 1347 688 1398 ;
731 1334 790 1386 et
825 1343 970 1385 cum
1003 1323 1250 1386 novitas
1280 1321 1462 1400 regni
1487 1320 1685 1380 multa
1709 1319 2002 1397 posceret
2029 1310 2354 1386 ordinari,
2385 1312 2558 1368 esset
2580 1303 2756 1365 solus
2784 1301 2862 1363 ad
2897 1300 3148 1360 diversa
3177 1293 3506 1356 sufﬁciens
3535 1336 3552 1366 ,
3589 1292 3770 1352 hunc

478 1393 738 1492 dictatio
771 1430 1050 1510 publica,
1084 1429 1256 1490 hunc
1279 1393 1551 1490 consilia
1582 1393 1752 1502 regis
1779 1421 2116 1498 poscerent
2142 1411 2358 1496 (Ibid.,
2391 1411 2575 1510 epist.
2599 1407 2728 1484 25).
2753 1405 2892 1510 _Hic
2922 1409 3173 1482 apertus
3201 1404 3354 1460 esset
3383 1395 3548 1507 tie-1'
3549 1393 3770 1457 ellerio

478 1530 726 1592 dicendi
754 1494 952 1604 locus,
982 1494 1047 1588 si
1075 1525 1497 1608 funestissima
1529 1522 1644 1586 illa
1658 1494 1892 1582 'Gallite
1929 1494 2232 1592 tempora,
2276 1509 2498 1590 quibus
2533 1502 2990 1608 incumbentem.
3012 1516 3207 1608 regno
3232 1494 3576 1608 perniciem
3600 1510 3772 1572 pru-

387 1631 392 1642 ’
480 1631 690 1692 dentia
718 1638 775 1690 et
821 1630 1106 1692 consiliis
1135 1629 1269 1688 suis
1323 1633 1572 1686 strenue
1624 1619 1918 1680 amolitus
1953 1625 2064 1686 est,
2103 1616 2172 1676 in
2215 1610 2572 1673 memoriam
2623 1617 2914 1665 revocare
2953 1599 3090 1680 jam
3133 1597 3370 1660 liceret.
3401 1593 3686 1670 Denique
3715 1608 3774 1650 st

477 1729 895 1791 Cassiodorus
922 1727 1291 1788 Theoderici
1323 1743 1428 1786 ore
1474 1720 1773 1784 laudatus
1799 1723 1912 1787 est,
1945 1716 2046 1776 uti
2077 1727 2329 1774 summa
2365 1717 2725 1785 temporum
2761 1705 2906 1766 laus
2945 1697 3136 1779 (Ibid.
3173 1697 3357 1776 epist.
3393 1695 3526 1776 25);
3559 1694 3772 1757 Telle-

486 1831 628 1889 rius
665 1849 702 1888 a
726 1845 867 1906 rege
900 1827 1448 1890 Christianissimo
1481 1815 1990 1882 tantonobiliora
2003 1808 2359 1891 reportavit
2384 1807 2611 1885 elogia,
2639 1809 2874 1884 quanto
2891 1797 3250 1863 Ludovicus
3263 1794 3544 1874 Magnus
3572 1791 3775 1855 Theo-

481 1929 773 1990 doricum
808 1929 1150 1990 antecellit.

570 2028 742 2090 Imus
767 2029 830 2087 in
869 2023 1230 2106 compendia
1259 2021 1517 2086 laudum
1539 2026 1822 2086 tuarum,
1850 2013 1952 2074 vir
1970 2007 2482 2090 prastantissime
2506 2048 2522 2076 ,
2551 2021 2681 2063 non
2701 2007 2780 2062 ut
2805 2017 2883 2060 ea:
2912 1995 3273 2060 Cassiodori
3301 2001 3776 2072 comparatione

485 2125 808 2186 illustrior
845 2095 1062 2184 evadas
1100 2166 1115 2191 .
1148 2120 1254 2182 sed
1281 2129 1351 2180 ut
1404 2119 1511 2180 ille
1541 2135 1618 2176 ea:
1655 2125 1710 2176 te
1735 2116 1846 2193 ﬁat
1891 2110 2206 2172 ornatior.
2264 2107 2510 2166 Diceret
2538 2103 2703 2166 alius
2735 2109 2791 2162 te
2819 2097 3196 2163 Cassiodoro
3231 2095 3590 2178 iustiorem,
3616 2110 3780 2174 pru-

489 2226 830 2285 dentiorem
855 2269 872 2298 ,
908 2222 1348 2302 sapientiorem
1377 2261 1394 2290 ,
1426 2236 1498 2278 ac
1517 2213 2024 2295 praestantiorem
2054 2227 2177 2270 esse
2208 2225 2227 2264 :
2256 2205 2412 2266 mihi
2445 2205 2601 2264 satis
2646 2201 2842 2280 fuerit
2874 2209 2931 2260 te
2963 2199 3166 2260 dicere
3189 2195 3402 2257 nostri
3449 2193 3776 2274 temporis,

490 2325 555 2386 id
586 2334 674 2385 est
710 2296 1020 2387 Ludovici
1051 2323 1278 2400 Magni
1311 2319 1784 2382 Cassiodorum.
1825 2315 2012 2374 Hunc
2046 2310 2295 2372 modum
2328 2307 2530 2384 exigit
2573 2302 2876 2365 modestia
2927 2310 3068 2373 tua,
3103 2299 3159 2361 si
3207 2307 3411 2359 tamen
3446 2298 3500 2360 is
3551 2296 3780 2358 modus

493 2434 576 2485 est
603 2428 736 2504 regi
767 2427 1040 2486 maxime
1072 2395 1262 2503 usque
1290 2420 1439 2482 adeo
1483 2417 1816 2498 placuisse.
1857 2415 1949 2474 De
1981 2430 2107 2472 una
2135 2410 2248 2472 hac
2273 2409 2518 2470 virtute
2575 2421 2714 2466 cum
2761 2399 3176 2473 Cassiodoro,
3225 2415 3303 2458 ne
3333 2395 3453 2458 tibi
3503 2395 3783 2474 inferior

493 2502 918 2600 existimetur,
953 2535 1022 2586 tu
1053 2527 1184 2604 ipse
1209 2524 1380 2585 ultro
1413 2519 1834 2582 contenderes.
1875 2517 1964 2576 Et
1997 2531 2141 2574 vero
2169 2509 2285 2572 hoc
2312 2509 2700 2590 praecipuum
2727 2515 2812 2566 est
2839 2511 3270 2565 ornamentum
3292 2502 3608 2564 virtutum
3636 2508 3783 2561 tua-

495 2643 630 2684 rum
652 2669 668 2696 ,
691 2626 792 2685 vir
825 2599 1243 2703 integerrime,
1271 2638 1406 2700 quae
1429 2619 1502 2679 in
1529 2617 1676 2678 aliis
1708 2615 1948 2694 fuerint
1999 2612 2313 2684 humanm,
2360 2605 2622 2670 morales
2643 2650 2662 2680 ,
2693 2604 2974 2684 politicte
3007 2623 3030 2665 :
3073 2604 3140 2664 in
3171 2610 3228 2664 te
3270 2609 3423 2663 sunt
3465 2600 3562 2683 (ut
3587 2599 3784 2662 verbo

499 2723 726 2800 dicam)
755 2724 1010 2800 penitus
1063 2721 1461 2782 Christiana.
1516 2717 1742 2779 Patere
1771 2720 1842 2774 ut
1887 2713 1978 2773 ita
2017 2709 2091 2772 de
2121 2719 2178 2771 te
2205 2709 2430 2769 sentiat
2486 2725 2558 2768 ac
2591 2705 2886 2784 praedicet
2915 2703 3098 2780 aula,
3147 2703 3427 2782 populus
3456 2745 3473 2776 ,
3507 2702 3788 2780 propria

503 2826 760 2906 familia.
800 2814 986 2884 Hanc
1013 2825 1288 2903 primum
1317 2839 1644 2902 aggressus
1680 2838 1738 2880 es
1766 2833 2041 2880 coercere
2066 2816 2237 2876 intra
2281 2811 2594 2872 modestiae
2623 2811 2782 2888 leges
2811 2831 2832 2870 :
2853 2808 3020 2889 quod
3045 2808 3357 2887 plerisque
3375 2805 3546 2868 haud
3574 2807 3788 2868 minus

502 2930 768 2991 arduum
795 2931 886 2990 ait
919 2931 1179 2990 Tacitus
1206 2975 1222 3004 ,
1254 2946 1434 3008 quam
1459 2923 1857 3006 provinciam
1895 2937 2126 2999 regere.
2158 2915 2396 2980 Deinde
2417 2924 2486 2974 tu
2520 2914 2647 2991 ipse
2684 2911 2752 2972 in
2787 2909 3046 2989 publico
3077 2926 3364 2988 pompam
3395 2909 3648 2988 fugere,
3683 2927 3789 2968 οε·-

507 3030 942 3104 tentationem,
977 3029 1268 3108 plausum
1299 3050 1319 3089 :
1350 3045 1470 3108 quo
1503 3025 1661 3088 nihil
1686 3023 1998 3104 efﬁcacius
2034 3019 2117 3080 ad
2136 3013 2609 3098 promerendam
2639 3009 3103 3090 augendumque
3129 3011 3377 3088 famam.
3409 3009 3683 3088 Insuper
3710 3009 3792 3069 ad

505 3140 820 3193 auctorem
851 3142 902 3190 et
938 3131 1152 3192 ducem
1181 3137 1249 3190 ut
1273 3130 1592 3201 minister,
1620 3125 1906 3186 illustria
1923 3123 2094 3201 facta
2128 3126 2238 3180 tua
2270 3120 2500 3198 referre
2529 3113 2814 3175 didicisti
2845 3133 2867 3181 ;
2891 3110 3114 3190 procul
3139 3109 3217 3172 ab
3250 3111 3648 3172 wmulatione
3683 3111 3794 3174 ad-

505 3250 720 3295 versus
744 3232 1037 3310 collegas,
1067 3231 1298 3310 procul
1326 3249 1363 3289 a
1383 3227 1792 3291 contentione
1817 3223 2117 3286 adversus
2147 3224 2330 3284 alios.
2369 3219 2522 3282 Inde
2547 3217 2843 3294 procedit
2873 3215 2985 3277 illa
3011 3215 3078 3274 in
3105 3231 3310 3274 omnes
3333 3214 3592 3274 comitas
3618 3259 3636 3288 ,
3673 3213 3796 3276 hu—

508 3335 777 3396 manitas
799 3339 929 3394 sine
958 3331 1296 3412 supercilio
1334 3331 1547 3408 gravis
1566 3371 1584 3402 ,
1615 3328 1746 3388 sine
1765 3327 1941 3405 fastu
1967 3324 2339 3386 venerabilis
2367 3342 2388 3382 :
2411 3331 2484 3384 ut
2506 3321 2762 3382 Tellcrii
2787 3319 3030 3380 animus
3049 3362 3068 3394 ,
3090 3335 3220 3376 non
3251 3334 3425 3376 secus
3449 3324 3641 3396 atque
3677 3317 3798 3378 do-

509 3457 644 3500 mus
667 3483 686 3515 ,
713 3411 1046 3499 universis,
1063 3443 1283 3513 patere
1326 3429 1636 3494 videatur.
1673 3429 1840 3490 Hinc
1884 3429 2122 3508 factum
2146 3433 2240 3486 est
2265 3469 2283 3499 ,
2334 3433 2404 3485 ut
2457 3441 2592 3504 qua:
2619 3422 2764 3484 aliis
2791 3421 2918 3500 fere
2944 3411 3196 3480 a'mulos
3240 3419 3480 3480 excitat
3512 3417 3800 3498 dignitas

508 3556 746 3598 summa
769 3579 787 3607 ,
821 3535 1094 3596 omnium
1138 3531 1419 3600 animos,
1458 3528 1674 3588 stulttia
1710 3536 1765 3586 et
1793 3526 2057 3604 plausus
2100 3523 2370 3603 amplius
2395 3521 2477 3584 ad
2503 3532 2560 3582 te
2597 3520 3006 3584 converterit.
3037 3518 3128 3580 Et
3175 3526 3340 3582 certe
3366 3521 3507 3598 quis
3541 3520 3802 3584 invidia:

481 3639 688 3700 ‘locus
714 3635 823 3696 ubi
849 3633 1163 3695 modestia
1213 3651 1286 3693 ac
1325 3630 1737 3712 beneﬁcentia:
1769 3637 1972 3690 totum
2016 3625 2448 3706 impenditur-7
2509 3625 2644 3686 {mo
2691 3625 2939 3704 majora
2971 3624 3094 3684 sibi
3146 3621 3224 3684 de
3254 3639 3322 3684 se
3347 3623 3505 3686 fecit
3533 3625 3752 3703 aptari
3783 3669 3804 3701 ,

512 3739 624 3816 qui
648 3738 812 3798 intra
853 3735 1178 3796 modestiae
1201 3735 1508 3795 terminos
1548 3736 1783 3808 magna
1814 3728 2104 3790 cohibuit
2153 3727 2341 3805 (Var.
2382 3725 2493 3788 lib.
2533 3743 2580 3798 ι,
2617 3723 2797 3804 epist.
2825 3722 2912 3802 li).
2944 3722 3338 3785 Electionem
3384 3731 3559 3783 tuam
3587 3742 3628 3783 a
3657 3739 3807 3802 rege

515 3852 640 3902 tam
661 3839 976 3918 sapienter
1007 3837 1236 3916 factam
1266 3853 1414 3896 mox
1433 3839 1772 3914 prosecuta
1797 3841 1883 3892 est
1914 3831 2190 3892 omnium
2209 3825 2510 3890 ordinum
2535 3825 2931 3889 acclamatio.
2961 3827 3062 3886 Tu
3089 3823 3264 3887 solus
3296 3823 3414 3888 tibi
3453 3825 3582 3904 ipsi
3620 3829 3810 3904 quasi

515 3942 639 4000 vim
665 3938 971 4019 inferebas
1005 3949 1090 3999 ad
1111 3937 1469 4016 obsequium
1486 3933 1834 4014 principis,
1859 3948 1997 3993 cum
2023 3929 2139 3990 tibi
2165 3937 2412 3991 tantum
2437 3947 2566 3990 non
2595 3927 2960 4008 deprecanti
2997 3945 3270 3988 summus
3301 3927 3673 3989 cancellarii
3695 3927 3812 3990 ho-

513 4059 628 4100 nos
668 4039 909 4101 delatus
939 4047 1052 4098 est.
1089 4037 1213 4098 Hic
1259 4035 1424 4108 erit,
1473 4030 1792 4112 inquiebas
1823 4077 1840 4107 ,
1892 4047 2217 4109 supremus
2272 4029 2500 4090 titulus
2548 4027 2810 4088 honoris
2865 4027 3034 4088 brevi
3082 4027 3397 4090 morituro
3452 4025 3528 4088 ab
3562 4027 3809 4108 optimo

511 4141 801 4224 principe
825 4139 1177 4219 appositus.
1208 4136 1336 4200 [mo
1368 4117 1512 4196 vero
1539 4134 1664 4196 haec
1706 4133 1828 4194 erit
1865 4131 2236 4194 meritorum
2263 4130 2647 4208 amplissima
2672 4147 2839 4208 seges
2865 4171 2885 4204 ,
2908 4147 3045 4209 quin
3073 4127 3376 4189 virentem
3408 4136 3720 4190 senectam
3740 4129 3811 4190 in

513 4242 678 4322 juris
718 4239 960 4320 publici
985 4235 1328 4303 utilitatem
1353 4241 1632 4294 exerceat
1660 4277 1676 4304 ,
1711 4249 1846 4309 qua:
1889 4247 2020 4290 non
2047 4238 2215 4289 tuam
2240 4276 2258 4307 ,
2289 4228 2394 4291 sed
2419 4229 2645 4290 summi
2667 4245 2783 4308 per
2824 4239 2882 4289 te
2925 4229 3124 4309 officii
3151 4238 3376 4308 augeat
3406 4228 3812 4308 dignitatem.

513 4343 689 4406 Nihil
731 4346 890 4405 enim
959 4340 1230 4405 Tellerio
1285 4336 1366 4418 (si
1393 4335 1488 4401 ita
1531 4333 1704 4414 loqui
1747 4337 1843 4414 fas
1874 4335 2005 4412 est)
2051 4331 2229 4394 addit
2289 4330 2492 4392 honor
2553 4332 2714 4408 iste,
2760 4333 2890 4393 nisi
2940 4350 3173 4394 novum
3199 4332 3508 4395 Ludovici
3581 4335 3820 4416 Magni

515 4440 922 4521 suffragium,
969 4439 1098 4500 nisi
1128 4454 1476 4516 supremam
1521 4430 1834 4498 modestia:
1864 4448 2182 4492 coronam.
2216 4430 2556 4506 Nimirum,
2588 4438 2663 4490 ut
2706 4429 3122 4492 Cassiodorus
3150 4472 3170 4504 ,
3211 4431 3308 4493 ita
3338 4449 3597 4514 semper
3626 4435 3812 4498 luisti

519 4541 881 4600 moderatus
911 4537 976 4596 in
1015 4537 1340 4615 prosperis
1376 4533 1541 4615 (Lib.
1571 4553 1668 4608 ιχ,
1699 4535 1884 4614 epist.
1905 4528 2039 4612 25),
2065 4537 2136 4592 ut
2159 4528 2336 4592 nullo
2349 4545 2627 4610 unquam
2653 4546 2865 4590 rerum
2888 4529 3160 4610 feliciter
3181 4531 3561 4614 procedente
3586 4551 3812 4613 cursu,

517 4642 692 4701 nullo
720 4639 1052 4718 popularis
1081 4656 1251 4698 utine
1279 4636 1507 4717 afﬂatu
1526 4637 1700 4698 elata
1727 4636 1816 4696 sit
1843 4633 2108 4714 grandis
2144 4634 2365 4694 anima:
2395 4642 2517 4694 tute
2549 4630 2880 4714 aequalitas
2905 4640 2961 4694 et
2998 4635 3383 4697 constantia.

597 4741 923 4820 Agnoscis,
963 4741 1222 4818 opinor,
1253 4740 1357 4801 vir
1375 4737 1824 4808 illustrissime,
1856 4737 1925 4797 in
1955 4733 2330 4798 Cassiodoro
2367 4733 2696 4812 imaginem
2729 4735 2824 4794 tui
2851 4756 2871 4805 ,-
2898 4735 3242 4814 quinetiam
3284 4745 3340 4796 te
3367 4735 3814 4803 dissimulante

517 4852 863 4926 agnoscunt
899 4862 1120 4906 omnes.
1150 4843 1353 4906 Unum
1389 4853 1478 4903 est
1509 4851 1709 4902 tamen
1730 4887 1746 4916 ,
1776 4850 1846 4902 ut
1878 4841 2005 4902 alia
2029 4850 2390 4920 prteteream
2417 4889 2434 4917 ,
2464 4844 2534 4904 in
2564 4861 2688 4923 quo
2726 4843 3170 4906 Cassiodorum
3191 4845 3426 4906 vicisti.
3465 4843 3640 4923 Ejus
3665 4846 3802 4926 qui-

519 4947 655 5006 dem
688 4960 893 5024 genus
928 4989 945 5016 ,
982 4943 1374 5004 Theoderico
1405 4950 1580 5015 teste,
1613 4941 1679 5000 in
1716 4951 1998 5020 utroque
2033 4944 2190 5002 orbe
2222 4942 2604 5020 praeclarum
2639 4942 2752 5002 luit
2781 4967 2798 5016 ;
2843 4954 2907 5006 et
2935 4945 3194 5022 gemino
3213 4945 3470 5006 sena-tui
3502 4943 3810 5009 decenter

517 5053 830 5127 aptatum,
866 5049 1172 5120 tanquam
1223 5043 1474 5103 duobus
1504 5039 1860 5102 luminibus
1897 5043 2226 5102 oculatum
2261 5083 2278 5114 ,
2331 5043 2676 5118 purissima
2731 5043 3024 5104 claritate
3060 5045 3338 5105 radiavit
3371 5041 3563 5122 (Var.
3602 5043 3722 5106 lib.
3759 5063 3810 5119 ι,

517 5147 700 5226 epist.
732 5144 821 5225 Is).
849 5147 933 5204 At
966 5143 1347 5206 Cassiodoro
1384 5144 1506 5222 ipsi
1541 5142 1738 5223 defuit
1766 5145 1971 5223 prolis
2001 5144 2241 5222 gloria,
2274 5163 2409 5226 qua
2438 5145 2752 5206 traducem
2780 5149 3059 5226 parentis
3085 5145 3489 5223 prudentiam
3517 5157 3810 5210 caeteras-

515 5263 630 5325 que
657 5246 926 5306 virtutes
953 5262 1093 5305 cum
1132 5244 1440 5324 sanguine
1469 5244 1926 5306 transmitteret
1954 5245 2036 5306 ad
2061 5253 2370 5324 posteros.
2409 5245 2503 5304 Tu
2529 5263 2696 5316 vero,
2731 5248 2836 5308 vi'r
2871 5245 3219 5308 clarissime
3251 5290 3268 5320 ,
3305 5249 3568 5326 gemino
3601 5266 3810 5314 δεηθε-

519 5345 610 5406 tui
643 5343 950 5422 geminam
971 5343 1213 5422 prolem
1238 5343 1300 5403 in
1331 5349 1610 5420 utroque
1645 5345 1802 5403 orbe
1829 5344 2224 5422 suppeditas,
2253 5347 2512 5408 alterum
2543 5363 2724 5406 sacro
2757 5389 2773 5418 ,
2823 5347 3088 5426 politieo
3124 5347 3412 5408 alteram.
3449 5347 3544 5410 Hi
3577 5351 3810 5430 gemini

512 5451 662 5506 sunt
695 5441 864 5502 oculi
893 5485 912 5517 ,
947 5458 1211 5520 quorum
1237 5441 1394 5502 alter
1418 5441 1638 5503 divina
1665 5446 2032 5520 specula-tur
2057 5452 2114 5503 et
2141 5462 2324 5505 sacra
2357 5447 2515 5524 regit
2541 5467 2560 5514 ;
2589 5445 2751 5506 alter
2777 5445 3046 5507 humana
3067 5447 3509 5528 circumspicit
3532 5469 3608 5511 ac
3635 5449 3795 5511 diri-

516 5541 638 5621 git.
675 5541 767 5603 Hi
798 5548 944 5600 sunt
967 5556 1122 5618 quos
1150 5556 1279 5598 non
1300 5556 1471 5611 sera,
1500 5538 1605 5600 sed
1637 5549 2076 5620 praeoccupato
2103 5551 2308 5604 manet
2335 5544 2994 5626 gloritevirtutumque
3020 5553 3274 5608 tuarum
3293 5546 3653 5626 hareditas,
3675 5566 3806 5610 non

513 5649 825 5722 praerepta
856 5639 1108 5718 parenti
1139 5681 1156 5710 ,
1187 5637 1288 5697 :ed
1321 5637 1778 5716 ampliﬁcata.‘

600 5740 725 5802 Sed
751 5739 1025 5801 vicissim
1053 5753 1246 5796 unum
1272 5743 1358 5796 est
1384 5735 1453 5796 in
1498 5754 1618 5814 quo
1647 5735 2094 5799 Cassiodorum
2125 5746 2182 5799 te
2208 5739 2548 5816 feliciorem
2601 5742 2761 5820 (qute
2793 5750 2904 5804 tua
2934 5747 3134 5822 pietas
3159 5744 3276 5824 est)
3313 5763 3387 5807 ae
3413 5746 3807 5822 superiorem

517 5840 839 5902 existimas
861 5881 883 5913 ,
917 5840 1016 5900 vir
1038 5835 1550 5916 praestantissime
1574 5880 1590 5913 ,
1619 5836 1789 5912 quod
1837 5837 1945 5900 ille
1973 5839 2040 5902 in
2089 5839 2152 5902 vi
2159 5841 2335 5903 vario
2383 5859 2494 5904 suo
2531 5843 2777 5906 tandem
2805 5845 3236 5918 impetraverit
3266 5863 3572 5908 secessum
3598 5865 3640 5907 a
3663 5864 3795 5926 pu-
