3952 6412
251 375 351 432 £15

1633 367 2157 429 PROLEGOHENA.

3427 374 3532 430 486

244 487 552 544 ctissimum
595 483 959 543 Cassiodorun
1004 482 1132 557 huic
1165 481 1407 539 admovit
1428 479 1654 557 _ollicio_;
1686 483 1842 557 cujus
1869 487 1921 546 Α
1945 484 2159 557 virtutis
2175 483 2441 557 meritum
2466 483 2742 557 habuerit,
2776 500 2936 557 nemo
2964 486 3277 557 mirabitur,
3297 487 3389 557 qui
3414 489 3534 543 htre

243 574 385 614 onus
418 573 521 628 pro
548 557 811 626 dignitate
840 570 961 628 cum
991 553 1300 628 sustineret,
1328 553 1470 624 regis
1499 553 1843 628 prudentiam

246 631 301 684 in
329 624 638 684 honoribus
690 625 1059 696 impertiendis
1105 624 1448 696 singularem
1474 624 1842 694 unusquisque

241 698 506 755 laudavit.
540 698 662 765 Quo
706 693 927 768 propius
970 694 1036 750 ad
1088 695 1305 768 regiam_
1342 693 1698 768 majestatem,
1728 693 1842 768 sua:

244 770 396 824 illum
417 763 1042 837 dignitatis—sustollente
1061 763 1246 837 gradu,
1273 763 1506 837 Senator
1529 764 1838 837 accedebat,

242 855 312 896 eo
336 835 512 909 magis
541 839 820 909 crescebat
849 836 1132 909 singularis
1151 836 1212 909 in
1243 850 1368 909 eum
1391 835 1646 909 principis
1665 850 1837 909 amor,

239 926 406 980 quem
435 905 558 980 'ipsi
607 905 1334 980 acceptissimumreddebat
1385 905 1598 980 animus
1618 919 1666 980 _a
1694 907 1840 980 vitiis

239 974 640 1034 alienusfllinc
669 974 1012 1032 Athalaricus
1042 975 1198 1047 (Var.
1231 976 1322 1031 lib.
1349 992 1538 1047 1x,oep.
1568 974 1698 1047 24,):
1747 975 1836 1030 Vi-

239 1049 473 1114 debaris,
506 1051 700 1118 inquit,
727 1048 1020 1119 azquissimo
1053 1045 1288 1119 principi
1309 1045 1541 1119 gloriosa
1567 1045 1842 1119 dilectione

237 1121 499 1192 sociatus,
525 1115 646 1192 quia
696 1115 814 1192 eras
859 1135 894 1170 a
942 1119 1080 1170 vitiis
1136 1115 1390 1192 probabili
1429 1115 1840 1192 sequestratione

237 1192 457 1245 diuisus.
485 1187 673 1260 Itaque
693 1190 747 1243 in
769 1195 1037 1260 quiestore
1058 1203 1158 1241 suo
1174 1203 1274 1260 rex
1297 1187 1593 1242 mirabatur
1614 1202 1841 1241 vacuam

238 1257 718 1330 omnitupiditate
769 1257 963 1312 mentis
994 1257 1416 1330 integritatem,
1445 1267 1500 1330 et
1520 1272 1839 1330 sermo_num

239 1330 364 1397 ejus
411 1325 628 1400 lepores
656 1329 1051 1383 ammoissimos
1091 1328 1277 1400 avidus
1302 1328 1610 1400 excipiebat
1637 1344 1651 1378 :
1685 1325 1756 1380 Te
1783 1328 1838 1400 in

238 1397 613 1455 dictationibus
639 1415 914 1460 amoenum,
944 1399 1286 1468 prosequitur
1305 1397 1660 1468 Athalaricus,
1693 1404 1742 1450 te
1769 1397 1839 1450 ad

251 1472 501 1541 iustitiam
530 1471 775 1541 rigidum,
811 1478 856 1522 te
883 1467 1061 1522 habuit
1098 1467 1140 1541 a
1189 1467 1832 1541 cupiditatibushal‘ienum.

289 1537 597 1608 itigantiuni
647 1541 890 1594 artiones
926 1537 1282 1607 querelasque
1312 1539 1452 1592 illius
1478 1537 1684 1608 judicio
1711 1552 1838 1606 per-

237 1607 393 1666 misit
447 1609 792 1666 dirimendas.
846 1628 864 1661 t
903 1608 1361 1678 lnterpellantium
1411 1617 1464 1662 te
1508 1607 1837 1678 ponderibus

237 1682 676 1762 sapientissimus
693 1681 895 1761 arbiter
918 1677 1215 1745 onerabat;
1246 1686 1561 1762 tantumque
1582 1677 1650 1762 de
1671 1678 1836 1762 animi

241 1747 320 1806 tui
365 1753 580 1822 cognita
611 1751 1001 1819 disceptatione
1029 1750 1389 1822 praesumpsit,
1419 1755 1478 1802 ut
1500 1749 1560 1822 in
1585 1747 1834 1822 beneticii

239 1818 460 1886 locum,
519 1830 668 1875 tuum
726 1818 1011 1890 pnestaret
1069 1819 1586 1890 mstuantibusosine
1655 1818 1832 1890 aliqua

236 1893 592 1949 cunctatione
614 1889 872 1960 judicium
901 1889 1190 1962 (Ibidem).
1229 1909 1248 1941 ι
1311 1889 1600 1962 Sordidum
1630 1889 1835 1962 venalis

236 1964 409 2018 animi
441 1958 703 2033 quaastum
731 1958 926 2016 exosus
946 1961 1194 2033 Senator,
1221 1960 1442 2030 parandi
1467 1975 1598 2028 opes
1623 1958 1834 2033 ollicio-

237 2049 364 2086 rum
404 2030 680 2088 taxatione
716 2033 856 2086 viam
885 2030 1120 2101 iniquam
1153 2047 1414 2101 nusquam
1455 2030 1696 2093 tentavit,
1725 2030 1832 2083 vir-

237 2105 373 2158 tutis
402 2103 744 2158 honestatem
773 2103 1029 2172 perituris
1048 2100 1206 2172 bonis
1229 2100 1403 2172 lange
1455 2109 1830 2172 anteponens:

243 2192 263 2224 ι
303 2172 576 2229 Beneﬁcia
607 2170 790 2242 ipsius,
819 2173 1026 2226 scilicet
1054 2171 1398 2233 Theoderici,
1435 2171 1593 2242 nulla
1622 2170 1833 2242 abomi-

236 2243 408 2298 nabili
441 2239 719 2298 taxatione
752 2243 1042 2306 vendebas,
1072 2252 1130 2296 ut
1171 2243 1348 2296 honor
1391 2241 1485 2294 tibi
1521 2239 1588 2294 ad
1616 2241 1832 2308 opinio-

237 2314 326 2384 nis
349 2312 564 2384 divitias
585 2313 890 2384 proliceret,
908 2312 1034 2367 dum
1062 2313 1281 2384 minime
1303 2311 1477 2384 pretio
1503 2311 1832 2384 subiaceret.

235 2382 372 2454 Erat
393 2383 571 2454 plane,
585 2381 749 2453 quod
779 2385 830 2438 in
884 2393 936 2454 te
966 2381 1286 2454 praedicaret
1313 2381 1571 2436 eximium
1596 2381 1834 2454 animum

235 2453 307 2508 ad
355 2451 716 2522 promerenda
764 2451 1020 2509 beneﬁcia
1078 2452 1447 2522 patulum,_et
1488 2459 1676 2505 contra
1704 2451 1834 2505 vitia

237 2520 557 2594 cupiditatis
605 2525 941 2579 obstructum
974 2521 1256 2594 (Ibidem).
1294 2541 1312 2574 ι
1347 2520 1473 2594 Hinc
1517 2536 1645 2576 sane
1678 2536 1835 2594 atquo

239 2591 428 2648 animo
477 2595 570 2662 qui
596 2595 914 2664 perpendet,
948 2591 1090 2649 haud
1118 2591 1338 2647 dubiant
1374 2593 1512 2664 quin,
1552 2607 1673 2664 eam
1731 2591 1834 2664 ipsi

234 2664 415 2719 laudis
464 2661 988 2719 commendationem
1020 2671 1256 2727 asserat,
1290 2678 1453 2732 quam
1502 2663 1556 2716 in
1585 2661 1835 2716 obeundo

237 2735 528 2804 quaistoris
549 2735 690 2804 apud
715 2749 898 2801 regem
921 2743 976 2788 et
1004 2733 1725 2804 subditosest_promeritus.

319 2803 544 2876 §AXVIL
568 2799 865 2876 Magister-ii
881 2805 1188 2876 dignitatem
1209 2802 1313 2876 obit
1334 2799 1701 2876 Cassiodorus.
1723 2799 1837 2857 lluc

236 2873 478 2942 pertinet
519 2873 687 2943 quod,
729 2875 878 2930 velut
909 2873 962 2928 in
1007 2874 1143 2941 grati
1183 2873 1347 2926 animi
1379 2873 1833 2932 testiﬁcationem,

234 2952 569 3014 qttzestorem
597 2946 906 3012 integritate
937 2944 1272 3014 notissimum
1305 2943 1834 3014 honoremagistcrii

235 3011 842 3084 aderit'l'heodoricus,
876 3023 1111 3069 testante
1133 3013 1444 3084 Athalarico
1468 3011 1615 3084 (Lib.
1641 3028 1714 3077 Ix,
1747 3030 1832 3074 ep.

237 3083 308 3137 24
326 3084 367 3154 ).
405 3083 686 3139 Veniamus
716 3084 784 3138 ad
814 3087 1165 3156 magisterium
1191 3083 1524 3156 dignitatem,
1547 3099 1701 3156 quam
1731 3099 1835 3136 non

233 3157 472 3224 pecunia:
517 3157 781 3226 largitate,
809 3153 1132 3226 sedvmorum
1161 3153 1386 3226 nasceris
1415 3153 1833 3226 suffragioiucon-

1945 555 2266 629 Athalarici-
2294 554 2470 629 verba.
2513 556 2832 629 expendet-it
2881 554 3172 629 (Ibidem):
3226 554 3351 612 Non
3395 562 3533 612 enim

1943 627 2182 700 proprios
2215 623 2362 700 ﬁnes
2389 623 2482 679 sub
2509 634 2558 680 te
2577 623 2685 680 ulla
2734 623 2961 700 dignitas
3006 623 3298 700 custodiuit,
3327 630 3538 700 quando

1944 696 2274 770 conscientia:
2318 705 2419 770 tua:
2447 706 2648 770 constat
2677 699 2946 770 creditum,
2977 699 3112 769 quod
3132 716 3164 752 a
3192 696 3367 753 multis
3409 716 3535 770 pro-

1942 764 2271 838 ceribus_fuit
2296 766 2640 838 sincerissime
2661 764 3032 838 peragendum.

2022 836 2050 908 §
2086 835 2274 908 XVIII.
2293 835 2381 889 Fit
2405 835 2673 908 prtefectus
2695 835 2938 908 praetorio
2960 837 3535 894 CassiodorusExinde

1945 903 2278 974 ad'prmtorii
2301 903 2927 976 praifecturatn,'eulmen
2953 909 3171 968 honoris
3191 911 3531 974 altissimum,

1944 987 2166 1046 evectus
2195 985 2318 1032 est:
2355 978 2406 1030 in
2437 993 2544 1046 quo
2571 980 2922 1032 constitutum
2961 994 3067 1032 non
3107 994 3236 1033 aura
3279 981 3534 1032 Vanitatis

1943 1045 2164 1118 afflavit,
2189 1063 2310 1115 qua:
2326 1047 2409 1101 vel
2431 1045 2721 1102 nobiliores
2745 1050 2952 1103 animos
2977 1050 3118 1103 solet
3145 1049 3529 1118 perstringere:

1945 1114 2109 1169 Nullo
2131 1119 2332 1188 quippe,
2363 1128 2419 1171 ut
2445 1117 2699 1188 plerisque
2727 1121 2883 1174 moris
2911 1128 3007 1182 est,
3039 1114 3201 1173 elatus
3226 1114 3403 1188 favore
3420 1121 3531 1188 far-

1943 1189 2155 1260 tuntein
2177 1189 2481 1260 cothurnum
2505 1205 2787 1260 semagnte
2806 1191 3074 1259 potestatis
3104 1191 3295 1252 erexit;
3329 1190 3534 1258 majora

1941 1255 2038 1310 sibi
2069 1257 2152 1310 de
2178 1275 2232 1310 se
2262 1259 2380 1328 fecit
2401 1259 2592 1328 optari,
2643 1255 2766 1313 dum
2806 1255 2951 1313 intra
2979 1261 3244 1313 modestia:
3284 1255 3530 1313 terminos

1942 1343 2132 1397 magna
2163 1327 2387 1400 cohibuit
2416 1327 2659 1400 (Libat,
2690 1347 2771 1400 ep.
2806 1329 2892 1400 4).
2923 1328 3050 1384 Haec
3088 1331 3421 1398 atquabilitas
3449 1339 3533 1382 at-

1940 1413 2047 1466 que
2075 1398 2373 1452 moderatio
2414 1413 2518 1466 qua
2577 1398 2858 1464 indignum
2903 1415 2962 1454 se
3012 1401 3172 1455 tantis
3219 1401 3533 1454 muneribus

1941 1467 2229 1531 sentiebat,
2271 1467 2415 1520 haud
2469 1468 2776 1523 retardabat
2829 1471 3023 1524 mentis
3077 1471 3418 1525 devotionem
3475 1471 3532 1524 in

1940 1538 2111 1610 gloria
2141 1538 2414 1610 principis,
2448 1547 2504 1592 et
2521 1539 2830 1610 commodis
2869 1542 3203 1594 subditorum
3246 1555 3534 1610 procuran-

1939 1609 2042 1679 dis.
2071 1607 2173 1674 Qui
2202 1623 2469 1677 propensa
2518 1609 2762 1664 bonitate
2806 1611 2858 1664 in
2887 1607 3292 1679 provincialium
3323 1611 3533 1664 animos

1940 1678 2200 1750 intlueb_at
2223 1679 2478 1750 suaviter,
2513 1678 3199 1750 militibusque"verendum
3224 1697 3282 1734 se
3309 1689 3532 1750 pnesta-

1939 1749 2080 1821 bat;
2116 1747 2241 1802 Fuit
2264 1749 2456 1821 itaque,
2485 1758 2542 1802 ut
2559 1750 2724 1818 scitis,
2755 1747 3000 1804 militibus
3032 1747 3534 1821 verendum—provin-

1938 1819 2155 1874 cialibus
2178 1821 2317 1873 mitis
2331 1818 2482 1891 (Lib.
2517 1837 2551 1884 ι,
2592 1838 2674 1890 ep.
2707 1820 2793 1891 4).
2817 1821 3042 1875 Justitite
3063 1821 3198 1876 adeo
3221 1818 3381 1875 tenax
3404 1821 3534 1888 'l'uit,

1941 1898 2002 1944 ut
2029 1907 2150 1944 cum
2179 1891 2299 1959 quis
2329 1890 2420 1944 lite
2448 1890 2819 1952 contenderet.
2850 1892 3109 1945 arbitrum
3157 1907 3333 1946 causa:
3382 1892 3533 1947 illum

1939 1969 2188 2029 optaret;
2219 1969 2274 2016 et
2301 1963 2546 2030 quamvis
2576 1963 2774 2015 tributa
2805 1963 3115 2032 imponendi
3163 1978 3378 2026 munus,
3430 1976 3530 2030 po-

1940 2032 2080 2100 pulis
2105 2046 2352 2095 exosum,
2387 2039 2662 2095 tractaret,
2695 2047 2758 2086 ea
2807 2033 3034 2100 singulis
3083 2041 3229 2086 tanta
3273 2034 3532 2100 aequitate

1938 2101 2309 2170 dispensabat,
2338 2107 2398 2154 ut
2425 2117 2584 2154 nemo
2633 2103 2848 2169 gravari
2879 2120 2937 2156 se
2965 2105 3239 2157 taxatione
3266 2117 3530 2170 querere-

1939 2179 2060 2243 tur,
2079 2187 2237 2243 neuio
2259 2170 2471 2243 solvere
2491 2171 2838 2243 detrectaret.
2868 2172 3017 2227 Hanc
3037 2175 3344 2243 (equitatem
3363 2187 3533 2243 egre-

1937 2241 2023 2308 gie
2049 2241 2231 2314 laudat
2255 2240 2646 2314 Theodericus
2670 2242 2829 2314 (Var.
2867 2243 2958 2298 lib.
2992 2259 3048 2308 n,
3080 2240 3162 2314 ep.
3195 2243 3250 2314 5)
3286 2261 3299 2296 :
3330 2240 3532 2314 Cuncta

1937 2312 2147 2384 provide
2177 2310 2564 2384 gubernatione
2592 2310 2892 2382 disponens,
2938 2310 3209 2368 ostendisti
3231 2310 3398 2384 quam
3424 2313 3533 2367 leve

1937 2381 2004 2434 sit
2043 2381 2302 2452 stipendia
2334 2381 2426 2434 sub
2449 2381 2643 2453 judicis
2676 2381 2976 2453 integritate
3003 2381 3320 2453 dependere;
3353 2384 3530 2437 nullus

1937 2453 2075 2525 enim
2115 2451 2395 2522 grauanter
2421 2451 2641 2525 obtulit,_
2670 2451 2804 2525 quod
2834 2452 2926 2506 sub
2971 2451 3218 2525 rwqttitate
3263 2453 3527 2525 persolvit.

1937 2522 2072 2594 Qua,
2104 2531 2512 2594 qu:eso,_rpu_tas
2565 2522 2785 2576 solertia
2839 2522 3120 2592 pneditum
3175 2522 3298 2578 eum
3326 2524 3419 2594 qui
3451 2523 3533 2578 sic

1938 2593 2087 2664 novit
2123 2591 2390 2664 Stipendia
2416 2592 2646 2663 juraque
2678 2591 2928 2662 principis
2956 2609 3076 2648 cum
3105 2594 3304 2648 devoto
3343 2591 3528 2664 popu-

1936 2661 2113 2716 lorum
2143 2661 2402 2730 obsequio
2455 2661 2806 2786 componere,
2839 2661 2895 2718 ut
2944 2679 3119 2733 neque
3149 2665 3310 2729 illius,
3352 2661 3530 2732 neipte

1939 2735 2130 2786 horum
2159 2735 2340 2786 odium
2387 2741 2573 2786 contra
2597 2741 2766 2786 teret:
2797 2735 3040 2786 auinimo
3079 2743 3352 2786 aratanter
3381 2732 3528 2786 lace-

1939 2735 2130 2787 horum
2159 2735 2340 2804 odium
2387 2732 2766 2804 contraheret;
2797 2732 3044 2804 quinimo
3079 2743 3352 2803 gratanter
3381 2732 3528 2789 lace-

1940 2813 2057 2858 rent
2089 2803 2305 2874 subditi,
2337 2803 2479 2874 quod
2497 2802 2641 2872 juste
2680 2802 2874 2873 exigis
2905 2802 3146 2874 principe
3177 2821 3283 2859 non
3313 2805 3531 2874 ignora-

1940 2821 2057 2858 rem
2089 2821 2305 2868 SllDtllll,
2337 2821 2479 2926 quoa
2497 2821 2641 2872 juste
2680 2821 2822 2873 BXIgI
2845 2821 2874 2857 a
2905 2821 3146 2928 princme
3177 2821 3283 2859 non
3313 2821 3530 2871 ignora-

1938 2877 2102 2944 reut?
2130 2873 2316 2927 Iunxit
2379 2889 2490 2936 ene,
2525 2875 2685 2928 verba
2713 2882 2838 2928 sunt
2859 2874 2901 2928 T
2941 2875 3182 2931 codorici
3215 2873 3352 2944 (Lib.
3378 2891 3416 2938 ι,
3441 2891 3530 2944 ep.

1937 2942 2021 3014 4),
2045 2960 2158 2996 cum
2189 2947 2540 3016 unirersorum
2563 2945 2764 3016 gaudiis
2781 2955 2957 2998 nostra
2975 2942 3278 3016 compendia
3299 2961 3318 3000 :
3339 2942 3531 3001 terario

1936 3017 2232 3086 munificus,
2265 3023 2312 3068 et
2335 3015 2825 3086 justeisotventibus
2853 3015 3134 3086 gratiosus.

2009 3084 2158 3138 Adeo
2191 3083 2462 3138 bent-licus
2489 3085 2541 3138 in
2564 3100 2752 3138 omnes
2783 3083 2882 3138 fuit
2896 3086 3345 3154 Cassiodorus,ut
3365 3083 3530 3140 dandi

1937 3168 2098 3222 quam
2143 3155 2442 3222 accipiendi
2491 3154 2650 3220 longe
2696 3155 2928 3222 avidior,
2955 3154 3199 3224 judicum
3245 3159 3532 3210 damnaret

231 3222 715 3301 secutusﬁdenni
737 3227 829 3295 qui
849 3225 1006 3292 hujus
1033 3225 1278 3301 muneris
1293 3222 1831 3301 fungebaturellicio,
1861 3241 1904 3301 ρ
1939 3225 2218 3301 avaritiam
2249 3226 2340 3301 qui
2371 3225 2681 3301 innueribus
2721 3222 2976 3301 clientum
3003 3225 3316 3301 dignitatem
3349 3224 3528 3294 inqui-

235 3294 425 3364 palatii
455 3291 773 3364 disciplina;
801 3291 1087 3350 causarum
1138 3294 1366 3364 pondus,
1395 3291 1586 3347 aliena
1610 3291 1830 3361 judicia,

233 3365 562 3419 veredorqu
591 3382 742 3430 cura,
775 3374 905 3430 etc.,
933 3365 1240 3434 pertinebat
1273 3380 1287 3418 :
1327 3377 1582 3434 perreum
1611 3370 1833 3416 senato-

231 3450 327 3489 res
382 3436 496 3504 regi
526 3433 1010 3504 prmsentabantur,
1043 3433 1340 3504 legatorum
1380 3433 1639 3488 adventus
1693 3447 1833 3502 prce-

234 3505 620 3576 nuntiabatur;
652 3505 882 3574 denique
930 3507 1070 3560 inter
1099 3507 1449 3576 prmiorianas
1476 3505 1746 3576 cohortes,
1779 3512 1835 3558 et

233 3575 461 3646 urbanae
491 3576 822 3646 pratl'ecturat
849 3577 1047 3630 milites
1069 3576 1302 3630 habebat
1331 3576 1638 3646 primatum.
1668 3575 1834 3646 Porro

234 3660 362 3699 cum
392 3645 458 3698 ad
494 3644 608 3701 hoc
635 3646 850 3700 culmen
897 3647 1026 3701 solis
1075 3647 1332 3700 virtutum
1361 3645 1614 3713 gradibus
1660 3644 1834 3699 elatus

233 3713 402 3769 fuerit
429 3714 802 3781 Cassiodorus,
827 3732 891 3771 ea
914 3726 1043 3770 tunc
1059 3715 1240 3771 ﬂoruit
1263 3716 1570 3781 integritate
1589 3714 1830 3780 justitite,

237 3800 364 3855 qua:
391 3786 618 3856 probum
667 3795 722 3841 et
778 3787 1098 3856 prudentem
1131 3787 1302 3840 virum
1340 3788 1519 3840 decet.
1571 3783 1835 3854 Principis

231 3857 361 3928 jura
410 3856 857 3926 subditorumque
885 3866 1067 3928 partes
1094 3857 1174 3928 sic
1200 3856 1540 3928 defendebat,
1565 3863 1835 3928 ut‘omnes

234 3926 560 3998 quibuscum
588 3941 679 3983 res
719 3924 822 3998 ipsi
867 3924 1005 3992 erat,
1045 3927 1150 3982 sibi
1185 3926 1575 3998 demereretur.
1616 3924 1835 3998 Grande

235 3995 348 4051 hoc
375 4011 571 4052 munus
599 3995 814 4066 operosi
845 3998 1066 4064 negotii,
1098 3998 1182 4052 cui
1211 3997 1304 4052 vix
1332 4012 1432 4066 par
1456 4004 1601 4050 esset
1628 3997 1710 4049 vir
1737 4011 1833 4049 ca-

234 4067 538 4137 pacissimae
572 4067 787 4133 mentis,
832 4068 1078 4123 eminens
1113 4067 1391 4122 Senatoris
1442 4081 1548 4120 non
1578 4066 1836 4137 gravabat

237 4136 549 4204 ingenium;
583 4152 708 4192 eum
737 4138 881 4192 enim
913 4138 967 4192 in
1005 4139 1314 4206 magisteria
1344 4136 1604 4204 dignitate
1629 4136 1834 4190 consti-

238 4213 417 4276 tutum
431 4207 712 4276 praicipuis
737 4209 904 4276 etiam
928 4215 1212 4276 quiestume
1235 4208 1427 4262 olliciis
1441 4222 1636 4262 vacare
1657 4206 1836 4260 Theo-

235 4275 460 4348 dericus
492 4275 688 4348 voluit.
714 4275 828 4341 Quo
867 4275 979 4332 loco
1033 4279 1260 4348 positus,
1293 4277 1468 4348 inquit
1493 4277 1834 4332 Athalaricus

237 4344 385 4417 (Lib.
415 4363 490 4410 ιχ,
519 4365 602 4418 ep.
631 4346 750 4416 2i),
780 4365 982 4418 semper
1001 4344 1342 4419 qitmstoribus
1364 4344 1603 4419 adfuisti;
1630 4356 1833 4402 etcum

236 4425 428 4488 rerum
455 4425 566 4471 tum
595 4419 854 4486 gravitas,
879 4427 990 4473 tum
1011 4418 1308 4488 amplitudo
1331 4418 1693 4488 eloquentiam
1723 4433 1832 4472 non

235 4487 519 4558 vulgarem
543 4557 557 4558 ί
573 4489 871 4558 exigerent,
921 4504 1081 4542 causa
1104 4487 1444 4542 credebatur
1460 4487 1574 4558 ejus
1594 4557 1601 4558 γ
1624 4488 1832 4557 ingenio

237 4555 513 4629 (Ibidem).
539 4555 790 4629 Nunquid
811 4559 1016 4614 felicem
1044 4559 1355 4628 pnedicabis
1376 4555 1498 4629 eum
1519 4555 1832 4629 cujus'eon-

235 4627 420 4682 silium
449 4638 506 4683 et
534 4627 850 4684 industriam
877 4631 1014 4684 adeo
1034 4627 1135 4684 sibi
1154 4627 1460 4682 necessaria
1503 4643 1602 4682 rex
1627 4627 1832 4695 judica-

235 4697 354 4764 bat,
385 4705 446 4752 ut
467 4699 534 4752 ab
563 4713 630 4754 eo
659 4699 878 4768 exigere
907 4707 1200 4765 teneretur,
1231 4697 1377 4768 quod?
1393 4714 1452 4751 se
1497 4703 1708 4750 noverat
1729 4699 1830 4752 mi-

236 4767 1084 4840 stime‘commisissei(Ibidem)?
1132 4767 1383 4836 Nunquid
1439 4782 1560 4840 eam
1601 4768 1830 4833 gratiam

237 4837 568 4907 singularem
595 4837 864 4908 censebis,
893 4837 1034 4908 quod
1052 4840 1364 4894 vacantibus
1393 4837 1530 4901 aliis,
1564 4853 1827 4908 summam

239 4923 425 4980 rerum
451 4908 598 4980 solus
645 4907 967 4980 attingeret?
995 4907 1236 4973 Quadam
1281 4909 1455 4980 gratia
1484 4907 1832 4980 prtejudiciali

236 4977 461 5034 uacabat
506 4979 637 5033 alios
685 4977 945 5043 laborare,
977 4990 1032 5032 ut
1075 4989 1124 5034 te
1162 4977 1430 5034 sententia:
1475 4977 1596 5032 suae
1623 4979 1834 5047 copiosa

239 5048 400 5120 laude
429 5050 712 5120 compleret
735 5049 1003 5120 (Ibidem).
1037 5049 1158 5118 Age‘
1178 5065 1307 5120 vero
1330 5049 1468 5120 hanc
1496 5047 1827 5114 felicitatem,

239 5119 390 5189 hunc
417 5119 656 5174 favorem
703 5119 968 5189 principis
1008 5135 1170 5188 quam
1221 5119 1418 5173 funesti
1458 5133 1634 5189 casus,
1665 5133 1829 5188 quam

240 5187 442 5244 infesta
462 5189 676 5244 invidiae
706 5187 809 5244 tela
840 5187 1210 5259 excepissent,
1243 5189 1343 5242 nisi
1374 5187 1719 5258 praecavisset
1739 5203 1831 5242 sar

241 5259 564 5332 pientissimi
595 5260 697 5332 viri
725 5275 906 5315 rerum
945 5261 1288 5332 politicarmn
1317 5259 1640 5332 peritissima
1667 5271 1828 5325 saga-

241 5327 415 5386 citas!
439 5328 498 5384 ld
525 5331 668 5384 enim
697 5346 806 5385 sua
824 5327 1108 5400 prudentia
1137 5338 1192 5384 et
1220 5327 1473 5398 tequitate
1499 5337 1582 5384 est
1609 5343 1831 5384 assecu-

241 5410 353 5465 tus,
385 5407 446 5454 ut
495 5415 565 5454 ne
595 5400 679 5455 vel
709 5401 810 5455 levi
840 5401 1266 5456 obtrectatorum
1306 5414 1488 5453 morsu
1517 5400 1829 5468 laederetur;

240 5469 663 5542 qninimoinviti
695 5471 976 5526 laudarent
1004 5469 1298 5542 adversarii
1326 5468 1444 5538 ejus
1479 5469 1828 5542 probitatem.

247 5539 276 5594 ἱ
302 5539 542 5622 Nescivit
563 5541 637 5622 de_
661 5549 728 5594 te‘
753 5543 1034 5622 quisquam
1061 5541 1497 5622 submurmurare
1535 5541 1825 5622 eontraria,

241 5627 366 5668 cum
396 5618 579 5665 tamen
608 5610 676 5665 de
703 5610 984 5682 principali
1013 5611 1182 5680 gratia
1210 5613 1506 5682 sustineres
1535 5610 1825 5682 invidiam:

239 5682 509 5750 derogare
533 5682 811 5750 cupientes
840 5681 968 5736 vicit
997 5682 1278 5750 integritas
1300 5681 1555 5746 actionis;
1585 5681 1836 5736 adversa-

240 5753 310 5808 rii
339 5755 412 5806 tui
437 5766 582 5822 srepe
609 5751 774 5805 locuti
795 5759 926 5822 sunt
941 5754 1134 5818 coacti,
1166 5752 1313 5822 quod
1341 5751 1551 5806 animus
1590 5751 1830 5822 nonha-

243 5820 580 5893 bebat_(_l.ib.
626 5836 702 5893 _tx,
733 5837 816 5892 ep.
864 5820 979 5893 24).
1012 5842 1032 5876 ι
1085 5820 1352 5880 Czeterum
1397 5822 1544 5893 quod
1579 5821 1830 5877 maximis

252 5890 490 5963 negotiis
530 5890 794 5962 majorem
841 5890 1054 5966 semper
1093 5895 1360 5966 animum,
1392 5890 1566 5963 majus
1613 5905 1830 5965 semper

1939 3303 2072 3349 nant
2105 3312 2117 3346 :
2147 3294 2308 3348 dandi
2338 3294 2541 3360 avidus,
2569 3295 2857 3364 accipiendi
2889 3295 3211 3365 fastidiosus.
3241 3295 3527 3362 Nunquam

1937 3367 2020 3418 vir
2056 3380 2295 3419 summus
2323 3366 2608 3418 criminum
2651 3365 2975 3433 contagione
3021 3373 3256 3419 mentem
3307 3365 3530 3418 illacsam

1937 3436 2002 3489 ad
2023 3435 2238 3490 virtutis
2255 3451 2496 3489 amorem
2520 3451 2628 3488 non
2649 3437 2915 3490 convertit
2939 3453 2952 3487 :
2977 3436 3256 3490 detestator
3272 3435 3525 3498 criminis,

1937 3514 2142 3576 omator
2169 3506 2446 3576 tt'quitalis.
2479 3505 2609 3571 Quis
2653 3506 2814 3572 igitur
2867 3506 3146 3560 mirabitur
3183 3507 3326 3576 quod
3381 3513 3528 3576 recte

1936 3575 2197 3629 factorum
2230 3575 2348 3642 ejus
2370 3577 2422 3628 in
2453 3577 2698 3630 obeunda
2731 3576 3046 3645 praefectura
3085 3575 3344 3630 memoria
3374 3575 3525 3645 prin—

1937 3646 2072 3714 cipis
2101 3646 2339 3716 anitnum
2369 3646 2592 3716 mirifice
2621 3647 2958 3701 oblectaret?
2982 3644 3218 3700 Oblectet
3238 3644 3417 3716 igitur,
3440 3645 3526 3698 in-

1935 3717 2052 3788 quit
2072 3732 2164 3771 rex
2199 3715 2342 3786 (Lib.
2365 3732 2403 3778 ι,
2435 3733 2516 3785 ep.
2547 3715 2624 3786 5),
2652 3732 2746 3770 nos
2766 3726 2912 3788 uetus
2933 3715 3524 3788 prtcfecturw’recolere.

1937 3785 2004 3839 Et
2027 3803 2156 3840 vero
2185 3785 2345 3856 quam
2376 3785 2589 3854 gratum
2637 3794 2756 3840 erat
2786 3785 3128 3842 Theoderico
3152 3796 3339 3856 mente
3369 3801 3530 3855 repe-

1939 3865 2052 3910 tere
2081 3855 2396 3926 praeclaram
2438 3857 2635 3910 subditi
2664 3858 2745 3909 sui
2771 3858 3111 3922 modestiam,
3140 3855 3427 3924 justitiam,
3461 3856 3527 3906 ti-

1936 3925 2092 3981 dem?
2118 3925 2391 3998 dignitate
2406 3935 2593 3998 cuncta
2623 3928 2942 3998 moderatus,
2966 3929 3187 3998 gratiam
3215 3935 3449 3998 nostram
3472 3928 3529 3980 in

1935 4013 1992 4050 se
2015 4013 2116 4050 non
2147 3995 2374 4050 reddidit
2403 3997 2644 4050 otiosam.
2677 3996 2820 4050 Sane
2841 3999 2908 4050 de
2937 3995 3190 4064 prtel'ecto
3219 3995 3470 4065 pimtorio
3495 4011 3528 4050 a

1936 4083 1996 4122 se
2017 4067 2310 4121 constituto
2339 4066 2618 4120 verissime
2647 4081 2809 4136 posse
2834 4069 3123 4136 pranlicare
3151 4074 3269 4121 erat
3297 4066 3373 4136 illi
3402 4080 3529 4120 sua-

1937 4138 2238 4204 vissimum,
2292 4137 2436 4203 quod
2483 4135 2662 4190 sensit
2693 4147 2810 4189 tunc
2838 4135 3134 4206 respublica
3163 4153 3228 4190 ex
3272 4135 3364 4190 illo
3393 4145 3524 4190 etetu

1941 4206 2186 4261 Romuleo
2233 4207 2541 4278 innocentia:
2584 4209 2778 4271 virum;
2811 4209 2896 4278 qui
2945 4207 3064 4260 licet
3111 4223 3165 4260 se
3209 4206 3526 4278 moderando

1935 4278 2218 4348 gloriosum
2251 4277 2468 4347 fecerit,
2515 4277 2610 4331 hoc
2654 4277 2830 4332 tamen
2873 4279 3042 4347 majus
3081 4277 3341 4348 (contulit,
3375 4277 3527 4348 quod

1936 4345 2084 4402 bona:
2117 4345 2352 4482 fitionis
2382 4349 2674 4418 exemplum
2699 4345 3024 4418 sequentibus
3057 4346 3324 4419 dereliquit
3363 4345 3524 4416 (Lib.

1936 4433 1974 4482 I,
2004 4435 2084 4482 ep.
2191 4457 2205 4472 .

1934 4433 1974 4472 1.
2004 4435 2084 4472 ea.
2117 4433 2150 4468 4
2172 4433 2205 4472 l.

1958 4456 1974 4484 ’
2239 4487 2397 4560 Quid
2426 4489 2586 4560 egerit
2609 4487 2927 4545 Theoderico
2951 4487 3410 4560 Romamipetente.
3435 4485 3528 4542 Fi-

1939 4557 2061 4612 nein
2092 4574 2201 4613 non
2231 4557 2470 4624 l‘aciam,‘
2492 4560 2536 4612 si
2566 4560 2770 4613 referre
2797 4560 3075 4628 sigillatim
3105 4557 3327 4614 voluero
3365 4573 3530 4627 quam

1936 4629 2168 4700 sollicite
2194 4631 2488 4700 provinciis
2517 4638 2573 4684 et
2602 4630 2826 4700 urbibus
2852 4629 3174 4700 praepositus
3196 4629 3526 4700 consuleret,

1939 4708 2050 4753 tum
2078 4701 2130 4753 iu
2149 4699 2273 4768 jure
2301 4699 2500 4756 civium
2522 4699 2744 4762 tuendo,
2774 4699 2885 4754 tum
2914 4700 2967 4754 in
2995 4700 3386 4768 componendis
3413 4699 3530 4768 ple-

1935 4770 2181 4824 beiorum
2226 4770 2502 4824 hominum
2530 4769 2785 4839 dissidiis.
2829 4771 2897 4824 At
2925 4770 3265 4839 prmtermitti
3313 4784 3374 4824 se
3416 4785 3529 4824 non

1934 4841 2138 4965 platitur
2167 4839 2616 4911 providentissimi
2645 4837 2881 4909 praefecti
2911 4837 3084 4895 solers
3103 4839 3396 4910 diligentia,
3419 4854 3528 4922 qua

1990 4911 2139 4964 rbem
2169 4913 2236 4965 ad
2266 4911 2470 4965 regium
2501 4909 2828 4965 Theoderici
2881 4912 3182 4965 ingressum
3229 4911 3410 4965 ornari
3440 4926 3528 4965 m-

1990 4911 2139 4964 rbem
2167 4909 2236 4965 ad
2266 4911 2470 4978 regium
2501 4909 2828 4965 Theoderici
2881 4912 3182 4978 ingressum
3207 4909 3410 4966 ’ornari
3439 4909 3528 4965 in-

1935 4981 2178 5049 struique
2207 4981 2436 5052 curavit.
2489 4981 2760 5035 Ravenna:
2787 4996 2882 5035 rex
2908 4980 3090 5035 sedem
3118 4981 3330 5052 imperii
3354 4981 3528 5036 collo-

1937 5059 2180 5117 caverat,
2211 5051 2352 5104 unde
2377 5050 2624 5116 Romam,
2656 5066 2818 5118 quam
2840 5053 2942 5106 sibi
2963 5050 3278 5120 vectigalem
3300 5051 3525 5118 fecerat,

1939 5129 2150 5190 peteret
2179 5135 2400 5175 necesse
2427 5121 2542 5193 fuit,
2575 5130 2635 5174 ut
2657 5121 2950 5193 seditiones
2973 5122 3264 5193 turbasque
3291 5122 3528 5193 compri-

1938 5199 2132 5252 meret,
2161 5207 2281 5260 qua:
2311 5205 2407 5260 per
2434 5191 2743 5260 antipapam
2776 5192 3125 5247 Laurentium
3161 5193 3421 5246 adversus
3446 5191 3527 5246 le-

1938 5261 2181 5328 gitimum
2209 5275 2402 5332 papam
2441 5260 2852 5332 Symmachum
2863 5270 3156 5332 commota:
3170 5303 3200 5332 ,ί
3233 5260 3438 5332 clerum
3467 5267 3527 5317 et

1937 5341 2182 5385 senatum
2229 5331 2461 5400 agebant
2489 5331 2552 5384 in
2600 5342 2799 5400 partes,
2834 5331 3141 5400 Urbemque
3187 5331 3524 5388 lacerabant.

1939 5401 2197 5468 Quamvis
2217 5403 2381 5472 (extim
2421 5402 2490 5456 ad
2517 5402 2836 5456 canonicam
2865 5401 3178 5472 Symmachi
3204 5401 3527 5458 electionem

1937 5473 2084 5540 regia
2113 5471 2315 5541 pariter
2336 5472 2651 5527 accessisset
2677 5471 3002 5536 auctoritas,
3035 5486 3101 5527 ea
3145 5479 3326 5526 tamen
3353 5481 3526 5528 nova-

1937 5558 2056 5597 rum
2082 5558 2264 5598 rerum
2293 5550 2545 5597 auctores
2566 5558 2673 5597 non
2703 5543 3042 5598 cohibuerat.
3063 5541 3217 5598 Votis
3232 5542 3395 5610 igitur
3415 5542 3528 5600 Ro-

1941 5629 2226 5670 manorum
2256 5612 2688 5684 orthodoxorum
2709 5629 2806 5669 rex
2828 5629 2950 5668 cum
2991 5613 3398 5684 acquiesceret,
3415 5612 3525 5669 Ro-

1938 5699 2082 5737 mam
2113 5685 2302 5739 venire
2347 5683 2642 5753 cogitavit,
2693 5692 2753 5738 ut
2807 5691 2982 5740 ortam
3027 5683 3264 5754 presens
3308 5683 3526 5740 sedaret

1944 5763 2334 5822 tempestatem,
2360 5762 2418 5808 et
2446 5763 2688 5824 optatam
2715 5753 3041 5812 Christianae
3053 5753 3358 5823 reipublicae
3385 5763 3529 5809 tran-

1937 5825 2262 5892 quillitatem
2283 5824 2622 5896 restitueret.
2650 5824 2752 5880 Ubi
2779 5826 3010 5896 primum
3040 5824 3306 5880 intellexit
3334 5824 3528 5896 praefe-

1937 5901 2056 5952 ctus
2078 5895 2332 5966 ptmtorio
2352 5893 2706 5955 Cassiodorus
2733 5893 2848 5969 regi
2869 5897 2926 5955 in
2963 5897 3146 5954 animo
3175 5910 3296 5954 esse
3325 5893 3385 5954 ut
3414 5896 3526 5953 lto-
