3952 6386
491 324 598 384 503

1709 323 1778 384 Μ.
1819 321 2094 378 AlTREl.“
2133 320 2531 377 CASSIODOBI

3643 310 3758 374 5M

483 442 656 494 decim
685 440 829 494 libris
851 439 1146 494 Gothorum
1181 438 1459 496 historiam
1486 445 1508 472 ι
1537 433 1809 489 delloratis
1839 449 2053 504 prnSpo-
2083 437 2127 492 Α
2156 435 2461 500 guslatione
2485 435 2780 501 suspensis,
2813 433 2970 487 aliter
2995 448 3025 488 a
3049 433 3351 489 litteratum
3379 449 3583 505 sapore
3609 431 3758 508 jeju—

484 527 730 581 ritatibus
753 527 1056 582 condidisti.
1086 526 1218 580 Cum
1249 525 1341 579 tibi
1372 525 1424 578 in
1451 523 1555 579 illis
1585 523 1743 578 fuerit
1786 522 2056 578 secundus

484 623 722 675 eventus,
755 613 880 680 quid
902 615 1156 682 ambigis,
1183 621 1238 667 et
1264 612 1378 668 hate
1418 612 1630 682 publico
1660 613 1807 676 dare,
1833 611 1925 681 qui
1944 611 2052 680 jam

483 705 820 772 cognosceris
848 704 1054 758 dicendi
1085 705 1326 758 tirocinia
1357 703 1637 774 posuisse?

555 793 731 847 Victus
767 809 905 855 sum.
939 793 1129 856 fateor,
1180 793 1232 846 in
1280 793 1652 847 verecundiam
1694 808 1901 858 meam;
1957 807 2055 845 nec

480 884 740 938 obsistere
765 884 923 936 lautis
944 883 1289 951 prudentibm
1305 883 1386 954 [ed
1421 923 1436 947 ,
1453 881 1717 954 pri-cibus]
1741 885 1909 951 potui,
1932 899 2052 938 cum

479 989 566 1028 me
596 972 830 1028 viderem
861 989 927 1027 ex
956 974 1240 1028 allectionc
1267 973 1488 1042 culpari.
1522 972 1671 1025 Nunc
1700 973 1959 1039 ignoscite
1987 975 2056 1026 le-

479 1073 688 1132 gentes.
719 1073 774 1118 et
809 1065 852 1117 si
881 1079 983 1132 qua
1015 1073 1094 1117 cst
1125 1064 1334 1118 incauta
1365 1062 1734 1131 praesumptio,
1777 1061 2052 1119 suadenti-

478 1158 579 1211 bus
619 1157 796 1226 potius
834 1156 1119 1224 imputate;
1151 1155 1276 1224 quia
1317 1169 1432 1206 mea
1458 1151 1656 1220 judicia
1686 1168 1806 1206 cum
1839 1153 1928 1205 illo
1968 1153 2052 1206 vi-

478 1246 674 1301 dentur
719 1245 916 1312 facere,
947 1244 1037 1314 qui
1079 1259 1162 1296 me
1191 1243 1487 1296 decreverit
1533 1257 1804 1296 accusare.
1837 1239 1902 1293 Et
1931 1241 2052 1294 ideo

477 1337 620 1406 quod
651 1337 702 1390 in
733 1344 1028 1404 quantum,
1061 1333 1350 1399 magisterii
1374 1347 1438 1386 ac
1461 1330 1790 1400 prmfccturae
1817 1329 2049 1397 dignita-

479 1428 618 1482 tibus
645 1442 675 1480 a
705 1443 788 1480 me
812 1426 1069 1478 dictatum
1091 1422 1142 1477 in
1171 1423 1396 1478 diversis
1424 1421 1648 1492 publicis
1673 1420 1880 1476 actibus
1901 1420 2051 1489 potui

481 1519 730 1586 reperire,
761 1517 970 1572 bissrna
996 1516 1249 1570 librorum
1278 1516 1616 1570 ordinatione
1641 1513 1920 1584 composui
1945 1529 1960 1578 ;
1993 1519 2052 1565 ut

475 1619 781 1676 quanquam
825 1607 1134 1662 diversitate
1194 1621 1476 1660 causarum
1542 1604 1768 1672 legentis
1826 1603 2052 1659 intentio

474 1699 794 1763 concitetur,
837 1697 1105 1752 ellieacius
1153 1706 1328 1752 tamen
1372 1695 1608 1765 rapiatur
1651 1695 1882 1760 animus,
1929 1709 2048 1747 omn

2154 523 2254 584 nis,
2287 523 2648 590 persuasimus
2676 537 2838 577 causa
2867 522 3190 590 loquendum
3220 532 3339 590 est;
3374 533 3436 578 ut
3477 525 3760 580 interdum

2153 624 2320 679 genus
2342 611 2408 663 sit
2437 612 2642 679 peritim
2669 613 2840 666 vitare
2867 613 3012 680 quod
3041 612 3219 668 ductis
3247 615 3482 686 placeat.
3517 613 3759 672 Proinde

2153 701 2414 765 majorum
2444 700 2662 769 pulchra
2692 699 2932 755 delinitio
2959 711 3062 765 est,
3111 701 3203 757 Sic
3251 712 3378 773 apte
3419 703 3644 770 dicere,
3696 714 3754 758 ut

2153 788 2490 842 audientibus
2545 790 2718 858 possis
2765 800 3026 858 concepta
3081 801 3204 846 vola
3257 793 3510 848 suadere.
3565 793 3757 862 Neque

2153 879 2294 931 enim
2326 879 2424 932 tria
2451 892 2644 946 genera
2675 877 2890 932 dicendi
2919 880 3186 934 incassum
3226 881 3463 950 prudens
3505 881 3757 936 deﬁnivit
3823 934 3831 940 .

2154 967 2461 1036 antiquitas.
2495 966 2724 1032 llumile,
2769 967 2912 1036 quod
2943 969 3322 1026 communione
3373 971 3490 1041 ipsa
3529 986 3758 1040 serpere

2153 1059 2416 1114 videatur.
2445 1059 2694 1123 Medium,
2739 1059 2882 1129 quod
2919 1075 3020 1116 nec
3059 1061 3426 1129 magnitudine
3468 1063 3756 1129 tumescit,

2153 1167 2254 1205 nec
2281 1149 2544 1220 parvitate
2573 1157 2853 1214 tenuatur;
2884 1147 2979 1203 sed
3010 1150 3149 1204 inter
3176 1158 3463 1220 utrumque
3487 1151 3750 1220 positum,

2154 1243 2370 1312 propria
2408 1249 2686 1296 venustate
2713 1240 2960 1304 ditatum,
3011 1241 3121 1295 suis
3168 1241 3362 1296 linibus
3409 1242 3750 1302 continetur.

2154 1329 2390 1384 Tertium
2412 1343 2600 1396 genus,
2630 1329 2775 1398 quod
2803 1329 2869 1383 ad
2891 1344 3154 1384 summum
3186 1331 3393 1401 apicem
3421 1331 3749 1400 disputatio-

2151 1419 2234 1474 nis
2261 1418 2539 1488 exquisitis
2567 1417 2812 1471 sensibus
2835 1417 3096 1486 elevatur,
3127 1419 3398 1485 videlicet,
3427 1427 3490 1475 ut
3509 1423 3756 1478 varietas

2151 1522 2502 1578 personarum
2530 1519 2822 1574 congruum
2852 1508 3137 1562 sortiretur
3176 1509 3474 1578 eloquium,
3517 1517 3575 1564 et
3613 1507 3752 1566 licet

2152 1597 2220 1652 ab
2243 1613 2348 1652 uno
2367 1607 2589 1670 pectore
2613 1596 2925 1667 proueret,
2946 1598 3175 1654 diversis
3193 1607 3376 1654 tamen
3395 1601 3567 1656 alveis
3591 1615 3752 1655 enia-

2150 1696 2306 1742 naret
2330 1704 2343 1739 ;
2374 1687 2589 1755 quando
2613 1687 2788 1742 nullus
2813 1687 3116 1756 eloquentis
3141 1690 3354 1743 obtinet
3379 1703 3603 1754 nomen,
3639 1690 3744 1746 nisi

479 1787 646 1842 tendit
671 1788 738 1849 ad
767 1789 1070 1843 terminum.
1098 1787 1230 1841 Illud
1258 1797 1436 1840 autem
1465 1785 1728 1839 sustinere
1749 1784 1882 1838 alios
1903 1784 2046 1855 passi
2078 1799 2124 1858 Β
2149 1780 2240 1848 qui
2265 1779 2401 1834 trina
2430 1781 2528 1835 ista
2553 1782 2745 1836 virtute
2765 1782 3087 1847 succinctus,
3116 1783 3291 1838 causis
3313 1785 3742 1854 emergentibus,

477 1895 583 1934 non
609 1894 816 1946 sumus,
844 1879 985 1948 quod
1007 1895 1104 1932 nos
1122 1877 1428 1946 frequenter
1452 1874 1766 1932 incurrimus
1795 1875 1846 1928 in
1877 1874 2049 1929 bono-

477 1970 625 2026 ribus
646 1971 835 2024 dandis
856 1971 1123 2040 impolitas
1139 1978 1194 2024 et
1213 1970 1509 2038 praccipites
1524 1969 1813 2032 dictiones;
1831 1983 1950 2036 quas
1971 1968 2047 2022 sic

475 2069 766 2129 poscuntur
787 2061 851 2113 ad
873 2059 1124 2122 subitum,
1153 2069 1213 2114 ut
1244 2063 1328 2117 vix
1358 2059 1440 2112 vel
1463 2059 1624 2113 scribi
1644 2073 1801 2126 posse
1829 2057 2048 2110 videan-

476 2160 578 2204 tur.
610 2149 931 2206 Cunctarum
973 2150 1152 2218 itaque
1179 2149 1494 2216 dignitatum
1524 2157 1678 2202 sexto
1725 2153 1781 2200 et
1817 2147 2046 2216 septimo

473 2241 620 2296 libris
644 2239 903 2307 formulas
923 2239 1318 2310 comprehendi,
1348 2247 1404 2292 ut
1423 2247 1478 2292 et
1497 2237 1643 2302 mihi,
1661 2237 1904 2308 quamvis
1924 2252 2047 2290 sero

472 2333 869 2404 prospicerem,
927 2341 986 2388 et
1036 2331 1382 2400 sequentibus
1427 2331 1480 2384 in
1531 2338 1757 2396 angusto
1805 2325 2048 2397 tempore

471 2424 830 2478 subvenirem.
868 2422 966 2486 Ita,
1013 2437 1132 2490 (ιυω
1159 2421 1266 2475 dixi
1295 2419 1366 2474 de
1409 2419 1698 2489 prmterilis
1725 2417 2048 2472 convenient

473 2521 528 2568 et
549 2510 735 2566 futuris
757 2509 927 2584 [παθη
955 2512 1137 2579 lt-.que
1165 2511 1274 2564 dixi
1301 2509 1369 2564 de
1396 2508 1697 2578 praeteritis,
1725 2507 2047 2561 convenien-

476 2613 558 2658 ter
583 2613 638 2658 et
664 2602 915 2674 futuris]:
959 2604 1083 2673 quia
1122 2618 1228 2656 non
1257 2600 1326 2655 de
1373 2599 1638 2670 personis,
1665 2597 1762 2652 sed
1801 2598 1870 2652 de
1918 2596 2048 2666 ipsis

478 2692 630 2754 locis,
657 2707 776 2761 qua:
812 2701 935 2760 apta
976 2689 1294 2744 videbantur
1328 2687 1579 2756 explicui.
1614 2685 1892 2739 Librorum
1917 2698 2046 2738 vero

476 2782 707 2846 titulum,
737 2782 914 2848 aperis
943 2780 1192 2844 indicem,
1223 2792 1503 2832 causarum
1532 2789 1855 2844 praeconem,
1885 2773 2048 2828 totius

477 2871 734 2926 orationis
786 2871 1154 2925 brevissimam
1206 2882 1414 2930 vocem,
1491 2865 1764 2920 Vanunux
1829 2863 2048 2920 nomine

475 2963 764 3034 pratnotavi
791 2980 804 3016 ς
837 2961 957 3031 quia
987 2975 1206 3014 necesse
1227 2959 1380 3013 nobis
1408 2956 1506 3012 fuit
1525 2957 1718 3026 stylum
1746 2970 1854 3009 non
1879 2969 2046 3008 unum

473 3069 714 3118 sumere,
756 3055 846 3124 qui
877 3069 1128 3122 personas
1155 3053 1328 3106 varias
1364 3051 1694 3119 suscepimus
1731 3048 2042 3103 admonere.

470 3145 642 3199 Aliter
675 3145 816 3198 enim
845 3145 1008 3196 multa
1051 3143 1282 3197 lectione
1307 3142 1544 3206 satiatis,
1587 3140 1742 3194 aliter
1787 3137 2048 3194 mediocri

2150 1869 2371 1923 viriliter
2397 1878 2482 1923 est
2502 1878 2737 1939 paratus.
2762 1869 2878 1924 lluc
2898 1871 3107 1925 accedit
3132 1872 3276 1941 quod
3307 1873 3470 1928 modo
3497 1874 3744 1942 regibus,

2148 1957 2310 2013 modo
2335 1960 2694 2027 potestatibus
2722 1960 2930 2025 aulicis,
2956 1961 3118 2016 modo
3149 1961 3290 2030 loqui
3314 1963 3598 2017 videamur
3637 1964 3742 2018 bu-

2149 2049 2380 2104 mill-imis
2406 2067 2419 2102 :
2447 2050 2646 2118 quibus
2672 2050 2774 2104 alia
2805 2051 3067 2118 contingit
3092 2051 3190 2105 sub
3235 2049 3584 2109 festinatione
3615 2069 3745 2124 pro—

2150 2139 2390 2206 fundere,
2419 2139 2522 2193 alia
2559 2155 2686 2194 vero
2713 2139 2862 2194 licuit
2889 2141 3122 2207 cogitata
3152 2141 3424 2210 proferre;
3455 2152 3518 2197 ut
3543 2145 3747 2199 merito

2153 2228 2430 2284 Variarum
2455 2229 2681 2291 dicatur,
2711 2229 2857 2299 quod
2909 2237 3052 2283 tanta
3082 2229 3395 2285 diversitate
3428 2232 3741 2288 coniicitur.

2147 2315 2254 2371 Sed
2297 2318 2502 2372 utinam
2531 2318 2674 2373 sicut
2713 2319 2816 2372 ista
2867 2318 3067 2386 regulis
3117 2320 3394 2390 accepisse
3443 2322 3744 2392 probamur

2147 2406 2396 2476 antiquis,
2428 2409 2500 2462 ita
2542 2411 2728 2464 eadem
2775 2411 3055 2479 promissae
3087 2410 3362 2478 resignent
3410 2415 3606 2468 merita
3653 2414 3743 2468 di-

2146 2499 2358 2555 ctionis.
2389 2499 2728 2571 Quapropter
2757 2500 2969 2556 Humile
2994 2502 3064 2557 de
3091 2503 3246 2558 nobis
3275 2505 3584 2561 Verecunde
3614 2522 3746 2576 pro-

2147 2591 2428 2659 mittimus,
2454 2591 2723 2648 Mediocre
2751 2607 2858 2647 non
2905 2593 3150 2662 improbe
3199 2595 3536 2664 pollicemur,
3577 2597 3743 2652 Sum-

2148 2693 2294 2732 mum
2323 2695 2471 2744 vero,
2495 2679 2636 2748 quod
2664 2689 2886 2750 propter
2914 2682 3246 2738 nobilitatem
3275 2683 3356 2738 sui
3395 2693 3479 2741 est
3502 2685 3558 2740 in
3585 2688 3744 2743 edito

2149 2767 2316 2839 [ηιμ.
2365 2768 2419 2822 in
2447 2767 2742 2834 edictioue;
2769 2771 2884 2836 alii,
2931 2771 3187 2844 editione]
3231 2775 3606 2842 constitutum,
3639 2794 3744 2834 nos

2147 2858 2388 2926 attigisse
2435 2872 2541 2912 non
2587 2857 2874 2915 credimus.
2915 2859 3292 2916 Verumtamen
3342 2863 3539 2919 sileant
3589 2880 3736 2934 pra:-

2147 2950 2481 3019 sumptiones
2507 2947 2722 3012 illicitae,
2773 2951 2864 3018 qui
2911 2950 3123 3018 legendi
3173 2967 3379 3010 sumus.
3433 2952 3746 3026 Inconsulta

2149 3060 2378 3116 namque
2399 3057 2610 3102 nostras
2635 3045 2704 3100 de
2723 3046 2880 3100 nobis
2901 3046 3292 3116 disputationes
3315 3049 3632 3119 ingerimus,
3645 3049 3746 3122 qui.

2149 3143 2328 3195 vestra
2357 3137 2533 3206 potius
2557 3135 2756 3204 judicia
2781 3136 3124 3193 sustinemus.

546 3309 574 3338 ⁸
599 3300 712 3358 Hoc
735 3305 894 3358 etiam
928 3316 1154 3360 testatur
1177 3304 1473 3359 Jarnandes
1501 3306 1552 3360 iu
1581 3305 1842 3374 prooemio
1872 3303 2118 3358 Chronici
2140 3319 2153 3366 ;
2179 3311 2233 3355 et
2263 3302 2372 3369 ipse
2400 3299 2750 3362 Cassiodorus
2775 3297 2930 3363 infra,
2958 3299 3049 3352 lib.
3081 3316 3176 3367 xu,
3205 3301 3364 3371 epist.
3391 3300 3485 3363 20.

485 3418 651 3428 --—-_

1321 3423 1552 3433 ...ἐ-

1672 3527 2003 3609 LIBER
2048 3528 2526 3613 PRIMUS.

2585 3425 2860 3432 -k—-.—._

2861 3425 3032 3434 ——-—_._

1953 3665 2220 3682 -ψη

919 3748 971 3818 3
1005 3745 1331 3801 EPISTULA
1374 3747 1606 3810 PRIMA.

638 3879 921 3920 ANASTASIO
947 3879 1264 3918 IMPERATORI
1353 3879 1716 3918 THEODORICUS
1743 3881 1846 3920 REX
1864 3877 1912 3926 ⁸,

475 3972 638 4043 Rogat
664 3987 840 4040 pacem
873 3971 1024 4043 certis
1045 3973 1117 4043 ac
1144 3972 1310 4024 causis
1330 3972 1706 4043 intermissam;
1733 3973 1911 4026 laudat
1935 3975 2036 4028 im-

537 4040 848 4112 peratorem,
869 4049 916 4093 et
943 4040 1012 4096 ad
1037 4040 1184 4098 illum
1210 4041 1365 4112 mittit
1392 4041 1616 4112 legatos,
1649 4060 1680 4110 η
1699 4043 1734 4095 ei
1753 4047 2038 4102 contentio-

536 4111 625 4165 nes
647 4111 920 4192 odirimam,
943 4121 991 4163 et
1028 4111 1353 4164 concordiam
1399 4127 1510 4164 sua:
1537 4111 1773 4181 deinceps
1799 4113 2037 4180 ﬁrmitati

536 4189 827 4235 restituant.

534 4269 759 4340 Oportet
777 4285 896 4336 nos,
922 4269 1332 4324 clementissime
1359 4270 1667 4340 imperator,
1692 4286 1877 4340 pacem
1899 4287 2038 4340 qum-

465 4376 604 4424 rcre,
631 4361 722 4431 qui
743 4376 932 4415 causas
955 4360 1244 4414 iracundia:
1271 4361 1644 4433 cognoscimur
1671 4379 1776 4417 non
1800 4363 2031 4420 habere:

463 4448 675 4519 quando
721 4449 811 4502 ille
837 4449 1080 4503 moribus
1121 4450 1386 4504 obnoxius
1407 4449 1520 4520 jam
1571 4459 1802 4522 tenetur,
1844 4453 1934 4524 qui
1968 4454 2034 4508 ad

461 4542 600 4609 justa
631 4538 1046 4608 deprehenditur
1075 4539 1383 4606 imparatus.
1433 4537 1589 4594 Omni
1633 4542 1830 4612 quippe
1870 4557 2034 4611 regno

461 4628 828 4684 desiderabilis
847 4627 1005 4682 debet
1024 4643 1141 4682 esse
1167 4631 1541 4698 tranquillitas,
1559 4631 1611 4685 in
1641 4647 1746 4700 qua
1774 4643 1828 4688 et
1850 4636 2032 4704 populi

462 4717 762 4788 proficiunt,
807 4727 862 4774 et
907 4719 1104 4772 utilitas
1147 4720 1382 4786 gentium
1430 4722 1747 4778 custoditur.
1785 4722 1906 4780 Haec
1950 4737 2034 4782 est

461 4812 601 4866 enim
621 4810 880 4865 bonarum
908 4811 1100 4864 artium
1124 4812 1320 4867 decora
1349 4823 1552 4879 mater;
1586 4813 1700 4870 hate
1725 4818 2031 4872 mortalium

459 4917 626 4972 genus
646 4902 928 4971 reparabili
957 4904 1298 4958 successione
1341 4904 1721 4974 multiplicans,
1751 4906 2032 4964 facultates

459 4992 748 5061 protendit,
781 5007 958 5047 mores
985 4992 1200 5057 excolit,
1224 5001 1279 5048 et
1313 5001 1578 5049 tantarum
1605 5013 1781 5052 rerum
1816 4998 2031 5066 ignarus

456 5085 784 5152 agnoscitur,
813 5085 902 5154 qui
931 5100 1048 5140 eam
1095 5085 1312 5140 minime
1359 5088 1630 5154 quzesiissc
1679 5092 1923 5144 sentitur.
1963 5089 2030 5146 Et

529 5332 554 5360 ι
598 5322 862 5402 Beronius
888 5333 1040 5402 putat
1068 5326 1206 5402 hanc
1248 5329 1536 5402 epistolam
1583 5329 1746 5402 fuisse
1769 5334 2029 5402 scriptam-

457 5391 1300 5471 annmghristi193._Consule
1343 5413 1466 5452 eum
1514 5400 1652 5456 tom.'
1698 5401 1762 5455 Vl
1803 5391 2026 5471 Anna,

456 5461 710 5534 pag._lt76
739 5463 1277 5534 editionis_Antuerp.

532 5529 870 5585 Theodericus
901 5529 1037 5603 rex].
1064 5534 1156 5605 llic
1181 5529 1382 5604 primus
1420 5553 1478 5593 se
1505 5554 1686 5605 regem
1714 5540 1866 5605 dixit,
1899 5557 2018 5597 cum

456 5597 697 5652 Odoacer
725 5597 1081 5670 antepeum'se
1123 5597 1498 5670 imperatorem
1549 5597 2020 5665 ﬁ'lmaiium'dice-

461 5673 646 5746 ξιιμ-Μ
687 5668 1132 5746 aute_Odoacrem
1177 5668 1498 5746 Alignstalis.
1531 5677 1856 5733 Theudorici
1883 5683 2022 5746 regis

465 5734 755 5792 (lothm‘um
810 5737 1028 5791 formam
1088 5751 1140 5792 et
1189 5734 1425 5796 habitum
1473 5734 2020 5816 elc'guntet'dcscriliit

2074 3755 2116 3812 (ζ
2151 3747 2290 3814 ideo,
2337 3751 2572 3820 piissime
2610 3755 2930 3825 principum,
2969 3757 3224 3826 potentia:
3257 3765 3453 3812 vestrae
3476 3755 3732 3810 convenit

2140 3847 2194 3895 et
2216 3839 2426 3902 honori,
2453 3849 2510 3894 ut
2529 3843 2877 3898 concordiam
2890 3855 3118 3900 vestram
3141 3861 3388 3916 quaerere
3406 3845 3729 3910 debeamus,

2138 3928 2289 3999 cujus
2313 3930 2487 3984 adhuc
2509 3947 2694 3988 amore
2721 3933 3045 4002 proﬁcimus.
3070 3935 3178 3990 Vos
3208 3936 3352 3990 enim
3381 3935 3510 3989 estis
3530 3949 3732 4002 regno-

2138 4035 2258 4072 rum
2285 4021 2522 4082 omnium
2564 4023 2978 4091 pulcherrimum
3023 4025 3219 4090 decus,
3258 4042 3356 4081 vos
3381 4027 3550 4082 totius
3578 4027 3730 4080 orbis

2135 4109 2369 4173 salutare
2421 4112 2740 4180 prmsidium,
2792 4115 2934 4184 quod
2982 4116 3160 4170 caeteri
3209 4116 3552 4170 dominantes
3595 4113 3728 4182 jure

2135 4198 2576 4272 suscipiunt[atii,
2605 4203 2938 4274 suspiciunt],
2963 4205 3086 4273 quia
3111 4205 3216 4278 led.
3247 4203 3372 4258 Niv.
3401 4214 3450 4258 et
3473 4205 3718 4270 Accurs.,

2135 4287 2310 4360 quasi]
2340 4289 2392 4343 in
2431 4291 2582 4349 vobis
2609 4293 2876 4362 singulare
2904 4295 3101 4362 aliquid
3148 4295 3321 4349 inesse
3349 4304 3722 4360 cognoscunt;

2135 4386 2189 4431 et
2217 4394 2311 4432 nos
2341 4380 2590 4441 maxime,
2613 4382 2705 4449 qui
2734 4382 2914 4438 divino
2934 4383 3134 4438 auxilio
3155 4385 3210 4438 in
3235 4385 3508 4455 republica
3541 4396 3721 4441 vestra

2133 4466 2430 4530 didicimus,
2463 4471 2910 4540 quemadmodum
2958 4473 3218 4528 Romanis
3254 4474 3594 4542 :cquab'liter
3623 4475 3726 4528 ini-

2131 4572 2324 4627 perare
2351 4561 2637 4628 possimus.
2689 4560 2930 4628 Regnum
2986 4572 3230 4622 nostrum
3281 4563 3512 4620 imitatio
3540 4575 3723 4620 vestra

2132 4657 2232 4712 est,
2262 4648 2430 4702 forma
2459 4651 2586 4704 boni
2612 4652 2902 4720 propositi,
2954 4653 3100 4708 unici
3149 4654 3427 4724 exemplar
3472 4655 3720 4726 imperii;

2130 4739 2219 4808 qui
2249 4751 2504 4810 quantum
2534 4756 2630 4795 vos
2656 4743 2952 4811 sequimur,
2985 4751 3192 4798 tantum
3240 4753 3429 4812 gentes
3469 4746 3605 4802 alias
3623 4762 3722 4800 an-

2131 4829 2342 4891 teimus.
2369 4829 2666 4886 Hortamini
2690 4849 2775 4887 me
2797 4831 3185 4902 irequenter,ut
3205 4836 3422 4905 diligam
3443 4847 3718 4905 senatum,

2130 4918 2275 4986 leges
2303 4921 2601 4992 principum
2622 4933 2895 4992 gratanter
2913 4927 3226 4995 amplectar,
3252 4937 3309 4982 ut
3329 4938 3525 4983 cuncta
3550 4928 3720 4984 Italia:

2129 5011 2368 5064 membra
2411 5027 2752 5081 componam.
2785 5013 3070 5080 Quomodo
3101 5017 3334 5085 potestis
3380 5019 3449 5072 ab
3487 5027 3714 5086 augusta

2137 5114 2270 5168 pace
2297 5099 2553 5167 dividere,
2601 5117 2761 5172 quem
2791 5119 2896 5158 non
2927 5105 3123 5174 optatis
3163 5122 3194 5161 a
3242 5109 3436 5163 vestris
3473 5111 3716 5166 moribus

2129 5335 2382 5412 Sidonius
2400 5341 2738 5412 Apollinaris
2760 5343 2851 5397 lib.
2884 5359 2920 5407 ι,
2940 5345 3098 5412 epist.
3130 5344 3184 5399 2.
3214 5345 3498 5412 Quomodo
3527 5359 3708 5406 autem

2130 5407 2624 5474 invaseritltaliam,
2659 5411 2780 5466 vide
2817 5407 3048 5467 Aimoin.
3081 5413 3147 5468 de
3167 5407 3347 5470 GEstis
3373 5417 3705 5474 Francorum

2127 5475 2217 5530 lib.
2245 5493 2280 5532 ι.
2317 5477 2682 5534 Theodericus
2703 5481 2998 5536 Odoacrem
3033 5485 3302 5538 interemit
3329 5487 3525 5542 Albino
3551 5489 3611 5542 V.
3638 5489 3701 5545 C.

2123 5560 2298 5616 cons,
2341 5563 2482 5600 anno
2520 5549 2716 5603 Christi
2756 5549 2882 5614 495,
2923 5553 3130 5616 imperii
3153 5553 3419 5608 Anastasii
3443 5558 3700 5614 secundo.
3757 5572 3761 5576 '

2129 5613 2255 5698 limo
2311 5617 2538 5698 epistola
2584 5618 2796 5672 videtur
2855 5613 3060 5689 aliquot
3115 5630 3238 5692 post
3279 5626 3436 5680 antiis
3478 5613 3698 5698 scripta.

2125 5683 2468 5740 Guuuatmus
2493 5685 2810 5742 Fonszmus.
