3952 6382
1507 253 1874 346 vastans):
1910 290 2109 346 unus
2146 291 2186 352 ι.

3365 303 3470 359 506

179 405 525 474 discrepare?
554 403 781 463 Additur
808 404 971 459 etiam
1002 403 1307 459 veneranda
1339 404 1600 459 Romana:
1624 403 1772 456 urbis
1804 417 1843 464 Α
1875 403 2068 472 guinea
2098 411 2409 470 regnantem
2461 402 2748 474 discernit,
2781 403 3068 460 dominum
3111 407 3466 478 compicuttm

177 491 416 560 affectio,
446 511 478 549 a
509 511 618 565 qua
667 495 938 566 segregari
991 505 1282 566 nequeunt,
1313 495 1406 566 qui
1445 510 1504 552 se
1545 494 1778 550 nominis

179 589 388 642 unitate
412 588 732 658 junxerunt.
759 587 988 644 Proinde
1011 589 1159 644 illum
1186 596 1243 643 et
1260 588 1411 642 illum
1440 596 1465 624 ⁸·
1496 585 1780 652 legationis

177 678 359 734 cilicio
387 679 458 734 ad
486 680 884 735 serenissimam
911 680 1165 750 pietatem
1188 688 1426 734 vestram
1452 677 1781 733 credidimus

177 770 582 837 destinandos;
631 779 690 824 ut
735 771 1016 824 sinceritas
1046 771 1214 839 pacis,
1241 784 1362 838 qua:
1387 769 1564 824 causis
1603 784 1782 822 emer-

175 859 434 926 gentibus
463 859 810 929 cognoscitur
855 859 1018 914 fuisse
1055 861 1263 923 vitiata,
1295 859 1525 914 detersis
1554 868 1779 914 conten-

131 944 138 951 ’
177 950 441 1016 tionibus,
488 950 542 1004 in
565 966 661 1004 sua
686 949 939 1020 deinceps
968 949 1222 1005 firmitate
1271 950 1520 1004 restituta
1560 962 1777 1021 perma-

176 1052 307 1104 neat
337 1060 353 1096 :
383 1043 514 1113 quia
566 1043 676 1112 pati
721 1056 813 1097 vos
867 1057 974 1096 non
1026 1041 1296 1096 credimus
1333 1023 1474 1094 inter
1519 1048 1778 1109 utrasque

126 1123 136 1132 ’
176 1134 772 1205 respublicas,quarum
795 1149 1008 1203 semper
1029 1148 1190 1188 unum
1208 1147 1404 1202 corpus
1425 1131 1524 1186 sub
1544 1129 1780 1200 antiquis

175 1225 518 1298 principibus
545 1225 709 1286 fuisse
737 1223 1083 1289 declaratur,
1113 1223 1313 1293 aliquid
1343 1221 1626 1278 discordiae
1655 1237 1780 1292 per-

177 1335 440 1388 manere;
473 1334 610 1389 quas
638 1334 746 1374 non
772 1317 946 1374 solum
991 1325 1212 1387 oportet
1239 1317 1381 1372 inter
1409 1331 1469 1374 se
1497 1318 1668 1370 otiosa
1696 1313 1780 1370 di-

177 1413 422 1476 lectione
447 1411 726 1482 conjungi,
757 1424 946 1465 verum
975 1409 1138 1464 etiam
1165 1408 1320 1462 decet
1347 1407 1551 1463 mutuis
1576 1406 1778 1462 viribus

175 1503 447 1574 adjuvari.
476 1502 705 1560 Romani
728 1501 878 1572 regni
909 1517 1070 1556 unum
1101 1500 1258 1564 velle,
1288 1515 1391 1555 una
1423 1515 1638 1570 semper
1659 1499 1778 1569 opi-

177 1597 269 1654 nio
295 1597 387 1651 sit.
416 1595 688 1666 Quidquid
716 1604 771 1650 et
799 1610 897 1650 nos
921 1609 1229 1664 possumus,
1262 1593 1459 1650 vestris
1489 1592 1776 1662 przeconiis

178 1689 506 1759 applicetur.
540 1685 883 1762 Quapropter
927 1685 1266 1741 salutationis
1309 1681 1772 1740 honoriﬁcentiam

1882 491 2036 558 facit;
2061 502 2116 548 et
2141 501 2360 563 prastat
2385 495 2622 550 humano
2650 496 2834 564 generi
2877 513 2944 550 ne
2971 497 3040 552 de
3067 507 3289 568 aspectu
3317 497 3467 568 prin-

1881 587 2016 656 cipis
2068 588 2238 658 possit
2291 588 2483 643 errari.
2542 587 2733 642 Mirum
2783 597 2865 642 est
2913 589 3268 644 substantiam
3317 591 3466 646 illam

1881 688 2056 734 morte
2105 680 2428 745 confectam,
2461 697 2709 736 cruorem
2761 681 2828 735 de
2879 696 2938 736 se
2985 690 3108 750 post
3151 683 3323 752 spatia
3356 691 3465 738 tam

1882 771 2026 839 longi
2072 773 2333 842 temporis
2383 774 2668 838 exsndare,
2701 773 2792 842 qui
2823 773 2961 826 solet
2989 773 3122 828 vivis
3145 775 3468 845 corporibus

1880 862 2104 916 vulnere
2128 863 2382 918 sauciatis
2413 863 2464 932 4
2495 864 2580 917 vix
2610 861 2852 918 efﬂuere.
2883 862 3021 917 Nain
3052 880 3173 918 cum
3197 881 3294 920 sex
3326 879 3466 934 pene

1879 955 2154 1008 mensibus
2175 956 2394 1008 marium
2417 954 2622 1008 deliciae
2648 970 2678 1007 a
2707 953 2853 1006 vitali
2878 952 3077 1007 fuerint
3098 955 3282 1022 vigore
3312 969 3466 1025 sepao

1879 1057 2029 1110 ratae,
2075 1047 2360 1115 sagacibus
2403 1047 2619 1101 naribus
2645 1046 2894 1100 nesciunt
2937 1060 3056 1100 esse
3100 1045 3462 1113 gravissimae;

1878 1141 2089 1195 scilicet
2107 1155 2176 1196 ne
2199 1140 2419 1210 sanguis
2443 1140 2532 1196 ille
2561 1140 2760 1195 nobilis
2789 1139 2992 1208 aliquid
3016 1139 3246 1210 spiraret
3274 1138 3468 1194 horro-

1879 1232 1973 1287 ris.
2005 1230 2103 1288 Hic
2131 1248 2252 1287 cum
2299 1230 2496 1286 infecta
2524 1232 2689 1287 semel
2714 1231 3015 1288 substantia
3043 1237 3372 1302 perseverat,
3411 1235 3468 1284 et

1878 1323 2051 1378 nescit
2070 1332 2196 1378 ante
2217 1324 2479 1387 subtrahi,
2503 1338 2663 1392 quam
2687 1322 2852 1377 vestis
2871 1322 3041 1392 possit
3065 1321 3295 1376 absumi.
3309 1319 3467 1387 Quod

1878 1413 1922 1466 si
1951 1412 2358 1484 conchyliorum
2406 1414 2637 1482 qualitas
2667 1429 2776 1468 non
2815 1421 3072 1475 mutatur.
3099 1412 3144 1468 si
3177 1411 3465 1466 toreularia

1879 1505 2022 1560 illius
2047 1520 2153 1560 una
2177 1505 2444 1560 vindemia
2471 1515 2578 1574 est,
2609 1504 2770 1575 culpa
2817 1505 3067 1560 nimirum
3095 1504 3316 1562 artilicis
3333 1505 3464 1573 erit,

1879 1595 1966 1648 cui
1994 1609 2053 1649 se
2081 1594 2237 1664 copia
2261 1594 2402 1648 nulla
2433 1594 2721 1652 subtraxit.
2737 1595 2792 1649 in
2821 1595 2925 1650 illis
2954 1605 3132 1650 autem
3154 1594 3466 1650 rubicundis

1882 1685 2119 1740 fontibus
2145 1701 2266 1741 cum
2289 1687 2518 1741 albentis
2542 1701 2726 1743 comas
2749 1686 2908 1742 serici
2931 1684 3126 1740 doctus
3153 1684 3466 1740 moderator

181 1777 553 1850 pla-ferentes,
581 1791 754 1848 prona
783 1784 963 1830 mente
991 1774 1356 1846 deposcimus,
1383 1790 1451 1830 ne
1476 1774 1772 1844 suspenda-
1806 1768 2176 1842 B'intinxrrit,
2207 1777 2407 1831 habere
2432 1776 2592 1832 debet
2612 1777 2856 1846 corporis
2878 1776 3219 1846 purissimam
3246 1774 3469 1829 castita-

182 1869 246 1922 .is
269 1883 300 1920 a
328 1867 490 1922 nobis
515 1865 944 1924 mansuetudinis
970 1873 1164 1923 vestrae
1183 1865 1622 1934 gloriosissimam
1645 1865 1774 1921 cha-

177 1957 419 2024 ritatem,
468 1972 630 2028 quam
675 1971 775 2026 ego
823 1971 1044 2026 sperare
1072 1955 1252 2022 debui,
1277 1956 1488 2011 etiamsi
1515 1956 1635 2010 aliis
1664 1971 1775 2010 non

177 2048 459 2110 videretur
504 2063 669 2118 posse
713 2047 958 2103 concedi.
1007 2045 1216 2106 Caetera
1269 2062 1398 2103 vero
1435 2062 1534 2117 per
1576 2047 1778 2102 latores

177 2139 528 2210 praesentium
555 2139 743 2210 pietati
772 2147 964 2194 vestrae
993 2137 1160 2193 verbo
1189 2137 1524 2208 suggerenda
1548 2137 1776 2194 commi-

176 2231 346 2286 simus
363 2269 380 2296 ,
409 2238 472 2285 ut
499 2247 598 2288 nec
619 2231 1121 2302 epistolarissermo
1139 2231 1454 2290 redderetur
1476 2231 1772 2295 extensior,

179 2339 280 2378 nec
307 2322 511 2392 aliquid
541 2339 642 2394 pro
671 2321 996 2383 utilitatibus
1025 2322 1224 2381 nostris
1267 2322 1672 2394 praetermisisse
1698 2323 1778 2376 vi-

176 2413 453 2475 deremur.

763 2525 1099 2584 EPISTOLA
1137 2527 1202 2582 ll.

361 2643 597 2684 τηεοκιο
629 2629 644 2658 ¹
676 2643 799 2682 vnio
828 2641 1038 2681 suumn
1075 2637 1442 2679 rnzonomcus
1467 2637 1598 2676 nux.

186 2722 479 2794 Redarguit
519 2721 668 2794 illum
715 2721 1040 2794 negligentia
1085 2720 1225 2794 circa
1265 2733 1570 2794 purpuram,
1598 2731 1780 2794 _quam

248 2785 474 2864 singulis
503 2793 658 2846 annis
686 2791 756 2864 ad
778 2785 957 2845 bulam
980 2789 1184 2864 regiam
1230 2785 1432 2842 mittere
1482 2785 1700 2864 solebat,
1719 2794 1779 2864 ,ει

245 2855 502 2936 ονίᾇίηειη
531 2879 592 2916 ac
621 2861 829 2917 modum
857 2855 1196 2930 conﬁciénda:
1224 2873 1470 2930 purpurea
1510 2855 1773 2912 describit.

249 2977 480 3034 Comitis
507 2975 767 3046 Stephani
795 2974 1163 3030 insinuatione
1193 2971 1578 3046 comperimus,
1610 2984 1780 3025 sacra:

179 3069 348 3126 vestis
374 3082 598 3139 operam
621 3066 742 3140 [mm
767 3064 997 3137 Remig.,
1021 3059 1344 3134 superiora],
1371 3077 1532 3130 quam
1557 3076 1654 3116 nos
1675 3075 1775 3115 vo-

1880 1872 2008 1931 tem,
2041 1865 2164 1936 quia
2219 1867 2404 1919 talium
2450 1883 2628 1921 rerum
2671 1874 2884 1922 secreta
2934 1863 3180 1935 refugere
3213 1865 3468 1920 dicuntur

1878 1957 2173 2012 immunda.
2221 1957 2348 2014 Haec
2393 1959 2438 2013 si
2493 1961 2675 2014 omnia
2717 1959 3080 2022 constiterint,
3133 1959 3177 2012 si
3224 1957 3279 2013 in
3319 1957 3468 2012 nulla

1878 2057 2034 2120 parte
2054 2050 2415 2118 pnetermissa
2439 2047 2683 2103 videatur
2702 2063 2824 2102 esse
2845 2048 3180 2113 solemnitas,
3209 2047 3468 2102 miramur

1880 2151 1972 2197 tua
2003 2150 2056 2201 te
2085 2143 2324 2213 pericula
2354 2142 2574 2197 minime
2593 2142 2884 2208 cogitasse,
2913 2141 3040 2196 dum
3071 2139 3369 2210 sacrilegus
3397 2141 3468 2198 sit

1877 2244 2062 2288 reatus
2083 2233 2419 2302 negligentia:
2446 2233 2600 2306 [alii;
2625 2231 2752 2286 dum
2779 2229 3042 2301 sacrilegii
3061 2234 3130 2285 sit
3153 2239 3334 2286 reatus
3365 2245 3464 2288 ne-

1878 2323 2160 2394 gligenter]
2212 2327 2262 2379 in
2308 2325 2401 2379 tali
2431 2332 2580 2380 veste
2623 2337 2867 2393 peccare.
2921 2321 3060 2389 Quid
3105 2323 3248 2377 enim
3297 2329 3465 2390 agunt

1882 2425 1962 2471 tot
1983 2416 2235 2480 artifices,
2261 2424 2342 2470 tot
2365 2423 2648 2469 nautarum
2675 2425 2925 2476 catervae,
2953 2421 3032 2467 tot
3063 2412 3274 2468 familia:
3295 2414 3461 2468 rusti-

1881 2507 2102 2562 corum?
2125 2504 2204 2561 Tu
2233 2521 2450 2576 quoque
2494 2507 2747 2560 comitiva
2772 2506 3060 2562 subvectus
3087 2507 3251 2560 tantis
3279 2504 3461 2574 jubes,

1879 2606 2030 2654 tanta
2053 2606 2107 2654 te
2145 2599 2298 2654 istius
2345 2599 2577 2654 nominis
2624 2598 3042 2668 praesumptione
3085 2596 3357 2662 defendis,
3405 2603 3467 2651 ut

1881 2707 2004 2749 cum
2033 2692 2212 2761 regale
2254 2708 2392 2764 opus
2435 2691 2673 2748 crederis
2699 2705 2881 2760 agere,
2914 2691 2969 2744 in
3017 2690 3202 2744 multis
3231 2689 3468 2745 videaris

1880 2790 2136 2853 tanquam
2165 2784 2272 2838 tuis
2315 2783 2522 2839 civibus
2559 2783 2847 2854 imperare.
2892 2781 3010 2837 Hoc
3037 2795 3168 2852 ergo
3217 2781 3462 2837 remissio

1881 2885 1970 2930 tua
2000 2876 2241 2944 uegligit,
2272 2875 2418 2945 quod
2466 2883 2520 2932 te
2567 2884 2624 2930 et
2649 2875 2702 2930 in
2724 2874 3001 2945 provincia
3031 2873 3378 2937 subvexerat,
3406 2876 3462 2924 et

1879 2963 1948 3019 ad
1969 2973 2318 3034 conspectum
2341 2964 2597 3034 principis
2613 2963 2984 3019 honorabilem
3003 2962 3190 3017 venire
3213 2959 3440 3016 faciebat
3463 3001 3476 3013 .

1881 3054 2036 3121 Quod
2055 3055 2102 3110 si
2133 3063 2187 3110 te
2213 3054 2487 3111 facultatis
2509 3063 2612 3109 tum
2640 3053 2817 3108 adhuc
2845 3067 2974 3108 cura
3020 3065 3128 3106 non
3155 3051 3378 3117 deserit,
3421 3049 3469 3104 si

181 3164 382 3220 luimus
414 3135 740 3216 necessaria
797 3135 1141 3213 festinatione
1187 3153 1488 3223 compleri,
1529 3151 1776 3221 disrupta
1805 3135 1848 3195 C
1880 3147 2070 3202 salutis
2098 3147 2329 3216 propriae
2373 3146 2542 3214 tangit
2569 3143 2810 3209 allectus,
2838 3145 2978 3198 intra
3007 3143 3154 3197 illum
3193 3141 3334 3196 diem
3368 3141 3472 3195 im-

182 3253 356 3322 magis
381 3251 569 3306 labore
591 3248 832 3320 pendere
862 3266 875 3301 :
905 3247 992 3303 cui
1021 3261 1238 3302 cursum
1271 3243 1402 3316 (ert,
1435 3239 1614 3313 usum]
1648 3241 1778 3297 sub-

184 3343 454 3400 trahendo
510 3341 844 3405 solemnem,
887 3337 1307 3394 abominandam
1355 3337 1535 3405 potius
1580 3334 1778 3388 inferre

185 3433 536 3503 cognosceris
565 3431 890 3486 tarditatem.
918 3428 1204 3484 Credimus
1225 3426 1369 3482 enim
1395 3425 1630 3496 aliquem
1653 3438 1781 3494 pro-

187 3528 402 3582 venisse
446 3525 772 3592 neglectum,
817 3530 876 3576 ut
901 3529 996 3576 aut
1035 3520 1214 3576 crines
1258 3518 1333 3572 illi
1365 3517 1547 3583 lactei,
1577 3529 1778 3572 carneo

185 3616 463 3692 μαγεῖαι,
523 3617 658 3685 forte
705 3611 938 3684 aheneo]
980 3611 1178 3681 poculo
1217 3610 1298 3664 bis
1353 3617 1543 3678 terque
1575 3607 1776 3672 satiati,

186 3703 550 3776 pulcherrima
573 3703 750 3758 minus
773 3701 1038 3756 ebrietate
1063 3698 1364 3776 rubuerint;
1389 3703 1482 3752 aut
1509 3695 1647 3751 lame
1669 3710 1778 3750 non

185 3775 470 3850 hauserint
523 3791 784 3850 adorandi
834 3789 974 3864 [ωε.
1003 3775 1164 3851 Auri.
1197 3783 1516 3856 adornandi]
1559 3785 1778 3840 muricis

182 3882 632 3955 pretiosissimam
662 3881 980 3951 qualitatem
1003 3879 1053 3934 ι’.
1080 3880 1422 3950 Quapropter
1447 3875 1492 3931 si
1525 3891 1778 3946 perscru-

185 3983 332 4030 tator
351 3972 678 4046 Hydruntini
700 3972 864 4028 maris
885 3969 1057 4028 infusa
1082 3969 1216 4042 [atii,
1239 3969 1434 4033 inlusa,
1457 3966 1535 4024 rel
1553 3962 1777 4036 intrusa]

182 4065 476 4137 conchylia
531 4064 850 4119 solemniter
917 4059 1252 4119 condidisset
1312 4068 1441 4130 apto
1515 4067 1776 4127 tempore,

185 4168 418 4212 acervus
449 4154 538 4208 ille
567 4153 888 4224 Neptunius,
938 4159 1230 4220 generator
1279 4149 1522 4204 llorentis
1563 4161 1781 4217 semper

185 4258 442 4318 purpura:
475 4257 522 4310 ο,
551 4253 774 4300 ornator
818 4241 962 4310 solii,
1011 4256 1273 4312 aquarum
1321 4239 1479 4310 copia
1513 4238 1782 4295 resolutus

187 4338 419 4398 imbrem
445 4337 680 4393 aulicam
723 4335 974 4396 flammeo
1005 4334 1216 4403 liquore
1243 4333 1470 4388 laxaret.
1505 4330 1672 4386 Color
1697 4329 1782 4384 ni-

187 4431 299 4488 mio
326 4431 516 4504 lepore
545 4445 798 4498 vernans,
819 4426 1124 4484 obscuritas
1151 4425 1370 4491 rubens,
1403 4423 1626 4494 nigredo
1647 4437 1778 4477 san-

264 4609 293 4640 ι
322 4597 589 4656 Baronius
616 4596 893 4652 existimat
939 4593 1043 4648 hos
1083 4593 1294 4660 legatos
1321 4587 1486 4643 fuisse
1499 4584 1773 4660 faustum
1807 4587 1853 4646 ι)

189 4684 249 4731 et
274 4655 555 4727 lremeum.
589 4667 723 4723 Vide
769 4674 905 4722 tom.
953 4663 1023 4719 Vl
1059 4655 1282 4725 Annal.,
1313 4673 1442 4714 ann.
1487 4655 1615 4712 Chr.
1649 4655 1777 4719 495.

189 4740 650 4894 ιῗ²ξ’(ῒ‹ἵὲι’ίιιιξιιιιι
677 4807 765 4868 hic
782 4819 1054 4894 [puum
1100 4798 1520 4894 prilncipalisrst
1551 4795 1782 4894 muricis

193 4881 492 4952 descriptio
512 4867 992 4952 etusus._Qua'de
1015 4891 1072 4930 re
1104 4867 1229 4952 vide
1255 4867 1518 4952 l’lin_.‘lib.
1551 4883 1652 4952 ix.“
1656 4882 1779 4936 cap.

194 4937 506 5020 33.7Vi'rgil.
537 4951 632 5006 lib.
662 4964 716 5006 IV
743 4937 928 5016 Eclog.
959 4955 1015 5001 et
1044 4961 1095 4998 IV
1125 4940 1338 4998 Eneid.
1378 4938 1592 4992 PB‘I‘IUS
1612 4937 1782 4992 Baes-

191 5020 809 5160 ssgslilofemiuemper
851 5087 1008 5158 unica
1061 5083 1330 5144 dictione,
1399 5086 1460 5134 ut
1503 5077 1786 5134 Lucretius

192 5169 297 5238 In»
325 5175 510 5238 '_~_P?8-
542 5161 634 5238 δερ
661 5151 1451 5238 εεηιρςτιξρνςηιὲψοηιξῑίο.,4-
1632 5233 1668 5238 __
1723 5215 1783 5238 .-

273 5215 301 5272 ί
325 5215 507 5302 'uajii’s
552 5215 634 5286 rei
679 5215 927 5302 meminit
963 5226 1212 5302 Achilles
1250 5217 1596 5302 §tatiusnlib.
1632 5233 1669 5272 ιι
1692 5215 1787 5302 _de

196 5286 621 5367 Ᾱιηοῖ-Ῐιευοά
651 5309 706 5355 et
734 5297 1028 5359 Cedrenus,
1071 5303 1128 5348 et
1175 5290 1407 5344 Pollucis
1451 5286 1782 5343 Onomastic.

197 5379 276 5412 ιη.
329 5392 348 5412 .
401 5374 574 5412 Rlnttn
621 5382 707 5412 Ml
732 5369 932 5412 νρνηιίςι
962 5363 1214 5412 lncil‘uaa.
1243 5362 1368 5412 auia
1396 5359 1570 5412 lucem
1599 5357 1785 5410 videre

196 5379 298 5432 lib.
329 5392 369 5432 ι.
399 5374 576 5428 Blatta
610 5364 708 5427 est
732 5369 932 5425 vermis
961 5364 1214 5430 lucifuga,
1243 5364 1368 5428 quia
1396 5364 1570 5413 lucem
1599 5364 1785 5410 videre

197 5463 312 5503 non
340 5451 540 5516 potest,
565 5442 708 5496 unde
733 5443 1073 5516 per_noctem
1101 5431 1382 5516 ambulate:
1393 5427 1789 5516 agcolore‘nun:

197 5495 1792 5595 sensistissummes“..'*!%{'9EP..51“§EEmilia?

200 5565 483 5642 Biﬁiéhin‘
496 5565 752 5646 dicimus:
779 5587 836 5634 et
861 5580 991 5646 inde
1005 5575 1176 5632 blatta
1197 5569 1363 5626 vestis
1390 5565 1476 5626 est
1501 5567 1623 5621 talis
1642 5565 1794 5620 colo-

202 5657 296 5713 ris.
329 5655 457 5712 Haec
485 5669 554 5710 ex
577 5669 674 5708 ms.
708 5645 1016 5705 Rbemensi.

278 5707 302 5766 ἓ
329 5707 678 5800 ﬁngimus
693 5719 797 5800 nm
827 5716 1108 5800 Ebmiiices
1133 5712 1265 5800 olim
1285 5707 1665 5800 celeberrima1
1673 5719 1793 5800 ulla

204 5807 270 5864 ea
291 5774 783 5876 ἱίεέίιίἷῇίὶᾖοιίηι
799 5787 1036 5845 efficiunt
1059 5802 1073 5852 ;
1097 5784 1223 5838 olim
1245 5779 1439 5848 insula,
1463 5777 1556 5834 sed
1571 5774 1798 5834 Alexan-

1878 3241 2120 3296 minente
2169 3240 2263 3294 tibi
2298 3240 2490 3294 harum
2533 3237 2820 3308 portitore,
2850 3249 2972 3290 cum
3019 3233 3186 3287 blatta
3215 3229 3239 3267 ά
3259 3272 3276 3298 ,
3302 3244 3468 3298 quam

1880 3343 2067 3388 nostro
2110 3332 2358 3389 cubiculo
2385 3330 2515 3386 dare
2543 3329 2700 3384 annis
2725 3325 2951 3398 singulis
2989 3322 3340 3385 consuevisti,
3372 3335 3472 3376 ve-

1881 3427 1997 3482 nire
2018 3425 2211 3481 festina
2245 3443 2258 3478 :
2282 3425 2408 3494 quia
2431 3406 2544 3493 iam
2570 3437 2678 3474 non
2715 3418 3120 3488 compulsorem
3147 3414 3214 3468 ad
3241 3422 3296 3468 te
3337 3411 3466 3466 mit-

1879 3516 2062 3580 timus,
2087 3513 2184 3570 sed
2212 3513 2462 3574 ultorem,
2500 3511 2544 3565 si
2575 3509 2750 3578 aliqua
2774 3505 3070 3563 credideris
3099 3503 3466 3558 Iuditicatione

1880 3604 2218 3660 tardandum.
2251 3603 2452 3657 Verum
2501 3602 2622 3654 talis
2671 3606 2928 3667 tantaque
2983 3611 3090 3661 res,
3119 3609 3280 3665 quam
3323 3593 3470 3650 facili

1881 3695 2075 3762 legitur
2106 3695 2323 3748 inventa
2375 3689 2746 3760 compendio?
2775 3687 2910 3742 Cum
2959 3685 3102 3740 fame
3129 3685 3280 3740 canis
3307 3682 3465 3738 avida

1878 3785 1934 3840 in
1961 3783 2124 3856 Tyrio
2152 3793 2175 3821 ο
2207 3783 2386 3836 littore
2410 3781 2654 3850 projecla
2685 3777 2966 3848 conchylia
3005 3775 3281 3845 impressis
3307 3789 3465 3828 man-

1877 3875 2074 3931 dibulis
2099 3872 2452 3934 contudisset,
2486 3869 2574 3923 illa
2599 3866 2914 3922 naturaliter
2936 3865 3220 3919 humorem
3248 3861 3468 3928 sangui-

1883 3981 2042 4020 neum
2069 3963 2382 4028 deﬂuentia,
2409 3975 2504 4014 ora
2536 3958 2657 4027 ejus
2683 3956 2916 4012 mirabili
2944 3955 3130 4010 colore
3166 3955 3466 4008 tinxerunt.

1881 4055 1948 4110 Et
1977 4065 2035 4110 ut
2076 4065 2160 4111 est
2203 4068 2322 4110 mos
2343 4049 2673 4110 hominibus,
2717 4046 3033 4103 occasiones
3061 4043 3372 4116 repentinas
3398 4041 3471 4096 ad

1881 4157 2028 4204 artes
2075 4146 2294 4209 ducere,
2351 4141 2478 4197 talia
2507 4139 2753 4210 exempla
2810 4137 3167 4200 meditantes,
3219 4133 3472 4187 fecerunt

1879 4235 2210 4310 principibus
2257 4233 2426 4289 decus
2469 4231 2650 4286 nobile
2679 4229 2699 4268 ί
2733 4229 2800 4284 de
2837 4243 2894 4282 re
2934 4240 3054 4296 quae
3108 4222 3466 4278 substantiam

1883 4329 2124 4385 noscitur
2151 4327 2353 4382 habere
2374 4323 2728 4378 mediocrem.
2756 4317 2868 4372 an
2890 4315 3063 4388 Tyros
3083 4321 3169 4369 est
3191 4311 3410 4383 llydron
3435 4319 3460 4357 ε

1881 4421 2097 4486 Italica,
2128 4417 2374 4480 aulicum,
2410 4413 2653 4486 profecto
2699 4408 3033 4471 vestiarium,
3090 4419 3198 4460 non
3246 4403 3470 4473 antiqua

1879 4581 1962 4637 dri
2011 4579 2270 4651 operibus
2326 4573 2627 4651 continenti
2675 4571 2988 4651 conjuncta.
3039 4565 3262 4651 Tyrus,
3301 4562 3480 4651 inquit

1884 4634 2088 4706 i’liniu's
2118 4634 2260 4720 (Lib.
2286 4662 2325 4720 Av
2355 4643 2684 4720 Νιιιηιίἰεε.2
2710 4634 2829 4710 cap.
2862 4639 2973 4720 19),
3000 4634 3272 4720 quondam
3302 4634 3479 4720 insula

1873 4707 2136 4794 praealto:
2163 4718 2299 4794 mari
2335 4714 2717 4794 _septingentis
2772 4707 3016 4794 passibus
3078 4707 3280 4794 divisa,
3305 4716 3478 4794 nunc

1883 4776 2014 4848 vero
2062 4785 2352 4844 Alexandri
2389 4776 2568 4839 eiiam'
2601 4776 3257 4852 oppugnantisoperibus
3299 4776 3478 4852 epoti-

1885 4841 2042 4925 néh's,
2063 4841 2388 4928 oiiinpartu
2417 4856 2584 4928 clara,
2617 4841 2838 4928 urbibus
2865 4841 3060 4917 genitis
3093 4845 3267 4928 Lepti,
3302 4841 3476 4928 Utica.
3574 4913 3581 4920 ι

1886 4913 2332 4988 stilla—Romani
2362 4913 2582 4994 imperii
2599 4922 2813 4994 aemula,
2849 4913 3110 4994 térrarum
3139 4913 3285 4970 orbis
3318 4913 3477 4994 avida

1886 4983 2232 5068 Carthagine,
2285 4983 2454 5068 etiam
2501 4993 2739 5068 Gadibus
2788 4983 3168 5068 extra-orbem
3219 4983 3474 5068 cotiditis.

1892 5072 2044 5128 Nunc
2067 5060 2242 5125 o'uinis
2289 5066 2408 5135 ejus
2437 5063 2688 5118 nobilitas
2723 5060 3008 5135 conchylio
3045 5065 3208 5124 atque
3237 5061 3331 5135 et.
3350 5067 3480 5135 pur-

1892 5120 2044 5266 g5};
2072 5120 2344 5194 constat?
2386 5120 2442 5190 et
2493 5135 2598 5190 hoc
2642 5139 2726 5188 est
2786 5120 2934 5200 quod
2977 5120 3169 5182 auctor
3217 5120 3474 5174 declarat.

1939 5228 2087 5266 aoss.
2462 5263 2468 5266 _

1939 5228 2088 5335 at0513:;
2118 5279 2258 5333 hanc
2280 5291 2397 5331 rem
2429 5263 2551 5330 vide
2579 5271 2874 5326 Arnobium
2909 5268 3003 5322 lib.
3037 5283 3094 5332 ιι,
3151 5282 3272 5338 pag.
3324 5265 3432 5321 517
3459 5283 3476 5330 ;

1895 5362 1951 5408 et
1976 5351 2202 5406 Marium
2229 5347 2432 5402 Victor.
2465 5346 2518 5400 in
2548 5342 2746 5398 Cenes.
2773 5341 2866 5393 lib.
2891 5355 2949 5404 rt,
2981 5352 3103 5406 pag.
3136 5339 3221 5392 δυ.

1969 5432 1995 5470 s
2026 5419 2267 5491 Hydron,
2312 5431 2433 5484 qua:
2479 5415 2780 5491 civitas-est
2831 5411 2882 5491 in
2933 5409 3140 5491 Italia;
3144 5407 3286 5478 apud
3315 5421 3476 5491 quam

1895 5476 2178 5560 conchilia
2221 5476 2595 5560 reperiuntur,
2642 5482 2782 5560 sicut
2827 5476 3318 5560 et_:_ipud__’_l‘yrul_n.
3351 5476 3481 5531 Haec

1898 5547 2094 5616 ηις.ὃῖ
2119 5547 2442 5613 Rem-Vide
2489 5547 2828 5608 Ammianum
2886 5547 3182 5607 Marcellin.
3215 5547 3308 5605 lib.
3367 5561 3478 5612 xiv,

2179 5693 2652 5778 Ιξήεοάρῃξρωτίνο.
2689 5691 2959 5756 senatori;
3010 5687 3134 5757 alii,
3181 5687 3489 5744 Theodoniu

1908 5771 2081 5826 comiti
2103 5769 2288 5838 vestis;
2324 5766 2435 5832 alii,
2461 5763 2675 5820 Theoni.
2946 5794 2952 5800 -
