3952 6398
538 305 638 370 507

1771 321 1839 376 Μ.
1882 321 2158 380 AURELH
2194 321 2587 382 CASSlODORI

3696 311 3811 365 508

532 435 860 499 custodiens,
908 436 1002 492 sed
1045 435 1246 508 jugitcr
1299 435 1506 491 novella
1551 435 1939 490 transmittens.
1973 433 2106 489 Vide
2138 445 2184 503 Α
2217 450 2317 489 nec
2346 433 2541 488 invidia
2568 434 2876 503 quempiam
2899 431 3206 503 deprimens
3229 431 3278 499 δ,
3311 446 3418 487 nec
3441 429 3617 501 gratia
3646 427 3812 485 blan-

531 539 686 597 ergo,
725 527 772 583 si
810 529 931 600 quis
971 535 1026 584 te
1069 528 1306 598 patiatur
1353 527 1532 582 minus
1570 527 1814 598 implere,
1838 527 1980 596 quod
2007 541 2106 581 nos

535 627 642 676 tam
663 619 966 675 neces3arie
986 617 1272 689 cognoscis
1291 626 1568 689 expetere.

1080 725 1411 783 EPISTOLA
1449 727 1534 782 ill.
1592 789 1598 797 ,

529 830 846 872 CASSIODORO
883 831 1007 874 vtno
1042 833 1286 873 ILLUS'I'RI
1331 833 1504 884 ATQUE
1544 833 1712 873 ΡΑἸἬΙ(
1735 835 1788 872 10
1817 833 2101 873 TBEODOBI-

1188 901 1283 943 CUS
1317 903 1442 942 REX.

530 995 760 1052 Summis
786 996 1024 1070 laudibus
1051 999 1198 1053 illum
1224 999 1442 1065 extollit,
1468 1009 1518 1055 et
1544 1001 1622 1055 illi
1642 1003 1842 1069 confert
1863 1000 2106 1070 patricia-

603 1077 682 1139 tus
710 1069 925 1138 apicem,
954 1083 1068 1122 cum
1088 1071 1201 1139 jam
1233 1070 1414 1138 fuisset
1447 1079 1614 1124 rector
1635 1069 1880 1123 Lucania:
1901 1078 1950 1124 et
1971 1069 2105 1124 Brit-

599 1137 809 1198 tiorum,
836 1154 900 1190 ac
917 1137 1276 1208 pra'fecturam
1305 1141 1674 1210 prmioriauam
1703 1143 1960 1212 gessisset.

597 1244 852 1313 Quamvis
879 1248 1098 1317 ιπυιπὶο
1128 1246 1334 1302 fruatur
1362 1247 1587 1314 honore,
1615 1247 1759 1319 quod
1789 1259 1872 1305 est
1912 1259 2102 1306 ttatnra

526 1335 814 1404 laudabile,
867 1351 969 1394 nec
993 1340 1170 1394 desint
1225 1341 1467 1410 probatae
1510 1343 1858 1398 conscientia:
1905 1342 2102 1412 fasces,

527 1441 649 1484 cum
677 1439 900 1498 generat
920 1429 1036 1505 [Gn
1057 1431 1237 1503 Cujus,
1262 1431 1435 1505 gerat]
1457 1434 1638 1488 animo
1659 1434 1944 1505 dignitates
1966 1435 2103 1503 (om-

525 1522 612 1575 nia
655 1519 917 1590 siquidem
947 1521 1090 1578 bona
1131 1523 1244 1578 suis
1272 1533 1400 1579 sunt
1439 1522 1628 1594 juncta
1657 1537 1778 1579 cum
1823 1524 2102 1591 fructibus,

526 1625 627 1669 nec
646 1613 790 1668 credi
818 1621 998 1683 potest
1023 1613 1192 1670 virtus
1218 1627 1339 1684 qua:
1367 1623 1735 1686 sequestratur
1762 1631 1793 1671 a
1831 1617 2100 1689 prtemio),

527 1707 708 1758 tamen
727 1703 917 1772 judicii
940 1705 1108 1760 nostri
1139 1706 1354 1761 culmen
1383 1707 1655 1763 excelsum
1686 1715 1768 1763 est
1797 1727 1810 1762 :
1841 1711 2100 1780 quoniam

2206 523 2388 578 diente
2414 521 2733 578 sublimaus.
2768 520 2922 589 Quod
2949 537 3070 576 cum
3099 521 3294 590 ubique
3317 521 3389 576 sit
3417 519 3676 584 arduum,
3709 526 3801 573 ta-

2207 627 2329 666 men
2359 611 2416 666 iit
2437 611 2487 666 in
2517 611 2689 681 patria
2719 607 3012 680 gloriosum
3045 627 3058 662 :
3099 609 3190 662 ubi
3219 621 3440 664 necesse
3477 617 3585 672 est,
3611 613 3678 661 ut
3705 614 3807 659 aut

2204 703 2432 771 gratiam
2480 700 2758 770 parenteiu
2804 707 3085 769 provocet,
3116 703 3210 753 aut
3237 697 3422 753 odium
3453 695 3632 766 longa:
3661 711 3804 751 con-

2205 792 2476 846 tentiones
2504 798 2843 859 exasperent.
2869 787 3116 843 Oblectat
3145 787 3308 858 igitur
3336 801 3436 843 nos
3466 796 3628 841 actus
3657 799 3808 856 pne-

2207 883 2422 939 fecturt'e
2469 881 2730 942 recolere,
2779 880 2945 935 totius
2991 877 3159 934 italia:
3211 879 3555 933 notissimum
3615 873 3806 950 [Nin.,

2207 969 2573 1042 novissimum]
2598 972 2819 1036 bonum,
2851 969 2941 1024 ubi
2968 980 3160 1025 cuncta
3183 967 3408 1040 provida
3445 965 3804 1022 Ordinatione

2206 1066 2516 1134 disponens,
2566 1059 2848 1116 ostendisti
2881 1059 2931 1131 5
2953 1071 3117 1128 quam
3143 1055 3265 1112 leve
3289 1057 3363 1112 sit
3395 1050 3670 1126 stipendia
3699 1053 3844 1128 sub,

2201 1151 2400 1220 judicis
2421 1153 2726 1224 integritate
2749 1152 3079 1223 dependere.
3109 1147 3301 1207 Nullus
3319 1152 3558 1220 graviter
3576 1148 3808 1211 obtulit.

2208 1242 2354 1311 quod
2383 1243 2484 1298 sub
2525 1243 2782 1312 aequitate
2811 1241 3066 1314 persolvit
3099 1259 3113 1295 :
3144 1241 3269 1310 quia
3305 1237 3568 1311 quidquid
3598 1253 3668 1293 ex
3713 1253 3809 1292 or-

2205 1331 2330 1388 dine
2359 1331 2625 1397 tribuitur,
2650 1331 2988 1401 dispendium
3010 1346 3120 1387 non
3147 1339 3387 1400 putatur.
3415 1329 3622 1384 Fruere
3654 1346 3804 1383 nunc

2204 1423 2362 1479 bonis
2390 1425 2517 1489 tuis,
2561 1431 2616 1479 et
2643 1423 2930 1478 utilitatem
2973 1423 3282 1494 propriam,
3323 1437 3488 1493 quam
3539 1430 3802 1492 respectu

2204 1514 2422 1584 publico
2468 1513 2857 1582 contempsisti,
2911 1513 3095 1583 recipe
3131 1513 3482 1582 duplicatum.
3534 1507 3666 1566 ﬂare
3715 1519 3802 1565 est

2205 1605 2348 1660 enim
2378 1603 2499 1658 vitta
2526 1603 2760 1674 gloriosa
2780 1601 3160 1670 commoditas,
3186 1603 3436 1658 dominos
3464 1618 3587 1657 esse
3613 1611 3807 1664 testes.

2205 1698 2349 1751 cives
2394 1695 2594 1751 habere
2637 1695 2946 1750 laudantes.
2997 1693 3092 1750 His
3135 1696 3298 1764 igitur
3326 1703 3410 1752 tot
3453 1694 3810 1764 amplissimis

525 1792 618 1860 qui
645 1806 678 1846 a
705 1793 862 1848 nobis
906 1793 1240 1864 provehitur,
1284 1797 1585 1867 pmcipuus
1612 1805 1666 1853 ει
1686 1799 1876 1869 plenus
1899 1800 2101 1855 meritis
2134 1809 2176 1868 Β
2207 1789 2450 1846 laudibus
2474 1785 2703 1850 incitati,
2737 1789 3052 1859 patriciatus
3081 1788 3178 1844 ῑίῢί
3207 1789 3415 1859 apicem
3441 1787 3592 1858 justa
3625 1804 3807 1844 remu-

407 1887 426 1893 ”
525 1881 700 1954 [mss.,
727 1884 1010 1955 praecipuis
1036 1885 1226 1955 plenus
1255 1885 1482 1960 meritis]
1509 1889 1826 1945 aestimatur.
1878 1887 2010 1946 Nam
2057 1891 2102 1947 si

525 1973 802 2042 aequabilis
828 1975 1132 2031 credendus
1174 1983 1285 2043 est,
1335 1991 1495 2047 quem
1531 1974 1707 2047 justus
1756 1980 2022 2050 elegerit;
2060 1983 2106 2038 si

529 2063 886 2131 temperantia
911 2063 1184 2134 praeditus.
1227 2079 1386 2136 quem
1418 2069 1727 2124 moderatus
1752 2071 1960 2138 ascivit,
1987 2087 2106 2126 om-

529 2149 676 2204 niutn
703 2149 948 2222 profecto
969 2167 1140 2223 capax
1168 2163 1350 2224 potest
1373 2169 1494 2212 esse
1515 2157 1830 2212 meritorum
1850 2201 1864 2224 ,
1905 2161 1994 2228 qui
2021 2159 2108 2229 jn-

525 2241 702 2297 dicent
725 2251 1043 2299 cunctarum
1067 2245 1263 2300 meruit
1288 2244 1488 2302 habere
1507 2247 1786 2304 virtutum.
1811 2249 1946 2316 Quid
1963 2252 2107 2306 enim

525 2333 698 2403 malus
725 2335 986 2404 quatritur
1012 2344 1062 2401 ⁸,
1092 2351 1254 2406 quam
1284 2337 1359 2394 ibi
1405 2337 1677 2394 invenisse
1707 2341 1928 2395 laudum
1957 2343 2110 2396 testi-

525 2423 729 2491 monia,
755 2427 844 2481 ubi
871 2427 1193 2496 gratificatio
1215 2445 1323 2485 non
1351 2439 1530 2500 potest
1553 2446 1674 2488 esse
1695 2435 1981 2502 suspecta?
2004 2433 2110 2488 Re-

523 2517 739 2585 gnantis
763 2517 964 2588 quippe
1001 2518 1269 2573 sententia
1312 2519 1570 2588 judicium
1607 2521 1676 2576 de
1719 2521 1851 2577 solis
1899 2523 2108 2578 actibus

524 2607 706 2672 sumit,
737 2623 838 2662 nec
861 2607 1087 2663 blandiri
1111 2605 1366 2678 dignatur
1383 2611 1593 2666 animus
1620 2613 1822 2667 domini
1847 2613 1950 2687 [ed.
1983 2613 2106 2670 Niv.

525 2707 579 2752 et
607 2697 856 2766 Carnem,
885 2697 1148 2772 domenii]
1179 2709 1448 2770 potestate
1484 2703 1743 2759 munitus.
1775 2703 2108 2774 Repetantur

527 2795 678 2843 certe
704 2799 824 2858 qua:
851 2793 908 2846 te
930 2791 1126 2845 nostris
1153 2791 1402 2848 sensibus
1426 2791 1760 2861 infuderunt;
1787 2799 1846 2850 ut
1869 2797 1945 2850 tui
1969 2796 2111 2851 labo-

527 2877 608 2933 ris
655 2874 886 2932 fructum
921 2879 1119 2948 capias,
1145 2895 1267 2935 eum
1295 2879 1492 2936 nostris
1521 2883 1714 2936 animis
1748 2883 1954 2953 singula
1983 2899 2107 2940 sua«

528 2965 670 3021 viter
714 2965 991 3022 inlueslsse
1033 2982 1344 3038 cognoscas.
1376 2967 1433 3025 In
1481 2971 1598 3042 ipso
1642 2972 1844 3042 quippe
1895 2973 2106 3042 imperii

529 3055 701 3112 nostri
728 3055 956 3112 devotus
985 3057 1226 3124 exordio,
1255 3075 1378 3116 cum
1408 3061 1584 3117 adhuc
1612 3059 1995 3118 ﬂuctuantibus
2021 3078 2110 3118 re-

527 3143 630 3230 bus
649 3145 1046 3215 provinciarum
1067 3147 1230 3202 corda
1251 3158 1592 3218 vagarentur,
1625 3160 1680 3206 et
1709 3149 1902 3221 negligi
1922 3153 2104 3206 rudem
2133 3169 2178 3230 ε

525 3229 756 3305 ιΝἰυειη
787 3232 1008 3306 nomen]
1053 3233 1332 3292 dominum
1385 3239 1598 3296 novitas
1644 3240 1758 3310 ipsa
1807 3251 2104 3311 pateretur,

529 3319 834 3378 Siculorum
863 3323 1246 3393 suspicandum
1267 3334 1477 3382 mentes
1504 3327 1572 3383 ab
1593 3328 1953 3385 obstinatione
1971 3346 2111 3400 pne-

532 3409 683 3478 cipitl
706 3409 953 3473 deviasti,
983 3411 1196 3482 culpam
1225 3425 1512 3469 removens
1549 3415 1674 3481 illis,
1700 3418 1854 3471 nobis
1874 3419 2111 3472 necessi-

533 3504 704 3553 tatem
745 3499 1070 3554 subtrahens
1109 3501 1346 3556 ultionis.
1379 3501 1504 3573 Egit
1537 3503 1768 3560 salubris
1813 3509 2108 3575 persuasio,

529 3587 680 3656 quod
707 3589 998 3645 vehemens
1023 3598 1240 3660 poterat
1263 3595 1552 3650 exuendam
1591 3593 1877 3652 districtio.
1913 3595 2113 3652 Lucra-

535 3679 626 3731 tus
651 3690 713 3732 es
745 3675 946 3732 damna
970 3679 1279 3749 provinciae,
1308 3694 1430 3750 quae
1453 3682 1654 3736 meruit
1680 3683 1780 3738 sub
1821 3683 2114 3740 devotione

539 3767 751 3824 nescire
777 3783 796 3822 ξ
824 3767 918 3824 ubi
935 3769 1035 3824 sub
1059 3771 1337 3839 procinctu
1361 3771 1554 3828 Martio
1583 3774 1758 3828 civilia
1775 3774 1898 3842 jura
1925 3783 2112 3831 custo-

537 3856 712 3927 dictis,
732 3858 947 3928 publica
977 3860 1292 3932 privataque
1319 3861 1601 3917 commoda
1631 3863 1884 3918 iuavarus
1913 3865 2116 3920 arbiter

534 3949 867 4016 testitnabas;
899 3957 956 4006 et
981 3951 1204 4021 proprio
1231 3965 1398 4008 censu
1450 3953 1717 4022 neglecto,
1747 3956 1868 4010 sine
1915 3955 2113 4010 invidia

534 4037 689 4105 lucri,
718 4050 927 4096 tuorum
955 4039 1172 4096 divitias
1190 4042 1420 4097 ntulisti
1451 4059 1464 4096 :
1495 4041 1790 4100 excludens
1814 4045 1901 4100 vel
1922 4059 2116 4114 quere-

531 4127 602 4187 lis
625 4131 865 4188 auditum
883 4131 992 4206 fed.
1015 4133 1265 4204 Accursy,
1301 4133 1552 4205 aditum],
1570 4136 1658 4190 vel
1674 4135 2116 4204 derogationibus

531 4220 752 4292 locum;
782 4231 838 4278 et
869 4208 1012 4278 unde
1037 4224 1130 4278 vix
1158 4225 1300 4280 solet
1327 4227 1591 4294 reportari
1632 4228 1904 4296 patientia:
1946 4230 2114 4284 silen-

538 4311 694 4380 tium,
738 4327 903 4370 voces
931 4312 1026 4366 tibi
1053 4313 1424 4368 militaverunt
1469 4311 1826 4371 laudantium.
1855 4317 2114 4376 Novimus

535 4404 701 4469 enim,
733 4411 962 4458 testante
979 4403 1154 4458 Tullio
1171 4402 1263 4474 (fit
1288 4405 1492 4478 Bruto),
1524 4406 1824 4465 Siculorum
1844 4414 2110 4476 naturam,

2209 1882 2490 1938 neratione
2517 1879 2875 1947 conferimus;
2921 1889 2980 1936 ut
3023 1881 3168 1952 quod
3219 1881 3338 1937 aliis
3366 1889 3452 1936 est
3493 1881 3805 1950 prmmium,

2209 1973 2304 2028 tibi
2333 1974 2406 2028 sit
2432 1971 2717 2028 retributio
2740 1973 3080 2028 meritorum.
3113 1969 3323 2038 Macte,
3353 1987 3571 2028 summe
3593 1972 3695 2037 vir,
3725 1971 3806 2027 fe-

2208 2065 2417 2120 licitate
2465 2063 2741 2129 laudabili,
2771 2063 2864 2132 qui
2918 2063 2984 2117 ad
3041 2064 3181 2118 hanc
3230 2079 3418 2118 vocem
3466 2063 3807 2117 dominantis

2207 2155 2415 2208 animos
2443 2153 2722 2224 impulisti.
2756 2159 2815 2207 ut
2843 2154 3110 2208 bonorum
3141 2162 3355 2208 tuorum
3398 2154 3581 2222 potius
3631 2155 3804 2207 fatea-

2207 2257 2330 2301 mur
2357 2259 2495 2310 esse,
2525 2245 2668 2315 quod
2698 2243 2956 2300 cedimus.
3001 2245 3120 2299 Sint
3165 2246 3278 2300 inec
3320 2247 3503 2301 divina
3543 2257 3806 2314 perpetua

2207 2337 2340 2409 [ed.,
2371 2337 2555 2392 divino
2601 2343 2909 2408 perpetrata
2949 2335 3237 2408 auspicio],
3269 2343 3328 2390 ut
3373 2347 3498 2391 etim
3548 2336 3670 2390 iure
3711 2353 3808 2405 pro

2207 2431 2647 2485 remuneratione
2701 2430 3004 2495 tribuimus,
3054 2431 3120 2482 ai
3171 2430 3398 2483 meliora
3454 2429 3658 2484 iterum
3699 2434 3810 2484 tuis

2209 2517 2416 2574 meritis
2443 2519 2747 2587 exigantur.

2777 2621 3106 2684 EPISTULA
3135 2629 3220 2684 lV.

2428 2755 2648 2796 SENATUI
2679 2755 2826 2796 URBIS
2855 2757 3014 2798 3031;}:
3045 2757 3414 2798 THEODORICUS
3443 2759 3571 2800 REX.

2210 2848 2490 2924 Signiﬁcat
2517 2867 2574 2905 se
2619 2849 2988 2906 Cassiodorum
3022 2853 3092 2905 ad
3121 2853 3432 2924 patriciatus
3458 2855 3666 2924 apicem
3705 2874 3808 2924 pro

2279 2923 2579 2975 meritorum
2645 2931 3076 2984 remuneratione,
3126 2923 3184 2975 et
3232 2933 3346 2990 post
3401 2924 3808 2978 administratas

2281 3008 2318 3043 θ.
2343 2991 2479 3060 regie
2497 2991 2770 3061 inferiores
2801 2989 3080 3060 dignitates
3109 2992 3354 3045 erexisse.
3383 2991 3598 3046 Summe
3615 2993 3806 3048 laudnt

2285 3008 2669 3110 gnssiodorum.
2702 3060 2812 3110 eius
2837 3071 3068 3110 nuli-em.
3117 3073 3286 3110 unum-
3318 3061 3691 3110 Heliodorum-
3724 3073 3806 3110 ln—

2301 3059 2669 3122 CasSiodoruut,
2702 3060 2812 3129 ejus
2837 3059 3068 3129 putrem,
3117 3073 3286 3127 unum,
3318 3061 3692 3126 Heliodorum,
3724 3073 3810 3120 to-

2283 3138 2486 3201 tamque
2522 3129 2634 3198 ejus
2663 3130 2940 3200 familiam.

2283 3239 2542 3311 Optamus
2594 3242 2835 3310 quidem,
2902 3241 3088 3298 Patres
3137 3243 3488 3314 Conscripti,
3537 3259 3807 3300 coronam

2211 3343 2448 3388 vestram
2477 3332 2815 3390 diversorum
2847 3335 3069 3391 fascium
3104 3335 3238 3391 flore
3267 3337 3507 3406 depingi.
3538 3335 3809 3408 Optamus

2213 3439 2264 3482 ut
2315 3427 2575 3484 libertatis
2602 3429 2789 3496 genius
2827 3438 3033 3496 gratam
3085 3429 3266 3484 videat
3301 3431 3518 3484 turbam
3558 3439 3806 3486 senatus.

2213 3515 2522 3573 Cunrcutus
2547 3517 2807 3585 siquidem
2831 3517 3018 3571 talium
3039 3525 3124 3572 est
3145 3518 3376 3585 dignitas
3396 3519 3808 3588 imperantium;

2213 3614 2269 3663 et
2295 3606 2549 3678 quidquid
2579 3607 2631 3662 in
2660 3603 2811 3661 vobis
2840 3607 3030 3662 festiva
3075 3607 3437 3677 gratulatione
3491 3611 3808 3680 respicitur,

2217 3697 2413 3752 nostris
2428 3711 2555 3752 vere
2583 3695 2826 3751 laudibus
2846 3698 3165 3768 applicatur.
3189 3697 3322 3752 illud
3353 3707 3536 3754 tamen
3568 3701 3812 3755 maxime

2214 3785 2588 3841 desideranter
2611 3789 2931 3857 appetimus,
2959 3796 3018 3841 ut
3038 3789 3324 3857 collegium
3355 3797 3596 3843 vestrum
3610 3800 3813 3844 ornent

2217 3871 2417 3930 lumina
2447 3876 2764 3946 dignitatum
2802 3895 2815 3929 :
2847 3879 3065 3946 quando
3095 3878 3356 3933 decenter
3396 3889 3690 3950 augmenta
3715 3896 3814 3951 pa-

2215 3967 2334 4022 trizc
2379 3967 2632 4035 reddunt,
2663 3971 2754 4038 qui
2809 3971 2980 4024 aulica
3019 3979 3293 4041 potestate
3347 3982 3664 4028 creverunt.
3697 3973 3814 4030 llos

2218 4061 2366 4116 viros
2395 4070 2578 4116 nostra
2615 4072 2983 4132 perscrutatur
3025 4059 3283 4124 intentio;
3332 4065 3398 4120 iis
3445 4079 3661 4120 morum
3692 4065 3812 4120 the-

2219 4151 2390 4206 sauris
2419 4151 2710 4220 gaudemus
2755 4153 3020 4219 inventis,
3055 4155 3106 4208 in
3137 4153 3330 4224 quibus
3371 4154 3520 4209 velut
3562 4156 3811 4223 ﬁguratis

2215 4237 2484 4294 bonorum
2513 4240 2766 4304 vultibus,
2793 4241 3077 4297 dementia
3121 4254 3319 4299 postne
3348 4247 3663 4300 serenitatis
3710 4263 3809 4301 ex-

2215 4329 2485 4398 primitur.
2515 4329 2651 4385 Hinc
2679 4339 2761 4386 est
2780 4333 2920 4401 quod
2952 4332 3278 4389 Cassiodoro
3305 4335 3497 4391 illustri
3521 4343 3578 4390 et
3599 4338 3810 4406 magni«

2218 4417 2322 4475 lico
2351 4421 2488 4480 viro,
2521 4423 2786 4490 prascipua
2819 4423 2869 4476 in
2910 4424 3185 4493 republica
3215 4425 3468 4480 claritate
3497 4427 3808 4486 notissimo,

536 4508 700 4563 quam
732 4493 805 4548 sit
831 4492 1003 4549 facilis
1028 4493 1096 4548 ad
1135 4495 1404 4563 querelas,
1433 4504 1492 4550 ut
1518 4497 1676 4553 solita
1723 4501 2108 4556 consuetudine

2218 4515 2533 4582 patriciatus
2560 4515 2803 4570 dedimus
2839 4531 2940 4586 pro
2971 4519 3410 4572 remuneratione
3438 4529 3758 4587 suggestum
3790 4537 3806 4573 :

537 4582 746 4654 possint
763 4581 972 4653 judices
999 4584 1158 4640 etiam
1189 4585 1257 4640 de
1281 4587 1671 4658 suspicionibus
1700 4605 1974 4647 accusare.
2005 4592 2108 4650 Sed

2218 4614 2276 4658 ut
2304 4621 2402 4674 per
2428 4599 2691 4662 honorem
2731 4607 2912 4672 magni
2957 4607 3192 4662 nominis
3237 4608 3586 4664 declarentur
3612 4611 3807 4664 merita

535 4688 647 4729 non
691 4688 759 4730 eo
805 4675 1192 4744 praemiorum
1249 4677 1354 4734 line
1399 4681 1662 4746 eonteuti,
1715 4682 2020 4738 Brutiorum
2059 4693 2108 4740 et

2218 4696 2520 4750 servientis.
2553 4693 2653 4762 Qui
2703 4711 2808 4749 non
2840 4696 3010 4762 fragili
3042 4696 3296 4751 felicitate
3343 4708 3658 4766 provectus,
3693 4698 3808 4754 for-

537 4763 786 4820 ananiaa
825 4765 924 4826 tibi
974 4765 1217 4822 dedimus
1261 4781 1441 4825 mores
1487 4771 1778 4838 regendos,
1807 4787 1877 4826 ne
1913 4773 2108 4828 bonum

2218 4796 2360 4841 tuna:
2388 4788 2518 4842 ludo
2547 4785 2613 4840 ad
2635 4789 2840 4857 apicem
2864 4786 3088 4842 fascium
3119 4788 3418 4857 repentinis
3441 4789 3807 4844 successioni-

537 4852 682 4943 quod
707 4853 990 4924 peregrina
1035 4857 1309 4928 provincia
1359 4860 1665 4930 meruisset,
1719 4862 1970 4930 genitalis
2011 4864 2108 4918 soli

2218 4877 2316 4932 bus
2358 4877 2630 4943 evolavit;
2662 4875 2774 4940 sed,
2825 4886 2884 4932 ut
2929 4891 3178 4932 crescere
3229 4875 3458 4932 virtutes
3503 4879 3706 4942 solent,
3739 4879 3805 4933 ad

536 4938 752 4997 furtuna
795 4943 1049 5000 nesciret.
1089 4946 1159 5000 At
1199 4956 1258 5002 tu
1313 4950 1757 5005 consuetudinem
1803 4951 2108 5010 devotionis

2218 4965 2485 5036 fastigium
2540 4938 2792 5036 praeconii
2823 4969 3140 5022 conscendit
3171 4966 3426 5034 gradibus
3455 4938 3804 5038 dignitatum.

535 5033 872 5103 impendens,
899 5050 969 5091 eo
998 5051 1096 5092 nos
1123 5039 1370 5106 obligasti
1413 5055 1656 5110 munere,
1686 5058 1800 5112 quo
1829 5044 1924 5098 tibi
1951 5054 2110 5115 puta-
2221 5033 2429 5111 Planius
2484 5033 2644 5121 etiim,
2690 5065 2750 5110 ut
2801 5057 2970 5122 scitis,
3023 5033 3808 5115 adtninistratiouis‘introitus

537 5125 1354 5217 niusotnnia‘rcddidisse:inde
1381 5129 1756 5200 ampliﬁcando
1785 5132 2109 5206 [ed..appli-
2217 5147 2482 5201 cmnitivae
2535 5148 2862 5217 privatarum
2911 5148 3053 5202 mole
3107 5148 3358 5202 fundatus
3397 5158 3522 5204 est:
3555 5152 3648 5205 ubi
3697 5167 3804 5206 non

536 5213 750 5286 cando]
799 5214 1075 5283 demum:
1127 5217 1272 5273 unde
1326 5221 1472 5275 credi
1519 5230 1735 5291 υθιθηι
1779 5223 2106 5278 δδδοιιηυιῐι·
2217 5213 2587 5290 tirociniorutn
2617 5235 2928 5290 infirmitate
2977 5236 3215 5290 titubans
3262 5239 3522 5294 novitatis
3562 5241 3694 5295 vitio
3723 5243 3801 5294 vel

537 5302 706 5373 Egisti
732 5320 830 5376 per
855 5316 1047 5362 cuncta
1064 5307 1306 5377 judicent
1343 5311 1512 5368 totius
1555 5315 1758 5369 erratis
1801 5323 2108 5385 expertem,

2218 5325 2536 5382 innocenter
2555 5327 2781 5394 erravit,
2811 5326 2906 5383 sed
2925 5327 3264 5383 abstinentia:
3291 5328 3510 5386 firmato
3549 5331 3803 5400 vestigio,

609 5485 633 5511 "
673 5471 901 5559 Laudari
930 5495 1134 5559 "omnes
1182 5483 1654 5559 appetunt,__quod
1685 5486 2111 5559 reprehensibfie

539 5557 647 5623 non
669 5548 894 5623 esthisi
924 5547 1084 5623 ﬁnem
1110 5547 1323 5623 rect'i'in
1346 5547 1590 5623 laudibus
1621 5547 1908 5623 eolidccnt,
1945 5569 2002 5612 ut
2031 5568 2109 5612 te-

538 5621 710 5696 statur
752 5614 904 5696 Ovid.
940 5633 955 5672 l
1003 5619 1240 5696 _de__1_irte
1271 5623 1504 5696 amandi.
1535 5622 1753 5689 Juvcn.,
1803 5614 1970 5696 satvr.
2005 5628 2106 5688 lii;

543 5680 754 5765 Persius
803 5686 1048 5765 satyr.nl.
1081 5687 1176 5742 llic
1215 5691 1528 5761 praeclarum
1557 5708 1586 5748 a
1632 5680 1871 5765 principe
1889 5680 2107 5751 laudari

543 5759 718 5808 innuit
735 5763 940 5808 auctor.
969 5759 1151 5812 Reuss.
1218 5759 1230 5761 ἡ
1535 5771 1547 5780 ⁴

2285 5495 2312 5570 ξ)
2337 5495 2428 5570 lla:
2457 5505 2584 5554 sunt
2606 5495 2721 5570 veri
2749 5497 2940 5567 iudicis
2963 5507 3182 5570 partes;
3233 5501 3434 5570 ctenim
3483 5504 3568 5555 Vt‘l
3617 5518 3802 5556 amore

2217 5567 2297 5620 vel
2345 5568 2490 5642 odia,
2540 5567 2623 5622 vel
2671 5571 2897 5642 pecunia
2940 5567 3341 5642 ciirrttmpitur._
3373 5569 3565 5626 Exstat
3607 5573 3804 5642 indicis

2215 5640 2450 5757 {surrupti
2499 5654 2683 5714 severa
2717 5640 2995 5708 castigatio
3042 5643 3179 5707 apud
3211 5639 3364 5694 Ovid.
3415 5643 3490 5696 lib
3554 5657 3577 5697 t
3612 5639 3794 5696 Antor.

2261 5722 2400 5760 ηυδε.
