3952 6426
131 349 254 405 509

1451 347 1812 407 VARIARUM
1853 349 2055 408 LIBER
2093 352 2136 408 ι.

3335 359 3442 424 διο

139 467 418 524 imitando
444 466 577 522 vixit
607 466 876 536 exemplo.
908 465 1012 532 Qui
1059 475 1183 521 mox
1229 465 1426 521 deinde
1468 478 1743 520 sacrarum
1773 471 1818 526 Λ
1848 465 2106 520 cedentes
2160 463 2302 520 fama
2341 466 2707 524 concelebrat.
2760 467 2918 536 Quod
2968 469 3297 526 vocabulum
3339 473 3442 528 etsi

137 563 505 631 largitionum
529 562 738 616 honore
765 568 1044 629 suscepto,
1074 559 1246 614 crevit
1271 568 1484 615 tantum
1510 573 1746 616 conver-

135 653 378 710 sationis
422 653 603 716 laude,
640 661 901 722 quantum
949 651 1254 720 profecerat
1292 652 1574 720 dignitate.
1609 650 1749 719 Quid

139 744 450 816 provinciis
479 741 742 798 redditam
772 737 1134 812 disciplinam,
1160 743 1290 814 quid
1317 743 1532 799 diverso
1558 744 1750 812 generi

140 837 435 892 hominum
463 839 740 890 momenta
772 833 910 906 [aiii,
936 834 1286 906 monimenta]
1312 835 1539 904 justitim
1567 835 1743 892 infusa

140 926 493 983 referamus?
517 926 668 982 Vixit
704 927 848 980 enim
879 935 1028 982 tanta
1059 927 1416 991 continentia,
1442 936 1502 982 ut
1519 927 1749 996 aequita-

142 1029 263 1074 tem
291 1029 351 1076 et
375 1019 686 1075 institueret
713 1017 956 1084 monitis;
997 1020 1054 1072 et
1079 1017 1304 1074 doceret
1330 1019 1616 1088 exemplis.
1639 1018 1746 1074 Fa-

141 1109 272 1166 cilis
312 1111 462 1165 enim
508 1110 643 1165 recti
686 1121 976 1180 perssor
1008 1118 1092 1164 est
1131 1110 1392 1165 innocens
1411 1108 1600 1178 judex,
1645 1110 1749 1166 sub

142 1201 312 1269 cujus
339 1200 672 1270 praedicabili
702 1201 1117 1258 conversatione
1146 1200 1315 1271 pudet
1341 1213 1524 1256 mores
1549 1205 1748 1273 proba-

145 1291 292 1348 biles
315 1307 429 1346 non
455 1292 674 1348 habere.
699 1292 832 1359 Quis
853 1293 996 1348 enim
1015 1301 1270 1348 vereatur
1289 1293 1488 1359 scelus,
1512 1295 1666 1361 cujus
1693 1295 1748 1350 in

141 1385 413 1452 int'ggestu
427 1383 946 1454 gremiicouipliccin‘
960 1383 1141 1438 videt?
1163 1381 1438 1438 Incassum
1463 1397 1748 1452 personam

144 1474 296 1532 ﬁctae
315 1475 633 1532 severitatis
658 1474 834 1530 induit
854 1473 990 1548 [diii,
1015 1472 1265 1546 inducit].
1290 1480 1414 1530 eum
1439 1489 1638 1532 avarus
1655 1490 1751 1546 pe-

143 1567 331 1623 cunire
383 1567 645 1624 ambitum
696 1568 1004 1636 dissuadet,
1044 1580 1168 1624 cum
1215 1568 1423 1636 legibus
1449 1569 1750 1640 parendum

141 1663 346 1716 censet
389 1657 641 1729 iniustus.
673 1655 792 1716 Non
837 1661 1001 1716 habet
1047 1658 1444 1717 distributionis
1483 1664 1748 1730 gremium

143 1747 320 1824 μην..
372 1750 728 1807 districtionis
756 1750 996 1822 genium}
1022 1750 1110 1807 cui
1143 1752 1524 1806 auctoritatem
1579 1753 1746 1808 libera

1853 573 1950 628 per
1971 559 2105 613 alios
2127 558 2373 614 videatur
2390 577 2634 626 currere,
2658 563 2940 633 proprium
2965 572 3148 618 tamen
3175 561 3292 633 ejus
3312 579 3444 620 con-

1850 659 1960 707 stat
1993 665 2114 706 esse
2145 649 2380 707 familiai.
2413 652 2648 724 Antiqua
2673 653 2875 723 proles,
2902 654 3114 709 laudata
3139 655 3440 725 prosapiae,

1851 759 1974 800 cum
2001 745 2202 813 togatis
2227 744 2392 813 clari,
2435 745 2579 801 inter
2604 747 2752 802 viros
2780 745 2949 803 fortes
2979 747 3196 812 eximii,
3223 747 3443 818 quando

1851 843 1910 890 et
1953 836 2262 892 valetudine
2301 837 2692 903 membrorum,
2723 845 2782 893 et
2821 838 3072 906 corporis
3115 839 3444 908 proceritate

1849 925 2169 982 ﬂoruerunt.
2203 925 2365 982 Pater
2405 928 2550 982 enim
2583 929 2746 996 hujus
2772 927 3046 984 candidati
3074 929 3174 984 sub
3203 927 3446 983 Valenti-

1852 1017 2018 1073 niano
2039 1018 2282 1088 principe
2307 1019 2474 1090 gv'ssit
2499 1019 2701 1074 tribuni
2731 1027 2788 1074 et
2826 1021 3024 1074 notarii
3051 1029 3076 1057 η
3101 1019 3445 1076 laudabiliter

1851 1107 2168 1176 dignitatem
2195 1127 2211 1162 :
2257 1111 2433 1164 honor
2467 1111 2562 1180 qui
2592 1119 2722 1165 tunc
2769 1110 3004 1166 dabatur
3031 1111 3286 1180 egregiis,
3315 1109 3443 1164 dum

1851 1200 1920 1254 ad
1958 1200 2239 1268 imperiale
2263 1209 2535 1256 secretum
2566 1201 2705 1256 tales
2731 1209 2946 1256 constet
2973 1201 3116 1268 eligi.
3147 1202 3202 1254 in
3249 1199 3444 1268 quibus

1851 1290 2290 1360 reprehensionis
2331 1291 2522 1347 vitium
2555 1301 2792 1360 nequeat
2847 1291 3096 1348 inveniri.
3127 1290 3238 1347 Sed
3279 1299 3340 1345 ut
3385 1305 3446 1348 se

1849 1396 2010 1452 pares
2035 1380 2202 1436 animi
2249 1381 2428 1437 solent
2453 1395 2668 1452 semper
2693 1381 2898 1451 eligere
2935 1379 3108 1454 [ϐηι.
3157 1388 3208 1436 et
3235 1379 3443 1450 ϐῆσε,

1851 1469 2130 1542 diligere].
2173 1472 2404 1542 patricio
2432 1473 2590 1528 Aetio
2617 1486 2718 1542 pro
2748 1471 2988 1542 iuvanda
3022 1471 3218 1542 repub.
3241 1483 3442 1540 magna

1853 1564 1955 1620 fuit
1974 1564 2240 1618 charitate
2270 1563 2543 1629 sociatus;
2569 1577 2732 1632 quem
2763 1571 2890 1618 tunc
2916 1577 3096 1618 rerum
3128 1561 3384 1618 dominus
3412 1558 3439 1599 δ

1851 1665 2076 1726 propter
2093 1655 2414 1724 sapientiam
2438 1654 2522 1711 sui
2543 1661 2596 1709 et
2618 1653 2886 1724 gloriosos
2911 1652 2965 1707 in
2990 1652 3179 1722 repub.
3207 1651 3444 1715 labores.

1852 1753 1907 1808 in
1935 1754 2083 1808 omni
2109 1752 2323 1808 consilii
2353 1759 2510 1822 parte
2537 1752 2884 1821 sequebatur.
2915 1751 2998 1807 Ad
3027 1751 3249 1806 Attilam
3279 1751 3442 1819 igitur

140 1843 492 1898 conscientia
531 1858 641 1898 non
673 1839 942 1897 ministrat
975 1861 988 1895 :
1020 1843 1282 1911 quoniam
1321 1847 1582 1900 excessus
1612 1850 1746 1899 tunc
1773 1843 1822 1902 B
1847 1849 2122 1897 arlnot-um
2151 1848 2432 1912 potentem
2481 1857 2606 1899 cum
2633 1843 2930 1913 supradicti
2975 1839 3086 1897 [illo
3137 1839 3448 1910 Carpilione

139 1938 276 1988 sunt
306 1932 363 1988 in
395 1932 708 2000 formidine,
739 1941 862 1988 cum
914 1931 1214 1988 creduntur
1246 1931 1517 2003 iudicibus
1562 1931 1748 2003 displi-

139 2033 296 2080 cere.
323 2022 426 2079 liic
444 2023 628 2094 itaque
651 2024 754 2079 sub
782 2022 1106 2094 pimceden’ti
1125 2029 1254 2093 rege
1279 2025 1576 2096 gymnasiis
1597 2035 1750 2080 exer-

139 2116 372 2178 citatus.
402 2113 645 2171 emeritis
675 2115 921 2170 laudibus
947 2115 1020 2170 ad
1046 2116 1244 2186 palatia
1265 2119 1449 2171 nostra
1478 2118 1743 2186 pervenit.

143 2201 482 2261 Meministis
519 2205 663 2260 enim
681 2247 698 2271 ,
732 2213 790 2260 et
825 2204 1001 2261 adhuc
1027 2205 1183 2262 vobis
1225 2207 1528 2261 recentium
1569 2213 1746 2262 rerum

141 2297 416 2352 memoria
447 2296 804 2362 ministratur,
845 2303 951 2366 qua
994 2296 1372 2352 moderatione
1418 2297 1746 2367 praetoriano

143 2388 374 2444 culmini
416 2387 625 2442 iocatus
671 2386 960 2450 insederit,
988 2395 1044 2441 et
1071 2390 1290 2442 evectus
1337 2387 1393 2440 iii
1450 2386 1744 2453 asceisum,

144 2479 274 2534 inde
305 2477 481 2546 magis
503 2477 817 2546 despexerit
836 2477 964 2532 vilia
988 2481 1402 2547 prospectem
1433 2476 1570 2549 [alii,
1600 2492 1750 2546 pros-

147 2566 455 2640 perorum].
484 2567 642 2622 Nullo
670 2567 892 2637 quippe,
923 2568 1273 2637 Inpleritque
1302 2568 1473 2622 moris
1498 2576 1604 2634 est,
1633 2567 1748 2623 ela-

149 2668 242 2715 tus
267 2657 460 2714 favore
485 2657 734 2724 fortunae,
762 2658 816 2712 in
842 2657 1166 2713 cothurnum
1187 2672 1247 2713 se
1276 2671 1484 2724 magna
1502 2665 1745 2726 potesta-

148 2751 224 2804 tis
264 2749 471 2814 erexit;
499 2747 592 2804 sed
619 2749 874 2818 aequitate
919 2757 1121 2809 cuncta
1157 2746 1486 2812 moderatus,
1516 2747 1746 2816 gratiam

149 2847 400 2894 nostram
431 2839 486 2892 in
515 2851 577 2893 se
605 2851 711 2892 non
747 2833 981 2892 reddidit
1007 2837 1271 2892 odiosam.
1306 2837 1508 2907 majora
1547 2827 1650 2891 sibi
1680 2838 1749 2892 tie

148 2943 215 2984 se
245 2924 376 2983 fecit
397 2925 592 2997 aptari,
634 2923 760 2980 dum
789 2925 928 2980 intra
961 2926 1239 2981 modestiae
1268 2927 1528 2983 terminos
1557 2935 1746 2995 magna

149 3017 423 3074 cohibuit.
447 3011 548 3071 ilic
568 3021 652 3072 est
679 3016 821 3071 enim
859 3015 1104 3086 probata:
1131 3012 1478 3071 conscientia:
1505 3015 1746 3081 gratissi-

151 3123 281 3164 mus
317 3107 542 3174 fructus,
589 3115 652 3162 ut
687 3107 933 3178 quamvis
969 3122 1176 3162 summa
1223 3107 1460 3177 potuerit
1498 3108 1746 3178 adipisci,

1851 1935 2138 2004 legationis
2164 1943 2252 1992 est
2288 1933 2470 1990 cilicio
2496 1951 2606 1990 non
2651 1936 2802 1990 irrite
2830 1935 3153 1990 destinatus.
3184 1933 3330 1990 Vidit
3359 1935 3446 1990 itt-

1851 2025 2093 2094 trepidus
2119 2033 2287 2094 quem
2311 2024 2538 2080 timebat
2559 2027 2842 2096 imperium
2866 2025 3066 2092 ;facies
3090 2025 3210 2080 illas
3230 2025 3449 2081 terribi-

1848 2115 1929 2172 les
1969 2105 2026 2169 ἐι
2071 2115 2328 2180 minaces,
2379 2115 2550 2170 fretus
2595 2117 2826 2171 veritate
2864 2116 2988 2189 [at
3021 2114 3146 2171 Nic.
3179 2126 3230 2172 et
3253 2117 3438 2184 σωκ..
3473 2147 3479 2154 ι

1849 2202 2230 2274 auctoritate],
2277 2204 2566 2272 despexit;
2596 2220 2700 2260 nec
2733 2205 3008 2260 dubitavit
3049 2204 3170 2274 ein
3215 2205 3450 2262 alterca-

1847 2293 2088 2348 tionibus
2139 2295 2380 2361 obviare,
2429 2295 2522 2362 qui
2569 2293 2756 2351 furore
2800 2297 2988 2352 nescio
3015 2305 3126 2366 quo
3171 2306 3443 2368 raptatus,

1847 2387 2029 2441 mundi
2051 2385 2387 2442 dominatum
2413 2386 2698 2442 videbatur
2715 2389 2994 2457 expetere.
3019 2387 3232 2443 invenit
3259 2402 3445 2458 regem

1847 2476 2162 2546 superbum,
2209 2475 2308 2532 sed
2358 2477 2578 2546 reliquit
2627 2476 2932 2548 placatum;
2983 2481 3043 2534 et
3087 2478 3450 2536 calumnias»

1848 2568 1966 2637 ejus
1995 2568 2348 2637 aliegliones
2375 2573 2530 2623 tanta
2554 2569 2785 2624 veritate
2829 2568 3118 2634 destruxit,
3151 2579 3214 2624 ut
3239 2569 3448 2627 voluis-

1849 2667 1932 2713 set
1959 2659 2187 2728 gratiam
2214 2673 2485 2728 φωνεῖ-ε,
2516 2657 2606 2713 cui
2635 2657 2962 2727 expediebat
2985 2659 3044 2728 ο
3080 2672 3274 2728 pacem
3320 2673 3446 2714 cum

1847 2757 2019 2817 regno
2045 2748 2316 2804 ditimimo
2341 2763 2452 2802 non
2479 2747 2701 2802 habere.
2725 2746 2984 2816 Erigebat
3011 2748 3318 2804 constantia
3347 2760 3447 2804 sua

1849 2842 2034 2910 partes
2060 2836 2345 2906 timentes;
2368 2854 2471 2894 nec
2498 2838 2744 2894 imbelles
2777 2843 2907 2894 sunt
2929 2839 3143 2905 crediti,
3175 2839 3269 2909 qui
3295 2838 3446 2909 lega-

1849 2931 1920 2986 tis
1939 2931 2136 2986 talibus
2153 2929 2476 2985 videbantur
2499 2929 2718 2984 armari.
2745 2927 2944 2985 Pacem
2973 2931 3157 2986 retulit
3181 2929 3446 3001 despera-

1849 3028 1981 3073 tam.
2013 3018 2181 3088 Cujus
2226 3019 2426 3086 legatio
2463 3016 2591 3087 quid
2620 3018 2932 3088 profecerit,
2987 3020 3152 3078 datur
3197 3021 3445 3090 intelligi,

1849 3124 1971 3180 qua:
1999 3117 2202 3163 tantum
2233 3117 2318 3163 est
2344 3115 2620 3176 gratanter
2641 3117 2894 3177 excepta,
2922 3117 3184 3177 quantum
3215 3120 3270 3164 et
3296 3109 3446 3164 vide-

146 3197 433 3271 jddicetur
455 3205 634 3253 tamen
656 3199 724 3254 ab
747 3194 994 3252 omnibus
1015 3199 1134 3268 plus
1159 3199 1372 3254 mereri.
1397 3191 1579 3254 iunxit
1607 3187 1748 3256 bene
1776 3199 1820 3262 C
1851 3201 2011 3256 batur
2031 3207 2236 3270 optata.
2261 3199 2386 3253 Mox
2415 3199 2620 3252 honore
2647 3198 2960 3263 illustratus,
2992 3214 3118 3253 mox
3141 3199 3446 3255 reddituum

150 3309 282 3352 cum
309 3292 686 3348 universorum
715 3291 926 3362 gaudiis
965 3300 1150 3346 nostra
1181 3292 1524 3362 compendia,
1553 3293 1748 3348 aerario

151 3382 446 3441 munificus
480 3393 539 3439 et
555 3383 702 3452 juste
727 3375 1061 3438 solventibus
1089 3379 1374 3452 gratiosus.
1409 3381 1588 3437 Sensit
1625 3392 1750 3439 tunc

154 3473 470 3548 respublica
501 3483 569 3532 ex
594 3475 688 3532 illo
713 3483 855 3531 coetu
901 3465 1167 3530 Romuleo
1194 3474 1514 3530 innocentiae
1542 3475 1745 3541 virum;

109 3549 114 3555 “
150 3567 250 3638 qui
270 3565 402 3622 licet
421 3580 482 3622 se
503 3565 842 3621 moderando
871 3561 1165 3634 gloriosum
1199 3562 1404 3630 fecerit,
1436 3563 1540 3621 hoc
1569 3573 1747 3622 tamen

151 3643 334 3726 majus
363 3654 617 3726 contulit,
663 3652 808 3728 quod
839 3655 994 3711 bona:
1042 3655 1272 3710 actionis
1321 3657 1628 3727 exemplum
1671 3673 1750 3713 se-

147 3745 448 3818 quentibus
492 3742 800 3818 dereliquit.
833 3734 1006 3803 Pudet
1031 3747 1176 3804 enim
1224 3763 1348 3803 eum
1377 3763 1626 3819 peccare,
1655 3750 1748 3821 qui

149 3839 391 3898 laudatis
442 3841 658 3896 videtur
712 3841 954 3912 potuisse
1001 3839 1311 3898 succedere.
1359 3839 1484 3896 Fuit
1543 3841 1746 3909 itaque,

152 3943 221 3988 ut
249 3932 420 3999 scitis,
462 3932 722 3988 militibus
770 3933 1058 4000 verendus,
1116 3931 1536 4002 provincialibus
1581 3935 1745 3999 mitis,

151 4015 326 4080 dandi
355 4015 565 4091 avidus,
610 4023 913 4095 accipiendi
941 4017 1269 4088 fastidiosus,
1303 4021 1606 4080 detestator
1642 4026 1748 4080 cri-

151 4115 344 4184 minis,
373 4123 587 4170 amator
628 4116 914 4186 zequitatis.
947 4113 1210 4184 Quidnam
1265 4112 1364 4171 fuit
1413 4115 1488 4170 illi
1523 4116 1748 4173 difiicile

149 4207 455 4274 custodire,
465 4208 558 4278 qui
579 4223 640 4264 se
665 4223 696 4263 a
715 4206 879 4264 rebus
898 4207 1091 4265 alienis
1111 4195 1429 4263 decreverat
1449 4207 1748 4264 abstinere?

149 4297 255 4354 Est
301 4300 445 4356 enim
475 4299 664 4356 invicti
693 4300 858 4355 animi
885 4300 1116 4370 signum,
1148 4295 1303 4354 fama:
1348 4297 1571 4368 diligere
1596 4315 1749 4356 com-

152 4390 405 4456 modum,
431 4399 487 4446 et
506 4390 657 4447 lucra
675 4391 857 4462 potius
877 4390 1055 4448 odisse
1081 4383 1385 4446 causarum.
1409 4381 1609 4445 Verum
1633 4391 1748 4447 haec

152 4481 214 4537 in
245 4481 340 4536 ilio
369 4479 494 4552 jure
538 4480 834 4547 mirentur,
875 4483 968 4551 qui
999 4479 1170 4552 patris
1219 4491 1382 4552 atque
1429 4478 1514 4536 avi
1563 4497 1745 4538 mores

1852 3293 1994 3348 dona
2024 3305 2212 3360 aequus
2240 3289 2442 3344 arbiter
2479 3287 2764 3343 offerebat.
2801 3286 2907 3342 Sed
2940 3287 3028 3341 ille
3057 3288 3238 3357 potius
3264 3288 3446 3344 nativa

1855 3384 2226 3439 moderatione
2259 3381 2591 3449 ditissimus,
2621 3381 2940 3448 dignitatem
2971 3379 3273 3450 suscipiens
3301 3381 3448 3437 otio-

1849 3493 1988 3540 sam.
2016 3477 2070 3531 in
2115 3473 2569 3530 remuneratienis
2618 3473 2795 3527 locum
2827 3471 3054 3542 expetiit
3077 3471 3444 3527 ammoissima

1853 3567 2182 3622 Brutiorum.
2207 3565 2418 3634 Negare
2456 3564 2531 3618 illi
2563 3577 2672 3617 non
2697 3564 2878 3634 potuit
2917 3571 3157 3633 Optatam
3179 3563 3446 3633 quietem,

1851 3657 1943 3728 qui
1972 3671 2096 3712 eum
2125 3655 2432 3712 reddiderat
2474 3653 2543 3708 ab
2573 3653 2792 3708 immani
2825 3653 2982 3707 hoste
3028 3667 3316 3717 securum;
3343 3651 3442 3706 tri-

1850 3745 1950 3806 stis
1977 3756 2046 3804 ab
2070 3747 2332 3816 obsequio
2375 3761 2478 3801 suo
2503 3745 2741 3813 reliquit,
2771 3759 2932 3813 quem
2961 3743 3064 3799 sibi
3082 3741 3443 3799 necessarium

1851 3841 2014 3896 fuisse
2041 3839 2316 3907 cognovit.
2357 3839 2508 3893 Avus
2551 3837 2698 3892 enim
2744 3834 3105 3892 Cassiodorus
3145 3834 3447 3892 illustratus

1850 3940 2058 3995 honore
2081 3938 2310 4002 cinctus,
2331 3935 2425 4004 qui
2445 3933 2563 4004 ejus
2575 3934 2766 4004 generi
2789 3949 2898 3989 non
2923 3942 3142 4004 poterat
3165 3934 3444 4004 abnegari,

1850 4047 1880 4086 a
1923 4029 2286 4086 Vandalorum
2341 4027 2654 4083 incursione
2701 4025 2942 4081 Siciliam
2991 4023 3316 4094 Brutiosque
3353 4039 3444 4078 ar-

1850 4138 2060 4180 morum
2108 4119 2424 4176 defensione
2470 4118 2758 4184 liberavit;
2791 4125 2853 4174 ut
2905 4115 3104 4172 merito
3145 4116 3447 4185 primatum

1851 4215 1903 4269 in
1931 4213 2035 4269 illis
2063 4211 2356 4283 provinciis
2376 4209 2622 4274 haberet,
2649 4223 2788 4277 quas
2815 4222 2846 4262 a
2875 4215 2984 4262 tam
3006 4221 3150 4262 saevo
3167 4213 3227 4258 et
3245 4217 3446 4274 repen-

1850 4306 1964 4362 tino
2015 4304 2172 4359 hoste
2219 4300 2476 4356 defendit.
2533 4299 2730 4355 Debuit
2777 4298 2960 4368 itaque
3007 4297 3293 4350 virtutibus
3321 4295 3450 4364 ejus

1849 4395 2068 4468 respub.
2095 4393 2239 4465 quod
2265 4393 2385 4448 illas
2405 4391 2712 4463 provincias
2738 4398 2850 4444 tam
2875 4389 3084 4444 vicinas
3111 4386 3442 4442 Gensericns

1852 4505 1962 4546 non
1990 4486 2206 4549 invasit,
2257 4499 2420 4554 quem
2449 4490 2639 4553 postea
2671 4481 3030 4545 truculentum
3064 4479 3235 4534 Roma
3275 4479 3440 4534 susti-

153 4571 529 4630 nobilissimos
565 4572 894 4630 nescierunt.
923 4571 1278 4630 Cassioddros
1316 4571 1579 4643 siquidem
1605 4589 1742 4644 βιω-
1769 4573 1821 4632 Ι)
1844 4579 1980 4636 nuit.
1997 4575 2062 4631 lli
2077 4585 2258 4631 autem
2285 4583 2344 4630 et
2361 4574 2414 4628 in
2438 4573 2684 4644 partibus
2707 4571 2942 4630 Orientis
2968 4581 3250 4642 parentum
3274 4570 3442 4626 laude

239 4755 266 4818 ’ξ
292 4743 421 4802 Haec
443 4744 620 4804 cilicia
648 4745 758 4803 duo
798 4762 944 4818 smpe
981 4746 1234 4815 conjungi
1261 4743 1436 4802 solent
1462 4751 1513 4804 in
1543 4745 1746 4805 consti-

159 4816 466 4874 tutionibus
495 4816 902 4885 imperatorum}
925 4823 987 4872 ut
1007 4818 1188 4885 videre
1217 4828 1300 4872 est
1326 4818 1380 4872 iu
1405 4818 1441 4873 i.
1467 4819 1502 4872 4
1549 4819 1750 4877 Codice

153 4889 232 4944 de
276 4887 468 4942 advoc.
499 4882 698 4943 divers.
742 4886 858 4956 itm.
886 4904 901 4952 ;
927 4888 984 4942 in
1027 4882 1123 4941 i.i
1172 4887 1401 4956 Digestis
1437 4889 1508 4944 de
1563 4891 1744 4946 mand.

155 4957 439 5030 principi
462 4957 501 5012 i.
532 4973 728 5030 neque.
781 4957 846 5030 6i
877 4957 1172 5030 Codicede
1209 4958 1524 5030 decuriam;
1557 4960 1608 5014 in
1648 4959 1686 5014 i.
1718 4961 1740 5014 i

154 5026 225 5100 ς.
255 5026 868 5100 Τὴὸοᾱη-(ιιιίξειδρι-ᾳει).
895 5028 1036 5100 apud
1065 5028 1345 5100 Sidonium
1384 5029 1744 5100 Apollinarem

158 5099 303 5170 libro
325 5112 394 5170 ν,Δ
429 5088 644 5170 epistol.
673 5088 1203 5170 9'.‘Amm.'_diarceli.
1237 5097 1380 5154 libro
1408 5088 1533 5155 im
1561 5099 1749 5154 laudat

163 5167 490 5237 Procopium
551 5167 841 5237 quemdam
898 5167 1170 5221 tribunum
1226 5183 1290 5224 ac
1342 5171 1631 5224 notarium.
1690 5170 1749 5225 in

199 5236 400 5308 undam
423 5236 636 5308 novella
651 5237 857 5308 imper.
891 5237 1250 5308 Valentiniani
1277 5239 1347 5294 de
1368 5239 1747 5308 Testamentis,

159 5251 400 5362 annuam
423 5251 636 5319 novena
658 5251 860 5320 Impera
898 5251 1250 5318 Valentiniani
1277 5251 1347 5319 se
1369 5251 1747 5308 testamentis,

318 5322 429 5362 rtus
475 5316 784 5363 nominatur
812 5323 895 5362 vir
919 5306 1232 5378 spectabilis
1268 5309 1515 5366 tribunus
1559 5325 1624 5367 ac
1652 5327 1748 5367 no-

159 5377 350 5431 tutius.

159 5377 350 5432 turios.
381 5377 570 5432 Bnoss.

234 5468 262 5542 lt
291 5467 653 5542 imperatores
693 5469 798 5525 hoc
817 5470 1002 5542 Ltitulo
1033 5470 1572 5542 honestanturdsaepe
1603 5472 1655 5526 in
1686 5473 1751 5542 li-

162 5538 276 5610 bris
304 5529 574 5610 velorum,
599 5545 664 5592 ut
691 5529 836 5608 apud
867 5537 1096 5610 Plinium
1127 5540 1181 5594 in
1212 5539 1455 5609 epistolis
1482 5529 1534 5594 in
1559 5543 1598 5596 1.
1629 5543 1662 5595 5
1689 5541 1748 5596 D.

166 5607 346 5747 ἓξ
537 5608 596 5662 in
637 5617 854 5663 testam.
905 5607 1010 5666 del.
1043 5607 1297 5666 Sidonius
1338 5611 1389 5665 in
1419 5609 1754 5683 Panegyrico

515 5785 624 5835 idea
649 5785 802 5836 Gallia
829 5799 994 5837 rerum

354 5846 614 5910 Ignoratur
635 5849 786 5896 adhuc
807 5850 1041 5899 dominio»

1852 4752 2152 4823 Aliquando
2163 4751 2344 4823 _etiam
2368 4764 2548 4823 rerum
2579 4748 2780 4823 domini
2804 4764 2902 4818 pro
2921 4749 3253 4823 principibus
3277 4764 3440 4823 usur-

1852 4817 2066 4896 pati-tur.
2089 4819 2553 4896 Solemusjtidem
2577 4818 2715 4896 alios
2743 4835 2903 4896 quam
2922 4817 3294 4896 imperatores
3333 4817 3438 4872 do-

1850 4888 2028 4948 minos
2078 4902 2296 4946 vocare.
2344 4888 2570 4943 Sueton.
2621 4895 2803 4942 tamen
2861 4889 2916 4942 in
2967 4889 3210 4958 Augusto
3254 4896 3441 4942 narrat

1853 4964 2148 5032 Augtmtum
2175 4959 2376 5014 domini
2400 4958 2815 5032 appellationem
2838 4958 3074 5032 maxime
3095 4959 3440 5014 exhorruisse

1853 5042 1914 5087 ut
1947 5027 2292 5086 maledictum
2342 5043 2406 5084 ac
2442 5027 2843 5097 cpprobrium,
2877 5027 3263 5097 dominumque
3314 5043 3442 5082 sese

1853 5101 2084 5174 posthac
2117 5097 2394 5174 appellari
2407 5095 2530 5152 non'
2556 5112 2771 5174 passum
2810 5095 3185 5174 fuissezldem’
3215 5097 3436 5174 factita-

1853 5165 1982 5228 runt
2007 5165 2253 5224 Tiberius
2280 5175 2336 5222 et
2362 5165 2615 5222 Severus.
2649 5165 2785 5220 Hinc
2810 5167 3173 5221 Tertullianus
3203 5185 3216 5218 :
3251 5167 3439 5222 Dicam

1853 5243 2038 5312 plane,
2058 5240 2440 5312 imperatorem
2467 5237 2740 5291 dominum
2760 5279 2776 5303 ,
2805 5235 2902 5312 sed
2939 5249 3092 5290 more
3117 5237 3390 5290 communi
3417 5253 3434 5302 ;

1855 5305 1912 5367 et
1954 5310 2080 5364 alibi
2112 5305 2372 5363 :‘Domini
2401 5321 2588 5360 vocem
2636 5305 2919 5374 potestatis
2964 5320 3192 5359 summm
3237 5321 3438 5362 nomen
3533 5339 3550 5356 .

1859 5395 1979 5436 esse
2007 5377 2199 5460 arguit:
2228 5375 2356 5460 Jure
2376 5375 2527 5458 civili.
2540 5374 2740 5460 domini
2769 5374 3130 5460 appellatique
3157 5377 3438 5460 cornuue-u-

1861 5461 1964 5509 tur,
1997 5443 2094 5516 qui
2116 5448 2318 5502 habent
2345 5446 2765 5516 proprietatem,
2799 5443 3014 5499 i.’reetc
3044 5443 3106 5516 D.
3159 5443 3227 5499 de
3276 5445 3431 5516 verb.

1855 5511 2081 5587 signiiic.
2112 5511 2492 5572 Verumtamen
2517 5511 2717 5587 domini
2740 5529 2845 5568 vox
2882 5513 3106 5587 proprie
3125 5527 3234 5568 non
3255 5513 3356 5587 nisi
3380 5514 3434 5568 in

1853 5585 2060 5645 servos.
2091 5588 2325 5658 Reperio
2356 5596 2534 5658 autem
2557 5586 2779 5654 Augusti
2808 5601 2926 5658 sevo
2951 5595 3004 5658 et
3027 5585 3160 5640 infra
3193 5603 3222 5641 a
3253 5586 3440 5658 liberis

1894 5667 2036 5714 atres
2065 5656 2362 5728 appellatos
2389 5656 2657 5716 dominos,
2689 5665 2798 5728 eta
2831 5656 3084 5728 fratribus
3109 5657 3434 5712 blandienti--

1852 5670 2036 5781 Patres
2065 5670 2362 5728 appellatos
2389 5670 2657 5716 uomtnos,
2689 5670 2743 5711 et
2769 5671 2798 5710 a
2831 5670 3084 5711 Iratrmus
3109 5670 3434 5712 blandienti--

1877 5745 1955 5782 HIS
1986 5728 2202 5798 fratres.
2226 5727 2428 5798 vaios
2473 5741 2678 5798 aliosve
2725 5727 2974 5798 dominos
2993 5727 3162 5798 etiam
3196 5728 3436 5798 appella-

1857 5799 2004 5859 bant,
2035 5805 2094 5852 ut
2139 5797 2192 5850 in
2220 5796 2427 5851 Seneca
2455 5797 2643 5850 videre
2671 5805 2789 5849 est:
2823 5797 3106 5862 Quomodo
3137 5796 3346 5861 obvius,
3390 5798 3446 5852 si:

1857 5881 2051 5922 nomen
2077 5883 2182 5922 non
2213 5867 2500 5931 succurrit,
2532 5868 2780 5921 dominos
2827 5868 3136 5921 salutamus.
3175 5869 3358 5921 inmss.
