3952 6398
556 330 654 387 Sil

557 533 860 602 videntibus
887 534 1258 602 praefecturam
1283 536 1368 592 bis
1385 538 1612 593 novenis
1635 539 1791 594 annis
1817 539 1983 606 gessit
2011 539 2132 593 exi-

559 621 706 684 mie,
755 626 941 676 eorum
997 626 1448 700 consanguinitati
1504 627 1832 698 probabatur
1893 627 2130 696 adiungi.

555 705 737 766 Genus
765 711 816 764 in
849 720 1076 780 utroque
1105 715 1237 768 orbe
1267 716 1610 792 praclarum,
1642 717 1785 786 quod
1813 719 2028 786 gemino
2047 734 2135 773 se-

555 800 704 854 natui
749 802 1003 858 decenter
1031 813 1291 872 aptatum,
1323 815 1578 875 tanquam
1609 809 1818 863 duobus
1847 810 2135 866 luminibus

555 890 850 956 oculatum,
883 894 1168 961 purissima
1206 897 1452 952 claritate
1483 899 1729 952 radiavit.
1756 898 1875 965 Quo
1903 900 2047 956 enim
2076 916 2136 955 se

557 985 758 1050 quaevis
786 987 1036 1043 nobilitas
1065 989 1204 1044 ultra
1232 991 1506 1056 distendit,
1550 1007 1710 1060 quam
1744 993 1878 1058 haec,
1928 1008 2048 1063 qua:
2081 994 2133 1048 in

521 1107 530 1115 ο
557 1082 788 1146 utroque
811 1079 944 1134 orbe
969 1079 1110 1134 clara
1141 1095 1261 1135 esse
1303 1083 1642 1151 promeruit?
1674 1083 1820 1138 Vixit
1841 1093 1898 1138 et
1941 1085 2057 1154 ipse
2080 1085 2133 1138 in

555 1165 830 1234 provincia
861 1167 1066 1223 honore
1081 1169 1290 1237 iudicis,
1318 1180 1374 1227 et
1400 1175 1689 1228 securitate
1719 1175 1910 1242 privati
1943 1193 1958 1229 :
1998 1192 2134 1230 cun-

555 1255 659 1309 ctis
684 1255 788 1311 illis
812 1259 1089 1313 nobilitate
1119 1261 1318 1328 potior,
1361 1264 1604 1318 omnium
1633 1264 1701 1318 ad
1737 1279 1798 1321 se
1820 1266 2032 1321 animos
2053 1274 2138 1320 at-

525 1375 530 1383 -
554 1345 831 1411 trahebat;
881 1355 942 1402 ut
971 1349 1061 1418 qui
1092 1349 1354 1406 libertatis
1393 1351 1515 1420 iure
1542 1369 1650 1408 non
1680 1362 1931 1424 poterant
1957 1357 2130 1422 subdi,

557 1432 874 1490 viderentur
908 1437 1078 1507 magis
1123 1439 1394 1496 continuis
1421 1441 1697 1497 beneficiis
1723 1445 1964 1498 suaviter
1991 1445 2132 1500 obli-

554 1523 688 1590 gari.
719 1522 892 1580 Tanta
919 1526 1048 1594 quin
1091 1529 1254 1583 etiam
1289 1531 1598 1600 patrimonii
1627 1533 1708 1586 sui
1736 1533 1982 1588 ubertate
2015 1535 2136 1603 glo-

557 1615 727 1671 riatus
755 1625 857 1682 est,
889 1627 950 1672 ut
996 1620 1137 1675 inter
1181 1621 1388 1691 reliqua
1439 1623 1581 1678 bona
1628 1625 1841 1694 equinis
1882 1627 2135 1695 gregibus

555 1707 830 1777 principes
855 1709 1121 1775 vinceret,
1151 1719 1208 1766 et
1236 1710 1490 1768 donando
1520 1715 1718 1784 sapius
1745 1715 2000 1770 invidiam
2029 1731 2130 1770 no-

1791 335 1864 397 M.
1904 335 2180 393 AURELII
2220 338 2614 395 CASSIODORI

561 444 862 520 viguerunt.
888 443 1212 500 Heliodorus
1237 445 1402 511 enim,
1427 445 1518 516 qui
1549 447 1602 502 in
1635 447 1722 502 illa
1750 448 1942 518 repub.
1976 448 2134 504 nobis
2163 457 2208 509 Α

3729 347 3848 401 5ξὲ

2801 449 3132 506 EPISTOLA
3176 452 3260 508 Vl.

2371 553 2599 594 susurro
2629 553 2920 596 "arsuro
2960 557 3106 597 uasis
3137 547 3153 575 ⁸
3183 560 3556 602 τυεουοιηευε
3585 563 3720 602 nx.

2236 627 2428 683 Scribit
2457 629 2622 683 Roma
2644 633 2815 700 mittat
2847 633 3189 700 pen'tissimos
3213 639 3589 692 marmorarios
3624 638 3840 695 ﬂam-

2431 717 2554 753 nam
2571 701 2639 754 ad
2666 699 2934 755 basilicqu
2958 701 3202 758 Herculis
3223 707 3622 776 perﬁciendam.

2305 807 2474 864 Decet
2499 811 2797 880 principem
2831 827 2957 866 cura
3004 827 3124 882 quae
3162 815 3228 869 ad
3275 817 3674 886 rempublicam
3705 834 3836 889 spe-

2235 907 2347 954 ctat
2373 897 2706 968 augendam;
2748 909 2806 954 et
2835 916 2962 956 vere
3000 902 3218 970 dignum
3248 913 3332 960 est
3373 920 3560 976 regem
3588 906 3839 963 aediﬁciis

2235 987 2432 1058 palatia
2473 987 2754 1044 decorare.
2794 990 2948 1044 Absit
2993 993 3139 1047 enim
3189 1004 3249 1049 ut
3303 997 3523 1052 ornatui
3571 997 3839 1054 cedamus

2235 1088 2500 1147 veterum,
2528 1099 2538 1124 ι
2563 1081 2614 1134 ui
2637 1081 2870 1150 impares
2897 1099 3006 1136 non
3030 1099 3218 1141 sumus
3237 1085 3573 1143 beatitudine
3600 1090 3838 1146 seculo—

2235 1183 2372 1222 rum.
2397 1168 2737 1240 Quapropter
2756 1171 2808 1226 in
2845 1171 3160 1229 Ravennate
3185 1175 3318 1231 urbe
3342 1177 3582 1233 basilica:
3615 1176 3831 1234 Hercu-

2234 1259 2301 1314 lis
2330 1260 2564 1329 amplum
2617 1276 2756 1330 opus
2801 1265 3060 1331 aggressi,
3104 1265 3259 1335 cujus
3285 1269 3492 1323 nomini
3533 1268 3839 1338 antiquitas

2235 1361 2474 1416 congrue
2517 1349 2722 1416 tribuit,
2753 1352 3012 1420 quidquid
3041 1353 3094 1408 in
3125 1355 3248 1410 aula
3289 1357 3620 1426 prtedicabili
3657 1358 3839 1414 admi-

2235 1439 2444 1493 ratione
2468 1437 2726 1504 fundavit,
2760 1443 3116 1508 magnitudini
3165 1452 3270 1500 tuze
3309 1444 3711 1503 studiosissime
3737 1447 3838 1504 deo

2235 1526 2504 1595 legamus;
2539 1536 2596 1582 ut
2622 1528 2918 1584 secundum
2961 1530 3180 1588 brevem
3227 1543 3254 1571 ι
3293 1535 3484 1590 subter
3530 1552 3832 1604 annexum,

2233 1617 2304 1671 de
2334 1616 2478 1674 Urbe
2519 1620 2675 1675 nobis
2729 1623 3116 1679 marmorarios
3142 1626 3836 1696 peritissimosdestinetis,

2234 1706 2328 1772 qui
2358 1707 2556 1762 eximie
2582 1708 2750 1763 divisa
2779 1710 3128 1781 coniungant,
3157 1723 3213 1768 et
3243 1717 3396 1770 venis
3423 1717 3832 1774 colludentibus

551 1796 712 1851 minis
750 1795 1016 1868 [nominis
1043 1800 1182 1854 deest
1207 1803 1260 1856 in
1290 1819 1422 1869 πει,
1453 1812 1505 1858 et
1550 1804 1620 1860 D.
1646 1805 1818 1860 Iurat.
1845 1806 1998 1878 legit,
2027 1807 2130 1861 ho-
2167 1814 2207 1872 Β
2234 1796 2436 1864 illigata
2486 1799 2784 1852 naturalem
2843 1799 3035 1856 faciem
3096 1803 3441 1860 laudabiliter
3491 1807 3837 1864 mentiantur

550 1883 734 1957 minis]
766 1902 873 1942 non
903 1887 1144 1944 haberet.
1171 1889 1307 1946 Hinc
1335 1901 1417 1948 est
1435 1894 1580 1962 quod
1603 1896 1921 1951 candidatus
1947 1904 2132 1951 noster

547 1973 850 2032 Gothorum
875 1993 1090 2047 semper
1115 1988 1291 2034 armat
1311 1981 1610 2048 exercitus;
1641 1991 1699 2038 et
1719 1984 1867 2039 bono
1888 1983 2131 2039 instituto

548 2062 761 2132 melior,
782 2064 922 2133 quod
951 2081 982 2120 a
1004 2067 1314 2135 parentibus
1341 2071 1566 2138 accepit,
1597 2071 1938 2128 hereditaria
1966 2073 2130 2142 largi-

547 2157 662 2205 tate
683 2152 938 2208 custodit.
971 2155 1100 2221 Qtue
1123 2156 1246 2211 ideo
1276 2173 1374 2230 per
1408 2159 1652 2215 ordinem
1681 2172 1865 2218 nostra
1889 2164 2130 2232 dignatio

550 2243 904 2308 percucurrit,
937 2253 996 2298 ut
1034 2247 1402 2316 unusquisque
1448 2249 1732 2319 intelligat,
1761 2260 1818 2307 et
1847 2262 2129 2322 parentum

545 2344 764 2386 suorum
795 2333 938 2402 apud
963 2351 1066 2391 nos
1094 2337 1282 2393 laudes
1309 2355 1470 2410 posse
1511 2357 1786 2412 reparare,
1813 2346 1908 2415 qui
1936 2348 2119 2402 vivere

545 2421 818 2490 praeclaris
873 2425 1098 2493 elegerit
1137 2428 1414 2485 institutis.
1461 2430 1527 2486 Et
1575 2433 1724 2500 ideo,
1756 2433 1944 2491 Patres
1981 2435 2131 2491 Con-

547 2511 904 2582 scripti,‘quia
935 2516 1088 2570 vobis
1107 2525 1191 2572 est
1217 2521 1535 2574 commodus
1560 2521 1736 2576 honor
1756 2522 2044 2589 bonorum,
2075 2533 2133 2579 et

540 2599 800 2668 iudicium
825 2611 1068 2658 nostrum
1080 2615 1262 2662 vester
1277 2609 1566 2664 comitatur
1575 2625 1846 2680 assensus,
1869 2627 2130 2684 prospero

544 2687 786 2756 auspicio
827 2691 1148 2760 suscipiatur
1184 2693 1302 2762 eius
1350 2705 1660 2764 provectus,
1705 2699 1799 2768 qui
1850 2701 1953 2756 sibi
2001 2701 2130 2758 fecit

543 2774 773 2842 gratiam
785 2784 971 2845 patere
984 2787 1321 2836 cunctorum.
1340 2781 1438 2840 Est
1451 2784 1596 2839 enim
1619 2787 1797 2855 potius
1811 2787 2124 2846 vicissitudo

541 2877 706 2934 quam
735 2867 1044 2934 praemium;
1075 2879 1136 2924 ut
1161 2871 1252 2940 qui
1275 2887 1375 2926 nos
1399 2875 1664 2942 probabili
1696 2877 1911 2934 actione
1935 2879 2122 2936 colue-

544 2963 690 3017 runt,
721 2953 1000 3026 reciproco
1021 2954 1207 3012 favore
1231 2959 1590 3026 gratulentur.

1108 3173 1434 3234 EPISTOLA
1475 3180 1535 3236 ν.

695 3321 954 3363 ηοιιιΑΝο
991 3325 1115 3364 νιιιο
1153 3326 1414 3368 εειυτοιιι
1453 3329 1816 3372 τιιεουοιιιαυε
1845 3334 1972 3373 κει.

537 3413 693 3471 lubet
717 3424 776 3470 ut
797 3426 992 3472 statuta
1020 3420 1222 3474 comitis
1247 3423 1414 3544 Aulum
1447 3425 1512 3478 de
1547 3426 1770 3484 Maseue
1805 3432 1968 3501 [unde
2010 3451 2124 3489 ser-

1231 3509 1324 3544 uen
1347 3510 1425 3544 ur.

1231 3509 1375 3546 ventu
1381 3510 1425 3546 Γ.

611 3617 669 3671 ln
699 3617 1016 3674 immensum
1056 3621 1196 3676 trahi
1237 3638 1344 3678 non
1393 3623 1550 3680 decet
1593 3625 1742 3683 ﬁnita
1770 3631 1958 3701 litigia.
1989 3634 2121 3702 Quae

540 3706 683 3761 cnim
733 3707 951 3762 dabitur
1001 3709 1433 3770 discordantibus
1478 3732 1604 3787 pax,
1634 3720 1680 3774 si
1731 3738 1831 3777 nec
1872 3724 2124 3794 legitimis

539 3798 820 3854 sententiis
873 3801 1248 3869 acquiescant?
1289 3802 1436 3861 Unus
1479 3809 1621 3862 enim
1668 3813 1810 3867 inter
1856 3817 2122 3884 procellas

539 3887 798 3944 humanas
843 3899 1032 3960 portus
1085 3893 1377 3952 instructus
1431 3907 1547 3966 est;
1578 3915 1738 3969 quem
1785 3905 1830 3958 si
1874 3906 2121 3964 homines

537 3975 744 4032 fervida
796 3980 1070 4038 voluntate
1133 3995 1492 4054 praetereunt,
1543 3989 1595 4044 in
1655 3993 1876 4052 undosis
1923 3997 2120 4068 iurgiis

535 4083 751 4138 semper
775 4073 1053 4129 errabunt.
1086 4075 1153 4130 Et
1181 4077 1303 4132 ideo
1337 4082 1724 4149 spectabilitati
1751 4097 1852 4140 tua:
1881 4105 2120 4157 praesen—

537 4161 678 4215 tibus
699 4159 928 4218 aﬂamur
954 4167 1208 4232 oraculis,
1237 4177 1525 4238 quatenus,
1551 4173 1596 4226 si
1627 4174 1700 4226 ita
1731 4191 1818 4230 res
1844 4193 1904 4232 se
1934 4179 2114 4246 habet,

534 4257 646 4304 uta
667 4255 1018 4320 prmaentibus
1061 4257 1360 4324 suspicatur
1394 4259 1514 4333 [ms.
1547 4261 1746 4335 Remig.
1771 4278 1821 4321 et
1847 4270 1951 4336 ed.,
1985 4289 2116 4344 sup-

539 4341 816 4411 plicaturl,
845 4353 900 4398 et
929 4346 980 4399 in
1010 4348 1224 4402 comitis
1251 4350 1418 4406 Annae
1439 4351 1641 4420 iudicio
1689 4358 1922 4417 Mazenis
1967 4341 2115 4421 fundi

535 4435 902 4488 controversia
930 4438 1144 4492 statutis
1168 4438 1420 4508 legitimis
1443 4451 1526 4498 est
1571 4445 1770 4514 decisa,
1804 4466 1906 4506 nec
1935 4453 2114 4524 aliqua

533 4520 792 4590 probatur
815 4525 1177 4594 appellatione
1222 4544 1511 4600 suspensa,
1559 4549 1679 4604 qua:
1729 4548 1855 4594 sunt
1891 4520 2109 4600 decreta

532 4623 834 4670 serventur.
867 4616 1003 4684 Quia
1031 4619 1170 4674 sicut
1204 4622 1452 4680 nolumus
1479 4629 1753 4696 oppressis
1779 4647 1976 4702 negare
2017 4635 2108 4705 ju-

533 4699 752 4767 dicium,
803 4704 876 4758 ita
918 4706 1374 4768 irrationabilibus
1400 4717 1632 4783 querelis
1662 4735 1766 4774 non
1809 4699 2111 4792 praebemus

533 4806 834 4849 assensum.
866 4793 998 4864 Cogi
1028 4799 1168 4852 enim
1217 4799 1380 4857 debet
1408 4812 1466 4858 ut
1508 4805 1579 4860 sit
1625 4809 1859 4877 quietus,
1891 4815 1982 4882 qui
2012 4831 2110 4871 suo

531 4883 665 4938 vitio
715 4888 891 4940 renuit
927 4903 1044 4943 esse
1071 4891 1342 4960 paciﬁcus.
1376 4893 1510 4949 Nam
1541 4906 1595 4952 et
1627 4900 1875 4958 medendi
1903 4907 2110 4974 peritus

531 4973 755 5028 invitum
799 4975 1107 5046 frequenter
1145 4991 1302 5036 sanat
1345 4996 1630 5054 aegrotum,
1677 4989 1804 5045 dum
1855 4973 2108 5052 voluntas

529 5069 677 5119 recta
717 5065 769 5120 in
798 5069 1050 5134 gravibus
1104 5071 1443 5140 passionibus
1489 5091 1598 5131 non
1646 5087 1761 5146 est,
1791 5083 1885 5137 sed
1927 5085 2108 5154 potius

531 5153 660 5210 illud
689 5161 958 5228 appetitur
997 5161 1142 5232 quod
1171 5179 1200 5216 a
1231 5163 1423 5222 salutis
1462 5166 1647 5236 iudice
1691 5153 2108 5247 gravareiposse

530 5249 777 5306 sentitur.

605 5435 632 5510 ξ
667 5425 826 5510 infra,
847 5428 953 5510 lib.
984 5447 1055 5500 tv,
1081 5432 1240 5510 epist.
1269 5432 1382 5510 2_l_:
1410 5435 1546 5510 Infra
1597 5439 1806 5510 scriptis
1853 5441 2103 5499 brevibus

531 5495 784 5583 deﬁnita;
799 5507 878 5583 ἐι.
902 5495 1079 5583 Ιὶδημὶ,
1103 5495 1255 5583 epist:
1286 5503 1394 5583 3.9}
1425 5495 1941 5583 liecttiiiajuaLtibi
1976 5495 2098 5583 data

531 5572 632 5626 est.
665 5567 841 5638 missis
860 5568 1110 5638 brevibus
1139 5567 1416 5628 iudicabis.
1451 5575 1564 5629 Lib.
1585 5593 1618 5630 ιι
1644 5567 1774 5632 cdd.
1803 5579 2008 5636 Theod.
2032 5567 2100 5638 de

531 5649 716 5717 excus.
747 5635 926 5717 artifL:
953 5638 1194 5717 Artiﬁces
1219 5643 1417 5717 artium
1439 5644 1586 5717 brevi
1613 5648 1826 5717 subdito
1855 5635 2099 5717 compre;

533 5699 836 5783 hensarurn.
873 5707 930 5758 ι).
958 5707 1308 5783 Hieronymus
1335 5713 1488 5780 epist.
1514 5699 1580 5768 ad
1607 5699 2100 5783 F

533 5783 650 5827 ch
673 5773 934 5828 subditum
973 5773 1340 5848 eodein'plane
1370 5773 1528 5838 sensu
1557 5791 1845 5858 usurpavit.
1872 5773 2092 5859 Breves,

2235 1883 2364 1956 [ed.,
2411 1886 2748 1959 metiantur].
2801 1887 2878 1944 De
2906 1898 3024 1944 arte
3051 1893 3251 1955 veniat,
3281 1894 3427 1961 quod
3456 1895 3640 1949 vincat
3671 1906 3833 1951 natu-

2231 1989 2348 2029 ram
2389 1993 2402 2028 :
2451 1975 2749 2032 discolorea
2794 1989 2973 2034 crusta
3015 1996 3345 2038 marmorum
3384 1985 3693 2052 gratissima
3743 1987 3835 2056 pi-

2231 2071 2505 2119 cturarum
2536 2066 2802 2124 varietate
2854 2079 3126 2126 terantur.
3169 2071 3304 2138 Quia
3333 2074 3463 2129 illud
3494 2084 3580 2130 est
3607 2091 3835 2148 semper

2231 2153 2285 2208 in
2321 2157 2576 2224 pretium,
2615 2159 2760 2227 quod
2789 2160 2856 2215 ad
2897 2161 3150 2220 decorem
3191 2164 3354 2220 fuerit
3379 2169 3731 2236 exquisitum.
3777 2174 3832 2242 7

2231 2242 2325 2298 His
2353 2253 2600 2316 sumptus
2649 2248 3148 2321 subventionesque
3175 2256 3498 2324 praestabis:
3532 2273 3603 2312 ne
3634 2273 3834 2328 quem-

2231 2344 2395 2399 quam
2421 2341 2668 2388 nostrum
2695 2345 2884 2403 gravet
2913 2338 3220 2409 imperium,
3267 2342 3415 2413 quod
3439 2344 3509 2400 ad
3537 2347 3834 2403 utilitatem

2231 2421 2482 2478 volumus
2509 2423 2781 2494 respicere
2807 2427 3165 2498 singulorum.

2775 2539 3110 2599 EPISTOLA
3145 2545 3256 2602 VII.

2233 2637 2409 2678 rat.th
2445 2639 2570 2681 vnio
2609 2641 2916 2716 (πέψειμο
2969 2632 3082 2703 [τά.
3115 2645 3166 2688 et
3200 2635 3323 2690 DD.
3354 2637 3503 2694 Grut.
3535 2649 3587 2694 et
3615 2641 3830 2716 στείρα,

2643 2699 2850 2770 suurn]
2878 2699 3244 2761 rationmucus
3271 2723 3397 2764 sax.

2231 2780 2392 2874 Illum
2428 2785 2577 2874 jubet
2617 2791 2884 2874 restituere
2921 2790 3160 2848 Plutiani
3202 2798 3386 2866 pupilli
3429 2799 3602 2864 bona,
3644 2822 3769 2874 qua
3793 2825 3828 2861 α

2301 2851 2552 2944 Νξοξενὶο
2579 2858 2690 2928 ejus
2717 2860 2884 2944 [ru-tre
2927 2878 3031 2915 non
3079 2851 3621 2944 tamlrornpara'uerat
3644 2851 3829 2944 $.22»?

2299 2923 2641 3007 subripuerat,
2673 2923 2728 2980 et
2749 2929 2893 3007 illum
2924 2933 3252 3007 reprehendit
3280 2923 3416 3007 quod
3444 2923 3828 3000 successione;

2297 2990 2676 3065 inter'tequales
2701 2999 2950 3069 aqualem
2972 2990 3074 3055 non
3102 2990 3382 3061 dioisislet.

2299 3097 2552 3160 Venantii
2581 3110 2774 3164 tutoris
2802 3103 3032 3168 Plutiani
3063 3115 3303 3174 aditione
3339 3125 3736 3192 cognovimus,
3772 3129 3827 3183 in

2161 3173 2206 3235 (2
2237 3207 2300 3248 ea
2327 3202 2401 3260 te,
2433 3210 2537 3264 qua
2568 3214 2672 3253 non
2703 3200 2974 3270 decuerat,
3007 3207 3222 3265 actione
3250 3221 3554 3280 versatum;
3585 3225 3646 3270 ut
3675 3233 3826 3283 eum,

2230 3295 2409 3377 quem!
2442 3297 2654 3356 sumptu
2702 3293 2920 3362 proprio
2961 3295 3152 3362 iuvare
3179 3297 3457 3357 debuisses
3479 3344 3494 3368 ,
3537 3306 3826 3377 dispendio

2229 3375 2575 3444 proprietatis
2611 3377 2896 3450 aliiigeres.
2939 3385 3268 3444 Afﬁnitatem
3305 3393 3507 3463 quippe
3544 3375 3692 3450 tuam
3734 3413 3826 3453 so-

2227 3467 2355 3522 latia
2402 3481 2570 3541 [mss.,
2595 3471 2710 3528 sola
2742 3475 2925 3546 etiam]
2974 3477 3272 3536 debuerant
3315 3484 3560 3556 impensa
3612 3491 3822 3545 testari.

2226 3558 2393 3624 Quale
2421 3574 2550 3631 ergo
2578 3561 2793 3618 videtur
2817 3566 3078 3634 sanguine
3107 3569 3430 3639 coniunctis,
3461 3575 3608 3644 quod
3637 3576 3821 3632 crimi-

2226 3666 2415 3704 nosum
2463 3652 2784 3722 probaretur
2821 3659 3130 3713 extraneis?
3178 3661 3356 3731 Atque
3403 3664 3527 3720 ideo
3565 3669 3822 3736 praesenti

2219 3738 2461 3808 iussione
2507 3757 2814 3810 censemus,
2845 3754 2906 3800 ut
2950 3747 3207 3816 quidquid
3234 3765 3264 3804 a
3288 3749 3543 3809 Neoterio
3591 3756 3821 3825 prodiga

2223 3834 2502 3890 voluntate
2525 3837 2744 3904 lascivo,
2770 3847 2822 3892 te
2849 3854 2955 3894 non
2989 3847 3095 3894 tam
3125 3857 3472 3913 comparasse
3499 3861 3666 3916 quam
3693 3849 3820 3903 sub-

2223 3923 2450 3992 ripuisse
2499 3926 2780 3994 cognoscis
2803 3969 2819 3996 ,
2869 3929 3260 4000 incorporanda
3308 3935 3317 4006 Ι
3349 3951 3447 3989 ms.
3478 3935 3620 3991 And.
3650 3949 3705 3992 et
3732 3939 3818 3995 ed.

2223 4012 2421 4082 Nivel.,
2449 4015 2890 4090 incomparanda]
2931 4021 3086 4075 militi
3116 4032 3303 4078 nostro
3331 4025 3448 4080 sine
3473 4027 3655 4096 aliqua
3683 4030 3817 4085 dila-

2221 4108 2370 4162 tione
2422 4107 2676 4164 restituas
2721 4127 2734 4164 :
2781 4125 2848 4165 ne
2904 4127 3004 4167 nos
3051 4112 3357 4181 huiusmodi
3405 4114 3604 4170 factum
3650 4133 3820 4188 cogas

2227 4199 2435 4268 legibus
2459 4199 2759 4265 vindicare,
2789 4202 2881 4270 qui
2910 4219 3054 4260 nunc
3079 4203 3322 4258 videmur
3350 4207 3532 4261 omnia
3560 4223 3816 4264 mansue-

2223 4290 2410 4345 tudine
2435 4299 2782 4360 temperasse.
2809 4290 2991 4348 Perire
3016 4295 3158 4348 enim
3183 4296 3384 4365 pupillo
3413 4314 3520 4352 non
3551 4300 3814 4370 patimur,

2218 4397 2338 4452 quze
2367 4385 2677 4452 parentibus
2703 4385 2803 4442 sub
2831 4394 3015 4441 nostra
3043 4387 3202 4442 laude
3229 4388 3572 4446 dederamus.
3599 4391 3814 4448 Gravis-

2217 4471 2412 4526 simum
2440 4481 2520 4528 est
2550 4475 2691 4528 enim
2739 4491 2836 4545 per
2863 4477 3181 4532 calumniam
3213 4477 3493 4546 subtrahi,
3524 4483 3672 4549 quod
3706 4483 3814 4538 col-

2145 4538 2188 4593 D
2215 4561 2379 4616 latum
2410 4572 2492 4618 est
2521 4538 2885 4621 muniﬁcentia
2917 4567 3218 4636 principali.
3247 4569 3472 4640 Reliqua
3501 4538 3659 4640 vero,
3689 4587 3812 4642 qua:

2216 4659 2267 4702 te
2291 4665 2388 4716 pro
2405 4651 2598 4721 iugalis
2621 4664 2722 4709 tua:
2743 4656 2938 4710 asseris
2963 4657 3215 4725 portione
3239 4670 3556 4730 contempto
3580 4663 3810 4731 iustitia:

2215 4740 2428 4796 tramite
2471 4742 2714 4798 divisisse
2763 4744 2849 4814 (si
2901 4753 3078 4800 tamen
3116 4749 3438 4818 appellanda
3469 4751 3670 4808 divisio
3700 4761 3804 4813 est.

2213 4843 2375 4894 quam
2423 4831 2522 4887 sub
2572 4833 2728 4888 unius
2756 4833 3113 4890 celebratam‘
3129 4846 3345 4892 constat
3384 4839 3638 4912 arbitrio)
3663 4883 3678 4905 ,
3728 4843 3806 4895 sic

2213 4917 2280 4970 ad
2309 4928 2552 4974 nostrum
2581 4922 2894 4976 comitatum
2942 4922 3163 4980 festines
3189 4941 3482 4982 occurrere
3510 4945 3526 4994 ;
3575 4938 3638 4983 ut
3661 4930 3806 4984 inter

2215 5021 2308 5060 vos
2335 5021 2398 5061 ea
2428 5023 2550 5078 quae
2571 5011 2791 5078 iustitiae
2817 5013 3145 5068 conveniunt
3171 5016 3500 5072 ordinemus.
3551 5017 3802 5090 Iniquum

2213 5103 2298 5148 est
2323 5097 2504 5161 enim,
2553 5108 2613 5154 ut
2655 5100 2722 5156 de
2753 5117 2859 5156 una
2902 5105 3241 5172 substantia,
3293 5108 3490 5176 quibus
3537 5111 3802 5181 competit

2213 5201 2364 5256 aequa
2390 5192 2680 5258 successio,
2703 5195 2794 5250 alii
2823 5195 3156 5252 abundanter
3183 5197 3426 5268 alliuant,
3451 5201 3546 5256 alii
3575 5217 3802 5274 pauper-

2215 5280 2341 5334 tatis
2369 5281 2721 5340 incommodis
2744 5285 3114 5357 ingemiscant.

2209 5451 2243 5527 l_.
2280 5452 2346 5527 {'5
2386 5453 2520 5527 qu.
2571 5457 2779 5515 Theod.
2831 5463 2898 5518 de
2948 5463 3115 5520 indui.
3151 5465 3337 5522 tribut.
3389 5469 3482 5523 lib.
3519 5471 3620 5526 ult.
3651 5471 3791 5527 Cod.

2203 5521 2272 5577 de
2297 5524 2404 5591 iur.
2437 5523 2548 5582 lisc.
2583 5527 2889 5599 Symmach.
2922 5533 3015 5589 lib.
3047 5551 3085 5601 ι,
3116 5537 3273 5605 epist.
3309 5521 3678 5596 διίίῗὸιῖιὲξιιξ

2275 5655 2288 5686 ¹
2424 5656 2823 5737 Λᾳᾶ.,ᾼ9αῃὶρρ
2841 5664 2948 5737 τιὴ-ρ
2961 5663 3153 5737 illustri
3169 5669 3403 5737 pontiﬁci
3415 5687 3432 5729 ;
3448 5685 3549 5724 ms.
3567 5670 3786 5737 liberm.

2199 5723 2420 5810 .igapilt'o
2448 5723 2842 5810 uiro’Sevi‘tn-loﬁ.
2874 5732 2976 5810 illi.
3010 5723 3234 5789 Gntla't'il
3267 5723 3326 5790 et.
3348 5723 3787 5810 (ἷιίλειδέειῄιιι-θῖἶδ

2199 5794 2304 5854 tiro
2333 5795 2520 5850 illustri
2541 5803 2782 5868 pt'a'fccto
2807 5804 2964 5856 urbis.
