  <div class='ocr_page' id='page_1' title='image "/cluster/home/n/w/nwhite01/storage/ocr_20150623/69/umn.31951002477362u/266.png"; bbox 0 0 3952 6386; ppageno 0'>
   <div class='ocr_carea' id='block_1_1' title="bbox 1312 332 1672 391">
    <p class='ocr_par' dir='ltr' id='par_1_1' title="bbox 1312 332 1672 391">
     <span class='ocr_line' id='line_1_1' title="bbox 1312 332 1672 391; baseline -0.008 -2"><span class='ocrx_word' id='word_1_1' title='bbox 1312 332 1672 391; x_wconf 66' lang='grc' dir='ltr'>τΑιιιΑιιωι</span> 
     </span>
    </p>
   </div>
   <div class='ocr_carea' id='block_1_2' title="bbox 590 453 1090 510">
    <p class='ocr_par' dir='ltr' id='par_1_2' title="bbox 590 453 1090 510">
     <span class='ocr_line' id='line_1_2' title="bbox 590 453 1090 510; baseline 0 -2"><span class='ocrx_word' id='word_1_2' title='bbox 590 453 917 510; x_wconf 69' lang='grc' dir='ltr'><strong>ΒΡιδτοιΑ</strong></span> <span class='ocrx_word' id='word_1_3' title='bbox 959 454 1090 509; x_wconf 62' lang='lat' dir='ltr'><strong>VII}.</strong></span> 
     </span>
    </p>
   </div>
   <div class='ocr_carea' id='block_1_3' title="bbox 277 581 1404 628">
    <p class='ocr_par' dir='ltr' id='par_1_3' title="bbox 277 581 1404 628">
     <span class='ocr_line' id='line_1_3' title="bbox 277 581 1404 628; baseline -0.009 0"><span class='ocrx_word' id='word_1_4' title='bbox 277 585 481 628; x_wconf 73' lang='grc' dir='ltr'><strong>ιιιηιιι</strong></span> <span class='ocrx_word' id='word_1_5' title='bbox 520 584 846 624; x_wconf 64' lang='grc' dir='ltr'><strong>εχεεευτοιι</strong></span> <span class='ocrx_word' id='word_1_6' title='bbox 877 582 1248 624; x_wconf 72' lang='grc' dir='ltr'><strong>τιῐεουοιιιευε</strong></span> <span class='ocrx_word' id='word_1_7' title='bbox 1277 581 1404 620; x_wconf 70' lang='lat' dir='ltr'><strong>REX.</strong></span> 
     </span>
    </p>
   </div>
   <div class='ocr_carea' id='block_1_4' title="bbox 93 671 1641 753">
    <p class='ocr_par' dir='ltr' id='par_1_4' title="bbox 93 671 1641 753">
     <span class='ocr_line' id='line_1_4' title="bbox 93 671 1641 753; baseline -0.011 -10"><span class='ocrx_word' id='word_1_8' title='bbox 93 684 309 753; x_wconf 72' lang='lat' dir='ltr'><strong>Prtlaipit</strong></span> <span class='ocrx_word' id='word_1_9' title='bbox 327 691 381 734; x_wconf 85' lang='lat' dir='ltr'><strong>ut</strong></span> <span class='ocrx_word' id='word_1_10' title='bbox 401 683 534 753; x_wconf 86' lang='lat' dir='ltr'><strong>bona</strong></span> <span class='ocrx_word' id='word_1_11' title='bbox 562 679 788 753; x_wconf 76' lang='lat' dir='ltr'><strong>l’lutiani</strong></span> <span class='ocrx_word' id='word_1_12' title='bbox 810 678 992 753; x_wconf 82' lang='lat' dir='ltr'><strong>pupilli</strong></span> <span class='ocrx_word' id='word_1_13' title='bbox 1013 679 1230 753; x_wconf 68' lang='lat' dir='ltr'><strong>«fratre</strong></span> <span class='ocrx_word' id='word_1_14' title='bbox 1252 677 1364 753; x_wconf 76' lang='lat' dir='ltr'><strong>ejus</strong></span> <span class='ocrx_word' id='word_1_15' title='bbox 1392 671 1440 728; x_wconf 84' lang='grc' dir='ltr'><strong><em>Ν</em></strong></span> <span class='ocrx_word' id='word_1_16' title='bbox 1447 674 1641 753; x_wconf 62' lang='lat' dir='ltr'><strong>aeterm</strong></span> 
     </span>
    </p>
   </div>
   <div class='ocr_carea' id='block_1_5' title="bbox 149 745 1642 810">
    <p class='ocr_par' dir='ltr' id='par_1_5' title="bbox 149 745 1642 810">
     <span class='ocr_line' id='line_1_5' title="bbox 149 745 1642 810; baseline -0.009 -1"><span class='ocrx_word' id='word_1_17' title='bbox 149 745 270 810; x_wconf 74' lang='lat' dir='ltr'><strong>male</strong></span> <span class='ocrx_word' id='word_1_18' title='bbox 307 752 511 806; x_wconf 81' lang='lat' dir='ltr'><strong>vendita</strong></span> <span class='ocrx_word' id='word_1_19' title='bbox 551 761 692 804; x_wconf 78' lang='lat' dir='ltr'><strong>curet</strong></span> <span class='ocrx_word' id='word_1_20' title='bbox 747 745 997 802; x_wconf 68' lang='lat' dir='ltr'><strong>l’emintio</strong></span> <span class='ocrx_word' id='word_1_21' title='bbox 1043 745 1288 801; x_wconf 53' lang='lat' dir='ltr'><strong>Plutiani&#39;</strong></span> <span class='ocrx_word' id='word_1_22' title='bbox 1322 746 1479 799; x_wconf 88' lang='lat' dir='ltr'><strong>tutori</strong></span> <span class='ocrx_word' id='word_1_23' title='bbox 1531 745 1642 796; x_wconf 85' lang='lat' dir='ltr'><strong>sine</strong></span> 
     </span>
    </p>
   </div>
   <div class='ocr_carea' id='block_1_6' title="bbox 149 817 1644 887">
    <p class='ocr_par' dir='ltr' id='par_1_6' title="bbox 149 817 1644 887">
     <span class='ocr_line' id='line_1_6' title="bbox 149 817 1644 887; baseline -0.009 -8"><span class='ocrx_word' id='word_1_24' title='bbox 149 826 379 881; x_wconf 73' lang='lat' dir='ltr'><strong>dilatione</strong></span> <span class='ocrx_word' id='word_1_25' title='bbox 407 822 624 875; x_wconf 72' lang='lat' dir='ltr'><strong>restitui.</strong></span> <span class='ocrx_word' id='word_1_26' title='bbox 666 817 817 882; x_wconf 81' lang='lat' dir='ltr'><strong>Quod</strong></span> <span class='ocrx_word' id='word_1_27' title='bbox 845 821 888 872; x_wconf 84' lang='lat' dir='ltr'><strong>si</strong></span> <span class='ocrx_word' id='word_1_28' title='bbox 931 818 1278 872; x_wconf 70' lang='lat' dir='ltr'><strong><em>intercesserit</em></strong></span> <span class='ocrx_word' id='word_1_29' title='bbox 1305 818 1488 887; x_wconf 75' lang='lat' dir='ltr'><strong>frater,</strong></span> <span class='ocrx_word' id='word_1_30' title='bbox 1525 829 1644 866; x_wconf 85' lang='lat' dir='ltr'><strong>cau-</strong></span> 
     </span>
    </p>
   </div>
   <div class='ocr_carea' id='block_1_7' title="bbox 149 889 1106 950">
    <p class='ocr_par' dir='ltr' id='par_1_7' title="bbox 149 889 1106 950">
     <span class='ocr_line' id='line_1_7' title="bbox 149 889 1106 950; baseline -0.009 0"><span class='ocrx_word' id='word_1_31' title='bbox 149 911 249 950; x_wconf 85' lang='lat' dir='ltr'><strong>sam</strong></span> <span class='ocrx_word' id='word_1_32' title='bbox 265 892 364 947; x_wconf 83' lang='lat' dir='ltr'><strong>uult</strong></span> <span class='ocrx_word' id='word_1_33' title='bbox 391 891 460 944; x_wconf 87' lang='lat' dir='ltr'><strong>ad</strong></span> <span class='ocrx_word' id='word_1_34' title='bbox 492 889 718 944; x_wconf 75' lang='lat' dir='ltr'><strong>tribunal</strong></span> <span class='ocrx_word' id='word_1_35' title='bbox 744 905 892 943; x_wconf 81' lang='lat' dir='ltr'><strong>suum</strong></span> <span class='ocrx_word' id='word_1_36' title='bbox 914 889 1106 942; x_wconf 81' lang='lat' dir='ltr'><strong>vocari.</strong></span> 
     </span>
    </p>
   </div>
   <div class='ocr_carea' id='block_1_8' title="bbox 151 997 1643 1064">
    <p class='ocr_par' dir='ltr' id='par_1_8' title="bbox 151 997 1643 1064">
     <span class='ocr_line' id='line_1_8' title="bbox 151 997 1643 1064; baseline -0.007 -9"><span class='ocrx_word' id='word_1_37' title='bbox 151 1000 299 1056; x_wconf 86' lang='lat' dir='ltr'><strong>Cordi</strong></span> <span class='ocrx_word' id='word_1_38' title='bbox 328 998 482 1054; x_wconf 89' lang='lat' dir='ltr'><strong>nobis</strong></span> <span class='ocrx_word' id='word_1_39' title='bbox 510 1007 592 1053; x_wconf 89' lang='lat' dir='ltr'><strong>est</strong></span> <span class='ocrx_word' id='word_1_40' title='bbox 631 1007 858 1052; x_wconf 88' lang='lat' dir='ltr'><strong>cunctos</strong></span> <span class='ocrx_word' id='word_1_41' title='bbox 903 997 956 1051; x_wconf 93' lang='lat' dir='ltr'><strong>in</strong></span> <span class='ocrx_word' id='word_1_42' title='bbox 1005 1010 1294 1051; x_wconf 88' lang='lat' dir='ltr'><strong>commune</strong></span> <span class='ocrx_word' id='word_1_43' title='bbox 1342 1001 1643 1064; x_wconf 81' lang='lat' dir='ltr'><strong>protegere,</strong></span> 
     </span>
    </p>
   </div>
   <div class='ocr_carea' id='block_1_9' title="bbox 103 1083 1652 1157">
    <p class='ocr_par' dir='ltr' id='par_1_9' title="bbox 103 1083 1652 1157">
     <span class='ocr_line' id='line_1_9' title="bbox 103 1083 1652 1157; baseline -0.01 -9"><span class='ocrx_word' id='word_1_44' title='bbox 103 1093 178 1148; x_wconf 86' lang='lat' dir='ltr'><strong>sed</strong></span> <span class='ocrx_word' id='word_1_45' title='bbox 197 1106 283 1146; x_wconf 88' lang='lat' dir='ltr'><strong>eos</strong></span> <span class='ocrx_word' id='word_1_46' title='bbox 306 1089 540 1144; x_wconf 80' lang='lat' dir='ltr'><strong>maxime</strong></span> <span class='ocrx_word' id='word_1_47' title='bbox 560 1102 696 1157; x_wconf 86' lang='lat' dir='ltr'><strong>quos</strong></span> <span class='ocrx_word' id='word_1_48' title='bbox 719 1087 820 1144; x_wconf 87' lang='lat' dir='ltr'><strong>sibi</strong></span> <span class='ocrx_word' id='word_1_49' title='bbox 843 1087 1090 1143; x_wconf 76' lang='lat' dir='ltr'><strong>novimus</strong></span> <span class='ocrx_word' id='word_1_50' title='bbox 1117 1086 1367 1142; x_wconf 76' lang='lat' dir='ltr'><strong>defuisse.</strong></span> <span class='ocrx_word' id='word_1_51' title='bbox 1395 1084 1486 1138; x_wconf 88' lang='lat' dir='ltr'><strong>Sic</strong></span> <span class='ocrx_word' id='word_1_52' title='bbox 1504 1083 1652 1150; x_wconf 75' lang='lat' dir='ltr'><strong>enim</strong></span> 
     </span>
    </p>
   </div>
   <div class='ocr_carea' id='block_1_10' title="bbox 95 1176 1648 1251">
    <p class='ocr_par' dir='ltr' id='par_1_10' title="bbox 95 1176 1648 1251">
     <span class='ocr_line' id='line_1_10' title="bbox 95 1176 1648 1251; baseline -0.007 -14"><span class='ocrx_word' id='word_1_53' title='bbox 95 1180 332 1251; x_wconf 69' lang='lat' dir='ltr'><strong>aequitatis</strong></span> <span class='ocrx_word' id='word_1_54' title='bbox 357 1179 494 1234; x_wconf 87' lang='lat' dir='ltr'><strong>libra</strong></span> <span class='ocrx_word' id='word_1_55' title='bbox 522 1179 842 1243; x_wconf 83' lang='lat' dir='ltr'><strong>servabitur,</strong></span> <span class='ocrx_word' id='word_1_56' title='bbox 869 1179 914 1233; x_wconf 90' lang='lat' dir='ltr'><strong>si</strong></span> <span class='ocrx_word' id='word_1_57' title='bbox 944 1177 1197 1233; x_wconf 79' lang='lat' dir='ltr'><strong>auxilium</strong></span> <span class='ocrx_word' id='word_1_58' title='bbox 1227 1177 1518 1244; x_wconf 75' lang='lat' dir='ltr'><strong>largiamur</strong></span> <span class='ocrx_word' id='word_1_59' title='bbox 1547 1176 1648 1227; x_wconf 81' lang='lat' dir='ltr'><strong>im—</strong></span> 
     </span>
    </p>
   </div>
   <div class='ocr_carea' id='block_1_11' title="bbox 97 1263 1654 1343">
    <p class='ocr_par' dir='ltr' id='par_1_11' title="bbox 97 1263 1654 1343">
     <span class='ocr_line' id='line_1_11' title="bbox 97 1263 1654 1343; baseline -0.009 -16"><span class='ocrx_word' id='word_1_60' title='bbox 97 1271 316 1343; x_wconf 79' lang='lat' dir='ltr'><strong>paribus,</strong></span> <span class='ocrx_word' id='word_1_61' title='bbox 348 1275 404 1324; x_wconf 84' lang='lat' dir='ltr'><strong>et</strong></span> <span class='ocrx_word' id='word_1_62' title='bbox 432 1279 634 1323; x_wconf 85' lang='lat' dir='ltr'><strong>metum</strong></span> <span class='ocrx_word' id='word_1_63' title='bbox 668 1279 909 1323; x_wconf 88' lang='lat' dir='ltr'><strong>nostrum</strong></span> <span class='ocrx_word' id='word_1_64' title='bbox 938 1283 1037 1336; x_wconf 89' lang='lat' dir='ltr'><strong>pro</strong></span> <span class='ocrx_word' id='word_1_65' title='bbox 1066 1266 1301 1338; x_wconf 74' lang='lat' dir='ltr'><strong>parvulis</strong></span> <span class='ocrx_word' id='word_1_66' title='bbox 1321 1305 1336 1330; x_wconf 94' lang='lat'><strong>,</strong></span> <span class='ocrx_word' id='word_1_67' title='bbox 1372 1263 1654 1318; x_wconf 87' lang='lat' dir='ltr'><strong>insolenti-</strong></span> 
     </span>
    </p>
   </div>
   <div class='ocr_carea' id='block_1_12' title="bbox 97 1355 1648 1432">
    <p class='ocr_par' dir='ltr' id='par_1_12' title="bbox 97 1355 1648 1432">
     <span class='ocr_line' id='line_1_12' title="bbox 97 1355 1648 1432; baseline -0.01 -12"><span class='ocrx_word' id='word_1_68' title='bbox 97 1365 180 1420; x_wconf 96' lang='lat' dir='ltr'><strong>bus</strong></span> <span class='ocrx_word' id='word_1_69' title='bbox 213 1375 560 1432; x_wconf 77' lang='lat' dir='ltr'><strong>Opponamus.</strong></span> <span class='ocrx_word' id='word_1_70' title='bbox 609 1357 847 1414; x_wconf 83' lang='lat' dir='ltr'><strong>Fortuna</strong></span> <span class='ocrx_word' id='word_1_71' title='bbox 893 1359 1070 1412; x_wconf 88' lang='lat' dir='ltr'><strong>minor</strong></span> <span class='ocrx_word' id='word_1_72' title='bbox 1105 1357 1401 1427; x_wconf 82' lang='lat' dir='ltr'><strong>principem</strong></span> <span class='ocrx_word' id='word_1_73' title='bbox 1437 1355 1648 1423; x_wconf 76' lang='lat' dir='ltr'><strong>qumrit,</strong></span> 
     </span>
    </p>
   </div>
   <div class='ocr_carea' id='block_1_13' title="bbox 99 1445 1654 1524">
    <p class='ocr_par' dir='ltr' id='par_1_13' title="bbox 99 1445 1654 1524">
     <span class='ocr_line' id='line_1_13' title="bbox 99 1445 1654 1524; baseline -0.008 -14"><span class='ocrx_word' id='word_1_74' title='bbox 99 1454 203 1524; x_wconf 86' lang='lat' dir='ltr'><strong>quia</strong></span> <span class='ocrx_word' id='word_1_75' title='bbox 235 1454 286 1505; x_wconf 83' lang='lat' dir='ltr'><strong>in</strong></span> <span class='ocrx_word' id='word_1_76' title='bbox 316 1449 764 1519; x_wconf 77' lang='lat' dir='ltr'><strong>vituperationem</strong></span> <span class='ocrx_word' id='word_1_77' title='bbox 793 1457 1033 1502; x_wconf 85' lang='lat' dir='ltr'><strong>nostram</strong></span> <span class='ocrx_word' id='word_1_78' title='bbox 1077 1445 1568 1514; x_wconf 83' lang='lat' dir='ltr'><strong>corruunt,quibus</strong></span> <span class='ocrx_word' id='word_1_79' title='bbox 1595 1459 1654 1498; x_wconf 90' lang='lat' dir='ltr'><strong>se</strong></span> 
     </span>
    </p>
   </div>
   <div class='ocr_carea' id='block_1_14' title="bbox 103 1532 1656 1614">
    <p class='ocr_par' dir='ltr' id='par_1_14' title="bbox 103 1532 1656 1614">
     <span class='ocr_line' id='line_1_14' title="bbox 103 1532 1656 1614; baseline -0.007 -16"><span class='ocrx_word' id='word_1_80' title='bbox 103 1543 285 1614; x_wconf 87' lang='lat' dir='ltr'><strong>publica</strong></span> <span class='ocrx_word' id='word_1_81' title='bbox 309 1549 433 1595; x_wconf 81' lang='lat' dir='ltr'><strong>vota</strong></span> <span class='ocrx_word' id='word_1_82' title='bbox 459 1538 789 1594; x_wconf 83' lang='lat' dir='ltr'><strong>subducunt.</strong></span> <span class='ocrx_word' id='word_1_83' title='bbox 830 1537 1076 1592; x_wconf 79' lang='lat' dir='ltr'><strong>Venantii</strong></span> <span class='ocrx_word' id='word_1_84' title='bbox 1104 1536 1286 1604; x_wconf 80' lang='lat' dir='ltr'><strong>itaque</strong></span> <span class='ocrx_word' id='word_1_85' title='bbox 1313 1534 1504 1588; x_wconf 86' lang='lat' dir='ltr'><strong>tutoris</strong></span> <span class='ocrx_word' id='word_1_86' title='bbox 1531 1532 1656 1587; x_wconf 83' lang='lat' dir='ltr'><strong>Plu-</strong></span> 
     </span>
    </p>
   </div>
   <div class='ocr_carea' id='block_1_15' title="bbox 100 1625 1655 1704">
    <p class='ocr_par' dir='ltr' id='par_1_15' title="bbox 100 1625 1655 1704">
     <span class='ocr_line' id='line_1_15' title="bbox 100 1625 1655 1704; baseline -0.008 -14"><span class='ocrx_word' id='word_1_87' title='bbox 100 1635 211 1690; x_wconf 84' lang='lat' dir='ltr'><strong>tiani</strong></span> <span class='ocrx_word' id='word_1_88' title='bbox 235 1631 558 1704; x_wconf 84' lang='lat' dir='ltr'><strong>lacrymabili</strong></span> <span class='ocrx_word' id='word_1_89' title='bbox 584 1629 926 1698; x_wconf 72' lang='lat' dir='ltr'><strong>suggestione</strong></span> <span class='ocrx_word' id='word_1_90' title='bbox 945 1629 1326 1699; x_wconf 85' lang='lat' dir='ltr'><strong>comperimus,</strong></span> <span class='ocrx_word' id='word_1_91' title='bbox 1345 1625 1655 1680; x_wconf 82' lang='lat' dir='ltr'><strong>Neoterium</strong></span> 
     </span>
    </p>
   </div>
   <div class='ocr_carea' id='block_1_16' title="bbox 101 1716 1655 1788">
    <p class='ocr_par' dir='ltr' id='par_1_16' title="bbox 101 1716 1655 1788">
     <span class='ocr_line' id='line_1_16' title="bbox 101 1716 1655 1788; baseline -0.006 -9"><span class='ocrx_word' id='word_1_92' title='bbox 101 1724 290 1779; x_wconf 77' lang='lat' dir='ltr'><strong>fratrem</strong></span> <span class='ocrx_word' id='word_1_93' title='bbox 313 1737 502 1787; x_wconf 90' lang='lat' dir='ltr'><strong>suum,</strong></span> <span class='ocrx_word' id='word_1_94' title='bbox 542 1720 795 1774; x_wconf 77' lang='lat' dir='ltr'><strong>allectum</strong></span> <span class='ocrx_word' id='word_1_95' title='bbox 835 1718 1205 1788; x_wconf 75' lang='lat' dir='ltr'><strong>germanitatis</strong></span> <span class='ocrx_word' id='word_1_96' title='bbox 1233 1717 1481 1780; x_wconf 89' lang='lat' dir='ltr'><strong>oblitum,</strong></span> <span class='ocrx_word' id='word_1_97' title='bbox 1514 1716 1655 1771; x_wconf 86' lang='lat' dir='ltr'><strong>bona</strong></span> 
     </span>
    </p>
   </div>
   <div class='ocr_carea' id='block_1_17' title="bbox 100 1807 1656 1883">
    <p class='ocr_par' dir='ltr' id='par_1_17' title="bbox 100 1807 1656 1883">
     <span class='ocr_line' id='line_1_17' title="bbox 100 1807 1656 1883; baseline -0.006 -15"><span class='ocrx_word' id='word_1_98' title='bbox 100 1811 280 1883; x_wconf 82' lang='lat' dir='ltr'><strong>parvuli</strong></span> <span class='ocrx_word' id='word_1_99' title='bbox 305 1810 481 1866; x_wconf 89' lang='lat' dir='ltr'><strong>hostili</strong></span> <span class='ocrx_word' id='word_1_100' title='bbox 521 1809 700 1864; x_wconf 84' lang='lat' dir='ltr'><strong>furore</strong></span> <span class='ocrx_word' id='word_1_101' title='bbox 731 1809 1014 1863; x_wconf 88' lang='lat' dir='ltr'><strong>lacerasse.</strong></span> <span class='ocrx_word' id='word_1_102' title='bbox 1042 1807 1193 1874; x_wconf 81' lang='lat' dir='ltr'><strong>Quod</strong></span> <span class='ocrx_word' id='word_1_103' title='bbox 1225 1821 1326 1861; x_wconf 90' lang='lat' dir='ltr'><strong>nos</strong></span> <span class='ocrx_word' id='word_1_104' title='bbox 1352 1821 1452 1876; x_wconf 89' lang='lat' dir='ltr'><strong>pro</strong></span> <span class='ocrx_word' id='word_1_105' title='bbox 1480 1821 1656 1860; x_wconf 90' lang='lat' dir='ltr'><strong>rerum</strong></span> 
     </span>
    </p>
   </div>
   <div class='ocr_carea' id='block_1_18' title="bbox 97 1897 1656 1964">
    <p class='ocr_par' dir='ltr' id='par_1_18' title="bbox 97 1897 1656 1964">
     <span class='ocr_line' id='line_1_18' title="bbox 97 1897 1656 1964; baseline -0.008 -6"><span class='ocrx_word' id='word_1_106' title='bbox 97 1917 285 1958; x_wconf 87' lang='lat' dir='ltr'><strong>suarum</strong></span> <span class='ocrx_word' id='word_1_107' title='bbox 337 1901 634 1956; x_wconf 86' lang='lat' dir='ltr'><strong>acerbitate</strong></span> <span class='ocrx_word' id='word_1_108' title='bbox 691 1899 986 1954; x_wconf 83' lang='lat' dir='ltr'><strong>commovit</strong></span> <span class='ocrx_word' id='word_1_109' title='bbox 1023 1915 1038 1950; x_wconf 91' lang='lat'><strong>:</strong></span> <span class='ocrx_word' id='word_1_110' title='bbox 1077 1911 1145 1952; x_wconf 89' lang='lat' dir='ltr'><strong>ne</strong></span> <span class='ocrx_word' id='word_1_111' title='bbox 1197 1897 1412 1964; x_wconf 88' lang='lat' dir='ltr'><strong>largitas</strong></span> <span class='ocrx_word' id='word_1_112' title='bbox 1451 1904 1656 1959; x_wconf 86' lang='lat' dir='ltr'><strong>nostra,</strong></span> 
     </span>
    </p>
   </div>
   <div class='ocr_carea' id='block_1_19' title="bbox 98 1987 1660 2061">
    <p class='ocr_par' dir='ltr' id='par_1_19' title="bbox 98 1987 1660 2061">
     <span class='ocr_line' id='line_1_19' title="bbox 98 1987 1660 2061; baseline -0.004 -15"><span class='ocrx_word' id='word_1_113' title='bbox 98 2005 234 2061; x_wconf 86' lang='lat' dir='ltr'><strong>quam</strong></span> <span class='ocrx_word' id='word_1_114' title='bbox 261 1991 402 2046; x_wconf 86' lang='lat' dir='ltr'><strong>velut</strong></span> <span class='ocrx_word' id='word_1_115' title='bbox 427 1989 642 2044; x_wconf 78' lang='lat' dir='ltr'><strong>titulum</strong></span> <span class='ocrx_word' id='word_1_116' title='bbox 680 1989 930 2043; x_wconf 84' lang='lat' dir='ltr'><strong>volumus</strong></span> <span class='ocrx_word' id='word_1_117' title='bbox 960 1997 1106 2041; x_wconf 87' lang='lat' dir='ltr'><strong>stare</strong></span> <span class='ocrx_word' id='word_1_118' title='bbox 1145 1987 1374 2057; x_wconf 89' lang='lat' dir='ltr'><strong>pietatis,</strong></span> <span class='ocrx_word' id='word_1_119' title='bbox 1409 1993 1660 2056; x_wconf 85' lang='lat' dir='ltr'><strong>usurpata</strong></span> 
     </span>
    </p>
   </div>
   <div class='ocr_carea' id='block_1_20' title="bbox 101 2063 1662 2152">
    <p class='ocr_par' dir='ltr' id='par_1_20' title="bbox 101 2063 1662 2152">
     <span class='ocr_line' id='line_1_20' title="bbox 101 2063 1662 2152; baseline -0.003 -15"><span class='ocrx_word' id='word_1_120' title='bbox 101 2081 581 2152; x_wconf 72' lang='lat' dir='ltr'><strong>pmsumptionibus</strong></span> <span class='ocrx_word' id='word_1_121' title='bbox 619 2079 865 2134; x_wconf 86' lang='lat' dir='ltr'><strong>videatur</strong></span> <span class='ocrx_word' id='word_1_122' title='bbox 908 2063 1137 2141; x_wconf 50' lang='lat' dir='ltr'><strong>illicitis;</strong></span> <span class='ocrx_word' id='word_1_123' title='bbox 1179 2088 1236 2133; x_wconf 88' lang='lat' dir='ltr'><strong>et</strong></span> <span class='ocrx_word' id='word_1_124' title='bbox 1274 2078 1398 2147; x_wconf 88' lang='lat' dir='ltr'><strong>quia</strong></span> <span class='ocrx_word' id='word_1_125' title='bbox 1440 2077 1662 2133; x_wconf 87' lang='lat' dir='ltr'><strong>dubium</strong></span> 
     </span>
    </p>
   </div>
   <div class='ocr_carea' id='block_1_21' title="bbox 107 2171 1662 2243">
    <p class='ocr_par' dir='ltr' id='par_1_21' title="bbox 107 2171 1662 2243">
     <span class='ocr_line' id='line_1_21' title="bbox 107 2171 1662 2243; baseline -0.003 -16"><span class='ocrx_word' id='word_1_126' title='bbox 107 2191 196 2229; x_wconf 87' lang='lat' dir='ltr'><strong>non</strong></span> <span class='ocrx_word' id='word_1_127' title='bbox 231 2182 309 2228; x_wconf 88' lang='lat' dir='ltr'><strong>est</strong></span> <span class='ocrx_word' id='word_1_128' title='bbox 347 2173 398 2228; x_wconf 92' lang='lat' dir='ltr'><strong>in</strong></span> <span class='ocrx_word' id='word_1_129' title='bbox 439 2173 768 2243; x_wconf 87' lang='lat' dir='ltr'><strong>repetitione</strong></span> <span class='ocrx_word' id='word_1_130' title='bbox 818 2172 1040 2226; x_wconf 88' lang='lat' dir='ltr'><strong>minoris</strong></span> <span class='ocrx_word' id='word_1_131' title='bbox 1082 2171 1314 2226; x_wconf 78' lang='lat' dir='ltr'><strong>maxime</strong></span> <span class='ocrx_word' id='word_1_132' title='bbox 1353 2171 1662 2226; x_wconf 88' lang='lat' dir='ltr'><strong>submoveri</strong></span> 
     </span>
    </p>
   </div>
   <div class='ocr_carea' id='block_1_22' title="bbox 105 2259 1664 2332">
    <p class='ocr_par' dir='ltr' id='par_1_22' title="bbox 105 2259 1664 2332">
     <span class='ocr_line' id='line_1_22' title="bbox 105 2259 1664 2332; baseline 0 -16"><span class='ocrx_word' id='word_1_133' title='bbox 105 2261 350 2332; x_wconf 85' lang='lat' dir='ltr'><strong>dispendia</strong></span> <span class='ocrx_word' id='word_1_134' title='bbox 375 2261 664 2328; x_wconf 88' lang='lat' dir='ltr'><strong>tarditatis,</strong></span> <span class='ocrx_word' id='word_1_135' title='bbox 691 2259 815 2316; x_wconf 85' lang='lat' dir='ltr'><strong>ideo</strong></span> <span class='ocrx_word' id='word_1_136' title='bbox 842 2261 1058 2316; x_wconf 83' lang='lat' dir='ltr'><strong>devotio</strong></span> <span class='ocrx_word' id='word_1_137' title='bbox 1081 2271 1196 2328; x_wconf 92' lang='lat' dir='ltr'><strong>tua,</strong></span> <span class='ocrx_word' id='word_1_138' title='bbox 1222 2269 1402 2315; x_wconf 87' lang='lat' dir='ltr'><strong>nostra</strong></span> <span class='ocrx_word' id='word_1_139' title='bbox 1419 2259 1664 2330; x_wconf 85' lang='lat' dir='ltr'><strong>jussione</strong></span> 
     </span>
    </p>
   </div>
   <div class='ocr_carea' id='block_1_23' title="bbox 103 2351 1664 2421">
    <p class='ocr_par' dir='ltr' id='par_1_23' title="bbox 103 2351 1664 2421">
     <span class='ocr_line' id='line_1_23' title="bbox 103 2351 1664 2421; baseline -0.001 -16"><span class='ocrx_word' id='word_1_140' title='bbox 103 2351 322 2416; x_wconf 72' lang='lat' dir='ltr'><strong>ﬁrmata,</strong></span> <span class='ocrx_word' id='word_1_141' title='bbox 363 2353 410 2406; x_wconf 92' lang='lat' dir='ltr'><strong>si</strong></span> <span class='ocrx_word' id='word_1_142' title='bbox 448 2353 586 2407; x_wconf 83' lang='lat' dir='ltr'><strong>nihil</strong></span> <span class='ocrx_word' id='word_1_143' title='bbox 631 2362 715 2407; x_wconf 75' lang='lat' dir='ltr'><strong>est</strong></span> <span class='ocrx_word' id='word_1_144' title='bbox 757 2351 904 2421; x_wconf 89' lang='lat' dir='ltr'><strong>quod</strong></span> <span class='ocrx_word' id='word_1_145' title='bbox 953 2351 1345 2406; x_wconf 82' lang='lat' dir='ltr'><strong>rationabiliter</strong></span> <span class='ocrx_word' id='word_1_146' title='bbox 1381 2366 1411 2404; x_wconf 90' lang='lat' dir='ltr'><strong>a</strong></span> <span class='ocrx_word' id='word_1_147' title='bbox 1452 2351 1664 2420; x_wconf 87' lang='lat' dir='ltr'><strong>pulsato</strong></span> 
     </span>
    </p>
   </div>
   <div class='ocr_carea' id='block_1_24' title="bbox 105 2441 1667 2516">
    <p class='ocr_par' dir='ltr' id='par_1_24' title="bbox 105 2441 1667 2516">
     <span class='ocr_line' id='line_1_24' title="bbox 105 2441 1667 2516; baseline -0.003 -16"><span class='ocrx_word' id='word_1_148' title='bbox 105 2445 250 2514; x_wconf 88' lang='lat' dir='ltr'><strong>possit</strong></span> <span class='ocrx_word' id='word_1_149' title='bbox 283 2447 503 2516; x_wconf 87' lang='lat' dir='ltr'><strong>opponi,</strong></span> <span class='ocrx_word' id='word_1_150' title='bbox 549 2444 846 2514; x_wconf 86' lang='lat' dir='ltr'><strong>postulatas</strong></span> <span class='ocrx_word' id='word_1_151' title='bbox 885 2459 972 2498; x_wconf 78' lang='lat' dir='ltr'><strong>res</strong></span> <span class='ocrx_word' id='word_1_152' title='bbox 1007 2443 1261 2513; x_wconf 65' lang='lat' dir='ltr'><strong>praedicto</strong></span> <span class='ocrx_word' id='word_1_153' title='bbox 1302 2441 1467 2498; x_wconf 84' lang='lat' dir='ltr'><strong>tutori</strong></span> <span class='ocrx_word' id='word_1_154' title='bbox 1505 2441 1667 2498; x_wconf 85' lang='lat' dir='ltr'><strong>faciat</strong></span> 
     </span>
    </p>
   </div>
   <div class='ocr_carea' id='block_1_25' title="bbox 103 2535 1666 2605">
    <p class='ocr_par' dir='ltr' id='par_1_25' title="bbox 103 2535 1666 2605">
     <span class='ocr_line' id='line_1_25' title="bbox 103 2535 1666 2605; baseline -0.001 -15"><span class='ocrx_word' id='word_1_155' title='bbox 103 2537 200 2590; x_wconf 84' lang='lat' dir='ltr'><strong>sine</strong></span> <span class='ocrx_word' id='word_1_156' title='bbox 220 2537 468 2592; x_wconf 87' lang='lat' dir='ltr'><strong>dilatione</strong></span> <span class='ocrx_word' id='word_1_157' title='bbox 500 2537 731 2592; x_wconf 87' lang='lat' dir='ltr'><strong>restitui.</strong></span> <span class='ocrx_word' id='word_1_158' title='bbox 777 2535 883 2590; x_wconf 79' lang='lat' dir='ltr'><strong>Aut</strong></span> <span class='ocrx_word' id='word_1_159' title='bbox 915 2535 959 2590; x_wconf 91' lang='lat' dir='ltr'><strong>si</strong></span> <span class='ocrx_word' id='word_1_160' title='bbox 988 2535 1114 2604; x_wconf 88' lang='lat' dir='ltr'><strong>quid</strong></span> <span class='ocrx_word' id='word_1_161' title='bbox 1145 2543 1230 2590; x_wconf 90' lang='lat' dir='ltr'><strong>est</strong></span> <span class='ocrx_word' id='word_1_162' title='bbox 1253 2535 1398 2604; x_wconf 85' lang='lat' dir='ltr'><strong>quod</strong></span> <span class='ocrx_word' id='word_1_163' title='bbox 1428 2551 1526 2605; x_wconf 91' lang='lat' dir='ltr'><strong>pro</strong></span> <span class='ocrx_word' id='word_1_164' title='bbox 1555 2535 1666 2590; x_wconf 86' lang='lat' dir='ltr'><strong>suis</strong></span> 
     </span>
    </p>
   </div>
   <div class='ocr_carea' id='block_1_26' title="bbox 105 2623 1666 2699">
    <p class='ocr_par' dir='ltr' id='par_1_26' title="bbox 105 2623 1666 2699">
     <span class='ocr_line' id='line_1_26' title="bbox 105 2623 1666 2699; baseline -0.003 -18"><span class='ocrx_word' id='word_1_165' title='bbox 105 2627 316 2696; x_wconf 85' lang='lat' dir='ltr'><strong>partibus</strong></span> <span class='ocrx_word' id='word_1_166' title='bbox 336 2629 564 2683; x_wconf 87' lang='lat' dir='ltr'><strong>intentio</strong></span> <span class='ocrx_word' id='word_1_167' title='bbox 586 2627 875 2683; x_wconf 89' lang='lat' dir='ltr'><strong>retentoris</strong></span> <span class='ocrx_word' id='word_1_168' title='bbox 895 2625 990 2699; x_wconf 73' lang='grc' dir='ltr'><strong>[υ.</strong></span> <span class='ocrx_word' id='word_1_169' title='bbox 1008 2623 1156 2680; x_wconf 77' lang='lat' dir='ltr'><strong>Grut.</strong></span> <span class='ocrx_word' id='word_1_170' title='bbox 1179 2635 1230 2680; x_wconf 89' lang='lat' dir='ltr'><strong>et</strong></span> <span class='ocrx_word' id='word_1_171' title='bbox 1251 2623 1462 2697; x_wconf 86' lang='lat' dir='ltr'><strong>Cujac.,</strong></span> <span class='ocrx_word' id='word_1_172' title='bbox 1484 2635 1666 2680; x_wconf 81' lang='lat' dir='ltr'><strong>reten-</strong></span> 
     </span>
    </p>
   </div>
   <div class='ocr_carea' id='block_1_27' title="bbox 107 2715 1668 2790">
    <p class='ocr_par' dir='ltr' id='par_1_27' title="bbox 107 2715 1668 2790">
     <span class='ocr_line' id='line_1_27' title="bbox 107 2715 1668 2790; baseline -0.002 -18"><span class='ocrx_word' id='word_1_173' title='bbox 107 2717 292 2790; x_wconf 83' lang='lat' dir='ltr'><strong>tatoris]</strong></span> <span class='ocrx_word' id='word_1_174' title='bbox 331 2719 596 2789; x_wconf 89' lang='lat' dir='ltr'><strong>objiciat,</strong></span> <span class='ocrx_word' id='word_1_175' title='bbox 644 2717 798 2790; x_wconf 75' lang='lat' dir='ltr'><strong>legali</strong></span> <span class='ocrx_word' id='word_1_176' title='bbox 859 2717 1128 2788; x_wconf 71' lang='lat' dir='ltr'><strong>positime</strong></span> <span class='ocrx_word' id='word_1_177' title='bbox 1182 2717 1558 2786; x_wconf 74' lang='lat' dir='ltr'><strong>prmcedente,</strong></span> <span class='ocrx_word' id='word_1_178' title='bbox 1601 2715 1668 2770; x_wconf 90' lang='lat' dir='ltr'><strong>ad</strong></span> 
     </span>
    </p>
   </div>
   <div class='ocr_carea' id='block_1_28' title="bbox 105 2805 1668 2878">
    <p class='ocr_par' dir='ltr' id='par_1_28' title="bbox 105 2805 1668 2878">
     <span class='ocr_line' id='line_1_28' title="bbox 105 2805 1668 2878; baseline -0.004 -15"><span class='ocrx_word' id='word_1_179' title='bbox 105 2818 319 2866; x_wconf 86' lang='lat' dir='ltr'><strong>nostrum</strong></span> <span class='ocrx_word' id='word_1_180' title='bbox 342 2811 532 2866; x_wconf 89' lang='lat' dir='ltr'><strong>venire</strong></span> <span class='ocrx_word' id='word_1_181' title='bbox 564 2809 890 2878; x_wconf 88' lang='lat' dir='ltr'><strong>deproperet</strong></span> <span class='ocrx_word' id='word_1_182' title='bbox 912 2807 1260 2872; x_wconf 89' lang='lat' dir='ltr'><strong>comitatum;</strong></span> <span class='ocrx_word' id='word_1_183' title='bbox 1296 2815 1357 2862; x_wconf 92' lang='lat' dir='ltr'><strong>ut</strong></span> <span class='ocrx_word' id='word_1_184' title='bbox 1385 2805 1668 2874; x_wconf 82' lang='lat' dir='ltr'><strong>allegatio-</strong></span> 
     </span>
    </p>
   </div>
   <div class='ocr_carea' id='block_1_29' title="bbox 105 2895 1669 2971">
    <p class='ocr_par' dir='ltr' id='par_1_29' title="bbox 105 2895 1669 2971">
     <span class='ocr_line' id='line_1_29' title="bbox 105 2895 1669 2971; baseline -0.003 -17"><span class='ocrx_word' id='word_1_185' title='bbox 105 2899 239 2956; x_wconf 84' lang='lat' dir='ltr'><strong>nibus</strong></span> <span class='ocrx_word' id='word_1_186' title='bbox 263 2901 487 2971; x_wconf 89' lang='lat' dir='ltr'><strong>cognitis</strong></span> <span class='ocrx_word' id='word_1_187' title='bbox 513 2940 530 2967; x_wconf 92' lang='lat'><strong>,</strong></span> <span class='ocrx_word' id='word_1_188' title='bbox 571 2915 670 2970; x_wconf 88' lang='lat' dir='ltr'><strong>pro</strong></span> <span class='ocrx_word' id='word_1_189' title='bbox 713 2898 1102 2954; x_wconf 86' lang='lat' dir='ltr'><strong>consuetudine</strong></span> <span class='ocrx_word' id='word_1_190' title='bbox 1130 2905 1332 2952; x_wconf 73' lang='lat' dir='ltr'><strong>nostra:</strong></span> <span class='ocrx_word' id='word_1_191' title='bbox 1363 2895 1669 2966; x_wconf 88' lang='lat' dir='ltr'><strong>judicemus</strong></span> 
     </span>
    </p>
   </div>
   <div class='ocr_carea' id='block_1_30' title="bbox 103 2991 360 3060">
    <p class='ocr_par' dir='ltr' id='par_1_30' title="bbox 103 2991 360 3060">
     <span class='ocr_line' id='line_1_30' title="bbox 103 2991 360 3060; baseline 0.004 -15"><span class='ocrx_word' id='word_1_192' title='bbox 103 2991 360 3060; x_wconf 72' lang='lat' dir='ltr'><strong>aquitatis.</strong></span> 
     </span>
    </p>
   </div>
   <div class='ocr_carea' id='block_1_31' title="bbox 647 3116 1104 3173">
    <p class='ocr_par' dir='ltr' id='par_1_31' title="bbox 647 3116 1104 3173">
     <span class='ocr_line' id='line_1_31' title="bbox 647 3116 1104 3173; baseline -0.002 -1"><span class='ocrx_word' id='word_1_193' title='bbox 647 3117 975 3173; x_wconf 75' lang='lat' dir='ltr'><strong>EPISTULA</strong></span> <span class='ocrx_word' id='word_1_194' title='bbox 1016 3116 1104 3171; x_wconf 80' lang='lat' dir='ltr'><strong>IX.</strong></span> 
     </span>
    </p>
   </div>
   <div class='ocr_carea' id='block_1_32' title="bbox 105 3245 918 3287">
    <p class='ocr_par' dir='ltr' id='par_1_32' title="bbox 105 3245 918 3287">
     <span class='ocr_line' id='line_1_32' title="bbox 105 3245 918 3287; baseline -0.002 -1"><span class='ocrx_word' id='word_1_195' title='bbox 105 3245 372 3287; x_wconf 72' lang='lat' dir='ltr'><strong>ﬂlSTOIGIO</strong></span> <span class='ocrx_word' id='word_1_196' title='bbox 427 3245 556 3286; x_wconf 74' lang='lat' dir='ltr'><strong>VIBO</strong></span> <span class='ocrx_word' id='word_1_197' title='bbox 603 3246 918 3287; x_wconf 70' lang='lat' dir='ltr'><strong>VENEBABILI</strong></span> 
     </span>
    </p>
   </div>
   <div class='ocr_carea' id='block_1_33' title="bbox 606 3316 1136 3356">
    <p class='ocr_par' dir='ltr' id='par_1_33' title="bbox 606 3316 1136 3356">
     <span class='ocr_line' id='line_1_33' title="bbox 606 3316 1136 3356; baseline -0.006 0"><span class='ocrx_word' id='word_1_198' title='bbox 606 3316 972 3356; x_wconf 70' lang='lat' dir='ltr'><strong>&#39;I&#39;IIEODOBICUS</strong></span> <span class='ocrx_word' id='word_1_199' title='bbox 1012 3316 1136 3354; x_wconf 76' lang='grc' dir='ltr'><strong>ιιει.</strong></span> 
     </span>
    </p>
   </div>
   <div class='ocr_carea' id='block_1_34' title="bbox 105 3388 1669 3463">
    <p class='ocr_par' dir='ltr' id='par_1_34' title="bbox 105 3388 1669 3463">
     <span class='ocr_line' id='line_1_34' title="bbox 105 3388 1669 3463; baseline -0.002 -18"><span class='ocrx_word' id='word_1_200' title='bbox 105 3388 230 3446; x_wconf 86' lang='lat' dir='ltr'><strong>Dicit</strong></span> <span class='ocrx_word' id='word_1_201' title='bbox 253 3409 306 3448; x_wconf 88' lang='lat' dir='ltr'><strong>se</strong></span> <span class='ocrx_word' id='word_1_202' title='bbox 331 3393 630 3463; x_wconf 76' lang='lat' dir='ltr'><strong>episcopum</strong></span> <span class='ocrx_word' id='word_1_203' title='bbox 660 3392 975 3461; x_wconf 81' lang='lat' dir='ltr'><strong>Augustante</strong></span> <span class='ocrx_word' id='word_1_204' title='bbox 1010 3391 1229 3463; x_wconf 81' lang='lat' dir='ltr'><strong>ciuitatis</strong></span> <span class='ocrx_word' id='word_1_205' title='bbox 1256 3391 1406 3463; x_wconf 74' lang='lat' dir='ltr'><strong>falsis</strong></span> <span class='ocrx_word' id='word_1_206' title='bbox 1435 3389 1669 3463; x_wconf 83' lang='lat' dir='ltr'><strong>crimini-</strong></span> 
     </span>
    </p>
   </div>
   <div class='ocr_carea' id='block_1_35' title="bbox 166 3461 1666 3530">
    <p class='ocr_par' dir='ltr' id='par_1_35' title="bbox 166 3461 1666 3530">
     <span class='ocr_line' id='line_1_35' title="bbox 166 3461 1666 3530; baseline 0.001 -18"><span class='ocrx_word' id='word_1_207' title='bbox 166 3464 250 3516; x_wconf 84' lang='lat' dir='ltr'><strong>bus</strong></span> <span class='ocrx_word' id='word_1_208' title='bbox 275 3480 307 3516; x_wconf 89' lang='lat' dir='ltr'><strong>a</strong></span> <span class='ocrx_word' id='word_1_209' title='bbox 334 3461 539 3517; x_wconf 79' lang='lat' dir='ltr'><strong>clericis</strong></span> <span class='ocrx_word' id='word_1_210' title='bbox 569 3472 865 3530; x_wconf 81' lang='lat' dir='ltr'><strong>accusatum</strong></span> <span class='ocrx_word' id='word_1_211' title='bbox 907 3463 1087 3515; x_wconf 82' lang='lat' dir='ltr'><strong>honori</strong></span> <span class='ocrx_word' id='word_1_212' title='bbox 1113 3461 1333 3530; x_wconf 86' lang='lat' dir='ltr'><strong>pristino</strong></span> <span class='ocrx_word' id='word_1_213' title='bbox 1363 3461 1666 3526; x_wconf 77' lang='lat' dir='ltr'><strong>restituisse,</strong></span> 
     </span>
    </p>
   </div>
   <div class='ocr_carea' id='block_1_36' title="bbox 163 3529 1668 3603">
    <p class='ocr_par' dir='ltr' id='par_1_36' title="bbox 163 3529 1668 3603">
     <span class='ocr_line' id='line_1_36' title="bbox 163 3529 1668 3603; baseline -0.003 -17"><span class='ocrx_word' id='word_1_214' title='bbox 163 3542 208 3586; x_wconf 89' lang='lat' dir='ltr'><strong>et</strong></span> <span class='ocrx_word' id='word_1_215' title='bbox 250 3535 460 3587; x_wconf 82' lang='lat' dir='ltr'><strong>remittit</strong></span> <span class='ocrx_word' id='word_1_216' title='bbox 513 3532 583 3586; x_wconf 79' lang='lat' dir='ltr'><strong>ad</strong></span> <span class='ocrx_word' id='word_1_217' title='bbox 630 3529 968 3603; x_wconf 83' lang='lat' dir='ltr'><strong>Eustorgium</strong></span> <span class='ocrx_word' id='word_1_218' title='bbox 1013 3529 1224 3584; x_wconf 84' lang='lat' dir='ltr'><strong>clericos</strong></span> <span class='ocrx_word' id='word_1_219' title='bbox 1271 3531 1390 3585; x_wconf 90' lang='lat' dir='ltr'><strong>illos</strong></span> <span class='ocrx_word' id='word_1_220' title='bbox 1417 3571 1433 3596; x_wconf 93' lang='lat'><strong>,</strong></span> <span class='ocrx_word' id='word_1_221' title='bbox 1482 3538 1538 3583; x_wconf 86' lang='lat' dir='ltr'><strong>ut</strong></span> <span class='ocrx_word' id='word_1_222' title='bbox 1582 3545 1668 3582; x_wconf 92' lang='lat' dir='ltr'><strong>eos</strong></span> 
     </span>
    </p>
   </div>
   <div class='ocr_carea' id='block_1_37' title="bbox 163 3603 802 3674">
    <p class='ocr_par' dir='ltr' id='par_1_37' title="bbox 163 3603 802 3674">
     <span class='ocr_line' id='line_1_37' title="bbox 163 3603 802 3674; baseline -0.005 -18"><span class='ocrx_word' id='word_1_223' title='bbox 163 3603 323 3656; x_wconf 81' lang='lat' dir='ltr'><strong>debita</strong></span> <span class='ocrx_word' id='word_1_224' title='bbox 359 3619 514 3674; x_wconf 70' lang='lat' dir='ltr'><strong>paena</strong></span> <span class='ocrx_word' id='word_1_225' title='bbox 549 3610 802 3656; x_wconf 86' lang='lat' dir='ltr'><strong>coerceat.</strong></span> 
     </span>
    </p>
   </div>
   <div class='ocr_carea' id='block_1_38' title="bbox 973 3243 1669 3284">
    <p class='ocr_par' dir='ltr' id='par_1_38' title="bbox 973 3243 1669 3284">
     <span class='ocr_line' id='line_1_38' title="bbox 973 3243 1669 3284; baseline -0.001 0"><span class='ocrx_word' id='word_1_226' title='bbox 973 3243 1356 3284; x_wconf 71' lang='lat' dir='ltr'><strong>ll&#39;JthLANENSl</strong></span> <span class='ocrx_word' id='word_1_227' title='bbox 1419 3243 1669 3283; x_wconf 66' lang='lat' dir='ltr'><strong>EPIS‘IOPO</strong></span> 
     </span>
    </p>
   </div>
   <div class='ocr_carea' id='block_1_39' title="bbox 166 3710 1672 3781">
    <p class='ocr_par' dir='ltr' id='par_1_39' title="bbox 166 3710 1672 3781">
     <span class='ocr_line' id='line_1_39' title="bbox 166 3710 1672 3781; baseline -0.001 -13"><span class='ocrx_word' id='word_1_228' title='bbox 166 3711 291 3768; x_wconf 86' lang='lat' dir='ltr'><strong>Tuta</strong></span> <span class='ocrx_word' id='word_1_229' title='bbox 327 3723 409 3768; x_wconf 78' lang='lat' dir='ltr'><strong>est</strong></span> <span class='ocrx_word' id='word_1_230' title='bbox 443 3711 688 3768; x_wconf 81' lang='lat' dir='ltr'><strong>conditio</strong></span> <span class='ocrx_word' id='word_1_231' title='bbox 745 3710 1108 3781; x_wconf 86' lang='lat' dir='ltr'><strong>subjectorum</strong></span> <span class='ocrx_word' id='word_1_232' title='bbox 1133 3752 1150 3780; x_wconf 93' lang='lat'><strong>,</strong></span> <span class='ocrx_word' id='word_1_233' title='bbox 1190 3711 1278 3766; x_wconf 89' lang='lat' dir='ltr'><strong>ubi</strong></span> <span class='ocrx_word' id='word_1_234' title='bbox 1337 3710 1531 3764; x_wconf 85' lang='lat' dir='ltr'><strong>vivitur</strong></span> <span class='ocrx_word' id='word_1_235' title='bbox 1573 3713 1672 3767; x_wconf 89' lang='lat' dir='ltr'><strong>sub</strong></span> 
     </span>
    </p>
   </div>
   <div class='ocr_carea' id='block_1_40' title="bbox 109 3789 1669 3875">
    <p class='ocr_par' dir='ltr' id='par_1_40' title="bbox 109 3789 1669 3875">
     <span class='ocr_line' id='line_1_40' title="bbox 109 3789 1669 3875; baseline -0.003 -15"><span class='ocrx_word' id='word_1_236' title='bbox 109 3807 342 3874; x_wconf 77' lang='lat' dir='ltr'><strong>tequitate</strong></span> <span class='ocrx_word' id='word_1_237' title='bbox 367 3789 743 3875; x_wconf 85' lang='lat' dir='ltr'><strong>regnantium;</strong></span> <span class='ocrx_word' id='word_1_238' title='bbox 770 3819 872 3859; x_wconf 91' lang='lat' dir='ltr'><strong>nec</strong></span> <span class='ocrx_word' id='word_1_239' title='bbox 891 3803 1054 3858; x_wconf 88' lang='lat' dir='ltr'><strong>dubio</strong></span> <span class='ocrx_word' id='word_1_240' title='bbox 1073 3802 1237 3858; x_wconf 88' lang='lat' dir='ltr'><strong>debet</strong></span> <span class='ocrx_word' id='word_1_241' title='bbox 1261 3818 1478 3857; x_wconf 88' lang='lat' dir='ltr'><strong>rumore</strong></span> <span class='ocrx_word' id='word_1_242' title='bbox 1500 3802 1669 3873; x_wconf 84' lang='lat' dir='ltr'><strong>[mss.,</strong></span> 
     </span>
    </p>
   </div>
   <div class='ocr_carea' id='block_1_41' title="bbox 107 3892 1671 3966">
    <p class='ocr_par' dir='ltr' id='par_1_41' title="bbox 107 3892 1671 3966">
     <span class='ocr_line' id='line_1_41' title="bbox 107 3892 1671 3966; baseline -0.002 -15"><span class='ocrx_word' id='word_1_243' title='bbox 107 3897 232 3952; x_wconf 85' lang='lat' dir='ltr'><strong>ratio</strong></span> <span class='ocrx_word' id='word_1_244' title='bbox 247 3893 416 3966; x_wconf 85' lang='lat' dir='ltr'><strong>more]</strong></span> <span class='ocrx_word' id='word_1_245' title='bbox 435 3893 599 3959; x_wconf 88' lang='lat' dir='ltr'><strong>trahi,</strong></span> <span class='ocrx_word' id='word_1_246' title='bbox 618 3908 648 3946; x_wconf 90' lang='lat' dir='ltr'><strong>a</strong></span> <span class='ocrx_word' id='word_1_247' title='bbox 663 3907 772 3962; x_wconf 90' lang='lat' dir='ltr'><strong>quo</strong></span> <span class='ocrx_word' id='word_1_248' title='bbox 787 3892 988 3948; x_wconf 87' lang='lat' dir='ltr'><strong>debent</strong></span> <span class='ocrx_word' id='word_1_249' title='bbox 1003 3908 1109 3948; x_wconf 89' lang='lat' dir='ltr'><strong>non</strong></span> <span class='ocrx_word' id='word_1_250' title='bbox 1124 3893 1378 3947; x_wconf 89' lang='lat' dir='ltr'><strong>mutanda</strong></span> <span class='ocrx_word' id='word_1_251' title='bbox 1394 3892 1671 3948; x_wconf 89' lang='lat' dir='ltr'><strong>constitui.</strong></span> 
     </span>
    </p>
   </div>
   <div class='ocr_carea' id='block_1_42' title="bbox 105 3982 1673 4054">
    <p class='ocr_par' dir='ltr' id='par_1_42' title="bbox 105 3982 1673 4054">
     <span class='ocr_line' id='line_1_42' title="bbox 105 3982 1673 4054; baseline -0.002 -16"><span class='ocrx_word' id='word_1_252' title='bbox 105 3983 276 4040; x_wconf 79' lang='lat' dir='ltr'><strong>Fidem</strong></span> <span class='ocrx_word' id='word_1_253' title='bbox 313 3983 584 4054; x_wconf 85' lang='lat' dir='ltr'><strong>siquidem</strong></span> <span class='ocrx_word' id='word_1_254' title='bbox 626 3991 808 4038; x_wconf 88' lang='lat' dir='ltr'><strong>rerum</strong></span> <span class='ocrx_word' id='word_1_255' title='bbox 845 3996 877 4036; x_wconf 88' lang='lat' dir='ltr'><strong>a</strong></span> <span class='ocrx_word' id='word_1_256' title='bbox 913 3983 1127 4036; x_wconf 85' lang='lat' dir='ltr'><strong>ratione</strong></span> <span class='ocrx_word' id='word_1_257' title='bbox 1157 3982 1472 4050; x_wconf 82' lang='lat' dir='ltr'><strong>colligimus</strong></span> <span class='ocrx_word' id='word_1_258' title='bbox 1494 4023 1510 4048; x_wconf 94' lang='lat'><strong>,</strong></span> <span class='ocrx_word' id='word_1_259' title='bbox 1551 3996 1673 4051; x_wconf 74' lang='lat' dir='ltr'><strong>qum</strong></span> 
     </span>
    </p>
   </div>
   <div class='ocr_carea' id='block_1_43' title="bbox 107 4075 1675 4148">
    <p class='ocr_par' dir='ltr' id='par_1_43' title="bbox 107 4075 1675 4148">
     <span class='ocr_line' id='line_1_43' title="bbox 107 4075 1675 4148; baseline 0.002 -17"><span class='ocrx_word' id='word_1_260' title='bbox 107 4093 357 4148; x_wconf 86' lang='lat' dir='ltr'><strong>nunquam</strong></span> <span class='ocrx_word' id='word_1_261' title='bbox 377 4075 814 4134; x_wconf 87' lang='lat' dir='ltr'><strong>desiderantibus</strong></span> <span class='ocrx_word' id='word_1_262' title='bbox 841 4077 1209 4145; x_wconf 87' lang='lat' dir='ltr'><strong>absconditur,</strong></span> <span class='ocrx_word' id='word_1_263' title='bbox 1237 4079 1282 4132; x_wconf 91' lang='lat' dir='ltr'><strong>si</strong></span> <span class='ocrx_word' id='word_1_264' title='bbox 1305 4079 1418 4134; x_wconf 88' lang='lat' dir='ltr'><strong>suis</strong></span> <span class='ocrx_word' id='word_1_265' title='bbox 1436 4079 1675 4147; x_wconf 87' lang='lat' dir='ltr'><strong>vestigiis</strong></span> 
     </span>
    </p>
   </div>
   <div class='ocr_carea' id='block_1_44' title="bbox 105 4167 1676 4239">
    <p class='ocr_par' dir='ltr' id='par_1_44' title="bbox 105 4167 1676 4239">
     <span class='ocr_line' id='line_1_44' title="bbox 105 4167 1676 4239; baseline 0.001 -16"><span class='ocrx_word' id='word_1_266' title='bbox 105 4170 452 4239; x_wconf 83' lang='lat' dir='ltr'><strong>perquiratur.</strong></span> <span class='ocrx_word' id='word_1_267' title='bbox 521 4167 696 4238; x_wconf 82' lang='lat' dir='ltr'><strong>Atque</strong></span> <span class='ocrx_word' id='word_1_268' title='bbox 735 4167 855 4222; x_wconf 90' lang='lat' dir='ltr'><strong>ideo</strong></span> <span class='ocrx_word' id='word_1_269' title='bbox 881 4209 896 4232; x_wconf 92' lang='lat'><strong>,</strong></span> <span class='ocrx_word' id='word_1_270' title='bbox 937 4169 1078 4238; x_wconf 88' lang='lat' dir='ltr'><strong>quod</strong></span> <span class='ocrx_word' id='word_1_271' title='bbox 1116 4168 1430 4223; x_wconf 88' lang='lat' dir='ltr'><strong>beatitudini</strong></span> <span class='ocrx_word' id='word_1_272' title='bbox 1483 4179 1676 4224; x_wconf 70' lang='lat' dir='ltr'><strong>vestra:</strong></span> 
     </span>
    </p>
   </div>
   <div class='ocr_carea' id='block_1_45' title="bbox 105 4261 1675 4332">
    <p class='ocr_par' dir='ltr' id='par_1_45' title="bbox 105 4261 1675 4332">
     <span class='ocr_line' id='line_1_45' title="bbox 105 4261 1675 4332; baseline 0.001 -18"><span class='ocrx_word' id='word_1_273' title='bbox 105 4262 450 4328; x_wconf 88' lang='lat' dir='ltr'><strong>gratissimum</strong></span> <span class='ocrx_word' id='word_1_274' title='bbox 483 4275 606 4316; x_wconf 85' lang='lat' dir='ltr'><strong>esse</strong></span> <span class='ocrx_word' id='word_1_275' title='bbox 636 4261 968 4326; x_wconf 78' lang='lat' dir='ltr'><strong>conﬁdimus,</strong></span> <span class='ocrx_word' id='word_1_276' title='bbox 993 4262 1242 4332; x_wconf 76' lang='lat' dir='ltr'><strong>prmsepti</strong></span> <span class='ocrx_word' id='word_1_277' title='bbox 1269 4269 1458 4318; x_wconf 89' lang='lat' dir='ltr'><strong>tenore</strong></span> <span class='ocrx_word' id='word_1_278' title='bbox 1491 4263 1675 4318; x_wconf 88' lang='lat' dir='ltr'><strong>decla-</strong></span> 
     </span>
    </p>
   </div>
   <div class='ocr_carea' id='block_1_46' title="bbox 103 4351 1678 4423">
    <p class='ocr_par' dir='ltr' id='par_1_46' title="bbox 103 4351 1678 4423">
     <span class='ocr_line' id='line_1_46' title="bbox 103 4351 1678 4423; baseline 0.003 -18"><span class='ocrx_word' id='word_1_279' title='bbox 103 4366 292 4419; x_wconf 82' lang='lat' dir='ltr'><strong>ramus,</strong></span> <span class='ocrx_word' id='word_1_280' title='bbox 330 4351 660 4421; x_wconf 82' lang='lat' dir='ltr'><strong>Augustame</strong></span> <span class='ocrx_word' id='word_1_281' title='bbox 699 4351 932 4408; x_wconf 84' lang='lat' dir='ltr'><strong>civitatis</strong></span> <span class='ocrx_word' id='word_1_282' title='bbox 971 4353 1318 4423; x_wconf 87' lang='lat' dir='ltr'><strong>episcopum,</strong></span> <span class='ocrx_word' id='word_1_283' title='bbox 1359 4355 1678 4423; x_wconf 86' lang='lat' dir='ltr'><strong>proditionis</strong></span> 
     </span>
    </p>
   </div>
   <div class='ocr_carea' id='block_1_47' title="bbox 105 4441 1679 4513">
    <p class='ocr_par' dir='ltr' id='par_1_47' title="bbox 105 4441 1679 4513">
     <span class='ocr_line' id='line_1_47' title="bbox 105 4441 1679 4513; baseline 0.003 -17"><span class='ocrx_word' id='word_1_284' title='bbox 105 4442 278 4510; x_wconf 71' lang='lat' dir='ltr'><strong>patria:</strong></span> <span class='ocrx_word' id='word_1_285' title='bbox 304 4441 454 4497; x_wconf 79' lang='lat' dir='ltr'><strong>falsis</strong></span> <span class='ocrx_word' id='word_1_286' title='bbox 482 4441 947 4497; x_wconf 85' lang='lat' dir='ltr'><strong>criminationibus</strong></span> <span class='ocrx_word' id='word_1_287' title='bbox 969 4452 1308 4510; x_wconf 88' lang='lat' dir='ltr'><strong>accusatum;</strong></span> <span class='ocrx_word' id='word_1_288' title='bbox 1353 4445 1497 4513; x_wconf 87' lang='lat' dir='ltr'><strong>quia</strong></span> <span class='ocrx_word' id='word_1_289' title='bbox 1523 4445 1679 4500; x_wconf 89' lang='lat' dir='ltr'><strong>nobis</strong></span> 
     </span>
    </p>
   </div>
   <div class='ocr_carea' id='block_1_48' title="bbox 105 4530 1679 4608">
    <p class='ocr_par' dir='ltr' id='par_1_48' title="bbox 105 4530 1679 4608">
     <span class='ocr_line' id='line_1_48' title="bbox 105 4530 1679 4608; baseline 0.004 -23"><span class='ocrx_word' id='word_1_290' title='bbox 105 4530 283 4587; x_wconf 90' lang='lat' dir='ltr'><strong>honori</strong></span> <span class='ocrx_word' id='word_1_291' title='bbox 330 4533 563 4604; x_wconf 91' lang='lat' dir='ltr'><strong>pristino</strong></span> <span class='ocrx_word' id='word_1_292' title='bbox 603 4531 884 4587; x_wconf 89' lang='lat' dir='ltr'><strong>restitutus</strong></span> <span class='ocrx_word' id='word_1_293' title='bbox 909 4572 936 4598; x_wconf 88' lang='lat'><strong>,.</strong></span> <span class='ocrx_word' id='word_1_294' title='bbox 961 4533 1051 4601; x_wconf 87' lang='lat' dir='ltr'><strong>jus</strong></span> <span class='ocrx_word' id='word_1_295' title='bbox 1103 4535 1299 4590; x_wconf 89' lang='lat' dir='ltr'><strong>haheat</strong></span> <span class='ocrx_word' id='word_1_296' title='bbox 1338 4536 1679 4608; x_wconf 84' lang='lat' dir='ltr'><strong>episcOpatus</strong></span> 
     </span>
    </p>
   </div>
   <div class='ocr_carea' id='block_1_49' title="bbox 108 4621 1682 4692">
    <p class='ocr_par' dir='ltr' id='par_1_49' title="bbox 108 4621 1682 4692">
     <span class='ocr_line' id='line_1_49' title="bbox 108 4621 1682 4692; baseline 0.006 -18"><span class='ocrx_word' id='word_1_297' title='bbox 108 4635 257 4677; x_wconf 81' lang='lat' dir='ltr'><strong>ontne</strong></span> <span class='ocrx_word' id='word_1_298' title='bbox 282 4622 428 4692; x_wconf 89' lang='lat' dir='ltr'><strong>quod</strong></span> <span class='ocrx_word' id='word_1_299' title='bbox 469 4621 676 4677; x_wconf 87' lang='lat' dir='ltr'><strong>habuit.</strong></span> <span class='ocrx_word' id='word_1_300' title='bbox 709 4623 850 4678; x_wconf 82' lang='lat' dir='ltr'><strong>Nihil</strong></span> <span class='ocrx_word' id='word_1_301' title='bbox 871 4625 1012 4680; x_wconf 90' lang='lat' dir='ltr'><strong>enim</strong></span> <span class='ocrx_word' id='word_1_302' title='bbox 1053 4627 1104 4680; x_wconf 90' lang='lat' dir='ltr'><strong>in</strong></span> <span class='ocrx_word' id='word_1_303' title='bbox 1140 4629 1230 4682; x_wconf 89' lang='lat' dir='ltr'><strong>tali</strong></span> <span class='ocrx_word' id='word_1_304' title='bbox 1270 4627 1478 4683; x_wconf 89' lang='lat' dir='ltr'><strong>honore</strong></span> <span class='ocrx_word' id='word_1_305' title='bbox 1511 4637 1682 4684; x_wconf 86' lang='lat' dir='ltr'><strong>teme-</strong></span> 
     </span>
    </p>
   </div>
   <div class='ocr_carea' id='block_1_50' title="bbox 104 4711 1678 4790">
    <p class='ocr_par' dir='ltr' id='par_1_50' title="bbox 104 4711 1678 4790">
     <span class='ocr_line' id='line_1_50' title="bbox 104 4711 1678 4790; baseline 0.005 -24"><span class='ocrx_word' id='word_1_306' title='bbox 104 4711 232 4766; x_wconf 82' lang='lat' dir='ltr'><strong>raria</strong></span> <span class='ocrx_word' id='word_1_307' title='bbox 260 4712 590 4782; x_wconf 81' lang='lat' dir='ltr'><strong>cogitatione</strong></span> <span class='ocrx_word' id='word_1_308' title='bbox 618 4716 1046 4783; x_wconf 73' lang='lat' dir='ltr'><strong>prmsumendum</strong></span> <span class='ocrx_word' id='word_1_309' title='bbox 1085 4725 1189 4784; x_wconf 87' lang='lat' dir='ltr'><strong>est,</strong></span> <span class='ocrx_word' id='word_1_310' title='bbox 1219 4717 1306 4772; x_wconf 90' lang='lat' dir='ltr'><strong>ubi</strong></span> <span class='ocrx_word' id='word_1_311' title='bbox 1328 4719 1371 4772; x_wconf 85' lang='lat' dir='ltr'><strong>si</strong></span> <span class='ocrx_word' id='word_1_312' title='bbox 1397 4721 1678 4790; x_wconf 88' lang='lat' dir='ltr'><strong>proposito</strong></span> 
     </span>
    </p>
   </div>
   <div class='ocr_carea' id='block_1_51' title="bbox 169 4893 1680 4972">
    <p class='ocr_par' dir='ltr' id='par_1_51' title="bbox 169 4893 1680 4972">
     <span class='ocr_line' id='line_1_51' title="bbox 169 4893 1680 4972; baseline 0.009 -26"><span class='ocrx_word' id='word_1_313' title='bbox 169 4904 192 4932; x_wconf 83' lang='grc' dir='ltr'>ι</span> <span class='ocrx_word' id='word_1_314' title='bbox 228 4893 471 4972; x_wconf 59' lang='lat' dir='ltr'><strong>Fuerunt</strong></span> <span class='ocrx_word' id='word_1_315' title='bbox 499 4897 661 4952; x_wconf 66' lang='lat' dir='ltr'><strong>variae</strong></span> <span class='ocrx_word' id='word_1_316' title='bbox 704 4911 878 4972; x_wconf 45' lang='lat' dir='ltr'><strong>arae:</strong></span> <span class='ocrx_word' id='word_1_317' title='bbox 930 4906 987 4950; x_wconf 92' lang='lat' dir='ltr'><strong>ut</strong></span> <span class='ocrx_word' id='word_1_318' title='bbox 1014 4913 1136 4953; x_wconf 88' lang='lat' dir='ltr'><strong>arca</strong></span> <span class='ocrx_word' id='word_1_319' title='bbox 1179 4898 1456 4956; x_wconf 83' lang='lat' dir='ltr'><strong>theatralis</strong></span> <span class='ocrx_word' id='word_1_320' title='bbox 1481 4943 1498 4970; x_wconf 94' lang='lat'><strong>,</strong></span> <span class='ocrx_word' id='word_1_321' title='bbox 1527 4903 1680 4972; x_wconf 90' lang='lat' dir='ltr'><strong>cujus</strong></span> 
     </span>
    </p>
   </div>
   <div class='ocr_carea' id='block_1_52' title="bbox 104 4965 1678 5036">
    <p class='ocr_par' dir='ltr' id='par_1_52' title="bbox 104 4965 1678 5036">
     <span class='ocr_line' id='line_1_52' title="bbox 104 4965 1678 5036; baseline 0.007 -19"><span class='ocrx_word' id='word_1_322' title='bbox 104 4965 339 5036; x_wconf 80' lang='lat' dir='ltr'><strong>meminit</strong></span> <span class='ocrx_word' id='word_1_323' title='bbox 365 4967 612 5022; x_wconf 83' lang='lat' dir='ltr'><strong>Julianus</strong></span> <span class='ocrx_word' id='word_1_324' title='bbox 649 4983 773 5022; x_wconf 89' lang='lat' dir='ltr'><strong>nov.</strong></span> <span class='ocrx_word' id='word_1_325' title='bbox 803 4966 914 5036; x_wconf 75' lang='lat'><strong>65;</strong></span> <span class='ocrx_word' id='word_1_326' title='bbox 962 4983 1085 5022; x_wconf 87' lang='lat' dir='ltr'><strong>arca</strong></span> <span class='ocrx_word' id='word_1_327' title='bbox 1120 4973 1404 5036; x_wconf 68' lang='lat' dir='ltr'><strong>quaestoria</strong></span> <span class='ocrx_word' id='word_1_328' title='bbox 1455 4965 1510 5026; x_wconf 79' lang='lat' dir='ltr'><strong>et</strong></span> <span class='ocrx_word' id='word_1_329' title='bbox 1553 4965 1678 5029; x_wconf 75' lang='lat' dir='ltr'><strong>arca</strong></span> 
     </span>
    </p>
   </div>
   <div class='ocr_carea' id='block_1_53' title="bbox 105 5033 1680 5106">
    <p class='ocr_par' dir='ltr' id='par_1_53' title="bbox 105 5033 1680 5106">
     <span class='ocr_line' id='line_1_53' title="bbox 105 5033 1680 5106; baseline 0.009 -21"><span class='ocrx_word' id='word_1_330' title='bbox 105 5033 332 5106; x_wconf 60' lang='lat' dir='ltr'><strong>praefecti</strong></span> <span class='ocrx_word' id='word_1_331' title='bbox 395 5037 651 5106; x_wconf 59' lang='lat' dir='ltr'><strong>praetorio</strong></span> <span class='ocrx_word' id='word_1_332' title='bbox 704 5037 740 5090; x_wconf 86' lang='grc' dir='ltr'><strong>Ι.</strong></span> <span class='ocrx_word' id='word_1_333' title='bbox 774 5035 864 5106; x_wconf 18' lang='lat' dir='ltr'><strong>79A</strong></span> <span class='ocrx_word' id='word_1_334' title='bbox 899 5045 954 5090; x_wconf 90' lang='lat' dir='ltr'><strong>et</strong></span> <span class='ocrx_word' id='word_1_335' title='bbox 1001 5037 1097 5092; x_wconf 90' lang='lat' dir='ltr'><strong>ult.</strong></span> <span class='ocrx_word' id='word_1_336' title='bbox 1138 5033 1286 5094; x_wconf 47' lang='lat' dir='ltr'><strong>&#39;Cod.</strong></span> <span class='ocrx_word' id='word_1_337' title='bbox 1340 5040 1544 5098; x_wconf 90' lang='lat' dir='ltr'><strong>Theod.</strong></span> <span class='ocrx_word' id='word_1_338' title='bbox 1611 5045 1680 5100; x_wconf 90' lang='lat' dir='ltr'><strong>de</strong></span> 
     </span>
    </p>
   </div>
   <div class='ocr_carea' id='block_1_54' title="bbox 104 5103 1676 5180">
    <p class='ocr_par' dir='ltr' id='par_1_54' title="bbox 104 5103 1676 5180">
     <span class='ocr_line' id='line_1_54' title="bbox 104 5103 1676 5180; baseline 0.008 -25"><span class='ocrx_word' id='word_1_339' title='bbox 104 5103 292 5180; x_wconf 75' lang='lat' dir='ltr'><strong>indulg.</strong></span> <span class='ocrx_word' id='word_1_340' title='bbox 347 5103 485 5180; x_wconf 54' lang='lat' dir='ltr'><strong>déb.</strong></span> <span class='ocrx_word' id='word_1_341' title='bbox 517 5107 552 5161; x_wconf 92' lang='lat' dir='ltr'><strong>l.</strong></span> <span class='ocrx_word' id='word_1_342' title='bbox 594 5123 724 5180; x_wconf 85' lang='lat' dir='ltr'><strong>_ven.</strong></span> <span class='ocrx_word' id='word_1_343' title='bbox 755 5104 1010 5180; x_wconf 84' lang='lat' dir='ltr'><strong>Cod._de</strong></span> <span class='ocrx_word' id='word_1_344' title='bbox 1057 5125 1173 5180; x_wconf 62' lang='lat' dir='ltr'><strong>cur.</strong></span> <span class='ocrx_word' id='word_1_345' title='bbox 1223 5111 1350 5180; x_wconf 88' lang='lat' dir='ltr'><strong>pub.</strong></span> <span class='ocrx_word' id='word_1_346' title='bbox 1390 5111 1427 5166; x_wconf 91' lang='lat' dir='ltr'><strong>l.</strong></span> <span class='ocrx_word' id='word_1_347' title='bbox 1468 5111 1502 5166; x_wconf 86' lang='lat'><strong>6</strong></span> <span class='ocrx_word' id='word_1_348' title='bbox 1542 5112 1676 5170; x_wconf 89' lang='lat' dir='ltr'><strong>Cod.</strong></span> 
     </span>
    </p>
   </div>
   <div class='ocr_carea' id='block_1_55' title="bbox 104 5171 1684 5246">
    <p class='ocr_par' dir='ltr' id='par_1_55' title="bbox 104 5171 1684 5246">
     <span class='ocr_line' id='line_1_55' title="bbox 104 5171 1684 5246; baseline 0.008 -20"><span class='ocrx_word' id='word_1_349' title='bbox 104 5171 169 5226; x_wconf 88' lang='lat' dir='ltr'><strong>de</strong></span> <span class='ocrx_word' id='word_1_350' title='bbox 210 5171 386 5246; x_wconf 71' lang='lat' dir='ltr'><strong>exact.</strong></span> <span class='ocrx_word' id='word_1_351' title='bbox 423 5177 544 5231; x_wconf 88' lang='lat' dir='ltr'><strong>trib.</strong></span> <span class='ocrx_word' id='word_1_352' title='bbox 594 5176 722 5230; x_wconf 85' lang='lat' dir='ltr'><strong>Inde</strong></span> <span class='ocrx_word' id='word_1_353' title='bbox 751 5177 990 5231; x_wconf 80' lang='lat' dir='ltr'><strong>:trcarius</strong></span> <span class='ocrx_word' id='word_1_354' title='bbox 1037 5171 1428 5246; x_wconf 58' lang='lat' dir='ltr'><strong>praefectorum.</strong></span> <span class='ocrx_word' id='word_1_355' title='bbox 1479 5183 1600 5238; x_wconf 84' lang='lat' dir='ltr'><strong>Fuit</strong></span> <span class='ocrx_word' id='word_1_356' title='bbox 1627 5195 1684 5238; x_wconf 84' lang='lat' dir='ltr'><strong>et</strong></span> 
     </span>
    </p>
   </div>
   <div class='ocr_carea' id='block_1_56' title="bbox 106 5245 1684 5316">
    <p class='ocr_par' dir='ltr' id='par_1_56' title="bbox 106 5245 1684 5316">
     <span class='ocr_line' id='line_1_56' title="bbox 106 5245 1684 5316; baseline 0.01 -23"><span class='ocrx_word' id='word_1_357' title='bbox 106 5245 439 5316; x_wconf 78' lang='lat' dir='ltr'><strong>pontilieialis</strong></span> <span class='ocrx_word' id='word_1_358' title='bbox 465 5247 703 5301; x_wconf 86' lang='lat' dir='ltr'><strong>arcarius</strong></span> <span class='ocrx_word' id='word_1_359' title='bbox 721 5285 736 5310; x_wconf 92' lang='lat'><strong>,</strong></span> <span class='ocrx_word' id='word_1_360' title='bbox 763 5247 851 5314; x_wconf 87' lang='lat' dir='ltr'><strong>qui</strong></span> <span class='ocrx_word' id='word_1_361' title='bbox 881 5245 1058 5300; x_wconf 85' lang='lat' dir='ltr'><strong>arcam</strong></span> <span class='ocrx_word' id='word_1_362' title='bbox 1095 5249 1408 5316; x_wconf 86' lang='lat' dir='ltr'><strong>pontilicum</strong></span> <span class='ocrx_word' id='word_1_363' title='bbox 1437 5252 1565 5308; x_wconf 92' lang='lat' dir='ltr'><strong>olim</strong></span> <span class='ocrx_word' id='word_1_364' title='bbox 1594 5270 1684 5308; x_wconf 87' lang='lat' dir='ltr'><strong>cu-</strong></span> 
     </span>
    </p>
   </div>
   <div class='ocr_carea' id='block_1_57' title="bbox 106 5314 1686 5390">
    <p class='ocr_par' dir='ltr' id='par_1_57' title="bbox 106 5314 1686 5390">
     <span class='ocr_line' id='line_1_57' title="bbox 106 5314 1686 5390; baseline 0.008 -25"><span class='ocrx_word' id='word_1_365' title='bbox 106 5314 274 5379; x_wconf 86' lang='lat' dir='ltr'><strong>rabat,</strong></span> <span class='ocrx_word' id='word_1_366' title='bbox 307 5316 466 5390; x_wconf 71' lang='lat' dir='ltr'><strong>cujus</strong></span> <span class='ocrx_word' id='word_1_367' title='bbox 492 5317 693 5390; x_wconf 74' lang='lat' dir='ltr'><strong>mentio</strong></span> <span class='ocrx_word' id='word_1_368' title='bbox 723 5317 949 5390; x_wconf 71' lang='lat' dir='ltr'><strong>habetur</strong></span> <span class='ocrx_word' id='word_1_369' title='bbox 981 5317 1036 5390; x_wconf 71' lang='lat' dir='ltr'><strong>in</strong></span> <span class='ocrx_word' id='word_1_370' title='bbox 1062 5314 1284 5390; x_wconf 77' lang='lat' dir='ltr'><strong>antiquo</strong></span> <span class='ocrx_word' id='word_1_371' title='bbox 1312 5323 1544 5390; x_wconf 90' lang='lat' dir='ltr'><strong>quodam</strong></span> <span class='ocrx_word' id='word_1_372' title='bbox 1575 5339 1686 5378; x_wconf 86' lang='lat' dir='ltr'><strong>mo-</strong></span> 
     </span>
    </p>
   </div>
   <div class='ocr_carea' id='block_1_58' title="bbox 108 5385 1682 5457">
    <p class='ocr_par' dir='ltr' id='par_1_58' title="bbox 108 5385 1682 5457">
     <span class='ocr_line' id='line_1_58' title="bbox 108 5385 1682 5457; baseline 0.01 -25"><span class='ocrx_word' id='word_1_373' title='bbox 108 5396 380 5457; x_wconf 83' lang='lat' dir='ltr'><strong>numento.</strong></span> <span class='ocrx_word' id='word_1_374' title='bbox 408 5385 472 5439; x_wconf 81' lang='lat' dir='ltr'><strong>C.</strong></span> <span class='ocrx_word' id='word_1_375' title='bbox 499 5385 878 5455; x_wconf 87' lang='lat' dir='ltr'><strong>Calphurnius,</strong></span> <span class='ocrx_word' id='word_1_376' title='bbox 899 5385 970 5457; x_wconf 62' lang='grc' dir='ltr'><strong>Υ.</strong></span> <span class='ocrx_word' id='word_1_377' title='bbox 997 5386 1060 5441; x_wconf 87' lang='lat' dir='ltr'><strong>C.</strong></span> <span class='ocrx_word' id='word_1_378' title='bbox 1091 5394 1146 5442; x_wconf 86' lang='lat' dir='ltr'><strong>et</strong></span> <span class='ocrx_word' id='word_1_379' title='bbox 1165 5385 1426 5457; x_wconf 75' lang='lat' dir='ltr'><strong>Septimis</strong></span> <span class='ocrx_word' id='word_1_380' title='bbox 1444 5390 1682 5446; x_wconf 85' lang='lat' dir='ltr'><strong>Ammias</strong></span> 
     </span>
    </p>
   </div>
   <div class='ocr_carea' id='block_1_59' title="bbox 105 5451 1684 5527">
    <p class='ocr_par' dir='ltr' id='par_1_59' title="bbox 105 5451 1684 5527">
     <span class='ocr_line' id='line_1_59' title="bbox 105 5451 1684 5527; baseline 0.006 -23"><span class='ocrx_word' id='word_1_381' title='bbox 105 5451 295 5527; x_wconf 64' lang='lat' dir='ltr'><strong>conjns</strong></span> <span class='ocrx_word' id='word_1_382' title='bbox 345 5451 800 5527; x_wconf 74' lang='lat' dir='ltr'><strong>comparaverunt</strong></span> <span class='ocrx_word' id='word_1_383' title='bbox 847 5456 948 5527; x_wconf 67' lang='lat' dir='ltr'><strong>sibi</strong></span> <span class='ocrx_word' id='word_1_384' title='bbox 1002 5451 1289 5527; x_wconf 77' lang='lat' dir='ltr'><strong>memorias</strong></span> <span class='ocrx_word' id='word_1_385' title='bbox 1326 5459 1462 5515; x_wconf 90' lang='lat' dir='ltr'><strong>duas</strong></span> <span class='ocrx_word' id='word_1_386' title='bbox 1489 5469 1544 5515; x_wconf 89' lang='lat' dir='ltr'><strong>et</strong></span> <span class='ocrx_word' id='word_1_387' title='bbox 1569 5461 1684 5516; x_wconf 84' lang='lat' dir='ltr'><strong>Cal-</strong></span> 
     </span>
    </p>
   </div>
   <div class='ocr_carea' id='block_1_60' title="bbox 109 5521 1686 5645">
    <p class='ocr_par' dir='ltr' id='par_1_60' title="bbox 109 5521 1686 5645">
     <span class='ocr_line' id='line_1_60' title="bbox 109 5521 1686 5645; baseline 0.007 -71"><span class='ocrx_word' id='word_1_388' title='bbox 109 5521 334 5645; x_wconf 56' lang='lat' dir='ltr'><strong>minio</strong></span> <span class='ocrx_word' id='word_1_389' title='bbox 361 5521 646 5580; x_wconf 82' lang='lat' dir='ltr'><strong>Ammiano</strong></span> <span class='ocrx_word' id='word_1_390' title='bbox 693 5540 818 5592; x_wconf 89' lang='lat' dir='ltr'><strong>equ.</strong></span> <span class='ocrx_word' id='word_1_391' title='bbox 862 5524 1018 5580; x_wconf 79' lang='lat' dir='ltr'><strong>Rom.</strong></span> <span class='ocrx_word' id='word_1_392' title='bbox 1053 5525 1160 5581; x_wconf 85' lang='lat' dir='ltr'><strong>ﬁlio</strong></span> <span class='ocrx_word' id='word_1_393' title='bbox 1189 5543 1288 5582; x_wconf 90' lang='lat' dir='ltr'><strong>suo</strong></span> <span class='ocrx_word' id='word_1_394' title='bbox 1311 5567 1328 5592; x_wconf 86' lang='lat'><strong>,</strong></span> <span class='ocrx_word' id='word_1_395' title='bbox 1377 5538 1432 5584; x_wconf 90' lang='lat' dir='ltr'><strong>et</strong></span> <span class='ocrx_word' id='word_1_396' title='bbox 1477 5530 1686 5586; x_wconf 88' lang='lat' dir='ltr'><strong>libertis</strong></span> 
     </span>
     <span class='ocr_line' id='line_1_61' title="bbox 215 5595 1682 5645; baseline 0 0"><span class='ocrx_word' id='word_1_397' title='bbox 215 5595 506 5645; x_wconf 84' lang='lat' dir='ltr'><strong>rtahusaue</strong></span> <span class='ocrx_word' id='word_1_398' title='bbox 527 5595 860 5645; x_wconf 79' lang='lat' dir='ltr'><strong>nosterisaue</strong></span> <span class='ocrx_word' id='word_1_399' title='bbox 882 5611 1066 5645; x_wconf 87' lang='lat' dir='ltr'><strong>eorum</strong></span> <span class='ocrx_word' id='word_1_400' title='bbox 1089 5599 1375 5645; x_wconf 83' lang='lat' dir='ltr'><strong>armarium</strong></span> <span class='ocrx_word' id='word_1_401' title='bbox 1397 5598 1682 5645; x_wconf 63' lang='lat' dir='ltr'><strong>dialogum-</strong></span> 
     </span>
    </p>
   </div>
   <div class='ocr_carea' id='block_1_61' title="bbox 129 5589 1682 5668">
    <p class='ocr_par' dir='ltr' id='par_1_61' title="bbox 129 5589 1682 5668">
     <span class='ocr_line' id='line_1_62' title="bbox 129 5589 1682 5668; baseline 0.006 -24"><span class='ocrx_word' id='word_1_402' title='bbox 129 5589 506 5664; x_wconf 84' lang='lat' dir='ltr'><strong>ibertahusque</strong></span> <span class='ocrx_word' id='word_1_403' title='bbox 527 5589 860 5666; x_wconf 70' lang='lat' dir='ltr'><strong>posterisque</strong></span> <span class='ocrx_word' id='word_1_404' title='bbox 882 5611 1066 5648; x_wconf 91' lang='lat' dir='ltr'><strong>eorum</strong></span> <span class='ocrx_word' id='word_1_405' title='bbox 1089 5589 1376 5652; x_wconf 83' lang='lat' dir='ltr'><strong>armarium</strong></span> <span class='ocrx_word' id='word_1_406' title='bbox 1397 5598 1682 5668; x_wconf 81' lang='lat' dir='ltr'><strong>distegum,</strong></span> 
     </span>
    </p>
   </div>
   <div class='ocr_carea' id='block_1_62' title="bbox 115 5668 1682 5738">
    <p class='ocr_par' dir='ltr' id='par_1_62' title="bbox 115 5668 1682 5738">
     <span class='ocr_line' id='line_1_63' title="bbox 115 5668 1682 5738; baseline 0.001 -18"><span class='ocrx_word' id='word_1_407' title='bbox 115 5682 232 5721; x_wconf 64' lang='lat' dir='ltr'><strong>Cum</strong></span> <span class='ocrx_word' id='word_1_408' title='bbox 265 5673 490 5722; x_wconf 76' lang='lat' dir='ltr'><strong>taberna</strong></span> <span class='ocrx_word' id='word_1_409' title='bbox 517 5679 570 5722; x_wconf 90' lang='lat' dir='ltr'><strong>et</strong></span> <span class='ocrx_word' id='word_1_410' title='bbox 597 5668 828 5738; x_wconf 79' lang='lat' dir='ltr'><strong>hortulo.</strong></span> <span class='ocrx_word' id='word_1_411' title='bbox 857 5669 911 5722; x_wconf 88' lang='lat' dir='ltr'><strong>Si</strong></span> <span class='ocrx_word' id='word_1_412' title='bbox 937 5675 1060 5738; x_wconf 83' lang='lat' dir='ltr'><strong>quis</strong></span> <span class='ocrx_word' id='word_1_413' title='bbox 1091 5673 1190 5726; x_wconf 89' lang='lat' dir='ltr'><strong>hoc</strong></span> <span class='ocrx_word' id='word_1_414' title='bbox 1221 5673 1514 5726; x_wconf 89' lang='lat' dir='ltr'><strong>armarium</strong></span> <span class='ocrx_word' id='word_1_415' title='bbox 1552 5687 1682 5725; x_wconf 73' lang='lat' dir='ltr'><strong>ven-</strong></span> 
     </span>
    </p>
   </div>
   <div class='ocr_carea' id='block_1_63' title="bbox 115 5736 1672 5809">
    <p class='ocr_par' dir='ltr' id='par_1_63' title="bbox 115 5736 1672 5809">
     <span class='ocr_line' id='line_1_64' title="bbox 115 5736 1672 5809; baseline 0.006 -21"><span class='ocrx_word' id='word_1_416' title='bbox 115 5741 235 5809; x_wconf 66' lang='lat' dir='ltr'><strong>dere</strong></span> <span class='ocrx_word' id='word_1_417' title='bbox 262 5740 515 5809; x_wconf 47' lang='lat' dir='ltr'><strong>vnltgril,</strong></span> <span class='ocrx_word' id='word_1_418' title='bbox 547 5747 673 5792; x_wconf 88' lang='lat' dir='ltr'><strong>tunc</strong></span> <span class='ocrx_word' id='word_1_419' title='bbox 696 5736 892 5792; x_wconf 86' lang='lat' dir='ltr'><strong>inferet</strong></span> <span class='ocrx_word' id='word_1_420' title='bbox 922 5736 1060 5795; x_wconf 61' lang='lat' dir='ltr'><strong>arcte</strong></span> <span class='ocrx_word' id='word_1_421' title='bbox 1091 5741 1401 5809; x_wconf 76' lang='lat' dir='ltr'><strong>pontiﬁcum</strong></span> <span class='ocrx_word' id='word_1_422' title='bbox 1427 5742 1490 5796; x_wconf 93' lang='lat' dir='ltr'><strong>ll.</strong></span> <span class='ocrx_word' id='word_1_423' title='bbox 1520 5743 1578 5796; x_wconf 89' lang='lat' dir='ltr'><strong>S.</strong></span> <span class='ocrx_word' id='word_1_424' title='bbox 1612 5740 1672 5797; x_wconf 85' lang='lat' dir='ltr'><strong>L.</strong></span> 
     </span>
    </p>
   </div>
   <div class='ocr_carea' id='block_1_64' title="bbox 114 5804 1680 5876">
    <p class='ocr_par' dir='ltr' id='par_1_64' title="bbox 114 5804 1680 5876">
     <span class='ocr_line' id='line_1_65' title="bbox 114 5804 1680 5876; baseline 0.006 -17"><span class='ocrx_word' id='word_1_425' title='bbox 114 5804 180 5860; x_wconf 78' lang='lat' dir='ltr'><strong>ll.</strong></span> <span class='ocrx_word' id='word_1_426' title='bbox 212 5809 250 5863; x_wconf 94' lang='grc'><strong>1.</strong></span> <span class='ocrx_word' id='word_1_427' title='bbox 282 5808 349 5864; x_wconf 80' lang='grc' dir='ltr'><strong>Ν.</strong></span> <span class='ocrx_word' id='word_1_428' title='bbox 371 5806 495 5864; x_wconf 78' lang='lat' dir='ltr'><strong>Fuit</strong></span> <span class='ocrx_word' id='word_1_429' title='bbox 515 5817 570 5863; x_wconf 89' lang='lat' dir='ltr'><strong>et</strong></span> <span class='ocrx_word' id='word_1_430' title='bbox 593 5823 715 5862; x_wconf 84' lang='lat' dir='ltr'><strong>arca</strong></span> <span class='ocrx_word' id='word_1_431' title='bbox 735 5809 962 5876; x_wconf 82' lang='lat' dir='ltr'><strong>vinaria,</strong></span> <span class='ocrx_word' id='word_1_432' title='bbox 991 5822 1046 5864; x_wconf 87' lang='lat' dir='ltr'><strong>ut</strong></span> <span class='ocrx_word' id='word_1_433' title='bbox 1069 5804 1299 5868; x_wconf 79' lang='lat' dir='ltr'><strong>testatur</strong></span> <span class='ocrx_word' id='word_1_434' title='bbox 1319 5811 1680 5876; x_wconf 76' lang='lat' dir='ltr'><strong>Symmachus</strong></span> 
     </span>
    </p>
   </div>
   <div class='ocr_carea' id='block_1_65' title="bbox 1705 330 3324 397">
    <p class='ocr_par' dir='ltr' id='par_1_65' title="bbox 1705 330 3324 397">
     <span class='ocr_line' id='line_1_66' title="bbox 1705 330 3324 397; baseline 0.008 -13"><span class='ocrx_word' id='word_1_435' title='bbox 1705 330 1905 386; x_wconf 70' lang='lat' dir='ltr'><strong>LIBER</strong></span> <span class='ocrx_word' id='word_1_436' title='bbox 1949 333 1988 389; x_wconf 94' lang='grc'><strong>1.</strong></span> <span class='ocrx_word' id='word_1_437' title='bbox 3221 343 3324 397; x_wconf 73' lang='grc' dir='ltr'>δη</span> 
     </span>
    </p>
   </div>
   <div class='ocr_carea' id='block_1_66' title="bbox 1658 451 3320 516">
    <p class='ocr_par' dir='ltr' id='par_1_66' title="bbox 1658 451 3320 516">
     <span class='ocr_line' id='line_1_67' title="bbox 1658 451 3320 516; baseline 0.008 -13"><span class='ocrx_word' id='word_1_438' title='bbox 1658 451 2011 514; x_wconf 76' lang='lat' dir='ltr'><strong>Acreditnr,</strong></span> <span class='ocrx_word' id='word_1_439' title='bbox 2070 451 2233 506; x_wconf 86' lang='lat' dir='ltr'><strong>etiam</strong></span> <span class='ocrx_word' id='word_1_440' title='bbox 2285 451 2480 506; x_wconf 89' lang='lat' dir='ltr'><strong>tacitus</strong></span> <span class='ocrx_word' id='word_1_441' title='bbox 2534 451 2606 507; x_wconf 77' lang='lat' dir='ltr'><strong>ab</strong></span> <span class='ocrx_word' id='word_1_442' title='bbox 2661 453 2974 510; x_wconf 68' lang='lat' dir='ltr'><strong>excessitms</strong></span> <span class='ocrx_word' id='word_1_443' title='bbox 3010 469 3320 516; x_wconf 79' lang='lat' dir='ltr'><strong>excusatur.</strong></span> 
     </span>
    </p>
   </div>
   <div class='ocr_carea' id='block_1_67' title="bbox 1744 543 3322 626">
    <p class='ocr_par' dir='ltr' id='par_1_67' title="bbox 1744 543 3322 626">
     <span class='ocr_line' id='line_1_68' title="bbox 1744 543 3322 626; baseline 0.009 -28"><span class='ocrx_word' id='word_1_444' title='bbox 1744 543 2023 600; x_wconf 82' lang='lat' dir='ltr'><strong>Manifesta</strong></span> <span class='ocrx_word' id='word_1_445' title='bbox 2083 545 2308 616; x_wconf 89' lang='lat' dir='ltr'><strong>proinde</strong></span> <span class='ocrx_word' id='word_1_446' title='bbox 2363 547 2586 602; x_wconf 86' lang='lat' dir='ltr'><strong>crimina</strong></span> <span class='ocrx_word' id='word_1_447' title='bbox 2636 549 2688 602; x_wconf 91' lang='lat' dir='ltr'><strong>in</strong></span> <span class='ocrx_word' id='word_1_448' title='bbox 2737 551 2931 606; x_wconf 80' lang='lat' dir='ltr'><strong>talibus</strong></span> <span class='ocrx_word' id='word_1_449' title='bbox 2979 553 3066 608; x_wconf 82' lang='lat' dir='ltr'><strong>vix</strong></span> <span class='ocrx_word' id='word_1_450' title='bbox 3108 559 3322 626; x_wconf 83' lang='lat' dir='ltr'><strong>capiunt</strong></span> 
     </span>
    </p>
   </div>
   <div class='ocr_carea' id='block_1_68' title="bbox 1746 635 3319 706">
    <p class='ocr_par' dir='ltr' id='par_1_68' title="bbox 1746 635 3319 706">
     <span class='ocr_line' id='line_1_69' title="bbox 1746 635 3319 706; baseline 0.008 -20"><span class='ocrx_word' id='word_1_451' title='bbox 1746 636 1924 690; x_wconf 80' lang='lat' dir='ltr'><strong>fidem.</strong></span> <span class='ocrx_word' id='word_1_452' title='bbox 1955 635 2222 706; x_wconf 85' lang='lat' dir='ltr'><strong>Quidquid</strong></span> <span class='ocrx_word' id='word_1_453' title='bbox 2247 646 2426 690; x_wconf 88' lang='lat' dir='ltr'><strong>autem</strong></span> <span class='ocrx_word' id='word_1_454' title='bbox 2448 651 2514 692; x_wconf 87' lang='lat' dir='ltr'><strong>ex</strong></span> <span class='ocrx_word' id='word_1_455' title='bbox 2541 639 2734 694; x_wconf 86' lang='lat' dir='ltr'><strong>invidia</strong></span> <span class='ocrx_word' id='word_1_456' title='bbox 2759 640 2974 703; x_wconf 77' lang='lat' dir='ltr'><strong>dicitur,</strong></span> <span class='ocrx_word' id='word_1_457' title='bbox 2999 644 3196 697; x_wconf 89' lang='lat' dir='ltr'><strong>veritas</strong></span> <span class='ocrx_word' id='word_1_458' title='bbox 3218 661 3319 698; x_wconf 87' lang='lat' dir='ltr'><strong>non</strong></span> 
     </span>
    </p>
   </div>
   <div class='ocr_carea' id='block_1_69' title="bbox 1743 723 3323 802">
    <p class='ocr_par' dir='ltr' id='par_1_69' title="bbox 1743 723 3323 802">
     <span class='ocr_line' id='line_1_70' title="bbox 1743 723 3323 802; baseline 0.006 -22"><span class='ocrx_word' id='word_1_459' title='bbox 1743 734 1984 796; x_wconf 86' lang='lat' dir='ltr'><strong>putatur.</strong></span> <span class='ocrx_word' id='word_1_460' title='bbox 2019 725 2274 780; x_wconf 85' lang='lat' dir='ltr'><strong>Volumus</strong></span> <span class='ocrx_word' id='word_1_461' title='bbox 2302 728 2445 782; x_wconf 85' lang='lat' dir='ltr'><strong>enim</strong></span> <span class='ocrx_word' id='word_1_462' title='bbox 2487 723 2889 798; x_wconf 68' lang='lat' dir='ltr'><strong>impugnatores</strong></span> <span class='ocrx_word' id='word_1_463' title='bbox 2929 731 3046 800; x_wconf 84' lang='lat' dir='ltr'><strong>ejus</strong></span> <span class='ocrx_word' id='word_1_464' title='bbox 3085 733 3323 802; x_wconf 82' lang='lat' dir='ltr'><strong>legitima</strong></span> 
     </span>
    </p>
   </div>
   <div class='ocr_carea' id='block_1_70' title="bbox 1745 816 3326 892">
    <p class='ocr_par' dir='ltr' id='par_1_70' title="bbox 1745 816 3326 892">
     <span class='ocr_line' id='line_1_71' title="bbox 1745 816 3326 892; baseline 0.007 -24"><span class='ocrx_word' id='word_1_465' title='bbox 1745 831 1903 886; x_wconf 66' lang='lat' dir='ltr'><strong>pinna</strong></span> <span class='ocrx_word' id='word_1_466' title='bbox 1960 816 2296 885; x_wconf 89' lang='lat' dir='ltr'><strong>percellere;</strong></span> <span class='ocrx_word' id='word_1_467' title='bbox 2350 817 2444 872; x_wconf 83' lang='lat' dir='ltr'><strong>scd</strong></span> <span class='ocrx_word' id='word_1_468' title='bbox 2493 821 2744 886; x_wconf 88' lang='lat' dir='ltr'><strong>quoniam</strong></span> <span class='ocrx_word' id='word_1_469' title='bbox 2787 829 2844 876; x_wconf 87' lang='lat' dir='ltr'><strong>et</strong></span> <span class='ocrx_word' id='word_1_470' title='bbox 2892 823 2991 892; x_wconf 89' lang='lat' dir='ltr'><strong>ipsi</strong></span> <span class='ocrx_word' id='word_1_471' title='bbox 3045 825 3326 880; x_wconf 68' lang='lat' dir='ltr'><strong>clericatus</strong></span> 
     </span>
    </p>
   </div>
   <div class='ocr_carea' id='block_1_71' title="bbox 1747 909 3328 985">
    <p class='ocr_par' dir='ltr' id='par_1_71' title="bbox 1747 909 3328 985">
     <span class='ocr_line' id='line_1_72' title="bbox 1747 909 3328 985; baseline 0.006 -23"><span class='ocrx_word' id='word_1_472' title='bbox 1747 909 1963 964; x_wconf 86' lang='lat' dir='ltr'><strong>nomine</strong></span> <span class='ocrx_word' id='word_1_473' title='bbox 1993 909 2370 978; x_wconf 82' lang='lat' dir='ltr'><strong>fungebantur,</strong></span> <span class='ocrx_word' id='word_1_474' title='bbox 2403 911 2469 964; x_wconf 89' lang='lat' dir='ltr'><strong>ad</strong></span> <span class='ocrx_word' id='word_1_475' title='bbox 2504 913 2807 966; x_wconf 86' lang='lat' dir='ltr'><strong>sanctitatis</strong></span> <span class='ocrx_word' id='word_1_476' title='bbox 2844 925 3036 969; x_wconf 79' lang='lat' dir='ltr'><strong>vestra:</strong></span> <span class='ocrx_word' id='word_1_477' title='bbox 3069 915 3328 985; x_wconf 82' lang='lat' dir='ltr'><strong>judicium</strong></span> 
     </span>
    </p>
   </div>
   <div class='ocr_carea' id='block_1_72' title="bbox 1747 1002 3330 1075">
    <p class='ocr_par' dir='ltr' id='par_1_72' title="bbox 1747 1002 3330 1075">
     <span class='ocr_line' id='line_1_73' title="bbox 1747 1002 3330 1075; baseline 0.003 -20"><span class='ocrx_word' id='word_1_478' title='bbox 1747 1009 1939 1055; x_wconf 83' lang='lat' dir='ltr'><strong>cuncta</strong></span> <span class='ocrx_word' id='word_1_479' title='bbox 1974 1003 2366 1056; x_wconf 86' lang='lat' dir='ltr'><strong>transmisimus</strong></span> <span class='ocrx_word' id='word_1_480' title='bbox 2397 1002 2712 1067; x_wconf 86' lang='lat' dir='ltr'><strong>ordinanda,</strong></span> <span class='ocrx_word' id='word_1_481' title='bbox 2741 1005 2894 1072; x_wconf 89' lang='lat' dir='ltr'><strong>cujus</strong></span> <span class='ocrx_word' id='word_1_482' title='bbox 2913 1013 2996 1060; x_wconf 87' lang='lat' dir='ltr'><strong>est</strong></span> <span class='ocrx_word' id='word_1_483' title='bbox 3022 1007 3330 1075; x_wconf 66' lang='lat' dir='ltr'><strong>atquitatem</strong></span> 
     </span>
    </p>
   </div>
   <div class='ocr_carea' id='block_1_73' title="bbox 1747 1091 3332 1162">
    <p class='ocr_par' dir='ltr' id='par_1_73' title="bbox 1747 1091 3332 1162">
     <span class='ocr_line' id='line_1_74' title="bbox 1747 1091 3332 1162; baseline 0.003 -18"><span class='ocrx_word' id='word_1_484' title='bbox 1747 1091 1985 1144; x_wconf 87' lang='lat' dir='ltr'><strong>moribus</strong></span> <span class='ocrx_word' id='word_1_485' title='bbox 2006 1092 2200 1146; x_wconf 88' lang='lat' dir='ltr'><strong>talibus</strong></span> <span class='ocrx_word' id='word_1_486' title='bbox 2220 1093 2518 1161; x_wconf 85' lang='lat' dir='ltr'><strong>imponere,</strong></span> <span class='ocrx_word' id='word_1_487' title='bbox 2541 1108 2701 1162; x_wconf 90' lang='lat' dir='ltr'><strong>quem</strong></span> <span class='ocrx_word' id='word_1_488' title='bbox 2724 1095 2970 1148; x_wconf 86' lang='lat' dir='ltr'><strong>novimus</strong></span> <span class='ocrx_word' id='word_1_489' title='bbox 2990 1095 3332 1150; x_wconf 82' lang='lat' dir='ltr'><strong>traditionem</strong></span> 
     </span>
    </p>
   </div>
   <div class='ocr_carea' id='block_1_74' title="bbox 1748 1183 2480 1240">
    <p class='ocr_par' dir='ltr' id='par_1_74' title="bbox 1748 1183 2480 1240">
     <span class='ocr_line' id='line_1_75' title="bbox 1748 1183 2480 1240; baseline 0.003 -4"><span class='ocrx_word' id='word_1_490' title='bbox 1748 1183 2162 1240; x_wconf 73' lang='lat' dir='ltr'><strong>ecclesiasticam</strong></span> <span class='ocrx_word' id='word_1_491' title='bbox 2191 1183 2480 1238; x_wconf 89' lang='lat' dir='ltr'><strong>custodire.</strong></span> 
     </span>
    </p>
   </div>
   <div class='ocr_carea' id='block_1_75' title="bbox 2283 1313 2809 1385">
    <p class='ocr_par' dir='ltr' id='par_1_75' title="bbox 2283 1313 2809 1385">
     <span class='ocr_line' id='line_1_76' title="bbox 2283 1313 2809 1385; baseline 0.006 -20"><span class='ocrx_word' id='word_1_492' title='bbox 2283 1317 2340 1385; x_wconf 73' lang='grc' dir='ltr'>ε</span> <span class='ocrx_word' id='word_1_493' title='bbox 2371 1313 2702 1370; x_wconf 81' lang='lat' dir='ltr'><strong>EPISTOLA</strong></span> <span class='ocrx_word' id='word_1_494' title='bbox 2742 1314 2809 1370; x_wconf 83' lang='lat' dir='ltr'><strong>x.</strong></span> 
     </span>
    </p>
   </div>
   <div class='ocr_carea' id='block_1_76' title="bbox 1751 1420 3327 1467">
    <p class='ocr_par' dir='ltr' id='par_1_76' title="bbox 1751 1420 3327 1467">
     <span class='ocr_line' id='line_1_77' title="bbox 1751 1420 3327 1467; baseline 0.002 -8"><span class='ocrx_word' id='word_1_495' title='bbox 1751 1421 1941 1460; x_wconf 69' lang='grc'><strong>3081⁵10</strong></span> <span class='ocrx_word' id='word_1_496' title='bbox 1963 1420 2082 1459; x_wconf 71' lang='grc' dir='ltr'><strong>νικο</strong></span> <span class='ocrx_word' id='word_1_497' title='bbox 2101 1420 2343 1459; x_wconf 70' lang='grc' dir='ltr'><strong>ιιιυδτκι</strong></span> <span class='ocrx_word' id='word_1_498' title='bbox 2364 1421 2538 1467; x_wconf 67' lang='lat' dir='ltr'><strong>ATQUE</strong></span> <span class='ocrx_word' id='word_1_499' title='bbox 2561 1421 2804 1460; x_wconf 72' lang='lat' dir='ltr'><strong>PA&#39;l&#39;lllCIO</strong></span> <span class='ocrx_word' id='word_1_500' title='bbox 2825 1421 3187 1462; x_wconf 74' lang='lat' dir='ltr'><strong>THBODOBICUS</strong></span> <span class='ocrx_word' id='word_1_501' title='bbox 3209 1423 3327 1462; x_wconf 59' lang='lat' dir='ltr'><strong>RE!-</strong></span> 
     </span>
    </p>
   </div>
   <div class='ocr_carea' id='block_1_77' title="bbox 1754 1497 3337 1572">
    <p class='ocr_par' dir='ltr' id='par_1_77' title="bbox 1754 1497 3337 1572">
     <span class='ocr_line' id='line_1_78' title="bbox 1754 1497 3337 1572; baseline 0.001 -20"><span class='ocrx_word' id='word_1_502' title='bbox 1754 1497 1949 1572; x_wconf 80' lang='lat' dir='ltr'><strong>Scribit</strong></span> <span class='ocrx_word' id='word_1_503' title='bbox 1979 1497 2284 1572; x_wconf 76' lang='lat' dir='ltr'><strong>domesticos</strong></span> <span class='ocrx_word' id='word_1_504' title='bbox 2314 1506 2626 1572; x_wconf 84' lang='lat' dir='ltr'><strong>protectores</strong></span> <span class='ocrx_word' id='word_1_505' title='bbox 2650 1501 2873 1570; x_wconf 85' lang='lat' dir='ltr'><strong>equitum</strong></span> <span class='ocrx_word' id='word_1_506' title='bbox 2902 1510 2952 1554; x_wconf 90' lang='lat' dir='ltr'><strong>et</strong></span> <span class='ocrx_word' id='word_1_507' title='bbox 2977 1501 3226 1572; x_wconf 75' lang='lat' dir='ltr'><strong>peditum,</strong></span> <span class='ocrx_word' id='word_1_508' title='bbox 3249 1501 3337 1572; x_wconf 79' lang='lat' dir='ltr'><strong>qui</strong></span> 
     </span>
    </p>
   </div>
   <div class='ocr_carea' id='block_1_78' title="bbox 1824 1568 3340 1638">
    <p class='ocr_par' dir='ltr' id='par_1_78' title="bbox 1824 1568 3340 1638">
     <span class='ocr_line' id='line_1_79' title="bbox 1824 1568 3340 1638; baseline 0.001 -17"><span class='ocrx_word' id='word_1_509' title='bbox 1824 1569 1960 1621; x_wconf 76' lang='lat' dir='ltr'><strong>aulte</strong></span> <span class='ocrx_word' id='word_1_510' title='bbox 1983 1569 2139 1637; x_wconf 83' lang='lat' dir='ltr'><strong>regia:</strong></span> <span class='ocrx_word' id='word_1_511' title='bbox 2159 1569 2356 1638; x_wconf 86' lang='lat' dir='ltr'><strong>jugiter</strong></span> <span class='ocrx_word' id='word_1_512' title='bbox 2383 1568 2659 1632; x_wconf 73' lang='lat' dir='ltr'><strong>excubant,</strong></span> <span class='ocrx_word' id='word_1_513' title='bbox 2692 1568 2998 1638; x_wconf 78' lang='lat' dir='ltr'><strong>conquestos</strong></span> <span class='ocrx_word' id='word_1_514' title='bbox 3025 1587 3137 1624; x_wconf 86' lang='lat' dir='ltr'><strong>esse</strong></span> <span class='ocrx_word' id='word_1_515' title='bbox 3160 1571 3224 1623; x_wconf 85' lang='lat' dir='ltr'><strong>ab</strong></span> <span class='ocrx_word' id='word_1_516' title='bbox 3251 1568 3340 1623; x_wconf 85' lang='lat' dir='ltr'><strong>ar-</strong></span> 
     </span>
    </p>
   </div>
   <div class='ocr_carea' id='block_1_79' title="bbox 1825 1639 3338 1708">
    <p class='ocr_par' dir='ltr' id='par_1_79' title="bbox 1825 1639 3338 1708">
     <span class='ocr_line' id='line_1_80' title="bbox 1825 1639 3338 1708; baseline 0.001 -18"><span class='ocrx_word' id='word_1_517' title='bbox 1825 1639 1968 1691; x_wconf 80' lang='lat' dir='ltr'><strong>carie</strong></span> <span class='ocrx_word' id='word_1_518' title='bbox 2017 1641 2379 1708; x_wconf 62' lang='lat' dir='ltr'><strong>praefectorum</strong></span> <span class='ocrx_word' id='word_1_519' title='bbox 2415 1653 2472 1708; x_wconf 84' lang='lat' dir='ltr'><strong>se</strong></span> <span class='ocrx_word' id='word_1_520' title='bbox 2511 1653 2604 1706; x_wconf 87' lang='lat' dir='ltr'><strong>pro</strong></span> <span class='ocrx_word' id='word_1_521' title='bbox 2631 1640 2982 1693; x_wconf 85' lang='lat' dir='ltr'><strong>emolumentis</strong></span> <span class='ocrx_word' id='word_1_522' title='bbox 3026 1641 3338 1694; x_wconf 79' lang='lat' dir='ltr'><strong>solemnibus</strong></span> 
     </span>
    </p>
   </div>
   <div class='ocr_carea' id='block_1_80' title="bbox 1827 1706 3340 1778">
    <p class='ocr_par' dir='ltr' id='par_1_80' title="bbox 1827 1706 3340 1778">
     <span class='ocr_line' id='line_1_81' title="bbox 1827 1706 3340 1778; baseline 0.001 -18"><span class='ocrx_word' id='word_1_523' title='bbox 1827 1706 2026 1777; x_wconf 75' lang='lat' dir='ltr'><strong>integri</strong></span> <span class='ocrx_word' id='word_1_524' title='bbox 2047 1706 2290 1778; x_wconf 82' lang='lat' dir='ltr'><strong>ponderis</strong></span> <span class='ocrx_word' id='word_1_525' title='bbox 2323 1706 2517 1762; x_wconf 80' lang='lat' dir='ltr'><strong>solidos</strong></span> <span class='ocrx_word' id='word_1_526' title='bbox 2540 1723 2661 1778; x_wconf 12' lang='lat' dir='ltr'><strong>non,</strong></span> <span class='ocrx_word' id='word_1_527' title='bbox 2675 1710 2954 1778; x_wconf 82' lang='lat' dir='ltr'><strong>percipere,</strong></span> <span class='ocrx_word' id='word_1_528' title='bbox 2977 1724 3026 1763; x_wconf 84' lang='lat' dir='ltr'><strong>et</strong></span> <span class='ocrx_word' id='word_1_529' title='bbox 3049 1710 3104 1763; x_wconf 89' lang='lat' dir='ltr'><strong>in</strong></span> <span class='ocrx_word' id='word_1_530' title='bbox 3127 1725 3340 1762; x_wconf 81' lang='lat' dir='ltr'><strong>numero</strong></span> 
     </span>
    </p>
   </div>
   <div class='ocr_carea' id='block_1_81' title="bbox 1689 1778 3340 1863">
    <p class='ocr_par' dir='ltr' id='par_1_81' title="bbox 1689 1778 3340 1863">
     <span class='ocr_line' id='line_1_82' title="bbox 1689 1778 3340 1863; baseline -0.004 -27"><span class='ocrx_word' id='word_1_531' title='bbox 1689 1803 1738 1863; x_wconf 71' lang='grc' dir='ltr'><strong>Β</strong></span> <span class='ocrx_word' id='word_1_532' title='bbox 1831 1779 2017 1863; x_wconf 51' lang='lat' dir='ltr'><strong>gravia.</strong></span> <span class='ocrx_word' id='word_1_533' title='bbox 2039 1778 2311 1863; x_wconf 64' lang='lat' dir='ltr'><strong>dispendia</strong></span> <span class='ocrx_word' id='word_1_534' title='bbox 2333 1778 2603 1863; x_wconf 62' lang='lat' dir='ltr'><strong>sustinere:</strong></span> <span class='ocrx_word' id='word_1_535' title='bbox 2772 1787 2966 1863; x_wconf 70' lang='lat' dir='ltr'><strong>tractat</strong></span> <span class='ocrx_word' id='word_1_536' title='bbox 2993 1781 3058 1834; x_wconf 76' lang='lat' dir='ltr'><strong>de</strong></span> <span class='ocrx_word' id='word_1_537' title='bbox 3090 1779 3340 1861; x_wconf 69' lang='lat' dir='ltr'><strong>arithme-</strong></span> 
     </span>
    </p>
   </div>
   <div class='ocr_carea' id='block_1_82' title="bbox 1835 1847 3344 1914">
    <p class='ocr_par' dir='ltr' id='par_1_82' title="bbox 1835 1847 3344 1914">
     <span class='ocr_line' id='line_1_83' title="bbox 1835 1847 3344 1914; baseline 0.001 -14"><span class='ocrx_word' id='word_1_538' title='bbox 1835 1847 1958 1911; x_wconf 82' lang='lat' dir='ltr'><strong>tica,</strong></span> <span class='ocrx_word' id='word_1_539' title='bbox 1983 1847 2045 1900; x_wconf 83' lang='lat' dir='ltr'><strong>de</strong></span> <span class='ocrx_word' id='word_1_540' title='bbox 2065 1847 2280 1901; x_wconf 85' lang='lat' dir='ltr'><strong>denario</strong></span> <span class='ocrx_word' id='word_1_541' title='bbox 2309 1863 2541 1909; x_wconf 77' lang='lat' dir='ltr'><strong>numero,</strong></span> <span class='ocrx_word' id='word_1_542' title='bbox 2565 1847 2628 1900; x_wconf 81' lang='lat' dir='ltr'><strong>de</strong></span> <span class='ocrx_word' id='word_1_543' title='bbox 2646 1849 2834 1914; x_wconf 81' lang='lat' dir='ltr'><strong>solido,</strong></span> <span class='ocrx_word' id='word_1_544' title='bbox 2857 1848 2922 1901; x_wconf 86' lang='lat' dir='ltr'><strong>de</strong></span> <span class='ocrx_word' id='word_1_545' title='bbox 2941 1849 3166 1914; x_wconf 83' lang='lat' dir='ltr'><strong>senario,</strong></span> <span class='ocrx_word' id='word_1_546' title='bbox 3189 1849 3344 1902; x_wconf 87' lang='lat' dir='ltr'><strong>uncia</strong></span> 
     </span>
    </p>
   </div>
   <div class='ocr_carea' id='block_1_83' title="bbox 1831 1915 3347 2040">
    <p class='ocr_par' dir='ltr' id='par_1_83' title="bbox 1831 1915 3347 2040">
     <span class='ocr_line' id='line_1_84' title="bbox 1831 1915 3347 2040; baseline 0.001 -70"><span class='ocrx_word' id='word_1_547' title='bbox 1831 1930 1883 1970; x_wconf 92' lang='lat' dir='ltr'><strong>et</strong></span> <span class='ocrx_word' id='word_1_548' title='bbox 1916 1916 2070 2040; x_wconf 53' lang='lat' dir='ltr'><strong>lib‘ra,</strong></span> <span class='ocrx_word' id='word_1_549' title='bbox 2104 1934 2219 1988; x_wconf 71' lang='lat' dir='ltr'><strong>ante</strong></span> <span class='ocrx_word' id='word_1_550' title='bbox 2256 1915 2492 1987; x_wconf 80' lang='lat' dir='ltr'><strong>prohibet</strong></span> <span class='ocrx_word' id='word_1_551' title='bbox 2530 1920 2803 1986; x_wconf 79' lang='lat' dir='ltr'><strong>quominus</strong></span> <span class='ocrx_word' id='word_1_552' title='bbox 2857 1918 3116 1972; x_wconf 86' lang='lat' dir='ltr'><strong>ullatenus</strong></span> <span class='ocrx_word' id='word_1_553' title='bbox 3173 1919 3347 1972; x_wconf 86' lang='lat' dir='ltr'><strong>immi-</strong></span> 
     </span>
     <span class='ocr_line' id='line_1_85' title="bbox 1833 2003 2080 2040; baseline 0 0"><span class='ocrx_word' id='word_1_554' title='bbox 1833 2003 1971 2040; x_wconf 86' lang='lat' dir='ltr'><strong>nuan</strong></span> <span class='ocrx_word' id='word_1_555' title='bbox 2000 2004 2080 2040; x_wconf 85' lang='lat' dir='ltr'><strong>ur.</strong></span> 
     </span>
    </p>
   </div>
   <div class='ocr_carea' id='block_1_84' title="bbox 1833 2003 2080 2040">
    <p class='ocr_par' dir='ltr' id='par_1_84' title="bbox 1833 2003 2080 2040">
     <span class='ocr_line' id='line_1_86' title="bbox 1833 2003 2080 2040; baseline 0 0"><span class='ocrx_word' id='word_1_556' title='bbox 1833 2003 2080 2040; x_wconf 86' lang='lat' dir='ltr'><strong>nuantur.</strong></span> 
     </span>
    </p>
   </div>
   <div class='ocr_carea' id='block_1_85' title="bbox 1838 2076 3346 2150">
    <p class='ocr_par' dir='ltr' id='par_1_85' title="bbox 1838 2076 3346 2150">
     <span class='ocr_line' id='line_1_87' title="bbox 1838 2076 3346 2150; baseline 0.003 -19"><span class='ocrx_word' id='word_1_557' title='bbox 1838 2077 1991 2132; x_wconf 87' lang='lat' dir='ltr'><strong>Licet</strong></span> <span class='ocrx_word' id='word_1_558' title='bbox 2029 2076 2288 2131; x_wconf 87' lang='lat' dir='ltr'><strong>universis</strong></span> <span class='ocrx_word' id='word_1_559' title='bbox 2330 2077 2540 2146; x_wconf 87' lang='lat' dir='ltr'><strong>populis</strong></span> <span class='ocrx_word' id='word_1_560' title='bbox 2577 2079 2843 2146; x_wconf 85' lang='lat' dir='ltr'><strong>generalis</strong></span> <span class='ocrx_word' id='word_1_561' title='bbox 2879 2079 2950 2134; x_wconf 88' lang='lat' dir='ltr'><strong>sit</strong></span> <span class='ocrx_word' id='word_1_562' title='bbox 2988 2079 3346 2150; x_wconf 83' lang='lat' dir='ltr'><strong>impendenda</strong></span> 
     </span>
    </p>
   </div>
   <div class='ocr_carea' id='block_1_86' title="bbox 1761 2169 3348 2240">
    <p class='ocr_par' dir='ltr' id='par_1_86' title="bbox 1761 2169 3348 2240">
     <span class='ocr_line' id='line_1_88' title="bbox 1761 2169 3348 2240; baseline 0.003 -17"><span class='ocrx_word' id='word_1_563' title='bbox 1761 2169 2134 2240; x_wconf 77' lang='lat' dir='ltr'><strong>justitia,qu:e</strong></span> <span class='ocrx_word' id='word_1_564' title='bbox 2174 2169 2252 2222; x_wconf 89' lang='lat' dir='ltr'><strong>sic</strong></span> <span class='ocrx_word' id='word_1_565' title='bbox 2297 2169 2528 2222; x_wconf 90' lang='lat' dir='ltr'><strong>nominis</strong></span> <span class='ocrx_word' id='word_1_566' title='bbox 2566 2169 2650 2223; x_wconf 88' lang='lat' dir='ltr'><strong>sui</strong></span> <span class='ocrx_word' id='word_1_567' title='bbox 2687 2169 2896 2225; x_wconf 87' lang='lat' dir='ltr'><strong>obtinet</strong></span> <span class='ocrx_word' id='word_1_568' title='bbox 2933 2169 3268 2239; x_wconf 86' lang='lat' dir='ltr'><strong>dignitatem,</strong></span> <span class='ocrx_word' id='word_1_569' title='bbox 3299 2173 3348 2227; x_wconf 87' lang='lat' dir='ltr'><strong>si</strong></span> 
     </span>
    </p>
   </div>
   <div class='ocr_carea' id='block_1_87' title="bbox 1764 2260 3345 2330">
    <p class='ocr_par' dir='ltr' id='par_1_87' title="bbox 1764 2260 3345 2330">
     <span class='ocr_line' id='line_1_89' title="bbox 1764 2260 3345 2330; baseline 0.002 -15"><span class='ocrx_word' id='word_1_570' title='bbox 1764 2261 2011 2330; x_wconf 66' lang='lat' dir='ltr'><strong>aequabili</strong></span> <span class='ocrx_word' id='word_1_571' title='bbox 2031 2260 2402 2314; x_wconf 87' lang='lat' dir='ltr'><strong>moderatione</strong></span> <span class='ocrx_word' id='word_1_572' title='bbox 2424 2275 2519 2329; x_wconf 90' lang='lat' dir='ltr'><strong>per</strong></span> <span class='ocrx_word' id='word_1_573' title='bbox 2539 2261 2776 2330; x_wconf 84' lang='lat' dir='ltr'><strong>potiores</strong></span> <span class='ocrx_word' id='word_1_574' title='bbox 2805 2271 2984 2316; x_wconf 89' lang='lat' dir='ltr'><strong>currat</strong></span> <span class='ocrx_word' id='word_1_575' title='bbox 3005 2269 3061 2317; x_wconf 92' lang='lat' dir='ltr'><strong>et</strong></span> <span class='ocrx_word' id='word_1_576' title='bbox 3083 2263 3345 2328; x_wconf 85' lang='lat' dir='ltr'><strong>humiles;</strong></span> 
     </span>
    </p>
   </div>
   <div class='ocr_carea' id='block_1_88' title="bbox 1766 2351 3350 2424">
    <p class='ocr_par' dir='ltr' id='par_1_88' title="bbox 1766 2351 3350 2424">
     <span class='ocr_line' id='line_1_90' title="bbox 1766 2351 3350 2424; baseline 0.001 -17"><span class='ocrx_word' id='word_1_577' title='bbox 1766 2351 2122 2407; x_wconf 68' lang='lat' dir='ltr'><strong>conﬁdentius</strong></span> <span class='ocrx_word' id='word_1_578' title='bbox 2150 2361 2328 2406; x_wconf 85' lang='lat' dir='ltr'><strong>tamen</strong></span> <span class='ocrx_word' id='word_1_579' title='bbox 2351 2352 2495 2406; x_wconf 88' lang='lat' dir='ltr'><strong>illam</strong></span> <span class='ocrx_word' id='word_1_580' title='bbox 2524 2360 2806 2422; x_wconf 78' lang='lat' dir='ltr'><strong>expetunt,</strong></span> <span class='ocrx_word' id='word_1_581' title='bbox 2829 2353 2920 2422; x_wconf 90' lang='lat' dir='ltr'><strong>qui</strong></span> <span class='ocrx_word' id='word_1_582' title='bbox 2945 2369 2975 2408; x_wconf 87' lang='lat' dir='ltr'><strong>a</strong></span> <span class='ocrx_word' id='word_1_583' title='bbox 2999 2354 3183 2424; x_wconf 86' lang='lat' dir='ltr'><strong>palatii</strong></span> <span class='ocrx_word' id='word_1_584' title='bbox 3208 2356 3350 2409; x_wconf 88' lang='lat' dir='ltr'><strong>mili-</strong></span> 
     </span>
    </p>
   </div>
   <div class='ocr_carea' id='block_1_89' title="bbox 1770 2440 3349 2514">
    <p class='ocr_par' dir='ltr' id='par_1_89' title="bbox 1770 2440 3349 2514">
     <span class='ocr_line' id='line_1_91' title="bbox 1770 2440 3349 2514; baseline 0.001 -19"><span class='ocrx_word' id='word_1_585' title='bbox 1770 2442 1840 2496; x_wconf 88' lang='lat' dir='ltr'><strong>tia</strong></span> <span class='ocrx_word' id='word_1_586' title='bbox 1883 2458 1989 2496; x_wconf 90' lang='lat' dir='ltr'><strong>non</strong></span> <span class='ocrx_word' id='word_1_587' title='bbox 2037 2443 2312 2496; x_wconf 90' lang='lat' dir='ltr'><strong>recedunt.</strong></span> <span class='ocrx_word' id='word_1_588' title='bbox 2358 2440 2543 2496; x_wconf 90' lang='lat' dir='ltr'><strong>Otioso</strong></span> <span class='ocrx_word' id='word_1_589' title='bbox 2591 2441 2733 2495; x_wconf 90' lang='lat' dir='ltr'><strong>enim</strong></span> <span class='ocrx_word' id='word_1_590' title='bbox 2787 2442 3018 2510; x_wconf 87' lang='lat' dir='ltr'><strong>gratuite</strong></span> <span class='ocrx_word' id='word_1_591' title='bbox 3063 2452 3349 2514; x_wconf 63' lang='lat' dir='ltr'><strong>praestatur</strong></span> 
     </span>
    </p>
   </div>
   <div class='ocr_carea' id='block_1_90' title="bbox 1769 2531 3346 2604">
    <p class='ocr_par' dir='ltr' id='par_1_90' title="bbox 1769 2531 3346 2604">
     <span class='ocr_line' id='line_1_92' title="bbox 1769 2531 3346 2604; baseline 0.001 -18"><span class='ocrx_word' id='word_1_592' title='bbox 1769 2532 1970 2604; x_wconf 91' lang='lat' dir='ltr'><strong>aliquid</strong></span> <span class='ocrx_word' id='word_1_593' title='bbox 2013 2531 2372 2586; x_wconf 79' lang='lat' dir='ltr'><strong>muniﬁcentia</strong></span> <span class='ocrx_word' id='word_1_594' title='bbox 2416 2531 2738 2601; x_wconf 86' lang='lat' dir='ltr'><strong>principali;</strong></span> <span class='ocrx_word' id='word_1_595' title='bbox 2788 2533 3120 2588; x_wconf 81' lang='lat' dir='ltr'><strong>consuetudo</strong></span> <span class='ocrx_word' id='word_1_596' title='bbox 3165 2542 3346 2588; x_wconf 84' lang='lat' dir='ltr'><strong>autem</strong></span> 
     </span>
    </p>
   </div>
   <div class='ocr_carea' id='block_1_91' title="bbox 1768 2625 3346 2699">
    <p class='ocr_par' dir='ltr' id='par_1_91' title="bbox 1768 2625 3346 2699">
     <span class='ocr_line' id='line_1_93' title="bbox 1768 2625 3346 2699; baseline 0.002 -18"><span class='ocrx_word' id='word_1_597' title='bbox 1768 2629 2002 2699; x_wconf 90' lang='lat' dir='ltr'><strong>quodam</strong></span> <span class='ocrx_word' id='word_1_598' title='bbox 2042 2628 2226 2683; x_wconf 87' lang='lat' dir='ltr'><strong>debito</strong></span> <span class='ocrx_word' id='word_1_599' title='bbox 2251 2627 2490 2682; x_wconf 86' lang='lat' dir='ltr'><strong>redditur</strong></span> <span class='ocrx_word' id='word_1_600' title='bbox 2519 2625 2746 2681; x_wconf 80' lang='lat' dir='ltr'><strong>ﬁdeliter</strong></span> <span class='ocrx_word' id='word_1_601' title='bbox 2773 2627 3108 2698; x_wconf 81' lang='lat' dir='ltr'><strong>obsequenti.</strong></span> <span class='ocrx_word' id='word_1_602' title='bbox 3147 2627 3346 2684; x_wconf 87' lang='lat' dir='ltr'><strong>Dome-</strong></span> 
     </span>
    </p>
   </div>
   <div class='ocr_carea' id='block_1_92' title="bbox 1770 2717 3347 2792">
    <p class='ocr_par' dir='ltr' id='par_1_92' title="bbox 1770 2717 3347 2792">
     <span class='ocr_line' id='line_1_94' title="bbox 1770 2717 3347 2792; baseline -0.001 -16"><span class='ocrx_word' id='word_1_603' title='bbox 1770 2721 1888 2776; x_wconf 91' lang='lat' dir='ltr'><strong>stici</strong></span> <span class='ocrx_word' id='word_1_604' title='bbox 1914 2728 2092 2791; x_wconf 89' lang='lat' dir='ltr'><strong>patres</strong></span> <span class='ocrx_word' id='word_1_605' title='bbox 2122 2717 2213 2792; x_wconf 78' lang='grc' dir='ltr'><strong>[υ.</strong></span> <span class='ocrx_word' id='word_1_606' title='bbox 2237 2717 2384 2772; x_wconf 80' lang='lat' dir='ltr'><strong>Grut.</strong></span> <span class='ocrx_word' id='word_1_607' title='bbox 2410 2727 2458 2772; x_wconf 87' lang='lat' dir='ltr'><strong>et</strong></span> <span class='ocrx_word' id='word_1_608' title='bbox 2486 2717 2692 2790; x_wconf 85' lang='lat' dir='ltr'><strong>Cujac.,</strong></span> <span class='ocrx_word' id='word_1_609' title='bbox 2718 2717 3071 2791; x_wconf 87' lang='lat' dir='ltr'><strong>protectores]</strong></span> <span class='ocrx_word' id='word_1_610' title='bbox 3107 2721 3347 2790; x_wconf 90' lang='lat' dir='ltr'><strong>equitum</strong></span> 
     </span>
    </p>
   </div>
   <div class='ocr_carea' id='block_1_93' title="bbox 1770 2811 3356 2883">
    <p class='ocr_par' dir='ltr' id='par_1_93' title="bbox 1770 2811 3356 2883">
     <span class='ocr_line' id='line_1_95' title="bbox 1770 2811 3356 2883; baseline 0.001 -16"><span class='ocrx_word' id='word_1_611' title='bbox 1770 2821 1826 2868; x_wconf 88' lang='lat' dir='ltr'><strong>et</strong></span> <span class='ocrx_word' id='word_1_612' title='bbox 1845 2811 2206 2883; x_wconf 89' lang='lat' dir='ltr'><strong>peditum,qui</strong></span> <span class='ocrx_word' id='word_1_613' title='bbox 2230 2820 2426 2866; x_wconf 64' lang='lat' dir='ltr'><strong>nostra:</strong></span> <span class='ocrx_word' id='word_1_614' title='bbox 2446 2811 2579 2866; x_wconf 76' lang='lat' dir='ltr'><strong>aula.-</strong></span> <span class='ocrx_word' id='word_1_615' title='bbox 2601 2811 2853 2865; x_wconf 80' lang='lat' dir='ltr'><strong>videntur</strong></span> <span class='ocrx_word' id='word_1_616' title='bbox 2867 2811 3070 2881; x_wconf 89' lang='lat' dir='ltr'><strong>jugiter</strong></span> <span class='ocrx_word' id='word_1_617' title='bbox 3085 2814 3356 2869; x_wconf 78' lang='lat' dir='ltr'><strong>excubare</strong></span> 
     </span>
    </p>
   </div>
   <div class='ocr_carea' id='block_1_94' title="bbox 1773 2899 3356 2975">
    <p class='ocr_par' dir='ltr' id='par_1_94' title="bbox 1773 2899 3356 2975">
     <span class='ocr_line' id='line_1_96' title="bbox 1773 2899 3356 2975; baseline -0.001 -18"><span class='ocrx_word' id='word_1_618' title='bbox 1773 2903 1938 2974; x_wconf 89' lang='lat' dir='ltr'><strong>(quod</strong></span> <span class='ocrx_word' id='word_1_619' title='bbox 1976 2917 2044 2956; x_wconf 87' lang='lat' dir='ltr'><strong>ex</strong></span> <span class='ocrx_word' id='word_1_620' title='bbox 2085 2901 2295 2970; x_wconf 84' lang='lat' dir='ltr'><strong>magnis</strong></span> <span class='ocrx_word' id='word_1_621' title='bbox 2337 2899 2450 2954; x_wconf 78' lang='lat' dir='ltr'><strong>fieri</strong></span> <span class='ocrx_word' id='word_1_622' title='bbox 2489 2899 2765 2955; x_wconf 88' lang='lat' dir='ltr'><strong>doloribus</strong></span> <span class='ocrx_word' id='word_1_623' title='bbox 2802 2899 3016 2975; x_wconf 63' lang='grc' dir='ltr'><strong>[Δηναίη</strong></span> <span class='ocrx_word' id='word_1_624' title='bbox 3059 2899 3356 2973; x_wconf 87' lang='lat' dir='ltr'><strong>laboribus]</strong></span> 
     </span>
    </p>
   </div>
   <div class='ocr_carea' id='block_1_95' title="bbox 1771 2988 3357 3060">
    <p class='ocr_par' dir='ltr' id='par_1_95' title="bbox 1771 2988 3357 3060">
     <span class='ocr_line' id='line_1_97' title="bbox 1771 2988 3357 3060; baseline 0.001 -15"><span class='ocrx_word' id='word_1_625' title='bbox 1771 2991 1960 3058; x_wconf 77' lang='lat' dir='ltr'><strong>solet),</strong></span> <span class='ocrx_word' id='word_1_626' title='bbox 2003 2988 2238 3044; x_wconf 88' lang='lat' dir='ltr'><strong>adunata</strong></span> <span class='ocrx_word' id='word_1_627' title='bbox 2269 2990 2423 3045; x_wconf 89' lang='lat' dir='ltr'><strong>nobis</strong></span> <span class='ocrx_word' id='word_1_628' title='bbox 2446 2989 2839 3059; x_wconf 87' lang='lat' dir='ltr'><strong>supplicatione</strong></span> <span class='ocrx_word' id='word_1_629' title='bbox 2881 2989 3165 3060; x_wconf 83' lang='lat' dir='ltr'><strong>conquesti</strong></span> <span class='ocrx_word' id='word_1_630' title='bbox 3207 3000 3357 3060; x_wconf 90' lang='lat' dir='ltr'><strong>sunt,</strong></span> 
     </span>
    </p>
   </div>
   <div class='ocr_carea' id='block_1_96' title="bbox 1771 3080 3360 3152">
    <p class='ocr_par' dir='ltr' id='par_1_96' title="bbox 1771 3080 3360 3152">
     <span class='ocr_line' id='line_1_98' title="bbox 1771 3080 3360 3152; baseline -0.001 -14"><span class='ocrx_word' id='word_1_631' title='bbox 1771 3084 1839 3139; x_wconf 87' lang='lat' dir='ltr'><strong>ab</strong></span> <span class='ocrx_word' id='word_1_632' title='bbox 1869 3083 1960 3138; x_wconf 91' lang='lat' dir='ltr'><strong>illo</strong></span> <span class='ocrx_word' id='word_1_633' title='bbox 1990 3083 2202 3138; x_wconf 88' lang='lat' dir='ltr'><strong>arcario</strong></span> <span class='ocrx_word' id='word_1_634' title='bbox 2231 3080 2606 3152; x_wconf 81' lang='lat' dir='ltr'><strong>praefectorum</strong></span> <span class='ocrx_word' id='word_1_635' title='bbox 2637 3090 2684 3143; x_wconf 77' lang='grc' dir='ltr'><strong>ο,</strong></span> <span class='ocrx_word' id='word_1_636' title='bbox 2717 3095 2816 3150; x_wconf 91' lang='lat' dir='ltr'><strong>pro</strong></span> <span class='ocrx_word' id='word_1_637' title='bbox 2858 3080 3164 3135; x_wconf 90' lang='lat' dir='ltr'><strong>emolumen</strong></span> <span class='ocrx_word' id='word_1_638' title='bbox 3193 3080 3238 3136; x_wconf 88' lang='lat' dir='ltr'><strong>is</strong></span> <span class='ocrx_word' id='word_1_639' title='bbox 3267 3096 3360 3136; x_wconf 87' lang='lat' dir='ltr'><strong>so-</strong></span> 
     </span>
    </p>
   </div>
   <div class='ocr_carea' id='block_1_97' title="bbox 1694 3169 3358 3242">
    <p class='ocr_par' dir='ltr' id='par_1_97' title="bbox 1694 3169 3358 3242">
     <span class='ocr_line' id='line_1_99' title="bbox 1694 3169 3358 3242; baseline -0.001 -14"><span class='ocrx_word' id='word_1_640' title='bbox 1694 3180 1743 3242; x_wconf 82' lang='lat' dir='ltr'><strong><em>C</em></strong></span> <span class='ocrx_word' id='word_1_641' title='bbox 1777 3174 2061 3240; x_wconf 90' lang='lat' dir='ltr'><strong>lemnibus,</strong></span> <span class='ocrx_word' id='word_1_642' title='bbox 2093 3187 2194 3228; x_wconf 92' lang='lat' dir='ltr'><strong>nec</strong></span> <span class='ocrx_word' id='word_1_643' title='bbox 2221 3173 2413 3241; x_wconf 86' lang='lat' dir='ltr'><strong>integri</strong></span> <span class='ocrx_word' id='word_1_644' title='bbox 2447 3171 2698 3242; x_wconf 78' lang='lat' dir='ltr'><strong>ponderis</strong></span> <span class='ocrx_word' id='word_1_645' title='bbox 2739 3169 2943 3225; x_wconf 87' lang='lat' dir='ltr'><strong>solidos</strong></span> <span class='ocrx_word' id='word_1_646' title='bbox 2971 3170 3275 3241; x_wconf 89' lang='lat' dir='ltr'><strong>percipere,</strong></span> <span class='ocrx_word' id='word_1_647' title='bbox 3300 3179 3358 3228; x_wconf 88' lang='lat' dir='ltr'><strong>et</strong></span> 
     </span>
    </p>
   </div>
   <div class='ocr_carea' id='block_1_98' title="bbox 1774 3260 3360 3333">
    <p class='ocr_par' dir='ltr' id='par_1_98' title="bbox 1774 3260 3360 3333">
     <span class='ocr_line' id='line_1_100' title="bbox 1774 3260 3360 3333; baseline -0.003 -11"><span class='ocrx_word' id='word_1_648' title='bbox 1774 3267 1828 3322; x_wconf 88' lang='lat' dir='ltr'><strong>in</strong></span> <span class='ocrx_word' id='word_1_649' title='bbox 1857 3280 2084 3320; x_wconf 86' lang='lat' dir='ltr'><strong>nurnero</strong></span> <span class='ocrx_word' id='word_1_650' title='bbox 2113 3263 2294 3330; x_wconf 78' lang='lat' dir='ltr'><strong>gravia</strong></span> <span class='ocrx_word' id='word_1_651' title='bbox 2321 3279 2380 3318; x_wconf 89' lang='lat' dir='ltr'><strong>se</strong></span> <span class='ocrx_word' id='word_1_652' title='bbox 2407 3263 2684 3331; x_wconf 85' lang='lat' dir='ltr'><strong>dispendia</strong></span> <span class='ocrx_word' id='word_1_653' title='bbox 2705 3262 2990 3317; x_wconf 80' lang='lat' dir='ltr'><strong>sustinere.</strong></span> <span class='ocrx_word' id='word_1_654' title='bbox 3016 3260 3360 3333; x_wconf 84' lang='lat' dir='ltr'><strong>Quapropter</strong></span> 
     </span>
    </p>
   </div>
   <div class='ocr_carea' id='block_1_99' title="bbox 1770 3354 3359 3429">
    <p class='ocr_par' dir='ltr' id='par_1_99' title="bbox 1770 3354 3359 3429">
     <span class='ocr_line' id='line_1_101' title="bbox 1770 3354 3359 3429; baseline -0.003 -15"><span class='ocrx_word' id='word_1_655' title='bbox 1770 3357 2055 3429; x_wconf 86' lang='lat' dir='ltr'><strong>prudentia</strong></span> <span class='ocrx_word' id='word_1_656' title='bbox 2082 3367 2260 3412; x_wconf 85' lang='lat' dir='ltr'><strong>vestra</strong></span> <span class='ocrx_word' id='word_1_657' title='bbox 2289 3357 2608 3412; x_wconf 88' lang='lat' dir='ltr'><strong>lectionibus</strong></span> <span class='ocrx_word' id='word_1_658' title='bbox 2637 3355 2842 3410; x_wconf 87' lang='lat' dir='ltr'><strong>erudita</strong></span> <span class='ocrx_word' id='word_1_659' title='bbox 2871 3354 3189 3424; x_wconf 88' lang='lat' dir='ltr'><strong>dogmaticis</strong></span> <span class='ocrx_word' id='word_1_660' title='bbox 3239 3370 3359 3410; x_wconf 85' lang='lat' dir='ltr'><strong>sce-</strong></span> 
     </span>
    </p>
   </div>
   <div class='ocr_carea' id='block_1_100' title="bbox 1773 3445 3360 3514">
    <p class='ocr_par' dir='ltr' id='par_1_100' title="bbox 1773 3445 3360 3514">
     <span class='ocr_line' id='line_1_102' title="bbox 1773 3445 3360 3514; baseline -0.001 -10"><span class='ocrx_word' id='word_1_661' title='bbox 1773 3450 1964 3506; x_wconf 87' lang='lat' dir='ltr'><strong>lestam</strong></span> <span class='ocrx_word' id='word_1_662' title='bbox 1994 3451 2281 3505; x_wconf 83' lang='lat' dir='ltr'><strong>falsitatem</strong></span> <span class='ocrx_word' id='word_1_663' title='bbox 2312 3465 2342 3504; x_wconf 90' lang='lat' dir='ltr'><strong>a</strong></span> <span class='ocrx_word' id='word_1_664' title='bbox 2370 3447 2645 3504; x_wconf 90' lang='lat' dir='ltr'><strong>consortio</strong></span> <span class='ocrx_word' id='word_1_665' title='bbox 2673 3445 2917 3502; x_wconf 86' lang='lat' dir='ltr'><strong>veritatis</strong></span> <span class='ocrx_word' id='word_1_666' title='bbox 2941 3447 3144 3514; x_wconf 89' lang='lat' dir='ltr'><strong>ejiciat,</strong></span> <span class='ocrx_word' id='word_1_667' title='bbox 3174 3460 3242 3501; x_wconf 87' lang='lat' dir='ltr'><strong>ne</strong></span> <span class='ocrx_word' id='word_1_668' title='bbox 3268 3445 3360 3502; x_wconf 84' lang='lat' dir='ltr'><strong>cui</strong></span> 
     </span>
    </p>
   </div>
   <div class='ocr_carea' id='block_1_101' title="bbox 1773 3539 3354 3612">
    <p class='ocr_par' dir='ltr' id='par_1_101' title="bbox 1773 3539 3354 3612">
     <span class='ocr_line' id='line_1_103' title="bbox 1773 3539 3354 3612; baseline 0 -16"><span class='ocrx_word' id='word_1_669' title='bbox 1773 3541 1844 3596; x_wconf 90' lang='lat' dir='ltr'><strong>sit</strong></span> <span class='ocrx_word' id='word_1_670' title='bbox 1871 3541 2162 3612; x_wconf 86' lang='lat' dir='ltr'><strong>appetihile</strong></span> <span class='ocrx_word' id='word_1_671' title='bbox 2203 3539 2404 3610; x_wconf 87' lang='lat' dir='ltr'><strong>aliquid</strong></span> <span class='ocrx_word' id='word_1_672' title='bbox 2435 3539 2500 3594; x_wconf 88' lang='lat' dir='ltr'><strong>de</strong></span> <span class='ocrx_word' id='word_1_673' title='bbox 2553 3539 2643 3594; x_wconf 90' lang='lat' dir='ltr'><strong>illa</strong></span> <span class='ocrx_word' id='word_1_674' title='bbox 2673 3539 2982 3606; x_wconf 85' lang='lat' dir='ltr'><strong>integritate</strong></span> <span class='ocrx_word' id='word_1_675' title='bbox 3029 3540 3354 3598; x_wconf 86' lang='lat' dir='ltr'><strong>subducere.</strong></span> 
     </span>
    </p>
   </div>
   <div class='ocr_carea' id='block_1_102' title="bbox 1772 3631 3363 3703">
    <p class='ocr_par' dir='ltr' id='par_1_102' title="bbox 1772 3631 3363 3703">
     <span class='ocr_line' id='line_1_104' title="bbox 1772 3631 3363 3703; baseline -0.003 -13"><span class='ocrx_word' id='word_1_676' title='bbox 1772 3634 1900 3690; x_wconf 72' lang='lat' dir='ltr'><strong>ﬂzec</strong></span> <span class='ocrx_word' id='word_1_677' title='bbox 1926 3633 2069 3690; x_wconf 90' lang='lat' dir='ltr'><strong>enim</strong></span> <span class='ocrx_word' id='word_1_678' title='bbox 2089 3647 2208 3702; x_wconf 67' lang='lat' dir='ltr'><strong>qua:</strong></span> <span class='ocrx_word' id='word_1_679' title='bbox 2237 3631 2540 3703; x_wconf 88' lang='lat' dir='ltr'><strong>appellatur</strong></span> <span class='ocrx_word' id='word_1_680' title='bbox 2563 3632 2918 3697; x_wconf 87' lang='lat' dir='ltr'><strong>arithmetica,</strong></span> <span class='ocrx_word' id='word_1_681' title='bbox 2948 3632 3090 3687; x_wconf 86' lang='lat' dir='ltr'><strong>inter</strong></span> <span class='ocrx_word' id='word_1_682' title='bbox 3113 3631 3363 3701; x_wconf 78' lang='lat' dir='ltr'><strong>amb&#39;gua</strong></span> 
     </span>
    </p>
   </div>
   <div class='ocr_carea' id='block_1_103' title="bbox 1772 3723 3354 3794">
    <p class='ocr_par' dir='ltr' id='par_1_103' title="bbox 1772 3723 3354 3794">
     <span class='ocr_line' id='line_1_105' title="bbox 1772 3723 3354 3794; baseline -0.002 -12"><span class='ocrx_word' id='word_1_683' title='bbox 1772 3725 1957 3782; x_wconf 88' lang='lat' dir='ltr'><strong>mundi</strong></span> <span class='ocrx_word' id='word_1_684' title='bbox 2003 3723 2299 3780; x_wconf 86' lang='lat' dir='ltr'><strong>certissima</strong></span> <span class='ocrx_word' id='word_1_685' title='bbox 2331 3723 2540 3777; x_wconf 87' lang='lat' dir='ltr'><strong>ratione</strong></span> <span class='ocrx_word' id='word_1_686' title='bbox 2569 3723 2848 3788; x_wconf 84' lang='lat' dir='ltr'><strong>consistit;</strong></span> <span class='ocrx_word' id='word_1_687' title='bbox 2897 3739 3060 3794; x_wconf 88' lang='lat' dir='ltr'><strong>quam</strong></span> <span class='ocrx_word' id='word_1_688' title='bbox 3089 3739 3212 3779; x_wconf 86' lang='lat' dir='ltr'><strong>cum</strong></span> <span class='ocrx_word' id='word_1_689' title='bbox 3241 3738 3354 3780; x_wconf 78' lang='lat' dir='ltr'><strong>cce-</strong></span> 
     </span>
    </p>
   </div>
   <div class='ocr_carea' id='block_1_104' title="bbox 1773 3812 3359 3884">
    <p class='ocr_par' dir='ltr' id='par_1_104' title="bbox 1773 3812 3359 3884">
     <span class='ocr_line' id='line_1_106' title="bbox 1773 3812 3359 3884; baseline -0.002 -13"><span class='ocrx_word' id='word_1_690' title='bbox 1773 3816 1998 3872; x_wconf 88' lang='lat' dir='ltr'><strong>lestibus</strong></span> <span class='ocrx_word' id='word_1_691' title='bbox 2041 3813 2320 3884; x_wconf 66' lang='lat' dir='ltr'><strong>aequaliter</strong></span> <span class='ocrx_word' id='word_1_692' title='bbox 2365 3813 2642 3877; x_wconf 87' lang='lat' dir='ltr'><strong>novimus,</strong></span> <span class='ocrx_word' id='word_1_693' title='bbox 2673 3812 2894 3870; x_wconf 86' lang='lat' dir='ltr'><strong>evidens</strong></span> <span class='ocrx_word' id='word_1_694' title='bbox 2939 3813 3102 3877; x_wconf 88' lang='lat' dir='ltr'><strong>ordo,</strong></span> <span class='ocrx_word' id='word_1_695' title='bbox 3134 3813 3359 3883; x_wconf 75' lang='lat' dir='ltr'><strong>pulchra</strong></span> 
     </span>
    </p>
   </div>
   <div class='ocr_carea' id='block_1_105' title="bbox 1775 3903 3364 3976">
    <p class='ocr_par' dir='ltr' id='par_1_105' title="bbox 1775 3903 3364 3976">
     <span class='ocr_line' id='line_1_107' title="bbox 1775 3903 3364 3976; baseline -0.001 -16"><span class='ocrx_word' id='word_1_696' title='bbox 1775 3905 2076 3976; x_wconf 90' lang='lat' dir='ltr'><strong>dispositio,</strong></span> <span class='ocrx_word' id='word_1_697' title='bbox 2105 3903 2344 3972; x_wconf 88' lang='lat' dir='ltr'><strong>cognitio</strong></span> <span class='ocrx_word' id='word_1_698' title='bbox 2372 3903 2620 3973; x_wconf 75' lang='lat' dir='ltr'><strong>simplex,</strong></span> <span class='ocrx_word' id='word_1_699' title='bbox 2651 3903 2942 3960; x_wconf 88' lang='lat' dir='ltr'><strong>immobilis</strong></span> <span class='ocrx_word' id='word_1_700' title='bbox 2965 3904 3210 3968; x_wconf 87' lang='lat' dir='ltr'><strong>scientia,</strong></span> <span class='ocrx_word' id='word_1_701' title='bbox 3240 3917 3364 3972; x_wconf 78' lang='lat' dir='ltr'><strong>qute</strong></span> 
     </span>
    </p>
   </div>
   <div class='ocr_carea' id='block_1_106' title="bbox 1774 3991 3365 4066">
    <p class='ocr_par' dir='ltr' id='par_1_106' title="bbox 1774 3991 3365 4066">
     <span class='ocr_line' id='line_1_108' title="bbox 1774 3991 3365 4066; baseline -0.003 -13"><span class='ocrx_word' id='word_1_702' title='bbox 1774 4004 1830 4053; x_wconf 88' lang='lat' dir='ltr'><strong>et</strong></span> <span class='ocrx_word' id='word_1_703' title='bbox 1873 4010 2106 4066; x_wconf 87' lang='lat' dir='ltr'><strong>superna</strong></span> <span class='ocrx_word' id='word_1_704' title='bbox 2151 3994 2430 4059; x_wconf 89' lang='lat' dir='ltr'><strong>continet,</strong></span> <span class='ocrx_word' id='word_1_705' title='bbox 2471 4003 2528 4048; x_wconf 91' lang='lat' dir='ltr'><strong>et</strong></span> <span class='ocrx_word' id='word_1_706' title='bbox 2563 4001 2776 4048; x_wconf 87' lang='lat' dir='ltr'><strong>terrena</strong></span> <span class='ocrx_word' id='word_1_707' title='bbox 2806 3994 3058 4050; x_wconf 88' lang='lat' dir='ltr'><strong>custodit.</strong></span> <span class='ocrx_word' id='word_1_708' title='bbox 3091 3991 3243 4060; x_wconf 65' lang='lat' dir='ltr'><strong>Quid</strong></span> <span class='ocrx_word' id='word_1_709' title='bbox 3279 4002 3365 4049; x_wconf 89' lang='lat' dir='ltr'><strong>est</strong></span> 
     </span>
    </p>
   </div>
   <div class='ocr_carea' id='block_1_107' title="bbox 1775 4084 3364 4160">
    <p class='ocr_par' dir='ltr' id='par_1_107' title="bbox 1775 4084 3364 4160">
     <span class='ocr_line' id='line_1_109' title="bbox 1775 4084 3364 4160; baseline -0.004 -15"><span class='ocrx_word' id='word_1_710' title='bbox 1775 4091 1918 4146; x_wconf 89' lang='lat' dir='ltr'><strong>enim</strong></span> <span class='ocrx_word' id='word_1_711' title='bbox 1951 4088 2094 4160; x_wconf 89' lang='lat' dir='ltr'><strong>quod</strong></span> <span class='ocrx_word' id='word_1_712' title='bbox 2141 4095 2234 4143; x_wconf 89' lang='lat' dir='ltr'><strong>aut</strong></span> <span class='ocrx_word' id='word_1_713' title='bbox 2281 4103 2587 4143; x_wconf 85' lang='lat' dir='ltr'><strong>mensuram</strong></span> <span class='ocrx_word' id='word_1_714' title='bbox 2618 4103 2726 4142; x_wconf 89' lang='lat' dir='ltr'><strong>non</strong></span> <span class='ocrx_word' id='word_1_715' title='bbox 2753 4087 2951 4142; x_wconf 87' lang='lat' dir='ltr'><strong>habeat</strong></span> <span class='ocrx_word' id='word_1_716' title='bbox 2973 4127 2988 4152; x_wconf 93' lang='lat'><strong>,</strong></span> <span class='ocrx_word' id='word_1_717' title='bbox 3029 4094 3124 4142; x_wconf 86' lang='lat' dir='ltr'><strong>aut</strong></span> <span class='ocrx_word' id='word_1_718' title='bbox 3148 4084 3364 4157; x_wconf 85' lang='lat' dir='ltr'><strong>pondus</strong></span> 
     </span>
    </p>
   </div>
   <div class='ocr_carea' id='block_1_108' title="bbox 1775 4177 3362 4250">
    <p class='ocr_par' dir='ltr' id='par_1_108' title="bbox 1775 4177 3362 4250">
     <span class='ocr_line' id='line_1_110' title="bbox 1775 4177 3362 4250; baseline -0.004 -13"><span class='ocrx_word' id='word_1_719' title='bbox 1775 4181 2038 4237; x_wconf 83' lang='lat' dir='ltr'><strong>excedat?</strong></span> <span class='ocrx_word' id='word_1_720' title='bbox 2082 4178 2273 4234; x_wconf 87' lang='lat' dir='ltr'><strong>Omnia</strong></span> <span class='ocrx_word' id='word_1_721' title='bbox 2326 4179 2722 4250; x_wconf 87' lang='lat' dir='ltr'><strong>complectitur,</strong></span> <span class='ocrx_word' id='word_1_722' title='bbox 2773 4187 2970 4234; x_wconf 89' lang='lat' dir='ltr'><strong>cuncta</strong></span> <span class='ocrx_word' id='word_1_723' title='bbox 3014 4177 3362 4243; x_wconf 85' lang='lat' dir='ltr'><strong>moderatur;</strong></span> 
     </span>
    </p>
   </div>
   <div class='ocr_carea' id='block_1_109' title="bbox 1777 4267 3367 4340">
    <p class='ocr_par' dir='ltr' id='par_1_109' title="bbox 1777 4267 3367 4340">
     <span class='ocr_line' id='line_1_111' title="bbox 1777 4267 3367 4340; baseline -0.003 -13"><span class='ocrx_word' id='word_1_724' title='bbox 1777 4281 1835 4327; x_wconf 90' lang='lat' dir='ltr'><strong>et</strong></span> <span class='ocrx_word' id='word_1_725' title='bbox 1862 4272 2110 4328; x_wconf 87' lang='lat' dir='ltr'><strong>universa</strong></span> <span class='ocrx_word' id='word_1_726' title='bbox 2151 4271 2278 4326; x_wconf 89' lang='lat' dir='ltr'><strong>hinc</strong></span> <span class='ocrx_word' id='word_1_727' title='bbox 2320 4269 2770 4340; x_wconf 86' lang='lat' dir='ltr'><strong>pulchritudinem</strong></span> <span class='ocrx_word' id='word_1_728' title='bbox 2807 4268 3062 4338; x_wconf 86' lang='lat' dir='ltr'><strong>capiunt,</strong></span> <span class='ocrx_word' id='word_1_729' title='bbox 3092 4267 3217 4337; x_wconf 87' lang='lat' dir='ltr'><strong>quia</strong></span> <span class='ocrx_word' id='word_1_730' title='bbox 3263 4267 3367 4322; x_wconf 86' lang='lat' dir='ltr'><strong>sub</strong></span> 
     </span>
    </p>
   </div>
   <div class='ocr_carea' id='block_1_110' title="bbox 1777 4355 3369 4435">
    <p class='ocr_par' dir='ltr' id='par_1_110' title="bbox 1777 4355 3369 4435">
     <span class='ocr_line' id='line_1_112' title="bbox 1777 4355 3369 4435; baseline -0.004 -17"><span class='ocrx_word' id='word_1_731' title='bbox 1777 4362 1940 4418; x_wconf 89' lang='lat' dir='ltr'><strong>modo</strong></span> <span class='ocrx_word' id='word_1_732' title='bbox 1963 4361 2094 4435; x_wconf 81' lang='lat' dir='ltr'><strong>[ed.,</strong></span> <span class='ocrx_word' id='word_1_733' title='bbox 2119 4359 2324 4433; x_wconf 88' lang='lat' dir='ltr'><strong>modio]</strong></span> <span class='ocrx_word' id='word_1_734' title='bbox 2349 4360 2514 4431; x_wconf 88' lang='lat' dir='ltr'><strong>ipsius</strong></span> <span class='ocrx_word' id='word_1_735' title='bbox 2531 4375 2653 4417; x_wconf 87' lang='lat' dir='ltr'><strong>esse</strong></span> <span class='ocrx_word' id='word_1_736' title='bbox 2681 4373 2996 4414; x_wconf 84' lang='lat' dir='ltr'><strong>noscuntur.</strong></span> <span class='ocrx_word' id='word_1_737' title='bbox 3018 4355 3179 4412; x_wconf 81' lang='lat' dir='ltr'><strong>Juvat</strong></span> <span class='ocrx_word' id='word_1_738' title='bbox 3200 4357 3369 4429; x_wconf 85' lang='lat' dir='ltr'><strong>inspi-</strong></span> 
     </span>
    </p>
   </div>
   <div class='ocr_carea' id='block_1_111' title="bbox 1781 4447 3366 4522">
    <p class='ocr_par' dir='ltr' id='par_1_111' title="bbox 1781 4447 3366 4522">
     <span class='ocr_line' id='line_1_113' title="bbox 1781 4447 3366 4522; baseline -0.004 -14"><span class='ocrx_word' id='word_1_739' title='bbox 1781 4469 1906 4509; x_wconf 87' lang='lat' dir='ltr'><strong>cere</strong></span> <span class='ocrx_word' id='word_1_740' title='bbox 1932 4450 2385 4522; x_wconf 86' lang='lat' dir='ltr'><strong>quemadmodum</strong></span> <span class='ocrx_word' id='word_1_741' title='bbox 2416 4451 2670 4506; x_wconf 87' lang='lat' dir='ltr'><strong>denarius</strong></span> <span class='ocrx_word' id='word_1_742' title='bbox 2716 4464 2972 4504; x_wconf 88' lang='lat' dir='ltr'><strong>numerus</strong></span> <span class='ocrx_word' id='word_1_743' title='bbox 2993 4486 3009 4510; x_wconf 86' lang='lat'><strong>.</strong></span> <span class='ocrx_word' id='word_1_744' title='bbox 3040 4463 3191 4504; x_wconf 88' lang='lat' dir='ltr'><strong>more</strong></span> <span class='ocrx_word' id='word_1_745' title='bbox 3217 4447 3366 4517; x_wconf 78' lang='lat' dir='ltr'><strong>cmli,</strong></span> 
     </span>
    </p>
   </div>
   <div class='ocr_carea' id='block_1_112' title="bbox 1712 4537 3364 4610">
    <p class='ocr_par' dir='ltr' id='par_1_112' title="bbox 1712 4537 3364 4610">
     <span class='ocr_line' id='line_1_114' title="bbox 1712 4537 3364 4610; baseline -0.003 -11"><span class='ocrx_word' id='word_1_746' title='bbox 1712 4549 1759 4609; x_wconf 84' lang='lat' dir='ltr'><strong>D</strong></span> <span class='ocrx_word' id='word_1_747' title='bbox 1785 4551 1840 4599; x_wconf 90' lang='lat' dir='ltr'><strong>et</strong></span> <span class='ocrx_word' id='word_1_748' title='bbox 1865 4543 1918 4598; x_wconf 92' lang='lat' dir='ltr'><strong>in</strong></span> <span class='ocrx_word' id='word_1_749' title='bbox 1943 4558 2004 4598; x_wconf 88' lang='lat' dir='ltr'><strong>se</strong></span> <span class='ocrx_word' id='word_1_750' title='bbox 2030 4541 2344 4606; x_wconf 86' lang='lat' dir='ltr'><strong>revolvitur,</strong></span> <span class='ocrx_word' id='word_1_751' title='bbox 2377 4548 2434 4594; x_wconf 84' lang='lat' dir='ltr'><strong>et</strong></span> <span class='ocrx_word' id='word_1_752' title='bbox 2475 4555 2746 4610; x_wconf 89' lang='lat' dir='ltr'><strong>nunquam</strong></span> <span class='ocrx_word' id='word_1_753' title='bbox 2792 4537 3048 4596; x_wconf 87' lang='lat' dir='ltr'><strong>deficiens</strong></span> <span class='ocrx_word' id='word_1_754' title='bbox 3075 4539 3364 4595; x_wconf 88' lang='lat' dir='ltr'><strong>invenitur.</strong></span> 
     </span>
    </p>
   </div>
   <div class='ocr_carea' id='block_1_113' title="bbox 1787 4629 3368 4702">
    <p class='ocr_par' dir='ltr' id='par_1_113' title="bbox 1787 4629 3368 4702">
     <span class='ocr_line' id='line_1_115' title="bbox 1787 4629 3368 4702; baseline -0.005 -10"><span class='ocrx_word' id='word_1_755' title='bbox 1787 4635 1992 4692; x_wconf 88' lang='lat' dir='ltr'><strong>Crescit</strong></span> <span class='ocrx_word' id='word_1_756' title='bbox 2019 4649 2158 4690; x_wconf 88' lang='lat' dir='ltr'><strong>nova</strong></span> <span class='ocrx_word' id='word_1_757' title='bbox 2185 4633 2514 4699; x_wconf 90' lang='lat' dir='ltr'><strong>conditione,</strong></span> <span class='ocrx_word' id='word_1_758' title='bbox 2539 4646 2636 4702; x_wconf 91' lang='lat' dir='ltr'><strong>per</strong></span> <span class='ocrx_word' id='word_1_759' title='bbox 2659 4645 2719 4686; x_wconf 88' lang='lat' dir='ltr'><strong>se</strong></span> <span class='ocrx_word' id='word_1_760' title='bbox 2739 4629 3032 4693; x_wconf 85' lang='lat' dir='ltr'><strong>redeundo,</strong></span> <span class='ocrx_word' id='word_1_761' title='bbox 3057 4629 3236 4684; x_wconf 86' lang='lat' dir='ltr'><strong>addita</strong></span> <span class='ocrx_word' id='word_1_762' title='bbox 3263 4629 3368 4685; x_wconf 85' lang='lat' dir='ltr'><strong>sibi</strong></span> 
     </span>
    </p>
   </div>
   <div class='ocr_carea' id='block_1_114' title="bbox 1784 4719 3367 4797">
    <p class='ocr_par' dir='ltr' id='par_1_114' title="bbox 1784 4719 3367 4797">
     <span class='ocr_line' id='line_1_116' title="bbox 1784 4719 3367 4797; baseline -0.006 -14"><span class='ocrx_word' id='word_1_763' title='bbox 1784 4741 1998 4797; x_wconf 90' lang='lat' dir='ltr'><strong>semper</strong></span> <span class='ocrx_word' id='word_1_764' title='bbox 2025 4725 2141 4794; x_wconf 86' lang='lat' dir='ltr'><strong>ipsa</strong></span> <span class='ocrx_word' id='word_1_765' title='bbox 2165 4721 2482 4787; x_wconf 87' lang='lat' dir='ltr'><strong>calculatio;</strong></span> <span class='ocrx_word' id='word_1_766' title='bbox 2520 4729 2577 4775; x_wconf 92' lang='lat' dir='ltr'><strong>ut</strong></span> <span class='ocrx_word' id='word_1_767' title='bbox 2603 4735 2727 4775; x_wconf 90' lang='lat' dir='ltr'><strong>cum</strong></span> <span class='ocrx_word' id='word_1_768' title='bbox 2761 4719 3012 4776; x_wconf 89' lang='lat' dir='ltr'><strong>denarius</strong></span> <span class='ocrx_word' id='word_1_769' title='bbox 3043 4735 3150 4774; x_wconf 88' lang='lat' dir='ltr'><strong>non</strong></span> <span class='ocrx_word' id='word_1_770' title='bbox 3181 4719 3367 4774; x_wconf 90' lang='lat' dir='ltr'><strong>videa-</strong></span> 
     </span>
    </p>
   </div>
   <div class='ocr_carea' id='block_1_115' title="bbox 1786 4898 3368 4975">
    <p class='ocr_par' dir='ltr' id='par_1_115' title="bbox 1786 4898 3368 4975">
     <span class='ocr_line' id='line_1_117' title="bbox 1786 4898 3368 4975; baseline -0.003 -15"><span class='ocrx_word' id='word_1_771' title='bbox 1786 4907 1838 4960; x_wconf 92' lang='lat' dir='ltr'><strong>in</strong></span> <span class='ocrx_word' id='word_1_772' title='bbox 1883 4903 2124 4975; x_wconf 88' lang='lat' dir='ltr'><strong>epistolis</strong></span> <span class='ocrx_word' id='word_1_773' title='bbox 2170 4902 2208 4957; x_wconf 91' lang='lat' dir='ltr'><strong>l.</strong></span> <span class='ocrx_word' id='word_1_774' title='bbox 2266 4901 2336 4975; x_wconf 60' lang='lat'><strong>1?;</strong></span> <span class='ocrx_word' id='word_1_775' title='bbox 2369 4899 2502 4958; x_wconf 89' lang='lat' dir='ltr'><strong>Cod.</strong></span> <span class='ocrx_word' id='word_1_776' title='bbox 2544 4901 2620 4975; x_wconf 89' lang='lat' dir='ltr'><strong>_de</strong></span> <span class='ocrx_word' id='word_1_777' title='bbox 2656 4911 2893 4975; x_wconf 73' lang='lat' dir='ltr'><strong>suscepi.</strong></span> <span class='ocrx_word' id='word_1_778' title='bbox 2940 4898 3086 4975; x_wconf 67' lang='grc' dir='ltr'><strong>ΔΙιίιτθ</strong></span> <span class='ocrx_word' id='word_1_779' title='bbox 3123 4901 3368 4975; x_wconf 72' lang='lat' dir='ltr'><strong>amarius</strong></span> 
     </span>
    </p>
   </div>
   <div class='ocr_carea' id='block_1_116' title="bbox 1786 4971 3367 5042">
    <p class='ocr_par' dir='ltr' id='par_1_116' title="bbox 1786 4971 3367 5042">
     <span class='ocr_line' id='line_1_118' title="bbox 1786 4971 3367 5042; baseline -0.003 -11"><span class='ocrx_word' id='word_1_780' title='bbox 1786 4971 1999 5040; x_wconf 82' lang='lat' dir='ltr'><strong>servus,</strong></span> <span class='ocrx_word' id='word_1_781' title='bbox 2029 4974 2112 5028; x_wconf 93' lang='lat' dir='ltr'><strong>cui</strong></span> <span class='ocrx_word' id='word_1_782' title='bbox 2142 4986 2280 5028; x_wconf 70' lang='lat' dir='ltr'><strong>arae</strong></span> <span class='ocrx_word' id='word_1_783' title='bbox 2315 4972 2368 5025; x_wconf 89' lang='lat' dir='ltr'><strong>in</strong></span> <span class='ocrx_word' id='word_1_784' title='bbox 2394 4986 2497 5042; x_wconf 91' lang='lat' dir='ltr'><strong>qua</strong></span> <span class='ocrx_word' id='word_1_785' title='bbox 2527 4971 2731 5042; x_wconf 86' lang='lat' dir='ltr'><strong>domini</strong></span> <span class='ocrx_word' id='word_1_786' title='bbox 2761 4971 2985 5040; x_wconf 85' lang='lat' dir='ltr'><strong>pecunia</strong></span> <span class='ocrx_word' id='word_1_787' title='bbox 3015 4971 3230 5042; x_wconf 79' lang='lat' dir='ltr'><strong>condita</strong></span> <span class='ocrx_word' id='word_1_788' title='bbox 3260 4981 3367 5041; x_wconf 89' lang='lat' dir='ltr'><strong>est,</strong></span> 
     </span>
    </p>
   </div>
   <div class='ocr_carea' id='block_1_117' title="bbox 1787 5041 3370 5116">
    <p class='ocr_par' dir='ltr' id='par_1_117' title="bbox 1787 5041 3370 5116">
     <span class='ocr_line' id='line_1_119' title="bbox 1787 5041 3370 5116; baseline -0.004 -15"><span class='ocrx_word' id='word_1_789' title='bbox 1787 5045 2098 5116; x_wconf 70' lang='lat' dir='ltr'><strong>procuratio</strong></span> <span class='ocrx_word' id='word_1_790' title='bbox 2123 5041 2554 5116; x_wconf 69' lang='lat' dir='ltr'><strong>commissaest,_</strong></span> <span class='ocrx_word' id='word_1_791' title='bbox 2573 5041 2711 5096; x_wconf 91' lang='lat' dir='ltr'><strong>idem</strong></span> <span class='ocrx_word' id='word_1_792' title='bbox 2738 5042 2830 5116; x_wconf 80' lang='lat' dir='ltr'><strong>qui</strong></span> <span class='ocrx_word' id='word_1_793' title='bbox 2859 5049 3132 5116; x_wconf 56' lang='lat' dir='ltr'><strong>actorem</strong></span> <span class='ocrx_word' id='word_1_794' title='bbox 3157 5041 3370 5116; x_wconf 67' lang='lat' dir='ltr'><strong>dispen-</strong></span> 
     </span>
    </p>
   </div>
   <div class='ocr_carea' id='block_1_118' title="bbox 1787 5109 3367 5176">
    <p class='ocr_par' dir='ltr' id='par_1_118' title="bbox 1787 5109 3367 5176">
     <span class='ocr_line' id='line_1_120' title="bbox 1787 5109 3367 5176; baseline -0.004 -6"><span class='ocrx_word' id='word_1_795' title='bbox 1787 5109 1956 5170; x_wconf 76' lang='lat' dir='ltr'><strong>sator.</strong></span> <span class='ocrx_word' id='word_1_796' title='bbox 2025 5111 2261 5169; x_wconf 57' lang='lat' dir='ltr'><strong>Scaevola</strong></span> <span class='ocrx_word' id='word_1_797' title='bbox 2313 5111 2382 5165; x_wconf 87' lang='lat' dir='ltr'><strong>de</strong></span> <span class='ocrx_word' id='word_1_798' title='bbox 2433 5109 2940 5167; x_wconf 76' lang='lat' dir='ltr'><strong>ﬁdeicommissariis</strong></span> <span class='ocrx_word' id='word_1_799' title='bbox 3011 5109 3367 5176; x_wconf 84' lang='lat' dir='ltr'><strong>libertatibus,</strong></span> 
     </span>
    </p>
   </div>
   <div class='ocr_carea' id='block_1_119' title="bbox 1785 5179 3366 5250">
    <p class='ocr_par' dir='ltr' id='par_1_119' title="bbox 1785 5179 3366 5250">
     <span class='ocr_line' id='line_1_121' title="bbox 1785 5179 3366 5250; baseline -0.004 -10"><span class='ocrx_word' id='word_1_800' title='bbox 1785 5185 2004 5242; x_wconf 87' lang='lat' dir='ltr'><strong>Stichus</strong></span> <span class='ocrx_word' id='word_1_801' title='bbox 2033 5182 2274 5238; x_wconf 86' lang='lat' dir='ltr'><strong>arcarius</strong></span> <span class='ocrx_word' id='word_1_802' title='bbox 2303 5181 2566 5250; x_wconf 89' lang='lat' dir='ltr'><strong>probante</strong></span> <span class='ocrx_word' id='word_1_803' title='bbox 2610 5182 2830 5235; x_wconf 90' lang='lat' dir='ltr'><strong>domino</strong></span> <span class='ocrx_word' id='word_1_804' title='bbox 2857 5181 3075 5235; x_wconf 89' lang='lat' dir='ltr'><strong>nomina</strong></span> <span class='ocrx_word' id='word_1_805' title='bbox 3107 5179 3251 5234; x_wconf 88' lang='lat' dir='ltr'><strong>fecit.</strong></span> <span class='ocrx_word' id='word_1_806' title='bbox 3284 5179 3366 5234; x_wconf 78' lang='lat' dir='ltr'><strong>Ex</strong></span> 
     </span>
    </p>
   </div>
   <div class='ocr_carea' id='block_1_120' title="bbox 1786 5249 3368 5320">
    <p class='ocr_par' dir='ltr' id='par_1_120' title="bbox 1786 5249 3368 5320">
     <span class='ocr_line' id='line_1_122' title="bbox 1786 5249 3368 5320; baseline -0.002 -12"><span class='ocrx_word' id='word_1_807' title='bbox 1786 5270 1910 5311; x_wconf 85' lang='lat' dir='ltr'><strong>arca</strong></span> <span class='ocrx_word' id='word_1_808' title='bbox 1953 5253 2202 5315; x_wconf 88' lang='lat' dir='ltr'><strong>solvunt,</strong></span> <span class='ocrx_word' id='word_1_809' title='bbox 2247 5252 2339 5320; x_wconf 90' lang='lat' dir='ltr'><strong>qui</strong></span> <span class='ocrx_word' id='word_1_810' title='bbox 2383 5251 2663 5320; x_wconf 86' lang='lat' dir='ltr'><strong>pecuniam</strong></span> <span class='ocrx_word' id='word_1_811' title='bbox 2703 5250 2864 5306; x_wconf 91' lang='lat' dir='ltr'><strong>domo</strong></span> <span class='ocrx_word' id='word_1_812' title='bbox 2891 5249 3214 5319; x_wconf 86' lang='lat' dir='ltr'><strong>depromunt</strong></span> <span class='ocrx_word' id='word_1_813' title='bbox 3241 5289 3255 5310; x_wconf 87' lang='lat'><strong>,</strong></span> <span class='ocrx_word' id='word_1_814' title='bbox 3297 5251 3368 5306; x_wconf 87' lang='lat' dir='ltr'><strong>ad</strong></span> 
     </span>
    </p>
   </div>
   <div class='ocr_carea' id='block_1_121' title="bbox 1785 5319 3371 5390">
    <p class='ocr_par' dir='ltr' id='par_1_121' title="bbox 1785 5319 3371 5390">
     <span class='ocr_line' id='line_1_123' title="bbox 1785 5319 3371 5390; baseline -0.003 -12"><span class='ocrx_word' id='word_1_815' title='bbox 1785 5325 2070 5379; x_wconf 89' lang='lat' dir='ltr'><strong>discrimen</strong></span> <span class='ocrx_word' id='word_1_816' title='bbox 2101 5322 2216 5390; x_wconf 83' lang='lat' dir='ltr'><strong>ejus</strong></span> <span class='ocrx_word' id='word_1_817' title='bbox 2239 5319 2550 5390; x_wconf 83' lang='lat' dir='ltr'><strong>solutionis,</strong></span> <span class='ocrx_word' id='word_1_818' title='bbox 2583 5335 2702 5390; x_wconf 63' lang='lat' dir='ltr'><strong>quae</strong></span> <span class='ocrx_word' id='word_1_819' title='bbox 2733 5319 2792 5374; x_wconf 85' lang='lat' dir='ltr'><strong>lit</strong></span> <span class='ocrx_word' id='word_1_820' title='bbox 2817 5335 2884 5375; x_wconf 84' lang='lat' dir='ltr'><strong>ex</strong></span> <span class='ocrx_word' id='word_1_821' title='bbox 2914 5334 3097 5376; x_wconf 88' lang='lat' dir='ltr'><strong>mensa</strong></span> <span class='ocrx_word' id='word_1_822' title='bbox 3127 5327 3371 5390; x_wconf 60' lang='lat' dir='ltr'><strong>argenta-</strong></span> 
     </span>
    </p>
   </div>
   <div class='ocr_carea' id='block_1_122' title="bbox 1759 5388 3366 5461">
    <p class='ocr_par' dir='ltr' id='par_1_122' title="bbox 1759 5388 3366 5461">
     <span class='ocr_line' id='line_1_124' title="bbox 1759 5388 3366 5461; baseline -0.004 -13"><span class='ocrx_word' id='word_1_823' title='bbox 1759 5394 2026 5455; x_wconf 83' lang='lat' dir='ltr'><strong>-riorum,</strong></span> <span class='ocrx_word' id='word_1_824' title='bbox 2072 5388 2187 5446; x_wconf 27' lang='lat' dir='ltr'><strong>l.‘l</strong></span> <span class='ocrx_word' id='word_1_825' title='bbox 2243 5389 2380 5446; x_wconf 90' lang='lat' dir='ltr'><strong>Cod.</strong></span> <span class='ocrx_word' id='word_1_826' title='bbox 2431 5391 2497 5446; x_wconf 92' lang='lat' dir='ltr'><strong>de</strong></span> <span class='ocrx_word' id='word_1_827' title='bbox 2545 5388 2616 5445; x_wconf 74' lang='lat' dir='ltr'><strong>iis</strong></span> <span class='ocrx_word' id='word_1_828' title='bbox 2653 5405 2774 5461; x_wconf 60' lang='lat' dir='ltr'><strong>quas</strong></span> <span class='ocrx_word' id='word_1_829' title='bbox 2819 5407 2888 5461; x_wconf 80' lang='lat' dir='ltr'><strong>ex</strong></span> <span class='ocrx_word' id='word_1_830' title='bbox 2935 5391 3063 5461; x_wconf 68' lang='lat' dir='ltr'><strong>pub.</strong></span> <span class='ocrx_word' id='word_1_831' title='bbox 3111 5388 3212 5444; x_wconf 55' lang='lat' dir='ltr'><strong>rat;</strong></span> <span class='ocrx_word' id='word_1_832' title='bbox 3259 5388 3299 5444; x_wconf 89' lang='grc' dir='ltr'><strong>Ι.</strong></span> <span class='ocrx_word' id='word_1_833' title='bbox 3331 5388 3366 5442; x_wconf 63' lang='grc' dir='ltr'>δ</span> 
     </span>
    </p>
   </div>
   <div class='ocr_carea' id='block_1_123' title="bbox 1785 5459 3362 5530">
    <p class='ocr_par' dir='ltr' id='par_1_123' title="bbox 1785 5459 3362 5530">
     <span class='ocr_line' id='line_1_125' title="bbox 1785 5459 3362 5530; baseline -0.003 -12"><span class='ocrx_word' id='word_1_834' title='bbox 1785 5462 1919 5518; x_wconf 89' lang='lat' dir='ltr'><strong>Cod.</strong></span> <span class='ocrx_word' id='word_1_835' title='bbox 1973 5463 2042 5518; x_wconf 92' lang='lat' dir='ltr'><strong>de</strong></span> <span class='ocrx_word' id='word_1_836' title='bbox 2085 5476 2278 5518; x_wconf 88' lang='lat' dir='ltr'><strong>canon.</strong></span> <span class='ocrx_word' id='word_1_837' title='bbox 2333 5461 2508 5530; x_wconf 89' lang='lat' dir='ltr'><strong>largit.</strong></span> <span class='ocrx_word' id='word_1_838' title='bbox 2555 5459 2796 5516; x_wconf 57' lang='lat' dir='ltr'><strong>lib.&#39;ult.</strong></span> <span class='ocrx_word' id='word_1_839' title='bbox 2845 5459 2980 5516; x_wconf 88' lang='lat' dir='ltr'><strong>Cod.</strong></span> <span class='ocrx_word' id='word_1_840' title='bbox 3031 5459 3099 5515; x_wconf 89' lang='lat' dir='ltr'><strong>de</strong></span> <span class='ocrx_word' id='word_1_841' title='bbox 3148 5475 3362 5526; x_wconf 68' lang='lat' dir='ltr'><strong>suscep.</strong></span> 
     </span>
    </p>
   </div>
   <div class='ocr_carea' id='block_1_124' title="bbox 1787 5531 3365 5606">
    <p class='ocr_par' dir='ltr' id='par_1_124' title="bbox 1787 5531 3365 5606">
     <span class='ocr_line' id='line_1_126' title="bbox 1787 5531 3365 5606; baseline -0.003 -20"><span class='ocrx_word' id='word_1_842' title='bbox 1787 5533 1982 5588; x_wconf 84' lang='lat' dir='ltr'><strong>Arcam</strong></span> <span class='ocrx_word' id='word_1_843' title='bbox 2045 5531 2281 5606; x_wconf 58' lang='lat' dir='ltr'><strong>pragfecti</strong></span> <span class='ocrx_word' id='word_1_844' title='bbox 2337 5531 2587 5606; x_wconf 74' lang='lat' dir='ltr'><strong>prmtorio</strong></span> <span class='ocrx_word' id='word_1_845' title='bbox 2611 5535 2894 5606; x_wconf 50' lang='lat' dir='ltr'><strong>396:1:ng</strong></span> <span class='ocrx_word' id='word_1_846' title='bbox 2949 5531 3083 5606; x_wconf 84' lang='lat' dir='ltr'><strong>sive__</strong></span> <span class='ocrx_word' id='word_1_847' title='bbox 3127 5545 3365 5606; x_wconf 80' lang='lat' dir='ltr'><strong>mensam</strong></span> 
     </span>
    </p>
   </div>
   <div class='ocr_carea' id='block_1_125' title="bbox 1785 5600 3369 5668">
    <p class='ocr_par' dir='ltr' id='par_1_125' title="bbox 1785 5600 3369 5668">
     <span class='ocr_line' id='line_1_127' title="bbox 1785 5600 3369 5668; baseline -0.004 -10"><span class='ocrx_word' id='word_1_848' title='bbox 1785 5612 2012 5668; x_wconf 82' lang='lat' dir='ltr'><strong>vocant;</strong></span> <span class='ocrx_word' id='word_1_849' title='bbox 2050 5600 2111 5658; x_wconf 82' lang='lat' dir='ltr'><strong>et</strong></span> <span class='ocrx_word' id='word_1_850' title='bbox 2141 5602 2260 5657; x_wconf 91' lang='lat' dir='ltr'><strong>ideo</strong></span> <span class='ocrx_word' id='word_1_851' title='bbox 2293 5618 2398 5656; x_wconf 91' lang='lat' dir='ltr'><strong>non</strong></span> <span class='ocrx_word' id='word_1_852' title='bbox 2428 5601 2566 5656; x_wconf 84' lang='lat' dir='ltr'><strong>male</strong></span> <span class='ocrx_word' id='word_1_853' title='bbox 2607 5600 2858 5656; x_wconf 73' lang='lat' dir='ltr'><strong>Sidonius</strong></span> <span class='ocrx_word' id='word_1_854' title='bbox 2896 5601 3115 5655; x_wconf 82' lang='lat' dir='ltr'><strong>arcariis</strong></span> <span class='ocrx_word' id='word_1_855' title='bbox 3143 5600 3369 5668; x_wconf 83' lang='lat' dir='ltr'><strong>deputat</strong></span> 
     </span>
    </p>
   </div>
   <div class='ocr_carea' id='block_1_126' title="bbox 1789 5672 3364 5746">
    <p class='ocr_par' dir='ltr' id='par_1_126' title="bbox 1789 5672 3364 5746">
     <span class='ocr_line' id='line_1_128' title="bbox 1789 5672 3364 5746; baseline 0.008 -22"><span class='ocrx_word' id='word_1_856' title='bbox 1789 5672 2050 5746; x_wconf 75' lang='lat' dir='ltr'><strong>pondera,</strong></span> <span class='ocrx_word' id='word_1_857' title='bbox 2099 5689 2219 5746; x_wconf 68' lang='lat' dir='ltr'><strong>quae</strong></span> <span class='ocrx_word' id='word_1_858' title='bbox 2273 5675 2438 5746; x_wconf 85' lang='lat' dir='ltr'><strong>simul</strong></span> <span class='ocrx_word' id='word_1_859' title='bbox 2500 5689 2566 5729; x_wconf 86' lang='lat' dir='ltr'><strong>ac</strong></span> <span class='ocrx_word' id='word_1_860' title='bbox 2636 5690 2910 5746; x_wconf 67' lang='lat' dir='ltr'><strong>mensurae</strong></span> <span class='ocrx_word' id='word_1_861' title='bbox 2951 5678 3364 5746; x_wconf 82' lang='lat' dir='ltr'><strong>snseeptorihns</strong></span> 
     </span>
    </p>
   </div>
   <div class='ocr_carea' id='block_1_127' title="bbox 1787 5743 3341 5868">
    <p class='ocr_par' dir='ltr' id='par_1_127' title="bbox 1787 5743 3341 5868">
     <span class='ocr_line' id='line_1_129' title="bbox 1787 5743 3341 5868; baseline 0.007 -74"><span class='ocrx_word' id='word_1_862' title='bbox 1787 5743 2041 5868; x_wconf 43' lang='lat' dir='ltr'><strong>angustus</strong></span> <span class='ocrx_word' id='word_1_863' title='bbox 2064 5745 2392 5812; x_wconf 88' lang='lat' dir='ltr'><strong>tribuuntur,</strong></span> <span class='ocrx_word' id='word_1_864' title='bbox 2413 5745 2456 5800; x_wconf 89' lang='grc'><strong>1.</strong></span> <span class='ocrx_word' id='word_1_865' title='bbox 2487 5745 2693 5812; x_wconf 86' lang='lat' dir='ltr'><strong>penult.</strong></span> <span class='ocrx_word' id='word_1_866' title='bbox 2715 5747 2846 5804; x_wconf 59' lang='lat' dir='ltr'><strong>Coll.</strong></span> <span class='ocrx_word' id='word_1_867' title='bbox 2881 5747 2949 5803; x_wconf 87' lang='lat' dir='ltr'><strong>de</strong></span> <span class='ocrx_word' id='word_1_868' title='bbox 2973 5743 3174 5807; x_wconf 76' lang='lat' dir='ltr'><strong>ueiens.</strong></span> <span class='ocrx_word' id='word_1_869' title='bbox 3207 5752 3341 5806; x_wconf 87' lang='lat' dir='ltr'><strong>civit</strong></span> 
     </span>
    </p>
   </div>
  </div>
