3952 6390
534 354 642 410 5ιὸ

1777 342 1846 395 Μ.
1891 338 2165 394 summa
2209 326 2609 392 mssmnuttt

3726 328 3836 384 516

537 476 625 521 tur
651 460 868 523 excedi.
896 474 967 516 es
994 459 1224 514 modicis
1250 457 1539 526 pnevaleat
1568 455 1771 525 majora
1800 454 2113 522 complecti.
2158 466 2194 512 Α
2230 453 2392 510 dare,
2425 457 2480 501 et
2515 447 2771 502 scelestas
2808 446 3212 503 tuimiimtitmcs
3247 444 3483 499 elliecre.
3534 440 3839 499 Providete

538 555 821 624 Uocszpe
858 552 1149 622 repetituut
1196 549 1409 604 inﬂexis
1456 548 1803 603 manualibus
1850 545 2033 611 digitis
2068 555 2129 597 τι

535 645 771 712 erectis,
796 641 1044 699 redditur
1088 654 1307 709 semper
1348 649 1666 697 extensum;
1708 648 1763 689 et
1806 645 2015 704 quanto
2062 634 2126 683 ad

534 736 858 808 principium
882 748 1041 791 sum
1064 731 1379 802 supputatio
1398 728 1694 790 reducitur,
1728 735 1879 778 tanto
1902 725 2130 791 amplius

534 827 904 884 indubitanter
930 834 1163 893 augetur
1210 823 1359 894 Inus.
1382 831 1430 874 et
1452 821 1562 883 ed.,
1593 817 1874 886 reddituri.
1906 815 2131 880 Quanti-

537 925 654 975 tale
682 914 1005 973 numerabili
1033 928 1197 967 arena
1226 911 1410 972 maris,
1433 917 1596 976 gutta:
1620 907 1941 976 pluviarum,
1961 903 2130 958 stella:

543 1007 735 1064 lucida:
784 1004 1201 1062 concluduntur.
1269 999 1491 1055 Auctori
1555 998 1755 1068 quippe
1801 1011 1900 1051 suo
1955 995 2132 1048 ouuiis

539 1105 790 1152 creatura
810 1095 912 1151 sub
935 1109 1160 1148 numero
1180 1101 1291 1150 est:
1322 1098 1379 1145 et
1404 1088 1663 1157 quidquid
1694 1086 1760 1138 ad
1787 1086 2131 1139 existentiam

540 1186 810 1256 pervenit,
843 1201 873 1239 a
906 1185 997 1239 tali
1025 1200 1130 1239 non
1162 1191 1342 1254 potest
1385 1179 1694 1235 conditione
1730 1176 2017 1230 dimoveri.
2062 1173 2132 1227 Et

541 1275 802 1346 quoniam
851 1274 1086 1330 delectat
1128 1288 1228 1328 uos
1279 1270 1575 1327 secretiora
1622 1266 1782 1335 hujus
1834 1263 2131 1333 disciplinac

542 1382 667 1422 eum
692 1366 984 1422 scientibus
1014 1364 1186 1435 loqui,
1209 1363 1455 1434 pecuniae
1484 1362 1610 1435 ipsa!
1639 1359 1884 1429 quamvis
1910 1373 2010 1412 usu
2038 1373 2133 1413 ce-

542 1458 830 1527 leberrimo
858 1457 992 1512 viles
1020 1471 1140 1512 esse
1167 1455 1472 1518 videantur,
1498 1449 2030 1506 animadvertendum
2050 1458 2137 1504 Cal

545 1556 750 1618 quanta
781 1557 960 1607 tamen
988 1563 1021 1605 ει
1050 1546 1322 1615 ,veteribus
1347 1543 1556 1601 ratione
1583 1542 1824 1598 collecta:
1849 1550 1993 1595 sunt.
2025 1540 2133 1594 Sex

543 1638 692 1694 enim
739 1637 908 1693 millia
946 1636 1299 1691 desim-iurum
1353 1634 1585 1688 solidum
1635 1646 1757 1686 esse
1803 1630 2132 1693 voluerunt;

547 1728 757 1784 scilicet
783 1734 843 1781 ut
868 1724 1129 1780 radiantis
1174 1723 1377 1785 metalli
1422 1723 1651 1778 formata
1678 1720 1980 1777 rotunditas
2005 1729 2136 1774 asta-

550 1827 659 1877 tctu
691 1816 874 1874 mundi
899 1825 947 1879 υ,
976 1813 1128 1883 quasi
1151 1813 1240 1867 sol
1266 1827 1462 1879 aureus
1487 1812 1872 1869 convenienter
1897 1808 2136 1867 include-

551 1916 654 1965 ret.
677 1906 966 1969 Senariutu
988 1921 1138 1970 vero,
1159 1919 1321 1974 quem
1352 1919 1458 1959 non
1490 1903 1760 1959 humerito
1783 1899 2079 1972 perlectum
2104 1897 2133 1938 ιι

547 2000 707 2054 docta
728 1997 1018 2067 antiquitas
1037 1994 1300 2059 definivit,
1322 1995 1511 2057 unciis,
1536 1994 1627 2062 qui
1649 2008 1914 2048 mensura:
1936 1993 2137 2062 prunus

546 2088 748 2159 gradus
785 2096 868 2146 est
893 2128 910 2155 ,
950 2087 1314 2158 appellatione
1348 2085 1610 2152 signavit;
1662 2096 1824 2152 quam
1849 2082 2136 2136 duodecies

549 2178 901 2235 similitudine
928 2178 1193 2233 mensium
1222 2183 1609 2246 computatain,
1643 2174 1698 2228 in
1727 2173 1875 2228 libtaz
1902 2171 2134 2242 pleidtu-

546 2271 727 2326 dinem
752 2269 824 2326 ad
852 2269 978 2324 anni
1009 2268 1275 2324 curricula
1302 2267 1659 2335 collegerunt.
1688 2262 1734 2319 0
1762 2265 1980 2319 inventa
2006 2278 2138 2332 pru-

544 2362 813 2420 dentium!
839 2362 887 2417 υ
912 2361 1126 2432 provisa
1153 2359 1448 2429 majorum!
1480 2356 1755 2426 Exquisita
1784 2370 1872 2411 res
1891 2365 1991 2418 est,
2015 2367 2136 2423 quae

548 2461 601 2506 et
624 2451 748 2506 usui
770 2450 1007 2507 humano
1029 2447 1330 2504 necessaria
1351 2445 1722 2512 distingueret,
1747 2452 1806 2498 et
1830 2451 1912 2498 tot
1938 2456 2135 2497 arcana

546 2551 752 2596 nauita:
799 2540 1094 2609 ﬁguraliter
1129 2537 1455 2594 contineret.
1528 2534 1720 2590 Merito
1765 2547 1896 2602 ergo
1942 2532 2139 2587 dicitur

548 2629 706 2696 libra,
734 2642 858 2697 qua:
893 2635 1043 2689 tanta
1071 2640 1254 2681 rerum
1287 2635 1369 2680 est
1397 2623 1829 2680 consideratione
1855 2622 2131 2676 trutinata.

557 2718 697 2773 [alia
727 2718 890 2786 igitur
918 2726 1132 2772 secreta
1153 2715 1379 2780 violare,
1411 2715 1489 2769 sic
1516 2713 1816 2768 certissima
1845 2713 1986 2768 velle
2004 2727 2138 2789 con-

547 2812 802 2876 fundere,
831 2826 1017 2868 nouae
1044 2810 1286 2867 veritatis
1314 2809 1482 2879 ipsius
1517 2807 1729 2862 videtur
1754 2821 1877 2863 esse
1903 2805 2137 2861 crudelis

545 2918 613 2964 ac
637 2903 778 2961 fmda
802 2901 1106 2959 laceratio?
1152 2898 1524 2955 Exerceamur
1567 2897 1937 2966 negotiatores
1983 2895 2133 2968 [mss.

544 3006 597 3052 et
615 2998 826 3061 Arcum,
851 2988 1268 3064 negotiationes]
1298 2991 1353 3046 in
1380 2989 1694 3055 mercibus;
1724 2996 1975 3043 eruantur
2003 2987 2133 3053 late,

545 3102 668 3157 quae
694 3085 1002 3143 vendantur
1029 3083 1338 3154 angustius;
1368 3091 1582 3137 constet
1611 3079 1823 3150 populis
1845 3077 2054 3149 pondus
2071 3091 2137 3132 ac

2231 538 2435 607 itaque,
2452 545 2506 590 et
2532 549 2591 591 ut
2608 537 2811 596 arbiter
2831 551 2881 592 at
2894 552 2973 593 ca:
2994 536 3192 593 habeat
3202 536 3379 605 justas
3399 536 3840 590 consuetmtines

2229 647 2355 687 suas
2385 642 2444 699 ες
2472 641 2529 687 et
2554 632 2698 701 quod
2728 632 3074 689 beneiueritis
3102 629 3480 701 impendimus,
3511 629 3842 698 incorrupto

2231 737 2455 780 munere
2481 735 2904 794 consequantur.

2800 834 3128 891 ISPlSTOLA
3168 834 3257 892 XL

2383 943 2624 982 SERVATO
2654 944 2772 982 ιη’(ῖι
2804 944 3112 982 RllETIABliI
3143 941 3512 982 TBEODORICUS
3540 943 3674 981 REX.

2235 1016 2564 1088 lmperatiut
2611 1021 2872 1087 nmoripia
2911 1037 2943 1071 α
2991 1017 3275 1073 Brronibns
3321 1017 3576 1073 militibus
3622 1017 3841 1081 ablata,

2464 1087 2730 1141 Mani/tria
2753 1099 2896 1142 curet
2915 1089 3028 1142 sine
3054 1105 3203 1142 mora
3227 1089 3337 1142 ulla
3367 1089 3595 1142 restitui.

2304 1181 2475 1236 Decet
2508 1190 2562 1236 te
2598 1182 2862 1236 honorem
2906 1196 3069 1251 quem
3108 1182 3252 1251 geris
3298 1179 3543 1247 nomine,
3595 1179 3843 1235 moribus

2233 1274 2519 1336 exhibere;
2564 1281 2622 1327 ut
2668 1287 2767 1342 per
2808 1270 3140 1342 provinciam
3183 1271 3271 1326 cui
3318 1269 3578 1340 pnesbles
3626 1268 3841 1323 nubant

2237 1360 2355 1418 ﬁeri
2381 1362 2693 1417 violentiam
2734 1362 2996 1432 patiaris;
3027 1360 3122 1416 sed
3160 1368 3337 1416 totum
3364 1369 3598 1430 cogatur
3637 1358 3711 1414 ad
3752 1358 3847 1428 ju-

2235 1461 2399 1519 stum,
2448 1454 2589 1508 unde
2633 1462 2879 1507 nostrum
2929 1450 3088 1506 ﬂoret
3132 1451 3441 1521 imperium.
3490 1449 3848 1520 Quapropter

2235 1542 2480 1599 Maniarii
2528 1540 2701 1617 [πται.
2754 1540 3038 1615 Moularii]
3092 1541 3493 1612 supplicatione
3541 1540 3845 1607 commoti,

2234 1634 2593 1706 praesentibus
2620 1642 2678 1690 te
2706 1633 2934 1688 all'amur
2958 1633 3227 1699 oraculis;
3254 1632 3387 1688 utsi
3407 1645 3603 1687 revera
3632 1631 3849 1686 marci-

2235 1726 2326 1797 pia
2363 1724 2480 1794 ejus
2526 1724 2767 1780 Breones
2810 1724 3256 1780 irrationabiliter
3290 1721 3621 1795 cognoveris
3648 1723 3846 1777 abstuo

2168 1826 2209 1886 Β
2240 1815 2386 1881 lisse,
2436 1814 2529 1884 qui
2573 1814 2892 1869 militaribus
2937 1813 3133 1870 otliciis
3174 1813 3376 1869 assueti
3405 1811 3471 1878 ά,
3516 1811 3845 1867 civilitatem

2237 1919 2486 1975 premere
2511 1904 2762 1960 dicuntur
2788 1904 3014 1969 armati;
3042 1912 3102 1959 et
3140 1903 3213 1959 ob
3251 1903 3356 1958 hoc
3379 1902 3612 1972 iustitia:
3646 1916 3847 1972 parere

2236 1995 2560 2066 despiciunt,
2591 1996 2851 2066 quoniam
2879 1996 2946 2051 ad
2986 1996 3126 2052 bella
3167 1995 3359 2051 Martia
3397 2010 3625 2066 semper
3664 1995 3849 2052 inteno

2235 2086 2388 2147 dunt.
2417 2088 2546 2144 dum
2584 2087 2774 2144 nescio
2813 2103 2922 2159 quo
2959 2098 3119 2159 pacto
3164 2086 3384 2142 assidue
3428 2085 3846 2155 dimicantibus,

2236 2174 2454 2233 difﬁcile
2481 2185 2568 2233 est
2594 2192 2805 2232 morum
2833 2177 3107 2232 custodire
3132 2190 3464 2232 mensuram.
3494 2172 3849 2248 Quapropter

2236 2268 2383 2323 omni
2410 2268 2687 2339 protervia
2712 2276 2940 2335 remota,
2971 2283 3092 2340 qua:
3115 2267 3184 2324 de
3213 2267 3639 2339 praesumptione
3662 2278 3849 2339 potest

2235 2358 2451 2414 virtutis
2501 2358 2722 2426 assumi,
2766 2358 3037 2429 postulata
3070 2357 3237 2413 facies
3276 2358 3396 2413 sine
3436 2355 3847 2416 intermissione

2238 2449 2449 2503 restitui
2473 2465 2488 2502 :
2524 2463 2592 2503 ne
2618 2463 2720 2518 per
2741 2447 3013 2504 dilationis
3041 2447 3402 2510 incommoda,
3434 2462 3630 2502 eorum
3660 2448 3849 2503 videa-

2238 2545 2325 2593 tur
2345 2538 2572 2608 supplex
2602 2538 2779 2593 odisse
2810 2539 3113 2594 victoriam.

2786 2647 3122 2706 EPISTULA
3159 2646 3277 2706 XII.

2236 2757 2489 2799 EUGBNITI
2515 2758 2639 2799 νικο
2670 2758 2914 2799 ιιιυδτιιι
2947 2757 3210 2797 ιιΑαιετιιο
3242 2757 3566 2798 ορειςιοιιωι
3597 2759 3845 2801 ⁸1⁵1112⁸ωο-

2879 2828 3030 2867 ιιιουε
3059 2827 3186 2866 REX.

2237 2901 2453 2976 Confert
2474 2903 2553 2957 illi
2564 2911 2691 2976 post
2711 2902 3137 2976 administratam
3148 2901 3484 2956 laudabiliter
3496 2916 3813 2976 qiurstumm
3827 2940 3844 2970 ι

2308 2975 2663 3043 magisterium
2689 2973 3016 3043 dignitatem,
3041 2984 3090 3026 et
3117 2973 3354 3027 hortatur
3381 2973 3594 3028 eum'ad
3607 2977 3832 3031 meliora

2308 3044 2674 3113 promerendo.

555 3191 806 3233 mensura
836 3174 1131 3246 probabilis
1152 3215 1168 3240 ,
1201 3173 1325 3244 quia
1352 3180 1544 3228 cuncta
1576 3172 1879 3233 turbantur,
1908 3169 1953 3223 si
1990 3168 2134 3224 inte—
2160 3193 2208 3255 ο
2314 3177 2514 3249 pompa
2538 3177 2854 3235 meritorum
2881 3185 2964 3233 est
2987 3175 3170 3245 regale
3191 3175 3473 3245 judicium,
3501 3178 3633 3248 quia
3660 3182 3844 3237 ne-ci-

546 3268 716 3338 gritas
739 3282 862 3324 cum
902 3265 1178 3320 fraudibus
1224 3264 1534 3319 misceatur.
1586 3259 1818 3315 Mutilari
1848 3267 1996 3313 certe
2024 3273 2133 3313 non

546 3358 746 3424 debet,
786 3357 936 3427 quod
978 3356 1349 3411 laborantibus
1394 3353 1593 3418 datur;
1646 3352 1739 3407 sed
1768 3366 1802 3406 a
1826 3366 1936 3422 quo
1964 3350 2135 3406 ﬁdelis

546 3457 701 3505 actus
720 3447 976 3516 exigitur,
1003 3444 1376 3516 compensatio
1403 3443 1683 3498 imminuta
1712 3450 2014 3513 praestetur.
2057 3441 2131 3496 Da

547 3548 699 3597 certe
714 3538 966 3602 solidum,
982 3546 1043 3592 et
1058 3536 1213 3593 aufer
1234 3535 1358 3592 inde
1371 3535 1415 3589 si
1440 3534 1724 3605 prmvales;
1749 3533 1901 3589 trade
1921 3533 2131 3597 libram,

547 3639 609 3687 et
630 3629 831 3700 aliquid
861 3629 989 3684 inde
1011 3669 1029 3697 ,
1055 3629 1102 3684 si
1132 3636 1288 3698 potes
1307 3666 1323 3691 ,
1354 3626 1632 3681 imminue.
1670 3624 1876 3681 Cuncta
1907 3625 2007 3680 ista
2037 3640 2136 3678 no-

551 3721 784 3777 minibus
828 3720 960 3790 ipsis
1009 3727 1224 3777 constat
1269 3734 1393 3774 esse
1438 3718 1752 3788 provisum,
1787 3725 1882 3773 aut
1926 3717 2134 3785 integra

549 3810 763 3877 tribuis,
792 3817 889 3869 aut
932 3824 1040 3864 non
1090 3809 1204 3879 ipsa
1253 3822 1376 3878 qure
1425 3807 1679 3862 dicuntur
1724 3808 1977 3863 exsolvis.
2018 3807 2134 3861 Non

550 3901 776 3974 potestis
802 3901 1063 3968 omnino,
1100 3915 1207 3956 non
1252 3898 1480 3972 potestis
1517 3900 1736 3955 nomina
1765 3899 2134 3968 iutegritatuiu

618 4069 647 4099 ³
684 4054 829 4183 Et?
848 4057 1211 4127 Cassiodorus
1239 4057 1511 4117 existimat
1538 4053 1799 4115 mundum
1827 4070 1927 4109 sex
1962 4069 2139 4108 anuo-

618 4146 669 4183 ιιι
699 4130 770 4183 mi
814 4128 934 4183 ibus
960 4127 1300 4181 duraturum.
1338 4127 1593 4183 Lactant.
1626 4125 1718 4179 lib.
1749 4140 1823 4179 vit
1852 4124 1921 4179 de
1948 4123 2139 4179 Diviuo

548 4146 669 4185 rum
699 4123 934 4185 millibus
960 4127 1300 4181 duraturum.
1338 4127 1593 4183 Lactant.
1626 4125 1718 4179 lib.
1749 4140 1823 4179 vn
1852 4124 1921 4179 de
1948 4123 2139 4179 Diviuo

552 4197 767 4262 Pratum,
799 4194 1050 4252 deridens
1074 4195 1356 4251 Clialdmos
1389 4214 1401 4248 :
1433 4194 1638 4257 Sciant,
1671 4194 1861 4264 inquit,
1893 4193 2137 4264 philoso-

555 4267 668 4340 phi,
696 4266 790 4338 qui
813 4265 1134 4340 abyxordio
1161 4266 1344 4320 mundi
1372 4265 1691 4340 sagculnrum
1721 4263 1887 4317 millia
1900 4263 2134 4318 enume-

548 4335 732 4404 rant;
765 4335 1006 4397 nondum
1074 4343 1285 4391 sextum
1354 4335 1696 4391 millesimum
1751 4349 1965 4404 annum
2017 4347 2138 4389 esse

551 4402 866 4479 conclusmn
899 4421 913 4459 :
942 4420 1052 4479 quo
1079 4418 1304 4479 numero
1332 4404 1551 4479 expleto
1569 4444 1586 4470 ,
1613 4402 2132 4479 consummationem

552 4476 669 4532 lieri
714 4472 1103 4538 necesse'est,
1151 4481 1206 4527 et
1241 4472 1595 4528 huma’uarum
1638 4489 1815 4527 rerum
1845 4480 2044 4526 statum
2083 4473 2136 4526 in

551 4545 746 4601 melius
770 4543 1074 4600 reformari.
1118 4540 1264 4598 Idem
1294 4542 1346 4596 in
1374 4542 1606 4597 Divinar.
1636 4541 1810 4596 lnstit.
1842 4540 2091 4612 Epitouie
2120 4559 2136 4596 :

553 4614 801 4671 Nondum
826 4627 923 4669 sex
948 4613 1115 4667 millia
1144 4614 1411 4682 completa
1438 4621 1586 4677 sunt,
1616 4627 1727 4683 quo
1757 4627 1983 4668 numero
2008 4628 2141 4666 cou-

2240 3284 2358 3324 mus
2387 3269 2486 3322 ista
2504 3309 2520 3336 ,
2552 3267 2653 3322 nisi
2681 3267 2853 3335 dignis
2880 3266 3214 3337 impendere.
3244 3265 3312 3321 Et
3336 3283 3650 3339 quanquam
3681 3281 3843 3340 pote-

2239 3358 2366 3420 stati
2393 3368 2623 3423 n0strze,
2656 3358 2768 3413 Deo
2794 3356 3036 3423 latrante,
3064 3357 3343 3428 subiaceat
3368 3374 3533 3415 omne
3558 3361 3711 3429 quod
3738 3378 3843 3416 vo-

2239 3448 2414 3504 lumus
2435 3489 2453 3516 ,
2481 3448 2815 3503 voluntatem
2843 3455 3023 3502 tamen
3053 3456 3295 3502 nostram
3322 3447 3392 3503 de
3418 3448 3637 3504 ratione
3676 3452 3842 3505 meti-

2240 3553 2393 3602 mur;
2445 3546 2505 3594 ut
2557 3538 2688 3594 illud
2752 3538 2924 3606 magis
2971 3537 3305 3598 mstimeumr
3372 3538 3632 3608 elegisse.
3691 3543 3842 3611 quod

2241 3637 2468 3684 cunctos
2489 3630 2708 3698 dignum
2737 3637 2821 3684 est
2847 3629 3167 3698 approbare.
3202 3626 3342 3684 Hinc
3380 3639 3465 3685 est
3489 3629 3639 3699 quod
3668 3639 3725 3686 te
3754 3632 3845 3689 lit-

2243 3720 2401 3774 terati
2425 3719 2692 3788 dogmatis
2711 3720 2888 3773 studia
2915 3717 3257 3774 laudabiliter
3280 3730 3698 3790 exsequentem,
3727 3726 3844 3795 pri-

2241 3807 2365 3862 dem
2389 3807 2456 3862 ad
2477 3815 2763 3876 quaesturae
2783 3806 2993 3862 culmen
3015 3807 3295 3877 elegimus,
3317 3816 3380 3863 ut
3397 3808 3613 3864 honesti
3634 3809 3847 3865 laboris

2250 3899 2327 3954 tui
2358 3898 2511 3954 ﬁeret
2540 3898 2816 3968 praunium
2856 3898 3088 3966 dignitas
3134 3898 3459 3955 litterarum.
3504 3899 3646 3968 Quid
3697 3904 3844 3959 enim

2247 4051 2466 4122 Origen.
2519 4053 2870 4111 Adamantius
2914 4056 2968 4110 in
3018 4053 3366 4122 Evangelium
3419 4053 3645 4110 Joannis
3692 4064 3849 4113 tonio

2248 4121 2502 4197 XXVIII}
2533 4123 2637 4191 Qui
2664 4134 2913 4197 naturas,
2944 4124 3139 4197 inquit,
3172 4121 3519 4197 numerorum
3550 4127 3851 4197 investiga-

2243 4201 2392 4258 runt,
2406 4191 2865 4265 primumquidem
2885 4191 3155 4249 senarium
3171 4192 3493 4265 deﬁnierunt
3510 4191 3841 4265 perlectum,

2245 4277 2369 4335 cum
2399 4278 2467 4335 ex
2493 4263 2606 4335 suis
2632 4264 2800 4335 ipsius
2827 4272 3037 4319 constet
3078 4263 3320 4335 partibus
3360 4272 3418 4319 et
3445 4263 3849 4335 compositione

2243 4332 2447 4401 duplali
2469 4373 2485 4398 ,
2516 4332 2819 4403 abruuitate
2846 4335 3008 4389 unius
3037 4332 3092 4387 et
3116 4332 3344 4403 duorum
3359 4373 3383 4403 ,4
3407 4332 3670 4403 quodest
3699 4339 3807 4390 tria
3832 4356 3847 4391 :

2244 4415 2500 4461 numerus
2526 4402 2730 4472 primus
2752 4442 2769 4465 ,
2799 4413 2854 4458 et
2882 4405 2936 4458 in
2964 4417 3125 4472 quem
3173 4401 3313 4472 exiit
3352 4401 3685 4472 duplicatio;
3723 4408 3849 4462 dico

2246 4480 2433 4594 autenli‘
2453 4471 2579 4534 duo.
2603 4473 2985 4543 multiplicatus
3005 4474 3149 4529 enim
3171 4471 3281 4528 duo
3304 4471 3362 4526 in
3382 4471 3486 4529 tria
3506 4472 3640 4531 facit
3665 4475 3849 4547 ipsum

2246 4557 2358 4594 86X.
2436 4557 2634 4594 ORNBR.

2244 4557 2358 4597 sex.
2395 4557 2422 4594 Ι*
2436 4557 2634 4597 οιικειι.

2321 4623 2343 4652 ο
2376 4612 2508 4683 lut'.,
2540 4613 2632 4667 lib.
2663 4611 3066 4683 tu,_epi_st.}3,
3095 4619 3152 4683 et
3180 4611 3291 4683 lib._
3306 4628 3408 4678 vn,
3439 4613 3600 4683 epist.
3627 4612 3688 4668 2.
3730 4614 3850 4672 Huc

552 4655 1413 4752 ὲῐυὶῐῖοῖηᾟξξίῑυῆῑιςξίῑιῖις
1434 4655 1937 4745 saansaan";
1951 4655 2148 4749 agas.
2175 4655 2221 4713 ι)
2245 4655 2508 4751 ρετιίῖἔῖ
2540 4655 3684 4752 ἓίὸἶγ.”’ὶ5”;“ῖ“ιῖιιῗτῖἧεῖέε

553 4750 668 4810 sola
689 4752 916 4822 iustitia.
949 4751 1078 4820 Qua:
1101 4753 1366 4807 sententia
1395 4752 1549 4807 rabbi
1573 4751 1702 4822 Elia:
1725 4751 1978 4822 exstatjn
2005 4751 2142 4822 libro

554 4819 892 4887 Sauliedrin,
926 4819 983 4877 in
1007 4838 1128 4892 cap.
1163 4821 1360 4877 llelecli
1382 4864 1398 4890 ,
1430 4829 1488 4878 et
1515 4823 1607 4877 lib.
1638 4819 1857 4892 Bavoda
1887 4819 2057 4888 Z‘iza,
2090 4821 2142 4876 in

555 4908 679 4963 cap.
697 4892 901 4965 l.ipbne
921 4891 1148 4947 cdrlieu.
1164 4894 1271 4965 sex
1297 4892 1462 4965 millia
1476 4907 1738 4965 annorum
1764 4891 2138 4965 erittnuadus,

554 4974 612 5019 et
634 4962 829 5017 iterum
854 4965 1178 5017 destruetur.
1211 4963 1326 5016 Duo
1355 4962 1520 5016 millia
1550 4962 1840 5024 inanitatis,
1872 4962 1926 5015 id
1952 4969 2054 5027 est,
2084 4971 2144 5016 ut

555 5033 822 5103 theologis
847 5031 1061 5103 placet,
1094 5043 1220 5086 ante
1264 5034 1435 5103 legem
1470 5032 1590 5103 duo
1617 5032 1782 5103 millia
1829 5031 1964 5098 legis
1986 5072 2003 5099 ,
2032 5032 2141 5103 duo

553 5103 720 5158 millia
748 5099 976 5157 'dierum
1016 5101 1250 5158 illusum.
1302 5102 1582 5156 Calatinus
1630 5100 1720 5155 lib.
1772 5116 1843 5166 tv,
1883 5116 2006 5166 cap.
2047 5099 2137 5156 2t).

554 5173 789 5253 Isidorus
812 5175 915 5227 sub
940 5172 1101 5253 liuent
1132 5173 1251 5226 libri
1272 5187 1325 5226 vi
1353 5170 1673 5253 Et‘ynmlog"
1696 5186 1820 5227 cum
1844 5171 1915 5253 de
1939 5170 2142 5253 discuc-

555 5246 704 5299 tioae
729 5251 1033 5312 temporum
1052 5251 1111 5297 et
1128 5257 1224 5298 sex
1247 5240 1431 5295 unmdi
1452 5242 1701 5296 aetatibus
1729 5247 1930 5312 ageret,
1956 5240 2143 5312 dispu-

555 5314 818 5369 tationem
846 5309 952 5368 bis
1001 5312 1217 5367 tandem
1282 5312 1545 5366 conclusit
1601 5311 1779 5364 \‘t‘l’itls
1801 5328 1817 5361 :
1844 5309 2136 5365 Residuum

555 5392 723 5440 sexta
762 5384 942 5437 inlatis
989 5391 1199 5449 tenuius
1244 5382 1344 5435 soli
1399 5381 1510 5435 Deo
1554 5390 1640 5436 est
1685 5381 1983 5448 cognitum.
2039 5379 2137 5436 Cui

556 5452 904 5522 perlubenter
930 5454 1213 5506 assentior.
1256 5452 1493 5506 Fumea.

630 5524 656 5559 ’³
694 5521 977 5576 ὃοηπίιιῐη
1021 5526 1336 5589 perlectum.
1380 5523 1514 5588 Quia
1552 5523 1609 5585 l,
1637 5519 1702 5585 2,
1734 5519 1820 5589 5,-
1842 5519 2043 5572 faciunt
2077 5519 2132 5573 6.

556 5589 690 5645 Vide
739 5591 926 5646 Sever.
977 5587 1144 5644 Βαριιὶ
1195 5587 1639 5653 Arithnieticani,
1689 5599 1745 5644 et
1795 5587 2015 5642 Jorilani
2066 5589 2134 5644 de

557 5660 756 5729 senarii
806 5661 1016 5729 numeri
1067 5663 1116 5713 vi
1164 5675 1230 5715 ac
1274 5660 1551 5729 religiooe.
1597 5661 1836 5714 Macrob.
1887 5660 1977 5712 lib.
2026 5675 2040 5713 I
2080 5660 2133 5714 iu

559 5726 748 5797 Somn.
794 5727 941 5797 Scip.
991 5730 1080 5784 Sic
1111 5730 1166 5797 9
1209 5726 1577 5785 centenarium
1626 5743 1905 5797 numerum
1956 5730 2135 5784 multis

562 5795 807 5854 laudibus
853 5795 1042 5854 extulit
1091 5795 1286 5854 Julian.
1336 5798 1562 5866 epistola
1615 5799 1696 5863 ,ad
1758 5796 2129 5867 Serapionem.

2246 4751 2480 4821 mulgata
2509 4751 2604 4806 lib.
2635 4767 2723 4820 Ill,
2754 4752 2839 4807 tit.
2872 4751 2942 4805 l2
2966 4751 3036 4807 de
3066 4752 3295 4807 teloneis
3330 4769 3344 4806 :
3384 4751 3761 4809 Placot’nobis
3789 4765 3849 4811 ut

2246 4822 2466 4890 antiqua
2494 4829 2550 4877 et
2571 4821 2717 4890 justa
2753 4822 2965 4877 telonea
2995 4837 3025 4875 a
3052 4822 3484 4890 negotiatoribus
3519 4823 3844 4890 exigantur;

2243 4901 2300 4945 et
2328 4891 2419 4961 lib.
2451 4906 2524 4956 ιν,
2559 4893 2640 4946 tit.
2673 4890 2743 4944 24
2771 4891 2840 4947 de
2870 4892 3080 4961 injustis
3121 4892 3500 4948 occasionibus
3526 4902 3584 4947 et
3612 4910 3848 4950 consuc-

2247 4960 2523 5015 tudiuibus
2550 4962 2763 5018 uoviter
2791 4960 3068 5027 institutis,
3097 4962 3238 5017 sicut
3264 4970 3390 5016 sunt
3416 4962 3650 5029 tributa;
3680 4972 3741 5020 et
3763 4966 3844 5020 tit.

2244 5029 2316 5083 5?.
2342 5030 2410 5085 de
2438 5030 2667 5086 teloneis
2695 5040 2752 5086 et
2777 5032 3052 5100 cispaticis
3082 5049 3096 5084 :
3130 5031 3377 5086 Teneant
3411 5031 3462 5086 id
3481 5072 3500 5097 ,
3532 5042 3592 5088 ut
3620 5035 3715 5089 ubi
3746 5051 3844 5089 au—

2242 5101 2390 5172 liqua
2419 5101 2754 5172 consuetudo
2783 5101 2901 5165 fuit,
2930 5102 3239 5172 exigantur,
3268 5110 3327 5156 ct
3352 5101 3447 5172 ubi
3472 5116 3617 5159 nova
3644 5103 3844 5160 fuerint

2241 5169 2478 5233 inventa,
2508 5170 2872 5226 destruantur.
2916 5169 3179 5233 Congruit
3198 5170 3239 5226 ι.
3262 5187 3354 5226 un.
3379 5171 3450 5229 de
3468 5186 3606 5228 auro
3647 5190 3840 5231 coro".

2239 5240 2374 5293 Cod.
2403 5239 2499 5294 lib.
2532 5255 2586 5294 x.
2641 5239 2802 5294 Nihil.
2834 5240 2969 5297 Cod.
3019 5239 3226 5296 Theod.
3275 5239 3345 5296 de
3390 5243 3672 5298 extraord.
3727 5245 3843 5300 sine

2238 5310 2386 5364 sorti.
2419 5310 2602 5367 mund.
2635 5310 2873 5369 Foaass.

2313 5378 2340 5416 ά
2372 5379 2641 5435 Coercitio
2671 5391 2726 5435 et
2751 5379 2996 5436 astrictio
3038 5395 3251 5435 morum
3298 5379 3616 5450 usurpanda
3657 5392 3746 5439 est
3788 5385 3840 5439 in

2238 5450 2514 5509 exercitu:
2550 5461 2834 5520 propterea
2864 5452 2967 5504 tria
2995 5458 3120 5506 sunt
3147 5452 3265 5506 sine
3291 5453 3490 5520 quibus
3532 5466 3643 5505 non
3673 5455 3839 5507 robur

2240 5520 2291 5572 in
2321 5522 2583 5584 exemita,
2607 5536 2712 5575 non
2736 5520 3280 5585 ordozcontincntia,
3310 5520 3581 5575 modestia
3623 5530 3683 5576 et
3711 5525 3836 5577 alis-

2240 5590 2462 5662 tincniia
2501 5609 2514 5643 :
2551 5590 2884 5662 continentia
2927 5590 2979 5643 in
3011 5589 3144 5662 cibo
3182 5598 3238 5662 et
3278 5606 3516 5662 venere,
3566 5605 3598 5644 a
3642 5594 3835 5662 quibus

2238 5659 2464 5725 languor
2492 5676 2555 5713 ac
2585 5660 2869 5723 mollities;
2900 5659 3167 5713 modestia
3190 5660 3242 5712 in
3273 5660 3477 5726 verbis,
3507 5659 3755 5716 vestibus
3782 5673 3833 5716 el.

2236 5728 2426 5804 lactis;
2458 5729 2799 5804 alistipcntia,
2832 5744 2902 5784 ue
2922 5729 3281 5799 provinciales
3310 5729 3557 5798 infestet,
3586 5746 3692 5787 nec
3711 5747 3833 5804 pas-

2236 5800 2336 5852 sim
2364 5800 2553 5869 rapiat.
2588 5799 2755 5855 Buoss
