3952 6380
64 337 172 397 51⁸1

1366 329 1723 385 νΑῒὶΙΑῐηῖΜ
1767 329 1965 383 1]ἱῖΗᾶ
2003 330 2044 383 1.

3261 325 3367 379 518

63 450 454 511 ait-vocationis
483 449 662 505 cilicio
695 458 742 516 ⁸,
771 449 816 502 si
843 465 979 518 pure
1009 447 1369 518 impendatur,
1409 449 1674 510 ornatius,
1708 451 1752 503 Α
1781 454 2094 497 nomentum
2125 454 2208 498 est
2237 443 2484 498 ordinum
2513 455 2855 498 ceterorum.
2887 442 3064 511 Atque
3109 441 3227 496 ideo
3259 441 3371 493 Eu-

63 544 213 613 qnod
248 545 266 575 ¹
303 541 652 612 peregrinum
684 539 956 608 negotium
999 537 1066 591 ad
1101 552 1227 593 suas
1256 536 1534 591 mdestias
1559 545 1676 588 tra-

67 635 170 695 hit,
221 641 288 687 ut
336 630 614 685 laboribus
655 627 942 684 subveniat
979 626 1206 681 alienis?
1245 622 1302 678 in
1344 625 1448 680 hoc
1485 637 1680 691 campo

67 722 415 778 exercitatus
436 735 597 774 cursu
625 718 962 784 meritorum,
995 715 1061 772 ad
1087 715 1319 786 palmam
1355 713 1521 770 nostri
1545 711 1682 784 judi-

67 818 138 869 eii
170 813 499 885 pervenisti.
547 811 656 865 Nec
704 819 882 864 tamen
922 809 1225 876 benignitas
1255 816 1437 861 nostra
1469 823 1572 859 una
1603 820 1683 858 re-

73 903 464 960 nutneratioue
493 909 744 958 contenta
766 941 782 965 ,
814 900 1076 953 honorem
1107 898 1364 965 gemitiat,
1395 904 1681 962 augmenta

72 1001 369 1065 procurat:
397 1000 456 1047 et
497 1007 564 1044 eo
607 989 786 1042 studio
829 989 968 1041 dona
1007 996 1249 1056 reparat,
1295 986 1448 1055 quasi
1487 986 1684 1037 debeat

73 1099 242 1139 «mine
283 1081 432 1154 quod
477 1090 714 1150 prestat.
745 1078 910 1132 Sume
936 1080 1099 1143 igitur
1125 1077 1448 1143 magisteria:
1490 1073 1684 1127 infulas

77 1173 394 1241 dignitatis,
422 1187 618 1226 usurus
649 1169 902 1222 omnibus
940 1169 1233 1238 privilegiis
1259 1183 1379 1234 qum
1421 1176 1540 1220 tuus
1589 1165 1685 1217 ha-

79 1266 262 1318 buisse
293 1262 607 1318 constiterit
637 1260 972 1315 decessores.
1012 1260 1186 1328 Atque
1214 1258 1335 1312 ideo
1363 1254 1518 1315 tanto
1544 1255 1687 1325 judi-

77 1357 167 1409 cio
198 1355 388 1408 uetare
409 1361 698 1421 stheepto,
729 1352 820 1420 qui
845 1367 943 1420 pro
972 1351 1161 1404 labore
1189 1349 1411 1406 honoris
1443 1348 1518 1401 tui
1538 1389 1552 1410 ,
1585 1349 1685 1400 bo-

79 1459 274 1500 norem
332 1443 566 1497 alterum
621 1441 874 1510 accipere
929 1440 1191 1494 inertiisti.
1237 1438 1380 1504 Quid
1429 1438 1573 1494 enim
1619 1437 1688 1492 de

80 1544 269 1610 priore
297 1539 630 1594 senserimus
651 1537 894 1606 prmmio,
927 1535 1178 1590 secundm
1218 1533 1492 1601 dignitatis
1517 1531 1691 1585 deela-

82 1645 271 1686 ramus
320 1637 634 1697 augmeuto.
683 1626 801 1681 Nati
843 1635 972 1680 sunt
1018 1625 1188 1679 fasces
1229 1641 1292 1678 ex
1339 1623 1690 1687 fasrilms,et

83 1731 342 1776 naturam
381 1719 678 1774 retinentes
712 1715 858 1772 fetus
895 1715 1109 1770 arborei
1149 1713 1552 1784 pullulaverunt
1591 1713 1690 1765 iu:-

1779 535 2014 601 genitem
2055 536 2314 590 illustrem
2355 537 2529 590 virum
2563 535 2786 590 litt-rati
2814 534 3084 602 dogmatis
3107 532 3372 590 opinione

1784 628 2095 695 fulgentem,
2128 628 2420 696 magisterii
2452 628 2659 681 honore
2681 626 3059 691 subveximus;
3083 632 3142 679 ut
3161 629 3373 694 gereret

1782 719 2002 774 nomine
2053 734 2214 789 quam
2261 719 2574 790 possidebat
2620 719 2827 774 meritis
2864 718 3197 788 dignitatem.
3241 714 3375 782 Quis

1783 811 1926 866 enim
1977 818 2059 863 tot
2107 811 2224 880 ejus
2272 812 2548 866 olliciosos
2589 809 2802 864 labores
2832 809 3070 877 ignoret,
3109 809 3211 878 ιο
3237 822 3374 878 quos

1786 919 1892 956 non
1921 889 2131 957 vilitate
2157 904 2352 958 mentis
2381 903 2655 964 exercuit,
2697 901 2794 955 sed
2840 899 3123 970 patrocinii
3169 899 3374 953 honore

1785 993 2057 1046 servavit?
2082 993 2332 1047 Dedimus
2363 997 2545 1062 itaque
2575 1007 2860 1061 personam
2891 991 3056 1046 tantis
3081 991 3378 1046 honoribus

1787 1098 1995 1151 parem,
2027 1092 2085 1136 ut
2111 1084 2374 1137 alterutro
2405 1083 2599 1136 decore
2623 1081 2910 1150 fulgentes,
2937 1089 3123 1135 mutua
3161 1093 3219 1133 sc
3251 1092 3375 1145 gra-

1790 1177 1859 1227 tia
1902 1175 2180 1243 qualitatis
2223 1181 2500 1228 ornarent.
2533 1173 2631 1228 llic
2658 1183 2760 1239 est,
2803 1173 2893 1244 qui
2941 1181 3126 1227 nostro
3166 1168 3375 1240 pridem

1790 1264 1945 1318 lateri
1977 1264 2244 1318 veridicos
2269 1272 2505 1333 quaestor
2532 1263 2776 1329 adhaesit,
2799 1277 2959 1332 quem
2980 1260 3163 1315 livoris
3185 1258 3379 1312 nebula

1791 1356 1934 1409 nulla
1959 1355 2206 1420 fuscavit,
2238 1372 2338 1411 nec
2357 1355 2749 1410 malevolentia:
2777 1353 2956 1409 studio
2985 1353 3212 1408 nocendi
3236 1361 3381 1406 artes

1793 1446 1976 1501 l'ellitis
2004 1447 2253 1500 sensibus
2282 1446 2606 1514 exquisivit;
2654 1446 2867 1500 sincero
2909 1441 3146 1513 pectoris
3182 1457 3380 1496 arcano

1791 1537 2014 1606 puritati
2050 1546 2246 1591 uo~trze
2272 1539 2469 1607 paruit,
2500 1549 2556 1592 et
2583 1536 2648 1591 ad
2679 1538 2935 1606 pietatem
2973 1535 3274 1611 jussionum
3298 1533 3383 1590 in-

1792 1629 2097 1682 nocentiam
2129 1645 2278 1681 suam
2319 1629 2567 1698 praebuit.
2605 1629 2828 1686 Animus
2853 1627 2996 1682 enim
3024 1626 3244 1681 delusus
3274 1639 3382 1680 non

1793 1718 2074 1772 arbitrium
2103 1719 2346 1788 sequitur
2372 1717 2704 1786 imperantis,
2736 1716 2830 1772 sed
2855 1731 2982 1771 suas
3009 1716 3187 1785 potius
3210 1715 3384 1784 expli-

83 1827 208 1868 rem
259 1811 523 1866 decenter
567 1807 782 1866 abscisi.
817 1806 1014 1860 Veram
1059 1815 1114 1860 te
1159 1805 1280 1858 ltﬂ‘c
1323 1804 1688 1857 relltlmet'aiio
1723 1818 1764 1873 It
1791 1820 1882 1865 cat
1908 1810 2233 1865 voluntates.
2265 1809 2487 1864 llabetis
2507 1817 2655 1864 certe
2679 1809 2901 1865 evidens
2929 1815 3169 1863 nostrum
3199 1807 3252 1861 in
3281 1807 3386 1862 hac

85 1900 348 1955 satietate
373 1913 486 1952 non
515 1896 750 1967 expleat,
793 1909 898 1950 nec
941 1894 1033 1948 det
1076 1893 1350 1948 laboribus
1391 1893 1496 1947 tuis
1533 1893 1692 1946 ferias

88 1993 262 2048 nostri
305 1991 426 2046 laus
466 1990 686 2046 inventa
727 1987 936 2057 iudicii.
976 1984 1398 2041 Desiderabilior
1451 1982 1693 2052 quinimo

88 2086 162 2141 sit
188 2085 475 2146 honestas,
505 2093 626 2136 cum
651 2079 906 2150 pervenit
925 2077 990 2132 ad
1023 2077 1332 2147 paventium;
1361 2084 1416 2129 et
1443 2082 1575 2128 tunc
1600 2071 1695 2128 fiat

88 2175 304 2241 gratius
351 2172 568 2228 labores
617 2170 809 2225 anxios
859 2168 1023 2223 fuisse
1071 2180 1415 2238 perpessum,
1467 2179 1591 2219 cum
1642 2173 1694 2218 te

88 2270 328 2323 fructum
376 2279 567 2320 eorum
623 2261 881 2330 intelligis
927 2261 1215 2315 invenisse.
1267 2257 1520 2312 Honores
1565 2269 1694 2324 ergo

89 2372 232 2427 quos
259 2356 433 2412 sumis
457 2369 526 2410 ex
551 2354 776 2418 (martis,
807 2352 974 2407 redde
1002 2351 1070 2406 de
1098 2349 1326 2404 meritis.
1358 2348 1508 2403 Nosti
1549 2349 1695 2404 enim

92 2450 256 2516 bene,
287 2462 398 2518 quo
429 2446 585 2504 nobis
609 2445 790 2501 studio
811 2444 1109 2514 placentur,
1144 2442 1236 2514 qui
1264 2442 1333 2496 ab
1375 2441 1544 2511 ipsius
1571 2456 1698 2496 con-

93 2543 200 2597 silii
225 2539 594 2612 penetralibus
623 2538 796 2593 venis.
828 2536 1152 2600 Meministi,
1183 2535 1395 2604 quoties
1422 2533 1564 2604 apud
1599 2549 1699 2587 nos

93 2634 300 2689 laudati
325 2633 436 2687 sint
468 2632 804 2696 innocentes,
833 2629 1053 2700 quoties
1090 2629 1247 2683 bonis
1271 2628 1480 2683 actibus
1510 2628 1692 2682 reddi-

95 2727 277 2782 dimus
321 2724 519 2780 vicem.
565 2721 673 2778 Ore
708 2731 802 2777 tuo
828 2721 1030 2790 judicia
1079 2731 1262 2776 nostra
1303 2721 1694 2790 loquebamur:

93 2817 360 2888 exemplis
379 2816 578 2871 talibus
601 2815 843 2870 incitare.
864 2813 995 2868 Esto
1018 2813 1340 2868 innocentiae
1363 2812 1620 2880 templum
1645 2809 1693 2876 δ,

96 2907 815 2981 tentperantite'sacrarium,
841 2921 934 2960 ara
954 2905 1198 2973 iustitia.
1229 2905 1384 2960 Absit
1411 2921 1441 2959 a
1467 2904 1698 2973 judicia-

95 3004 195 3057 r'ris
248 3001 524 3056 mentibus
565 2998 771 3068 aliquid
819 2998 1128 3068 profanum.
1177 2995 1278 3052 Pio
1323 2997 1551 3068 principi
1598 2997 1698 3052 sub

95 3091 335 3164 quodam
361 3090 672 3148 sacerdotio
698 3089 988 3144 servium.

639 3241 980 3299 EPISTOLA
1020 3242 1158 3300 Χυι.

323 3372 552 3412 εωιΑτυι
582 3371 731 3410 “IIIIS
760 3371 919 3412 πονε
949 3371 1317 3410 τιιεουοιιιουε
1337 3371 1470 3410 ηιιεκ.

100 3471 386 3544 Signiﬁcat
417 3487 473 3524 re
499 3471 570 3544 ad
595 3470 882 3544 magisterii
901 3485 1086 3523 mimus
1111 3467 1416 3544 Eugeuiteni
1439 3467 1702 3544 subtraxis—

169 3539 362 3613 ie,'qm'
387 3541 635 3613 maximis
655 3539 904 3613 {sudibus
935 3550 1238 3606 exornatur,
1271 3539 1410 3609 quod
1427 3539 1702 3610 qua’sloris

170 3610 397 3683 ofﬁcium
426 3611 554 3666 bene
581 3610 890 3666 exercuerit.

171 3724 436 3793 Dignius,
481 3722 674 3776 Patres
712 3719 1038 3790 Conscripti,
1077 3719 1205 3775 dum
1245 3719 1315 3774 ad
1361 3718 1701 3788 incognitum

103 3819 285 3881 venit,
315 3817 514 3872 donum
544 3823 660 3878 est;
701 3827 823 3868 cum
863 3813 934 3868 ad
975 3821 1284 3884 expertum,
1325 3812 1704 3882 compensatio

103 3910 454 3975 meritorum;
479 3921 712 3978 quorum
743 3906 880 3961 aiter
899 3905 1115 3962 debitor
1131 3905 1340 3975 iudicii,
1364 3904 1503 3958 alter
1527 3904 1703 3958 obno-

102 4003 224 4057 xius
257 4008 345 4055 est
381 3997 575 4054 favori.
609 3996 720 4052 llos
748 3997 894 4052 etaim
931 3996 1293 4056 aestimatione
1334 3995 1701 4058 subvehimus,

108 4091 248 4145 alios
289 4088 464 4158 gratia
491 4101 907 4158 promovcmus,
937 4094 993 4140 et
1033 4085 1100 4140 ad
1139 4101 1330 4140 omnes
1359 4083 1704 4154 indulgentiae

106 4186 223 4239 vias
251 4192 438 4238 nostra
461 4197 520 4237 se
547 4180 757 4237 relaxat
779 4179 1109 4236 humanitas.
1152 4177 1260 4235 Sed
1303 4179 1504 4234 amoris
1539 4178 1702 4232 vestri

105 4275 307 4330 intuitu
353 4286 794 4336 commonemur,
847 4270 1064 4342 quoties
1110 4269 1164 4324 in
1211 4277 1453 4322 vestrum
1502 4276 1702 4322 emtum

104 4363 344 4429 ducitur,
373 4361 466 4431 qui
506 4360 576 4415 de
601 4359 854 4430 gloriosis
879 4357 1169 4413 virtutibus
1193 4356 1510 4411 :estimatur.
1539 4354 1706 4422 Quid-

102 4451 234 4524 quid
259 4451 403 4506 enim
427 4449 649 4504 humani
680 4447 896 4518 generis
933 4447 1086 4502 floris
1115 4455 1216 4508 est,
1248 4446 1452 4501 habere
1497 4447 1702 4502 cnriam

1797 1909 1949 1971 parte
1975 1901 2266 1968 judicium;
2298 1909 2358 1956 ut
2384 1910 2508 1971 post
2537 1901 2680 1956 illius
2707 1899 2876 1971 apicis
2903 1899 3116 1956 culmen
3135 1938 3150 1960 .
3193 1899 3260 1954 ad
3306 1899 3387 1954 al-

1797 2002 1966 2047 teram
2015 1992 2405 2047 conscenderet
2450 1992 2800 2060 diguitatem;
2853 2006 2954 2046 nec
3005 1991 3148 2061 passi
3201 2006 3387 2046 sumus

1797 2083 2054 2149 otiosum,
2077 2099 2236 2154 quem
2275 2085 2463 2137 merita
2495 2097 2603 2138 non
2634 2083 2882 2138 sinebant
2918 2097 3038 2137 esse
3065 2084 3334 2156 privatum
3368 2099 3382 2134 :

1795 2175 1974 2230 sereni
2021 2175 2150 2229 solis
2191 2175 2669 2230 consuetmlinibus
2719 2174 3092 2240 azstimandus,
3135 2176 3225 2245 qui
3262 2175 3391 2230 licet

1796 2275 2105 2334 susceptum
2135 2265 2274 2318 diem
2305 2273 2545 2334 peragat,
2579 2264 2805 2319 alterum
2838 2274 3014 2319 tamen
3043 2263 3232 2320 eadem
3261 2278 3389 2332 gra-

1801 2358 1874 2412 tia
1905 2357 2168 2413 claritatis
2196 2355 2478 2411 illuminat.
2509 2356 2666 2411 lluuc
2687 2370 2840 2425 ergo,
2871 2353 2931 2410 P.
2957 2354 3045 2420 C.,
3070 2364 3152 2412 tot
3179 2357 3389 2414 meritis

1800 2447 2047 2504 absolute
2074 2448 2404 2504 relucentem
2449 2447 2600 2504 favor
2641 2457 2820 2505 vester
2860 2449 3115 2520 excipiat.
3169 2447 3389 2505 Debetis

1749 2580 1766 2599 .
1801 2541 1942 2594 enim
1965 2541 2105 2595 bene
2136 2542 2464 2604 gerentibus.
2493 2553 2548 2596 ut
2573 2558 2667 2596 eos
2689 2541 2862 2596 laudis
2882 2550 3076 2597 vestra:
3099 2542 3390 2596 comitetur

1801 2647 2071 2687 assensus.
2105 2631 2235 2686 Nam
2265 2635 2307 2686 si
2340 2649 2598 2701 equorum
2623 2651 2812 2687 (ursus
2835 2633 3112 2691 hominum
3133 2633 3388 2688 clamori-

1803 2726 1901 2778 bus
1931 2726 2213 2786 incitatur,
2245 2735 2300 2780 et
2329 2725 2694 2780 insonantium
2731 2725 2982 2780 manibus
3023 2725 3216 2793 agitur,
3262 2733 3321 2777 ut
3361 2741 3391 2778 a

1801 2815 1964 2871 mutis
1990 2817 2310 2870 animalibus
2341 2817 2602 2873 velocitas
2629 2827 2937 2888 appetatur,
2981 2824 3238 2886 quantum
3270 2813 3393 2869 inde

1801 2907 2050 2962 homines
2094 2908 2359 2962 stimulari
2408 2923 2570 2977 posse
2605 2908 2894 2980 credimus,
2930 2923 3068 2978 quos
3105 2906 3172 2966 ad
3215 2906 3393 2970 laudis

1801 2998 2113 3054 aviditatem
2142 3006 2298 3054 natos
2327 2999 2672 3067 singulariter
2702 2997 3030 3054 invenimus!

2331 3126 2668 3183 EPISTOLA
2704 3126 2840 3183 XIV.

1905 3257 2108 3298 FAUS'I'O
2141 3258 2434 3299 ΡΙιΞΡΕΟτΟ
2464 3258 2746 3299 ιιῐιάῖτοιιιο
2773 3245 3136 3334 τηεουριιιὰυε
3161 3259 3292 3306 λιιι.

1808 3357 2058 3429 Prwcipit
2083 3368 2140 3412 ut
2169 3375 2330 3428 genus
2361 3357 2652 3412 Tertinrum
2679 3357 2816 3427 quod
2854 3356 3266 3413 Catholieusiba's
3293 3357 3395 3412 im-

2055 3430 2356 3500 perabatur,
2381 3429 2534 3488 annis
2557 3429 2778 3501 singulis
2804 3429 3145 3500 persoluetur.

1878 3541 2133 3600 bibentes
2183 3541 2437 3598 omnibus
2479 3540 2664 3596 modis
2724 3541 3029 3610 praebemus
3080 3553 3390 3603 assensum,

1806 3634 2021 3704 quoties
2047 3630 2074 3670 ἀ
2107 3648 2212 3688 vox
2247 3641 2332 3690 est
2351 3631 2499 3696 iusta
2529 3632 2870 3703 poscentium
2901 3649 2917 3685 :
2947 3631 3075 3700 quia
3101 3646 3206 3687 nec
3239 3631 3402 3685 deret

1805 3740 1927 3780 esse
1955 3723 2174 3780 diﬂicile
2197 3723 2544 3788 beneﬁcium,
2573 3722 2720 3792 quod
2761 3723 3008 3791 largitate
3049 3738 3158 3778 non
3200 3720 3404 3792 patitur

1805 3814 2210 3874 detrimentum.
2257 3811 2330 3866 Et
2370 3813 2495 3873 ideo
2536 3812 2796 3883 praecisa
2841 3810 3242 3880 magniﬁcentia
3287 3819 3401 3876 una,

1805 3901 1952 3973 quod
1997 3918 2028 3958 a
2065 3901 2506 3964 Catbaliensibus
2540 3902 2890 3967 inferebatur,
2921 3916 3092 3971 genus
3119 3901 3402 3958 tertiarum

1805 4001 1967 4056 faciat
2007 3997 2164 4058 armis
2190 3995 2418 4067 singulis
2455 3994 2508 4050 in
2546 3992 2830 4052 tributaria
2885 4005 3094 4050 summa
3133 3988 3400 4060 persolvi;

1805 4110 1908 4154 nec
1936 4101 2058 4163 post
2085 4107 2250 4164 super
2279 4091 2381 4145 hac
2407 4095 2562 4160 parte
2583 4086 2857 4157 patiantur
2877 4083 3149 4154 supplices
3167 4081 3403 4150 aliquam

1805 4183 2180 4254 quaistionem.
2215 4180 2352 4248 Quid
2378 4180 2522 4235 enim
2551 4179 2780 4234 interest
2804 4191 2913 4247 quo
2942 4175 3161 4231 nomine
3187 4187 3404 4243 posscs—

1807 4291 1900 4331 sor
1927 4273 2144 4339 inferat,
2181 4271 2474 4330 dummodo
2502 4271 2622 4326 sine
2651 4267 3026 4324 imminutione
3054 4264 3198 4334 quod
3234 4263 3402 4320 debe-

1809 4376 1913 4430 tur,
1935 4365 2222 4421 exsolvat?
2241 4363 2319 4418 lta
2341 4373 2397 4419 et
2419 4363 2522 4420 illis
2547 4369 2862 4432 suspectum
2881 4357 3186 4414 Ter-tiaram
3205 4370 3405 4413 nomen

1808 4455 2118 4519 auferimus,
2146 4463 2201 4511 et
2231 4471 2262 4510 a
2293 4465 2476 4514 nostra
2516 4452 2929 4511 mansuetudine
2970 4449 3407 4522 importunitatcs

105 4545 267 4601 deut
294 4552 318 4582 θ
341 4562 353 4606 ς
379 4555 502 4611 qua:
528 4539 669 4596 sicut
688 4553 783 4594 arx
814 4539 980 4598 decus
1008 4545 1091 4593 CSI.
1118 4535 1355 4602 urbium,
1384 4536 1458 4592 ita
1494 4535 1582 4592 illa
1608 4553 1702 4594 01⁸·-
1739 4569 1786 4628 Β
1811 4548 2232 4616 competentiam
2259 4547 2666 4603 submovent”,

181 4802 207 4828 ³·
239 4789 354 4846 lloc
397 4797 482 4845 est
523 4787 766 4843 advocati
816 4785 1076 4850 olileium,
1124 4792 1184 4840 ut
1229 4785 1523 4858 secundum
1566 4784 1706 4858 juris

107 4862 353 4918 ordinem
379 4859 615 4928 suscepti
642 4859 726 4913 sui
754 4872 972 4928 causam
995 4863 1218 4926 peroret
1241 4873 1254 4908 :
1280 4856 1516 4928 nunquid
1533 4856 1704 4928 pple-

109 4935 184 4990 rit
195 4933 301 4988 vita
320 4929 459 5000 ejus,
479 4929 526 5000 si
543 4923 720 5000 turpis
740 4936 841 4990 est,
864 4923 1057 5000 obesse
1077 4941 1257 4982 causae
1273 4923 1551 5000 suscepti?
1571 4923 1703 4979 Per-

109 5019 248 5061 sona
273 4995 418 5057 enim
448 4995 700 5054 advocati
730 5013 834 5053 nec
861 4998 1086 5061 obesse,
1119 5012 1221 5052 nec
1247 4995 1505 5066 prodesse
1544 5005 1702 5067 pote-

109 5071 201 5135 rit,
230 5069 775 5140 inquitiAugustinusi.
807 5067 992 5136 Qualis
1015 5069 1161 5126 enim
1190 5065 1350 5124 fuerit
1378 5065 1580 5133 causa,
1623 5065 1705 5122 sic

111 5151 171 5202 et
197 5139 610 5212 respondebitur
636 5139 708 5195 ei.
743 5139 934 5212 Bnoss.

186 5215 214 5254 δ
361 5211 497 5267 dixit
517 5211 610 5266 lib.
642 5225 714 5274 τι,
745 5207 906 5263 form.
933 5209 990 5277 5,
1019 5207 1290 5279 quoddam
1311 5222 1432 5264 esse
1450 5205 1707 5279 sacerdo-

114 5286 246 5340 tium
276 5292 424 5339 recte
455 5295 622 5350 agere
633 5276 1006 5350 prmfecturam
1025 5276 1422 5350 pactorianam.
1448 5276 1705 5350 E_t__forn_i.

116 5356 186 5409 i9
206 5345 609 5422 ejusdem-libri.
633 5345 806 5422 Simili
836 5349 1094 5422 exetuplo
1117 5345 1454 5422 Ulpianusjn
1485 5346 1578 5422 lib_.
1603 5363 1618 5401 ι
1641 5347 1710 5422 de

116 5415 328 5482 Iustitia
360 5432 416 5476 et
438 5421 561 5486 jure
585 5430 744 5477 vocat
767 5415 1196 5486 juriscorisultos
1214 5415 1526 5473 sacerdotes
1552 5417 1709 5486 iusti-

117 5497 236 5623 ἵεις
264 5502 322 5549 et
343 5501 402 5549 ut
425 5484 782 5565 Symmachus
796 5490 889 5545 lib.
913 5504 968 5554 x,
991 5505 1080 5560 ep.
1108 5486 1195 5554 54,
1217 5497 1273 5543 et
1291 5487 1385 5543 lib.
1401 5503 1491 5552 vn,
1504 5502 1591 5557 ep.
1619 5484 1708 5539 58.

185 5579 375 5621 aeros.

185 5579 375 5621 IETUS.

195 5647 216 5675 ε
250 5635 365 5689 lloc
384 5631 634 5700 exemplo
658 5629 790 5684 dixit
810 5628 1088 5700 Eunodius
1107 5627 1158 5682 in
1182 5626 1513 5700 Panegyrico
1533 5625 1707 5700 Theo-

121 5706 287 5763 dorici
325 5724 340 5760 :
383 5722 402 5755 σ
448 5695 717 5758 Coronam
765 5699 928 5754 curiae
974 5700 1258 5754 innumero
1307 5695 1440 5753 ﬂore
1490 5695 1703 5762 velasti,

126 5777 323 5833 nullum
362 5774 431 5828 de
463 5771 760 5828 humoribus
791 5770 962 5838 tetigit
987 5769 1314 5838 desperatio.
1345 5783 1505 5838 quem
1551 5768 1705 5834 juve-

126 5856 248 5904 runt
286 5845 673 5916 deprecantem
711 5842 852 5896 buna
878 5837 1251 5907 conscientiae;
1285 5859 1305 5892 ι
1351 5837 1547 5910 quibus
1575 5851 1690 5892 con-

1807 4791 1974 4845 sentit
1997 4790 2255 4845 Nazarius
2285 4808 2298 4844 :
2336 4810 2352 4842 ι
2389 4789 2641 4856 Sensisti,
2673 4789 2866 4854 Roma,
2895 4797 2950 4845 te
2977 4789 3191 4844 tandem
3223 4804 3403 4843 arcem

1807 4863 2047 4916 omnium
2076 4862 2335 4931 gentium.
2369 4870 2424 4916 et
2455 4869 2718 4914 terrarum
2746 4873 2865 4931 esse
2899 4860 3156 4931 reginam,
3185 4876 3305 4931 cum
3337 4875 3402 4911 ex

1807 4931 2059 4988 omnibus
2081 4929 2375 5002 provinciis
2401 4931 2691 5002 optimates
2718 4929 2865 4984 viros
2889 4929 3052 4984 curize
3083 4939 3187 5002 tum
3215 4929 3404 4998 pigno-

1807 5003 2038 5072 raveris,
2069 4999 2127 5059 ut
2155 5010 2375 5057 senatus
2417 5001 2651 5072 dignitas
2696 5007 2962 5072 nontam
2991 4999 3210 5054 nomine
3241 5014 3402 5057 uuam

1809 5088 1867 5127 re
1895 5069 2041 5130 esset
2069 5073 2345 5136 illustrior,
2372 5087 2498 5128 cum
2531 5071 2694 5125 totius
2719 5069 2866 5124 orbis
2893 5069 3025 5123 flore
3049 5077 3343 5124 constaret.
3379 5089 3398 5120 ι

1806 5143 1942 5198 Illud
1980 5152 2161 5198 autem
2204 5157 2311 5196 non
2349 5143 2615 5204 omittam,
2649 5137 3052 5204 Heliogabalum
3083 5140 3218 5193 adeo
3241 5155 3403 5192 sena-

1813 5223 1923 5269 tum
1949 5213 2359 5282 contempsisse,
2393 5221 2451 5266 ut
2475 5211 2739 5282 mancipia
2780 5217 2963 5278 togata
3006 5217 3288 5265 senatores
3315 5223 3406 5278 ap-

1811 5284 2056 5356 pellaret,
2088 5281 2235 5356 teste
2251 5281 2597 5356 Lampridio._
2610 5281 2798 5356 Bnoss.

1883 5353 1909 5393 ἀ
1943 5355 2080 5409 Nota
2105 5353 2196 5412 hic
2217 5353 2359 5422 iuste
2381 5347 2688 5424 petentibus
2715 5352 2846 5408 nihil
2873 5366 2995 5409 esse
3009 5347 3400 5410 .mcusaudum.

1813 5424 1958 5482 Idem
1983 5424 2164 5480 Plaut.
2189 5425 2242 5480 in
2269 5424 2536 5496 Amphitr.
2573 5441 2588 5477 :

1935 5517 2122 5566 Iustam
2145 5531 2253 5566 rem
2281 5525 2344 5577 et,
2357 5517 2548 5565 facilem
2573 5527 2690 5564 esse
2713 5520 2900 5563 oratam
2926 5527 2951 5563 a
2973 5513 3107 5562 vobis
3126 5509 3256 5562 volo.

1939 5579 2062 5630 Nam
2081 5578 2216 5642 iuste
2239 5594 2268 5629 a
2288 5581 2432 5642 iustis
2453 5580 2614 5640 justus
2643 5591 2752 5627 sum
2771 5586 2936 5642 orator
2958 5577 3121 5623 «latus.

2899 5637 3084 5694 Bnoss.

1887 5763 1903 5794 ¹
1933 5759 2034 5814 Ms.
2071 5757 2232 5823 Aud.,
2259 5758 2354 5813 Gr.
2378 5767 2430 5812 et
2459 5755 2520 5812 C.
2551 5756 2690 5820 Quid
2716 5758 2852 5812 enim
2875 5757 3081 5823 dignius
3109 5763 3185 5811 est
3212 5757 3280 5809 ad
3306 5749 3403 5826 of.

1813 5833 1856 5886 si
1883 5848 1976 5902 per
1998 5846 2111 5884 eum
2133 5830 2459 5907 impendatur
2487 5839 2720 5895 ornatus,
2749 5829 2854 5900 qui,
2887 5836 2994 5882 etc.
3411 5847 3418 5852 ·
