3952 6390
509 313 615 371 519

1067 421 1394 484 EPISTULA
1433 421 1547 480 IV.

551 531 720 575 'ES'I‘O
756 531 878 574 νιιο
915 533 1155 572 ιιιυετιιι
1195 533 1368 580 ATQUE
1413 531 1657 572 PA'I'IIICIO
1697 528 2062 570 TBBODOIICUS

1244 603 1368 641 REX.

516 676 607 737 Illi
632 681 957 735 commendat
993 682 1262 736 tuitionem
1285 683 1484 752 domus
1522 683 1729 751 patricii
1779 680 1981 752 Αθηεαὶ
2029 679 2100 732 ad

995 753 1228 822 Africam
1257 751 1630 806 descendentis.

587 862 811 918 Gratum
852 865 1006 920 nobis
1054 873 1165 929 est,
1210 866 1424 934 quoties
1469 865 1535 919 de
1580 863 1958 934 magnitudinis
1997 871 2101 916 tuac

515 955 724 1010 meritis
768 956 1054 1010 :estimatio
1105 955 1226 1009 talis
1275 954 1540 1026 procedit,
1582 964 1640 1008 ut
1673 961 1730 1007 et
1770 954 2102 1008 inlirmorum

518 1046 807 1110 auxilium,
850 1054 906 1099 et
945 1046 1249 1100 absentium
1297 1045 1534 1100 credaris
1573 1061 1694 1100 esse
1745 1045 1919 1098 tuitio.
1968 1041 2100 1096 Nam

519 1135 644 1191 ideo
691 1147 748 1190 et
795 1145 1016 1191 senator
1046 1138 1192 1209 [ms.,
1224 1135 1466 1208 senatus]
1495 1137 1642 1206 prior
1681 1151 1801 1190 esse
1839 1133 2104 1200 meruisti,

522 1233 581 1278 ut
612 1233 666 1279 te
690 1225 1042 1293 sequentibus
1085 1240 1182 1294 pro
1213 1226 1436 1293 iustitia:
1469 1226 1928 1295 contemplatione
1967 1239 2106 1294 pra:-

519 1323 712 1369 snres.
746 1313 899 1369 Unde
928 1315 986 1368 fit
1016 1327 1072 1370 ut
1099 1316 1239 1370 bona
1270 1315 1426 1370 nobis
1469 1317 1535 1369 de
1571 1324 1624 1370 te
1663 1325 1871 1371 crescat
1897 1315 2104 1384 opinio,

518 1403 768 1472 gloriosae
794 1405 1024 1461 actionis
1061 1406 1329 1474 exeruplo.
1363 1405 1502 1459 Nulli
1533 1406 1674 1459 enim
1706 1406 1923 1476 propria
1962 1419 2050 1460 res
2074 1419 2106 1458 a

519 1492 832 1548 discedente
861 1496 1235 1560 committitur,
1268 1496 1369 1550 nisi
1397 1496 1466 1550 de
1493 1495 1645 1564 cujus
1665 1495 1803 1549 bona
1823 1495 2106 1550 conscien-

523 1585 595 1638 tia
620 1583 915 1651 judicatur.
953 1583 1158 1640 Idcirco
1189 1587 1438 1655 praesenti
1477 1585 1718 1654 jussione
1745 1585 2105 1652 decernimus,

523 1681 584 1727 ut
620 1672 815 1728 domus
854 1674 1064 1744 patricii
1105 1675 1312 1742 Agnelli
1344 1675 1409 1728 ad
1449 1673 1679 1728 Africam
1709 1673 2104 1738 descendentis,

1758 309 1829 370 II.
1870 305 2146 370 AUBELII
2183 303 2581 368 CASSIODORI

2123 428 2178 484 Α
2201 422 2500 492 supplicum
2525 422 2718 476 damna
2737 461 2754 483 .
2783 418 2854 473 ita
2887 417 3046 474 nobis
3067 431 3255 472 eorrtn
3285 413 3558 472 fructuosa
3583 416 3793 474 debent

3687 271 3797 333 5”

2203 528 2324 569 esse
2351 511 2689 582 compendia.

2733 641 3064 698 EPISTOLA
3099 631 3259 721 xvu.

2205 745 2472 791 UNIV’EBSIS
2498 751 2686 792 GO'I'IIIS
2713 751 2781 789 ET
2811 750 3036 789 ROIANIS
3059 747 3321 787 DEIITONE
3347 741 3802 788 CONSISTERTIIUI

2736 819 3098 858 'I'IIEODOIIICUS
3127 818 3250 856 κει.

2207 894 2453 964 Praecipit
2478 905 2702 949 castrum
2729 896 2868 948 circa
2896 909 2982 964 eos
3010 895 3262 964 positum,
3296 893 3416 943 dum
3447 905 3578 960 pace
3609 890 3804 960 [mun-

2277 961 2387 1027 tur,
2405 967 2776 1031 communiunt,
2806 979 2868 1016 ac
2896 961 3075 1017 domos
3104 961 3199 1016 sibi
3229 964 3282 1014 in
3307 978 3366 1014 eo
3395 966 3728 1012 consiruant.

2281 1054 2519 1110 Publica!
2570 1056 2815 1109 utilitatis
2869 1054 3080 1109 ratione
3131 1051 3447 1108 commoniti
3497 1051 3654 1121 (quae
3702 1065 3806 1104 nos

2207 1160 2336 1200 cura
2375 1159 2590 1214 semper
2627 1145 2856 1198 libenter
2886 1142 3176 1210 oneravit),
3223 1149 3461 1197 castrum
3503 1141 3663 1208 juxta
3705 1154 3808 1192 vos

2211 1235 2444 1304 positum
2475 1233 2816 1304 prtecipimus
2851 1232 3170 1287 communiri
3205 1248 3218 1283 :
3252 1239 3278 1267 ι
3300 1233 3426 1300 quia
3469 1244 3562 1284 res
3585 1227 3809 1298 pra-lio-

2209 1339 2330 1378 rum
2355 1324 2492 1378 bene
2520 1323 2842 1393 disponitur,
2873 1322 3087 1390 quoties
3117 1323 3168 1376 in
3198 1335 3334 1390 pace
3362 1328 3650 1375 tractatur.
3685 1318 3806 1372 Μυ-

2211 1413 2345 1468 nitio
2369 1413 2569 1482 quippe
2591 1422 2717 1468 tunc
2745 1412 2976 1467 efﬁcitur
3003 1411 3312 1482 praevalida,
3335 1411 3379 1464 si
3403 1410 3616 1464 diutina
3645 1410 3808 1463 fuerit

2209 1503 2609 1571 excogitatione
2636 1504 2911 1557 roborata.
2944 1502 3136 1557 Omnia
3175 1501 3351 1555 subita
3381 1501 3692 1570 probantur
3719 1499 3808 1552 in-

2210 1603 2390 1659 cauta,
2419 1601 2475 1646 et
2504 1593 2644 1646 male
2671 1593 3001 1647 constructio
3023 1592 3126 1646 loci
3158 1601 3286 1646 tunc
3314 1592 3600 1662 qumritur,
3633 1605 3809 1658 quan-

2210 1681 2281 1736 do
2298 1682 2408 1751 jam
2433 1683 2665 1752 pericula
2692 1682 3063 1736 formidantur.
3093 1681 3240 1736 Adde
3265 1681 3411 1750 quod
3433 1682 3652 1736 animus
3694 1683 3812 1750 ipse

519 1766 614 1834 qui
656 1780 878 1835 regnum
912 1776 1102 1838 petens
1137 1767 1378 1830 alterius,
1412 1769 1610 1822 nostris
1651 1777 1734 1822 est
1784 1767 2106 1822 utilitatibus
2139 1787 2178 1842 Β
2206 1792 2315 1830 non
2371 1783 2552 1844 potest
2597 1789 2718 1828 esse
2763 1774 2818 1828 in
2862 1773 3143 1828 audaciam
3187 1787 3414 1844 pronus,
3452 1773 3549 1840 qui
3587 1772 3809 1826 diversa

521 1859 843 1926 serviturus,
887 1861 1048 1916 salvis
1095 1861 1302 1930 legibus
1351 1869 1439 1914 tua
1481 1861 1705 1915 tuitione
1745 1859 2102 1913 valletur:ne

523 1947 792 2004 violentos
817 1949 1132 2019 cujusquam
1159 1952 1388 2020 impetus
1407 1951 1676 2004 subtracta
1700 1948 1899 2001 domini
1919 1947 2104 2001 defen-

521 2035 677 2092 sione
726 2038 980 2106 patiatur.
1034 2038 1236 2094 Perviu-
1283 2047 1408 2094 sunt
1455 2039 1597 2092 enim
1645 2052 1862 2106 semper
1901 2036 2109 2104 injuriis

524 2126 810 2182 facultates
836 2129 1172 2196 absentium;
1205 2141 1258 2185 et
1283 2130 1682 2200 quodaminodo
1709 2129 1921 2184 videtur
1947 2145 2111 2185 occa-

521 2217 606 2272 sio
653 2217 898 2276 homines
951 2227 1001 2275 in
1047 2221 1302 2276 delictum
1349 2222 1582 2285 trahere,
1623 2236 1744 2290 qum
1783 2237 1892 2276 non
1931 2229 2112 2291 potest

522 2307 762 2362 animum
801 2311 1145 2380 pervadentis
1187 2312 1253 2366 dc
1301 2313 1652 2367 resultatione
1695 2321 1916 2366 terrere.
1957 2311 2113 2365 Ideo-

523 2411 630 2466 que
658 2399 924 2456 celsitudo
954 2411 1160 2466 vestra,
1191 2419 1353 2473 quam
1381 2412 1566 2457 votum
1600 2403 1744 2472 pium
1789 2411 1873 2458 cst
1913 2403 2113 2458 habere

521 2489 776 2555 vicinam,
815 2493 989 2561 erigat
1035 2493 1286 2558 humiles,
1339 2494 1533 2563 eripiat
1581 2492 1992 2563 opprimendos;
2035 2500 2108 2558 el,

521 2577 671 2646 quod
716 2582 1075 2648 potestatibus
1104 2597 1285 2636 rarum
1325 2592 1426 2647 est,
1467 2580 1718 2652 proﬁcias
1757 2582 1984 2649 cunctis,
2019 2581 2112 2651 qui

527 2668 793 2725 universis
820 2671 1016 2726 celsior
1044 2672 1318 2726 inveniris.

1061 2823 1392 2879 El’ISTOLA
1431 2824 1566 2881 XVI.

668 2947 886 2990 JULIANO
913 2949 1093 2990 COII'I'I
1121 2952 1422 2992 PATBIIONII
1455 2952 1816 2994 'I'IIEODOBICUS
1844 2955 1970 2995 REX.

527 3040 681 3097 Iubet
721 3044 965 3122 discutiat
1007 3049 1544 3122 causam_Apulornm
1592 3047 1959 3122 conductorum
2001 3057 2117 3122 [ru-

599 3115 788 3178 menti,
817 3117 903 3189 qui
929 3119 1191 3189 conquesti
1221 3115 1430 3188 fuerant
1456 3121 1714 3189 frumenta
1744 3120 1844 3172 sibi
1872 3115 2115 3176 inimico-

597 3195 714 3237 rum
759 3186 1166 3260 subreptionibus
1215 3186 1572 3260 concremata;
1603 3197 1650 3242 et
1683 3190 1904 3260 imperat
1933 3191 1999 3260 (si
2019 3193 2115 3260 ita
2143 3186 2186 3216 ι’

568 3316 571 3319 _
599 3268 684 3306 res
707 3269 762 3307 se
786 3254 962 3332 habet)
978 3267 1047 3379 [ﬁt
1074 3257 1136 3309 de
1162 3257 1372 3327 reliquis
1399 3259 1584 3326 prima
1611 3254 1908 3314 indictionis
1939 3254 2079 3314 habit

598 3323 951 3378 moderatione
1045 3328 1237 3379 trahat.

598 3323 952 3378 moderatione
978 3323 1237 3380 detrahat.
1271 3323 1282 3327 ⁷
1400 3323 1410 3326 ⁷
2079 3357 2086 3362 .

600 3433 736 3490 Illud
764 3437 994 3506 amplius
1022 3437 1221 3492 nostris
1243 3438 1563 3494 utilitatibus
1591 3441 1944 3511 applicamus,
1973 3443 2117 3511 quod

532 3525 870 3582 misericordi
903 3527 1234 3583 humanitate
1261 3531 1627 3586 concedimus.
1665 3529 1956 3601 Regnantis
1977 3534 2120 3588 enim

533 3620 765 3676 facultas
793 3629 919 3675 tunc
949 3620 1007 3674 lit
1033 3619 1216 3685 ditior,
1247 3637 1369 3676 cum
1395 3623 1646 3689 remittit;
1677 3634 1734 3678 et
1759 3625 1990 3695 acquirit
2019 3641 2119 3680 no-

535 3709 672 3764 biles
726 3709 1007 3765 thesauros
1061 3709 1245 3781 famze,
1301 3714 1544 3782 neglecta
1597 3715 1803 3772 vilitate
1856 3719 2116 3787 pecuniae.

538 3795 677 3855 Ilinc
697 3807 779 3854 est
799 3801 942 3868 quod
965 3804 1370 3858 consuetudinis
1395 3813 1592 3860 nostra:
1617 3807 1950 3862 humanitate
1969 3823 2123 3862 com-

538 3891 750 3954 moniti,
775 3907 934 3960 orem
966 3893 1139 3958 fessis,
1172 3910 1388 3950 manum
1420 3897 1744 3966 porrigimus
1769 3898 2032 3962 oneratis;
2067 3907 2126 3952 ut

540 3982 760 4053 pietatis
800 3993 1000 4040 nostra!
1047 3987 1288 4042 remedio
1326 3996 1567 4058 surgant,
1613 3990 1705 4058 qui
1747 3989 1978 4044 fortuna;
2013 4003 2125 4045 snas

543 4074 840 4130 acerbitate
869 4087 1204 4132 corruerant.
1236 4078 1447 4134 Dudum
1476 4079 1738 4150 siquidem
1769 4081 2128 4136 conductores

545 4164 698 4234 Apuli
727 4165 1008 4234 deplorata
1056 4168 1214 4222 nobis
1257 4168 1494 4222 aditione
1523 4169 1805 4238 conquesti
1833 4177 1978 4235 sunt,
2014 4171 2126 4225 fru-

543 4264 724 4310 menta
761 4257 863 4311 sibi
897 4258 1236 4312 inimicorum
1275 4258 1708 4328 subreptionibus
1735 4268 2076 4314 concremata
2109 4276 2123 4313 :

543 4345 876 4415 postulantes
905 4361 972 4400 ne
999 4354 1262 4414 cogantur
1287 4346 1355 4400 ad
1404 4347 1666 4414 integram
1705 4349 2126 4419 praestationem,

543 4435 740 4504 quibus
801 4437 1249 4490 commerciorum
1307 4449 1432 4490 sunt
1495 4437 1780 4492 commoda
1844 4437 2126 4493 diminuta.

2212 1865 2374 1921 fuerit
2401 1881 2528 1920 cura
2557 1865 2839 1922 sollicitus.
2871 1863 3022 1920 Hanc
3049 1864 3242 1918 merito
3271 1863 3684 1932 expeditionem
3708 1879 3812 1918 no-

2210 1959 2486 2012 minavere
2529 1955 2800 2024 majores,
2847 1956 2971 2024 quia
3019 1971 3172 2011 mens
3219 1957 3412 2010 devota
3455 1957 3660 2026 praeliis
3699 1973 3810 2011 non

2211 2049 2370 2103 debet
2415 2048 2536 2102 aliis
2565 2048 2985 2116 cogitationibus
3015 2047 3287 2116 orcupari.
3314 2046 3667 2117 Quapropter
3694 2063 3814 2100 am—

2210 2139 2490 2209 plectenda
2533 2154 2622 2194 res
2652 2147 2764 2202 est,
2799 2153 2920 2207 qua:
2955 2137 3321 2205 generalitatis
3363 2138 3814 2193 consideratione

2214 2229 2522 2298 praecipitur
2552 2246 2566 2282 :
2591 2243 2692 2283 nec
2719 2244 2928 2283 moram
2960 2229 3038 2282 fas
3067 2237 3151 2282 est
3178 2228 3454 2283 incurrere
3473 2228 3809 2298 jussinnem,

2211 2336 2334 2392 quae
2386 2321 2614 2376 devotos
2668 2321 2902 2374 maxime
2949 2321 3189 2373 noscitur
3239 2319 3517 2387 adjuvare.
3567 2318 3638 2374 Et
3687 2321 3814 2375 ideo

2211 2413 2462 2485 przcscnti
2492 2412 2818 2466 auctoritate
2847 2411 3206 2474 decernimus,
3248 2417 3308 2464 ut
3333 2411 3525 2466 domos
3555 2411 3716 2466 vobis
3759 2413 3814 2466 in

2213 2502 2472 2570 pnedicto
2519 2500 2745 2554 castetlo
2793 2499 3049 2554 alacriter
3101 2501 3460 2564 construatis,
3516 2503 3816 2557 reddentes

2215 2593 2397 2646 animo
2445 2600 2632 2646 nostro
2697 2593 3114 2647 vicissitudinem
3157 2608 3367 2658 rerum;
3415 2601 3470 2647 ut
3519 2594 3664 2649 sicut
3711 2609 3818 2649 nos

2215 2681 2412 2736 vestris
2439 2681 2758 2736 utilitatibus
2791 2682 3067 2751 profutura
3101 2699 3419 2747 censemus,
3453 2685 3526 2738 ita
3560 2693 3814 2756 tempora

2219 2779 2404 2825 nostra
2433 2785 2628 2826 ornare
2670 2787 2768 2826 vos
2809 2772 3186 2841 pulcherrimis
3229 2772 3449 2828 fabricis
3487 2775 3814 2831 sentiamus.

2219 2857 2372 2917 Tunc
2408 2862 2551 2916 enim
2589 2862 2790 2916 accidit
2818 2871 2876 2915 ut
2914 2870 2970 2916 et
3011 2871 3259 2931 sumptus
3291 2875 3673 2935 competentes
3709 2882 3818 2920 no-

2219 2951 2347 3006 stris
2380 2949 2492 3021 jam
2523 2953 2806 3022 penatibus
2833 2967 3164 3022 congregare
3194 2956 3401 3020 velitis,
3445 2965 3503 3010 et
3543 2956 3820 3013 habitatio

2220 3042 2374 3096 vobis
2404 3058 2510 3096 non
2533 3043 2604 3096 sit
2633 3043 2858 3112 ingrata,
2890 3060 3052 3115 quam
3079 3047 3294 3116 propria
3321 3055 3502 3116 potest
3521 3061 3820 3104 commen-

2220 3134 2351 3190 dare
2378 3137 2732 3194 constructio.
2760 3136 2929 3204 Quale
2951 3147 3051 3205 est,
3082 3153 3234 3210 rogo,
3267 3141 3318 3194 in
3349 3141 3552 3196 laribus
3581 3145 3823 3213 propriis

2219 3243 2360 3296 esse,
2403 3244 2526 3284 cum
2551 3229 2862 3286 durissimas
2905 3232 3212 3288 mansiones
3242 3233 3414 3289 hostis
3441 3235 3662 3303 cogitur
3690 3252 3820 3292 sus-

2219 3319 2428 3373 tinere?
2469 3317 2561 3375 Ille
2599 3319 2858 3376 imbribus
2899 3330 3114 3391 pateat,
3157 3338 3255 3377 vos
3291 3332 3432 3378 tecta
3482 3325 3819 3389 defendant;

2219 3409 2366 3464 illum
2395 3409 2568 3465 inedia
2590 3419 2892 3478 consumat,
2923 3428 3020 3468 vos
3046 3414 3202 3482 copia
3233 3415 3448 3484 provisa
3472 3414 3704 3470 reﬁciat.
3729 3415 3825 3472 Sic

2221 3501 2373 3558 vobis
2419 3502 2686 3558 tutissime
2733 3504 3042 3558 constitutis
3081 3505 3255 3559 hostis
3281 3513 3466 3561 vester
3487 3515 3616 3561 ante
3648 3522 3823 3561 even-

2221 3602 2333 3648 tum
2363 3595 2672 3650 certaminis
2697 3594 2802 3648 fata
2834 3596 3068 3665 patietur
3087 3597 3396 3666 perditoris.
3420 3595 3652 3651 Constat
3676 3600 3826 3653 enim

2223 3691 2467 3753 tempore
2511 3685 2848 3739 necessitatis
2894 3685 3044 3739 illum
3085 3687 3305 3754 probari
3350 3686 3708 3741 fortissimum
3739 3689 3827 3743 vi-

2223 3789 2363 3840 rum,
2393 3773 2485 3843 qui
2513 3789 2572 3829 se
2601 3789 2700 3844 per
2729 3775 2896 3828 multa
2919 3790 3025 3830 non
3049 3775 3318 3829 distrahit.
3357 3775 3489 3829 Nam
3530 3777 3658 3844 quis
3697 3792 3826 3832 eum

2226 3865 2620 3934 providentiam
2645 3864 2898 3919 habuisse
2927 3873 3096 3934 putet,
3120 3865 3166 3918 si
3197 3874 3323 3920 tunc
3346 3866 3576 3934 eruperit
3603 3865 3830 3921 fabricis

2224 3973 2446 4028 operam
2494 3958 2644 4023 dare,
2689 3967 2783 4012 aut
2830 3973 3027 4027 penum
3075 3958 3340 4022 condere,
3390 3971 3515 4012 cum
3565 3967 3831 4028 oporteat

2223 4049 2364 4104 bella
2395 4050 2666 4104 tractare?

2737 4161 3065 4218 EPISTOLA
3105 4161 3292 4216 XVIII.

2432 4292 2719 4331 DOMITIANO
2748 4293 2816 4330 ΕΤ
2847 4292 3040 4330 υνιιιε
3071 4289 3440 4330 τιιεοῡοιιιεῑῖε
3470 4289 3602 4328 REX.

2230 4389 2345 4444 luis
2393 4389 2664 4458 respondet
2707 4389 2843 4458 quod
2884 4387 3105 4442 debeant
3143 4387 3344 4442 restitui
3385 4385 3589 4453 praedia
3625 4403 3660 4439 α
3691 4403 3833 4457 prc-

2301 4458 2647 4528 sumptoribus
2698 4467 2988 4528 occupata,
3039 4459 3143 4511 nisi
3199 4465 3289 4528 aut
3342 4464 3680 4528 contractus,
3743 4467 3834 4509 aut

545 4526 700 4592 Quod
745 4542 844 4581 nos
885 4541 986 4596 pro
1026 4527 1262 4596 ingenita
1306 4527 1638 4584 humanitate
1683 4529 2127 4584 considerandum
2159 4532 2211 4591 1)
2303 4526 3152 4610 prwscriptiohtriginta.annorum
3177 4527 3443 4610 obvietnt
3471 4526 3612 4592 quod
3640 4528 3833 4596 fratris

545 4633 667 4673 esse
688 4618 1020 4684 judicamus,
1060 4626 1117 4671 ut
1147 4633 1374 4687 quorum
1407 4635 1512 4674 non
1549 4635 1835 4690 possumus
1873 4635 2129 4676 accusare

547 4710 810 4764 desidiam
872 4709 1130 4783 [Ασίαν-ι,
1183 4710 1504 4784 desideria],
1553 4713 1893 4768 relevandam
1951 4715 2128 4783 potius

546 4800 875 4855 a‘stimemus
907 4799 1194 4855 fortunam.
1229 4800 1354 4855 Inde
1381 4802 1524 4856 enim
1553 4804 1876 4858 constitutas
1919 4803 2133 4872 pensio-

548 4905 644 4944 nes
687 4889 868 4944 inferri
917 4893 1181 4954 volumus,
1230 4892 1372 4945 unde
1420 4899 1634 4947 constat
1673 4892 1947 4960 subjectos
1984 4910 2134 4948 com-

549 4981 708 5037 moda
738 4992 1076 5038 consecutos.
1111 4981 1176 5036 Et
1207 4983 1327 5038 ideo
1349 4983 1490 5039 hanc
1517 4998 1729 5038 causam
1753 4984 2131 5038 sublimitatem

547 5081 695 5129 tuam
721 5073 974 5142 jubemus
1001 5073 1288 5142 diligenter
1313 5074 1618 5144 inquirere,
1651 5083 1709 5128 ut
1753 5083 2008 5144 quantum
2040 5090 2136 5130 eos

549 5167 724 5221 minus
752 5165 1052 5220 vendidisse
1080 5166 1406 5230 constiterit,
1439 5165 1506 5221 de
1529 5166 1755 5235 reliquis
1781 5168 1964 5237 prima:
1995 5168 2132 5221 indi-

549 5257 745 5314 ctionis
775 5257 958 5310 habita
989 5257 1356 5311 moderatione
1386 5257 1684 5311 detrahatis
1713 5275 1724 5309 :
1767 5258 1839 5310 ita
1867 5267 2046 5311 tamen
2078 5265 2136 5311 ut

551 5345 696 5398 nulla
725 5346 868 5399 fraus
900 5349 1096 5400 nostris
1119 5347 1396 5401 beneliciis
1426 5343 1712 5410 inferatur,
1743 5362 1811 5401 ne
1833 5347 2009 5416 aliqua
2040 5363 2137 5402 ne-

551 5436 805 5505 gligentia
837 5438 1075 5491 reddaris
1105 5437 1397 5502 obnoxius,
1435 5436 1528 5506 qui
1573 5452 1786 5504 semper
1827 5438 1980 5492 nobis
2007 5453 2134 5507 pro-

553 5527 673 5581 vida
702 5529 1004 5583 intentione
1037 5529 1302 5598 placuisti.
1341 5534 1436 5600 11
1469 5529 1601 5596 Quia
1626 5530 1763 5582 sicut
1788 5544 1888 5584 nos
1912 5539 2139 5596 tangunt

627 5700 654 5728 ι
680 5691 905 5747 Constat
938 5707 1002 5745 ex
1034 5693 1136 5746 hoc
1167 5692 1285 5746 loco
1326 5694 1609 5748 munienda
1639 5709 1757 5750 esse
1792 5701 1967 5748 castra
2001 5702 2137 5748 tem-

560 5774 689 5828 pore
717 5764 884 5830 pacis,
916 5765 1112 5817 etenim
1138 5764 1437 5818 necessaria
1465 5773 1590 5830 sunt
1619 5764 1670 5817 in
1703 5765 1873 5834 longis
1897 5763 2135 5817 obsidio-

2306 4596 2576 4670 percussor
2597 4599 2663 4652 sit
2690 4596 2742 4651 in
2773 4599 3012 4655 exsilium
3041 4596 3411 4667 deportandus.

2304 4713 2527 4783 Oportet
2571 4728 2665 4766 vos
2715 4712 2896 4766 colere
2934 4719 2990 4765 et
3037 4710 3328 4765 observare
3371 4707 3679 4777 justitiam,
3741 4707 3834 4778 qui

2233 4807 2542 4877 :equitatem
2583 4803 2796 4874 populis
2839 4803 3020 4858 dicere
3060 4801 3374 4871 suscepistis
3407 4819 3420 4852 :
3463 4799 3692 4870 quando
3724 4817 3834 4855 non

2237 4897 2364 4952 licet
2413 4896 2759 4963 delinquere,
2807 4893 2899 4962 qui
2945 4895 3082 4948 alios
3127 4893 3366 4947 creditur
3415 4891 3517 4945 sub
3556 4893 3835 4959 a‘quitatis

2235 4989 2420 5057 regula
2472 4988 2773 5051 continere,
2824 5002 2890 5040 ne
2935 4985 3028 5039 tiat
3077 4975 3386 5054 exemplum
3434 4999 3694 5053 pravum,
3745 4985 3835 5054 qui

2236 5081 2442 5134 electus
2471 5079 2534 5132 ad
2567 5077 2833 5132 laudabile
2862 5077 3009 5149 [ms.,
3034 5073 3235 5146 habile]
3277 5074 3632 5141 cognoscitur
3680 5075 3837 5129 insti-

2243 5179 2434 5224 tutum.
2479 5169 2546 5223 Et
2590 5170 2712 5224 ideo
2742 5169 2810 5222 ad
2856 5167 3336 5236 interrogationem
3361 5176 3601 5220 vestram
3629 5167 3838 5220 curavi-

2241 5278 2360 5316 mus
2389 5263 2626 5330 prtcbere
2655 5275 2972 5329 responsum
3007 5277 3019 5312 :
3053 5273 3119 5312 ne
3149 5274 3246 5327 per
3282 5258 3685 5312 dubitationem
3713 5274 3837 5328 pos-

2241 5351 2362 5407 sitis
2400 5367 2603 5411 errare,
2659 5350 2758 5406 nisi
2809 5347 2973 5418 (quod
3022 5349 3183 5416 absit)
3229 5347 3403 5400 velitis
3440 5349 3738 5402 excedere.
3783 5346 3834 5400 Si

2247 5442 2544 5494 Romanum
2593 5440 2850 5511 prtedium
2896 5439 2984 5510 (ex
3025 5453 3158 5506 quo,
3190 5437 3302 5491 Deo
3337 5437 3572 5508 propitio
3606 5436 3834 5491 fontium

2247 5531 2350 5602 [ed.
2371 5573 2386 5598 ,
2409 5528 2577 5600 sonti]
2607 5529 2806 5583 ﬂuenta
2835 5528 3255 5589 transmisimus,
3291 5527 3380 5580 ubi
3407 5527 3642 5596 primum
3674 5526 3835 5580 Itali:e

2244 5694 2400 5750 nibus
2429 5700 2602 5746 castra
2633 5691 2773 5744 vallo
2801 5699 2854 5743 et
2888 5691 3044 5745 fossis
3067 5689 3233 5759 probe
3263 5700 3488 5752 munita,
3518 5700 3577 5743 ut
3602 5708 3668 5746 ex
3703 5691 3832 5748 Pro-

2241 5765 2400 5832 cupio
2428 5763 2517 5817 lib.
2548 5777 2584 5816 ιι
2613 5763 2678 5816 de
2703 5761 2850 5815 Bello
2878 5760 3178 5816 Gothorum
3211 5760 3400 5828 liquet.
3436 5760 3626 5816 Baoss.
