  <div class='ocr_page' id='page_1' title='image "/cluster/home/n/w/nwhite01/storage/ocr_20150623/69/umn.31951002477362u/270.png"; bbox 0 0 3952 6376; ppageno 0'>
   <div class='ocr_carea' id='block_1_1' title="bbox 207 290 303 348">
    <p class='ocr_par' dir='ltr' id='par_1_1' title="bbox 207 290 303 348">
     <span class='ocr_line' id='line_1_1' title="bbox 207 290 303 348; baseline -0.021 -1"><span class='ocrx_word' id='word_1_1' title='bbox 207 290 303 348; x_wconf 72' lang='lat'><strong>52!</strong></span> 
     </span>
    </p>
   </div>
   <div class='ocr_carea' id='block_1_2' title="bbox 1472 271 2154 331">
    <p class='ocr_par' dir='ltr' id='par_1_2' title="bbox 1472 271 2154 331">
     <span class='ocr_line' id='line_1_2' title="bbox 1472 271 2154 331; baseline 0.003 -5"><span class='ocrx_word' id='word_1_2' title='bbox 1472 272 1832 330; x_wconf 64' lang='lat' dir='ltr'><strong>VARUle</strong></span> <span class='ocrx_word' id='word_1_3' title='bbox 1876 271 2078 331; x_wconf 75' lang='lat' dir='ltr'>LIBER</span> <span class='ocrx_word' id='word_1_4' title='bbox 2113 273 2154 329; x_wconf 85' lang='grc'><strong>1.</strong></span> 
     </span>
    </p>
   </div>
   <div class='ocr_carea' id='block_1_3' title="bbox 3390 264 3491 321">
    <p class='ocr_par' dir='ltr' id='par_1_3' title="bbox 3390 264 3491 321">
     <span class='ocr_line' id='line_1_3' title="bbox 3390 264 3491 321; baseline 0 0"><span class='ocrx_word' id='word_1_5' title='bbox 3390 264 3491 321; x_wconf 59' lang='lat' dir='ltr'><strong>Si!</strong></span> 
     </span>
    </p>
   </div>
   <div class='ocr_carea' id='block_1_4' title="bbox 196 373 3490 467">
    <p class='ocr_par' dir='ltr' id='par_1_4' title="bbox 196 373 3490 467">
     <span class='ocr_line' id='line_1_4' title="bbox 196 373 3490 467; baseline -0.004 -10"><span class='ocrx_word' id='word_1_6' title='bbox 196 414 300 457; x_wconf 85' lang='lat' dir='ltr'><strong>nos</strong></span> <span class='ocrx_word' id='word_1_7' title='bbox 324 394 565 467; x_wconf 72' lang='lat' dir='ltr'><strong>suscepit</strong></span> <span class='ocrx_word' id='word_1_8' title='bbox 602 390 911 463; x_wconf 87' lang='lat' dir='ltr'><strong>imperium)</strong></span> <span class='ocrx_word' id='word_1_9' title='bbox 946 388 1065 445; x_wconf 91' lang='lat' dir='ltr'><strong>sine</strong></span> <span class='ocrx_word' id='word_1_10' title='bbox 1111 387 1440 457; x_wconf 87' lang='lat' dir='ltr'><strong>delegatoris</strong></span> <span class='ocrx_word' id='word_1_11' title='bbox 1468 386 1783 457; x_wconf 84' lang='lat' dir='ltr'><strong>cujusquam</strong></span> <span class='ocrx_word' id='word_1_12' title='bbox 1815 392 1859 448; x_wconf 79' lang='grc' dir='ltr'><strong>Α</strong></span> <span class='ocrx_word' id='word_1_13' title='bbox 1889 376 2111 441; x_wconf 82' lang='lat' dir='ltr'><strong>minima</strong></span> <span class='ocrx_word' id='word_1_14' title='bbox 2135 385 2412 453; x_wconf 81' lang='lat' dir='ltr'><strong>videatur,</strong></span> <span class='ocrx_word' id='word_1_15' title='bbox 2461 373 2758 454; x_wconf 72' lang='lat' dir='ltr'><strong>principem</strong></span> <span class='ocrx_word' id='word_1_16' title='bbox 2804 384 2874 440; x_wconf 79' lang='lat' dir='ltr'><strong>de</strong></span> <span class='ocrx_word' id='word_1_17' title='bbox 2920 393 3139 455; x_wconf 86' lang='lat' dir='ltr'><strong>spectac</strong></span> <span class='ocrx_word' id='word_1_18' title='bbox 3179 385 3246 442; x_wconf 92' lang='lat' dir='ltr'><strong>lis</strong></span> <span class='ocrx_word' id='word_1_19' title='bbox 3295 386 3443 457; x_wconf 82' lang='lat' dir='ltr'><strong>loqui</strong></span> <span class='ocrx_word' id='word_1_20' title='bbox 3475 404 3490 443; x_wconf 88' lang='lat'><strong>:</strong></span> 
     </span>
    </p>
   </div>
   <div class='ocr_carea' id='block_1_5' title="bbox 198 477 1841 561">
    <p class='ocr_par' dir='ltr' id='par_1_5' title="bbox 198 477 1841 561">
     <span class='ocr_line' id='line_1_5' title="bbox 198 477 1841 561; baseline -0.017 -15"><span class='ocrx_word' id='word_1_21' title='bbox 198 487 446 559; x_wconf 80' lang='lat' dir='ltr'><strong>pyclacio</strong></span> <span class='ocrx_word' id='word_1_22' title='bbox 483 484 588 561; x_wconf 68' lang='grc' dir='ltr'><em>[εδ.</em></span> <span class='ocrx_word' id='word_1_23' title='bbox 612 482 748 539; x_wconf 71' lang='lat' dir='ltr'><strong>Nic.</strong></span> <span class='ocrx_word' id='word_1_24' title='bbox 780 480 1036 548; x_wconf 54' lang='lat' dir='ltr'><strong>ulvam,</strong></span> <span class='ocrx_word' id='word_1_25' title='bbox 1081 477 1398 551; x_wconf 74' lang='lat' dir='ltr'><strong>petitione],</strong></span> <span class='ocrx_word' id='word_1_26' title='bbox 1437 488 1796 550; x_wconf 57' lang='lat' dir='ltr'><strong>pmptor</strong></span> <span class='ocrx_word' id='word_1_27' title='bbox 1836 498 1841 507; x_wconf 76' lang='grc' dir='ltr'>ι</span> 
     </span>
    </p>
   </div>
   <div class='ocr_carea' id='block_1_6' title="bbox 196 568 1794 645">
    <p class='ocr_par' dir='ltr' id='par_1_6' title="bbox 196 568 1794 645">
     <span class='ocr_line' id='line_1_6' title="bbox 196 568 1794 645; baseline -0.006 -12"><span class='ocrx_word' id='word_1_28' title='bbox 196 578 462 633; x_wconf 77' lang='lat' dir='ltr'><strong>barbarus</strong></span> <span class='ocrx_word' id='word_1_29' title='bbox 488 576 804 645; x_wconf 72' lang='lat' dir='ltr'><strong>occupavit,</strong></span> <span class='ocrx_word' id='word_1_30' title='bbox 833 586 956 627; x_wconf 91' lang='lat' dir='ltr'><strong>eum</strong></span> <span class='ocrx_word' id='word_1_31' title='bbox 985 570 1150 641; x_wconf 81' lang='lat' dir='ltr'><strong>priori</strong></span> <span class='ocrx_word' id='word_1_32' title='bbox 1176 568 1398 627; x_wconf 90' lang='lat' dir='ltr'><strong>domino</strong></span> <span class='ocrx_word' id='word_1_33' title='bbox 1426 569 1676 625; x_wconf 89' lang='lat' dir='ltr'><strong>submota</strong></span> <span class='ocrx_word' id='word_1_34' title='bbox 1704 569 1794 624; x_wconf 87' lang='lat' dir='ltr'><strong>di-</strong></span> 
     </span>
    </p>
   </div>
   <div class='ocr_carea' id='block_1_7' title="bbox 196 660 1795 733">
    <p class='ocr_par' dir='ltr' id='par_1_7' title="bbox 196 660 1795 733">
     <span class='ocr_line' id='line_1_7' title="bbox 196 660 1795 733; baseline -0.009 -4"><span class='ocrx_word' id='word_1_35' title='bbox 196 670 404 729; x_wconf 77' lang='lat' dir='ltr'><strong>latione</strong></span> <span class='ocrx_word' id='word_1_36' title='bbox 425 668 528 723; x_wconf 73' lang='lat' dir='ltr'><strong>t‘eti</strong></span> <span class='ocrx_word' id='word_1_37' title='bbox 552 668 705 724; x_wconf 67' lang='lat' dir='ltr'><strong>&#39;tuat.’</strong></span> <span class='ocrx_word' id='word_1_38' title='bbox 744 664 900 733; x_wconf 84' lang='lat' dir='ltr'><strong>Quod</strong></span> <span class='ocrx_word' id='word_1_39' title='bbox 946 664 995 718; x_wconf 89' lang='lat' dir='ltr'><strong>si</strong></span> <span class='ocrx_word' id='word_1_40' title='bbox 1032 669 1162 717; x_wconf 91' lang='lat' dir='ltr'><strong>ante</strong></span> <span class='ocrx_word' id='word_1_41' title='bbox 1200 660 1543 731; x_wconf 75' lang='lat' dir='ltr'><strong>designatum</strong></span> <span class='ocrx_word' id='word_1_42' title='bbox 1582 669 1795 731; x_wconf 87' lang='lat' dir='ltr'><strong>tempus</strong></span> 
     </span>
    </p>
   </div>
   <div class='ocr_carea' id='block_1_8' title="bbox 194 752 1797 828">
    <p class='ocr_par' dir='ltr' id='par_1_8' title="bbox 194 752 1797 828">
     <span class='ocr_line' id='line_1_8' title="bbox 194 752 1797 828; baseline -0.007 -10"><span class='ocrx_word' id='word_1_43' title='bbox 194 774 313 819; x_wconf 88' lang='lat' dir='ltr'><strong>rem</strong></span> <span class='ocrx_word' id='word_1_44' title='bbox 344 761 557 816; x_wconf 85' lang='lat' dir='ltr'><strong>videtur</strong></span> <span class='ocrx_word' id='word_1_45' title='bbox 578 760 869 828; x_wconf 77' lang='lat' dir='ltr'><strong>ingressus,</strong></span> <span class='ocrx_word' id='word_1_46' title='bbox 891 755 1148 826; x_wconf 87' lang='lat' dir='ltr'><strong>quoniam</strong></span> <span class='ocrx_word' id='word_1_47' title='bbox 1164 752 1511 825; x_wconf 64' lang='lat' dir='ltr'><strong>praescriptio</strong></span> <span class='ocrx_word' id='word_1_48' title='bbox 1532 753 1797 823; x_wconf 73' lang='lat' dir='ltr'><strong>probatur</strong></span> 
     </span>
    </p>
   </div>
   <div class='ocr_carea' id='block_1_9' title="bbox 199 843 1798 917">
    <p class='ocr_par' dir='ltr' id='par_1_9' title="bbox 199 843 1798 917">
     <span class='ocr_line' id='line_1_9' title="bbox 199 843 1798 917; baseline -0.005 -11"><span class='ocrx_word' id='word_1_49' title='bbox 199 852 455 907; x_wconf 80' lang='lat' dir='ltr'><strong>obviare&#39;</strong></span> <span class='ocrx_word' id='word_1_50' title='bbox 484 848 773 915; x_wconf 43' lang='lat' dir='ltr'><strong>tricenniii,</strong></span> <span class='ocrx_word' id='word_1_51' title='bbox 829 847 1150 917; x_wconf 80' lang='lat' dir='ltr'><strong>petitionem</strong></span> <span class='ocrx_word' id='word_1_52' title='bbox 1206 843 1459 915; x_wconf 86' lang='lat' dir='ltr'><strong>iubemus</strong></span> <span class='ocrx_word' id='word_1_53' title='bbox 1512 843 1798 913; x_wconf 74' lang='lat' dir='ltr'><strong>quiescere</strong></span> 
     </span>
    </p>
   </div>
   <div class='ocr_carea' id='block_1_10' title="bbox 200 931 1793 1008">
    <p class='ocr_par' dir='ltr' id='par_1_10' title="bbox 200 931 1793 1008">
     <span class='ocr_line' id='line_1_10' title="bbox 200 931 1793 1008; baseline -0.004 -15"><span class='ocrx_word' id='word_1_54' title='bbox 200 939 513 1008; x_wconf 77' lang='lat' dir='ltr'><strong>pulsatoris.</strong></span> <span class='ocrx_word' id='word_1_55' title='bbox 568 937 664 993; x_wconf 84' lang='lat' dir='ltr'><strong>Illa</strong></span> <span class='ocrx_word' id='word_1_56' title='bbox 711 937 856 992; x_wconf 88' lang='lat' dir='ltr'><strong>enim</strong></span> <span class='ocrx_word' id='word_1_57' title='bbox 904 934 1089 993; x_wconf 83' lang='lat' dir='ltr'><strong>reduci</strong></span> <span class='ocrx_word' id='word_1_58' title='bbox 1132 934 1188 988; x_wconf 87' lang='lat' dir='ltr'><strong>in</strong></span> <span class='ocrx_word' id='word_1_59' title='bbox 1234 931 1475 988; x_wconf 88' lang='lat' dir='ltr'><strong>medium</strong></span> <span class='ocrx_word' id='word_1_60' title='bbox 1514 932 1793 997; x_wconf 86' lang='lat' dir='ltr'><strong>nolumus,</strong></span> 
     </span>
    </p>
   </div>
   <div class='ocr_carea' id='block_1_11' title="bbox 196 1021 1794 1100">
    <p class='ocr_par' dir='ltr' id='par_1_11' title="bbox 196 1021 1794 1100">
     <span class='ocr_line' id='line_1_11' title="bbox 196 1021 1794 1100; baseline -0.006 -15"><span class='ocrx_word' id='word_1_61' title='bbox 196 1043 320 1100; x_wconf 66' lang='lat' dir='ltr'><strong>quae</strong></span> <span class='ocrx_word' id='word_1_62' title='bbox 375 1028 577 1085; x_wconf 83' lang='lat' dir='ltr'><strong>nostris</strong></span> <span class='ocrx_word' id='word_1_63' title='bbox 634 1027 970 1098; x_wconf 85' lang='lat' dir='ltr'><strong>temporibus</strong></span> <span class='ocrx_word' id='word_1_64' title='bbox 1027 1031 1355 1094; x_wconf 62' lang='lat' dir='ltr'><strong>praesumpta</strong></span> <span class='ocrx_word' id='word_1_65' title='bbox 1405 1021 1726 1078; x_wconf 78' lang='lat' dir='ltr'><strong>damnamus</strong></span> <span class='ocrx_word' id='word_1_66' title='bbox 1780 1038 1794 1074; x_wconf 90' lang='lat'><strong>:</strong></span> 
     </span>
    </p>
   </div>
   <div class='ocr_carea' id='block_1_12' title="bbox 197 1112 1798 1194">
    <p class='ocr_par' dir='ltr' id='par_1_12' title="bbox 197 1112 1798 1194">
     <span class='ocr_line' id='line_1_12' title="bbox 197 1112 1798 1194; baseline -0.007 -16"><span class='ocrx_word' id='word_1_67' title='bbox 197 1123 324 1194; x_wconf 86' lang='lat' dir='ltr'><strong>quia</strong></span> <span class='ocrx_word' id='word_1_68' title='bbox 352 1121 510 1177; x_wconf 88' lang='lat' dir='ltr'><strong>locus</strong></span> <span class='ocrx_word' id='word_1_69' title='bbox 549 1117 916 1177; x_wconf 84' lang='lat' dir='ltr'><strong>calumniandi</strong></span> <span class='ocrx_word' id='word_1_70' title='bbox 943 1132 1053 1171; x_wconf 88' lang='lat' dir='ltr'><strong>non</strong></span> <span class='ocrx_word' id='word_1_71' title='bbox 1081 1115 1439 1185; x_wconf 84' lang='lat' dir='ltr'><strong>relinquitur,</strong></span> <span class='ocrx_word' id='word_1_72' title='bbox 1481 1128 1606 1170; x_wconf 77' lang='lat' dir='ltr'><strong>ctua</strong></span> <span class='ocrx_word' id='word_1_73' title='bbox 1650 1112 1798 1182; x_wconf 86' lang='lat' dir='ltr'><strong>longi</strong></span> 
     </span>
    </p>
   </div>
   <div class='ocr_carea' id='block_1_13' title="bbox 203 1206 1802 1284">
    <p class='ocr_par' dir='ltr' id='par_1_13' title="bbox 203 1206 1802 1284">
     <span class='ocr_line' id='line_1_13' title="bbox 203 1206 1802 1284; baseline -0.006 -14"><span class='ocrx_word' id='word_1_74' title='bbox 203 1214 476 1284; x_wconf 83' lang='lat' dir='ltr'><strong>temporis</strong></span> <span class='ocrx_word' id='word_1_75' title='bbox 523 1211 829 1268; x_wconf 83' lang='lat' dir='ltr'><strong>obscuritas</strong></span> <span class='ocrx_word' id='word_1_76' title='bbox 872 1207 1197 1279; x_wconf 69' lang='lat' dir='ltr'><strong>praeteritur.</strong></span> <span class='ocrx_word' id='word_1_77' title='bbox 1229 1206 1308 1261; x_wconf 88' lang='lat' dir='ltr'><strong>De</strong></span> <span class='ocrx_word' id='word_1_78' title='bbox 1335 1218 1657 1276; x_wconf 85' lang='lat' dir='ltr'><strong>percussore</strong></span> <span class='ocrx_word' id='word_1_79' title='bbox 1682 1212 1802 1260; x_wconf 87' lang='lat' dir='ltr'><strong>tan-</strong></span> 
     </span>
    </p>
   </div>
   <div class='ocr_carea' id='block_1_14' title="bbox 205 1296 1799 1371">
    <p class='ocr_par' dir='ltr' id='par_1_14' title="bbox 205 1296 1799 1371">
     <span class='ocr_line' id='line_1_14' title="bbox 205 1296 1799 1371; baseline -0.006 -11"><span class='ocrx_word' id='word_1_80' title='bbox 205 1304 505 1371; x_wconf 84' lang='lat' dir='ltr'><strong>tummodo,</strong></span> <span class='ocrx_word' id='word_1_81' title='bbox 539 1318 649 1358; x_wconf 91' lang='lat' dir='ltr'><strong>non</strong></span> <span class='ocrx_word' id='word_1_82' title='bbox 687 1301 851 1357; x_wconf 88' lang='lat' dir='ltr'><strong>etiam</strong></span> <span class='ocrx_word' id='word_1_83' title='bbox 882 1308 1233 1370; x_wconf 83' lang='lat' dir='ltr'><strong>peremptore</strong></span> <span class='ocrx_word' id='word_1_84' title='bbox 1258 1296 1459 1362; x_wconf 82' lang='lat' dir='ltr'><strong>l&#39;ratris,</strong></span> <span class='ocrx_word' id='word_1_85' title='bbox 1488 1309 1799 1368; x_wconf 83' lang='lat' dir='ltr'><strong>quanquam</strong></span> 
     </span>
    </p>
   </div>
   <div class='ocr_carea' id='block_1_15' title="bbox 206 1387 1803 1461">
    <p class='ocr_par' dir='ltr' id='par_1_15' title="bbox 206 1387 1803 1461">
     <span class='ocr_line' id='line_1_15' title="bbox 206 1387 1803 1461; baseline -0.007 -8"><span class='ocrx_word' id='word_1_86' title='bbox 206 1396 448 1453; x_wconf 90' lang='lat' dir='ltr'><strong>omnlum</strong></span> <span class='ocrx_word' id='word_1_87' title='bbox 480 1394 757 1452; x_wconf 90' lang='lat' dir='ltr'><strong>communi</strong></span> <span class='ocrx_word' id='word_1_88' title='bbox 786 1394 905 1461; x_wconf 88' lang='lat' dir='ltr'><strong>lege</strong></span> <span class='ocrx_word' id='word_1_89' title='bbox 932 1392 1239 1458; x_wconf 85' lang='lat' dir='ltr'><strong>damnetur,</strong></span> <span class='ocrx_word' id='word_1_90' title='bbox 1266 1390 1552 1460; x_wconf 87' lang='lat' dir='ltr'><strong>solumque</strong></span> <span class='ocrx_word' id='word_1_91' title='bbox 1578 1387 1661 1447; x_wconf 89' lang='lat' dir='ltr'><strong>sit-</strong></span> <span class='ocrx_word' id='word_1_92' title='bbox 1677 1403 1803 1459; x_wconf 89' lang='lat' dir='ltr'><strong>par-</strong></span> 
     </span>
    </p>
   </div>
   <div class='ocr_carea' id='block_1_16' title="bbox 176 1484 1797 1559">
    <p class='ocr_par' dir='ltr' id='par_1_16' title="bbox 176 1484 1797 1559">
     <span class='ocr_line' id='line_1_16' title="bbox 176 1484 1797 1559; baseline -0.004 -17"><span class='ocrx_word' id='word_1_93' title='bbox 176 1485 857 1559; x_wconf 64' lang='lat' dir='ltr'><strong>‘ricidium,&#39;*quod&#39;totius</strong></span> <span class='ocrx_word' id='word_1_94' title='bbox 893 1484 1215 1554; x_wconf 82' lang='lat' dir='ltr'><strong>tragmdiam</strong></span> <span class='ocrx_word' id='word_1_95' title='bbox 1250 1490 1439 1539; x_wconf 77' lang='lat' dir='ltr'><strong>reatus</strong></span> <span class='ocrx_word' id='word_1_96' title='bbox 1461 1489 1754 1552; x_wconf 76' lang='lat' dir='ltr'><strong>exsuperet</strong></span> <span class='ocrx_word' id='word_1_97' title='bbox 1784 1497 1797 1533; x_wconf 91' lang='lat'><strong>:</strong></span> 
     </span>
    </p>
   </div>
   <div class='ocr_carea' id='block_1_17' title="bbox 203 1575 1804 1648">
    <p class='ocr_par' dir='ltr' id='par_1_17' title="bbox 203 1575 1804 1648">
     <span class='ocr_line' id='line_1_17' title="bbox 203 1575 1804 1648; baseline -0.003 -13"><span class='ocrx_word' id='word_1_98' title='bbox 203 1592 387 1637; x_wconf 79' lang='lat' dir='ltr'><strong>tamen</strong></span> <span class='ocrx_word' id='word_1_99' title='bbox 411 1581 723 1636; x_wconf 85' lang='lat' dir='ltr'><strong>humanitas</strong></span> <span class='ocrx_word' id='word_1_100' title='bbox 745 1589 954 1645; x_wconf 84' lang='lat' dir='ltr'><strong>nostra,</strong></span> <span class='ocrx_word' id='word_1_101' title='bbox 983 1586 1112 1648; x_wconf 52' lang='lat' dir='ltr'><strong>qua?</strong></span> <span class='ocrx_word' id='word_1_102' title='bbox 1132 1577 1231 1632; x_wconf 86' lang='lat' dir='ltr'><strong>sibi</strong></span> <span class='ocrx_word' id='word_1_103' title='bbox 1254 1576 1423 1632; x_wconf 83' lang='lat' dir='ltr'><strong>etiam</strong></span> <span class='ocrx_word' id='word_1_104' title='bbox 1447 1575 1804 1632; x_wconf 83' lang='lat' dir='ltr'><strong>in&#39;sceleratis</strong></span> 
     </span>
    </p>
   </div>
   <div class='ocr_carea' id='block_1_18' title="bbox 178 1664 1802 1742">
    <p class='ocr_par' dir='ltr' id='par_1_18' title="bbox 178 1664 1802 1742">
     <span class='ocr_line' id='line_1_18' title="bbox 178 1664 1802 1742; baseline -0.006 -13"><span class='ocrx_word' id='word_1_105' title='bbox 178 1673 383 1729; x_wconf 82' lang='lat' dir='ltr'><strong>‘locum</strong></span> <span class='ocrx_word' id='word_1_106' title='bbox 426 1672 650 1742; x_wconf 75' lang='lat' dir='ltr'><strong>pietatis</strong></span> <span class='ocrx_word' id='word_1_107' title='bbox 682 1670 925 1740; x_wconf 80' lang='lat' dir='ltr'><strong>inquirit,</strong></span> <span class='ocrx_word' id='word_1_108' title='bbox 960 1666 1213 1740; x_wconf 71' lang='lat' dir='ltr'><strong>prmsenti</strong></span> <span class='ocrx_word' id='word_1_109' title='bbox 1243 1665 1568 1722; x_wconf 81' lang='lat' dir='ltr'><strong>auctoritate</strong></span> <span class='ocrx_word' id='word_1_110' title='bbox 1593 1664 1802 1733; x_wconf 78' lang='lat' dir='ltr'><strong>deﬁnit,</strong></span> 
     </span>
    </p>
   </div>
   <div class='ocr_carea' id='block_1_19' title="bbox 1898 474 3495 551">
    <p class='ocr_par' dir='ltr' id='par_1_19' title="bbox 1898 474 3495 551">
     <span class='ocr_line' id='line_1_19' title="bbox 1898 474 3495 551; baseline 0.001 -18"><span class='ocrx_word' id='word_1_111' title='bbox 1898 488 2081 533; x_wconf 87' lang='lat' dir='ltr'><strong>tamen</strong></span> <span class='ocrx_word' id='word_1_112' title='bbox 2112 493 2215 548; x_wconf 90' lang='lat' dir='ltr'><strong>pro</strong></span> <span class='ocrx_word' id='word_1_113' title='bbox 2241 491 2431 534; x_wconf 84' lang='lat' dir='ltr'><strong>amore</strong></span> <span class='ocrx_word' id='word_1_114' title='bbox 2458 476 2668 546; x_wconf 81' lang='lat' dir='ltr'><strong>reipub.</strong></span> <span class='ocrx_word' id='word_1_115' title='bbox 2702 474 2961 535; x_wconf 75' lang='lat' dir='ltr'><strong>Roniana:</strong></span> <span class='ocrx_word' id='word_1_116' title='bbox 2996 495 3105 535; x_wconf 86' lang='lat' dir='ltr'><strong>non</strong></span> <span class='ocrx_word' id='word_1_117' title='bbox 3151 479 3356 551; x_wconf 78' lang='lat' dir='ltr'><strong>pigebit</strong></span> <span class='ocrx_word' id='word_1_118' title='bbox 3396 481 3495 538; x_wconf 70' lang='lat' dir='ltr'><strong>bas</strong></span> 
     </span>
    </p>
   </div>
   <div class='ocr_carea' id='block_1_20' title="bbox 1898 566 3496 641">
    <p class='ocr_par' dir='ltr' id='par_1_20' title="bbox 1898 566 3496 641">
     <span class='ocr_line' id='line_1_20' title="bbox 1898 566 3496 641; baseline 0.001 -17"><span class='ocrx_word' id='word_1_119' title='bbox 1898 582 2118 639; x_wconf 85' lang='lat' dir='ltr'><strong>quoque</strong></span> <span class='ocrx_word' id='word_1_120' title='bbox 2142 567 2500 638; x_wconf 78' lang='lat' dir='ltr'><strong>cogitationes</strong></span> <span class='ocrx_word' id='word_1_121' title='bbox 2530 566 2734 622; x_wconf 89' lang='lat' dir='ltr'><strong>intrare</strong></span> <span class='ocrx_word' id='word_1_122' title='bbox 2767 585 2780 622; x_wconf 90' lang='lat'><strong>:</strong></span> <span class='ocrx_word' id='word_1_123' title='bbox 2813 568 2939 637; x_wconf 84' lang='lat' dir='ltr'><strong>quia</strong></span> <span class='ocrx_word' id='word_1_124' title='bbox 2970 569 3325 641; x_wconf 86' lang='lat' dir='ltr'><strong>undecunque</strong></span> <span class='ocrx_word' id='word_1_125' title='bbox 3355 586 3496 641; x_wconf 77' lang='lat' dir='ltr'><strong>pra:-</strong></span> 
     </span>
    </p>
   </div>
   <div class='ocr_carea' id='block_1_21' title="bbox 1896 661 3494 734">
    <p class='ocr_par' dir='ltr' id='par_1_21' title="bbox 1896 661 3494 734">
     <span class='ocr_line' id='line_1_21' title="bbox 1896 661 3494 734; baseline 0.001 -15"><span class='ocrx_word' id='word_1_126' title='bbox 1896 672 2043 719; x_wconf 86' lang='lat' dir='ltr'><strong>stare</strong></span> <span class='ocrx_word' id='word_1_127' title='bbox 2068 677 2377 733; x_wconf 84' lang='lat' dir='ltr'><strong>possumus,</strong></span> <span class='ocrx_word' id='word_1_128' title='bbox 2399 661 2618 729; x_wconf 84' lang='lat' dir='ltr'><strong>dignum</strong></span> <span class='ocrx_word' id='word_1_129' title='bbox 2646 662 2842 725; x_wconf 81' lang='lat' dir='ltr'><strong>nostris</strong></span> <span class='ocrx_word' id='word_1_130' title='bbox 2867 663 3115 720; x_wconf 85' lang='lat' dir='ltr'><strong>sensibus</strong></span> <span class='ocrx_word' id='word_1_131' title='bbox 3128 664 3494 734; x_wconf 61' lang='lat' dir='ltr'><strong>aestimaturus;</strong></span> 
     </span>
    </p>
   </div>
   <div class='ocr_carea' id='block_1_22' title="bbox 1898 751 3495 827">
    <p class='ocr_par' dir='ltr' id='par_1_22' title="bbox 1898 751 3495 827">
     <span class='ocr_line' id='line_1_22' title="bbox 1898 751 3495 827; baseline 0.001 -17"><span class='ocrx_word' id='word_1_132' title='bbox 1898 754 2199 825; x_wconf 59' lang='lat' dir='ltr'><strong>praesertim</strong></span> <span class='ocrx_word' id='word_1_133' title='bbox 2223 768 2346 811; x_wconf 90' lang='lat' dir='ltr'><strong>eum</strong></span> <span class='ocrx_word' id='word_1_134' title='bbox 2369 751 2648 808; x_wconf 86' lang='lat' dir='ltr'><strong>beatitudo</strong></span> <span class='ocrx_word' id='word_1_135' title='bbox 2670 752 2742 805; x_wconf 85' lang='lat' dir='ltr'><strong>sit</strong></span> <span class='ocrx_word' id='word_1_136' title='bbox 2768 759 3095 823; x_wconf 84' lang='lat' dir='ltr'><strong>tempormn,</strong></span> <span class='ocrx_word' id='word_1_137' title='bbox 3116 752 3301 812; x_wconf 74' lang='lat' dir='ltr'><strong>laetitia</strong></span> <span class='ocrx_word' id='word_1_138' title='bbox 3317 770 3495 827; x_wconf 84' lang='lat' dir='ltr'><strong>popu-</strong></span> 
     </span>
    </p>
   </div>
   <div class='ocr_carea' id='block_1_23' title="bbox 1899 843 3497 919">
    <p class='ocr_par' dir='ltr' id='par_1_23' title="bbox 1899 843 3497 919">
     <span class='ocr_line' id='line_1_23' title="bbox 1899 843 3497 919; baseline 0.002 -18"><span class='ocrx_word' id='word_1_139' title='bbox 1899 845 2098 901; x_wconf 85' lang='lat' dir='ltr'><strong>lorum.</strong></span> <span class='ocrx_word' id='word_1_140' title='bbox 2128 845 2263 901; x_wconf 80' lang='lat' dir='ltr'><strong>illud</strong></span> <span class='ocrx_word' id='word_1_141' title='bbox 2283 843 2451 910; x_wconf 90' lang='lat' dir='ltr'><strong>enim,</strong></span> <span class='ocrx_word' id='word_1_142' title='bbox 2484 844 2818 915; x_wconf 85' lang='lat' dir='ltr'><strong>propitiante</strong></span> <span class='ocrx_word' id='word_1_143' title='bbox 2842 844 3003 913; x_wconf 80' lang='lat' dir='ltr'><strong>.Deo,</strong></span> <span class='ocrx_word' id='word_1_144' title='bbox 3035 845 3250 905; x_wconf 85' lang='lat' dir='ltr'><strong>labores</strong></span> <span class='ocrx_word' id='word_1_145' title='bbox 3279 858 3497 919; x_wconf 63' lang='lat' dir='ltr'><strong>nostros</strong></span> 
     </span>
    </p>
   </div>
   <div class='ocr_carea' id='block_1_24' title="bbox 1899 935 3490 1007">
    <p class='ocr_par' dir='ltr' id='par_1_24' title="bbox 1899 935 3490 1007">
     <span class='ocr_line' id='line_1_24' title="bbox 1899 935 3490 1007; baseline -0.001 -14"><span class='ocrx_word' id='word_1_146' title='bbox 1899 937 2116 1004; x_wconf 85' lang='lat' dir='ltr'><strong>asserit,</strong></span> <span class='ocrx_word' id='word_1_147' title='bbox 2148 936 2294 1007; x_wconf 85' lang='lat' dir='ltr'><strong>quod</strong></span> <span class='ocrx_word' id='word_1_148' title='bbox 2318 951 2379 991; x_wconf 90' lang='lat' dir='ltr'><strong>se</strong></span> <span class='ocrx_word' id='word_1_149' title='bbox 2407 935 2641 991; x_wconf 84' lang='lat' dir='ltr'><strong>otiosam</strong></span> <span class='ocrx_word' id='word_1_150' title='bbox 2680 935 3008 1004; x_wconf 83' lang='lat' dir='ltr'><strong>generalitas</strong></span> <span class='ocrx_word' id='word_1_151' title='bbox 3028 951 3154 995; x_wconf 87' lang='lat' dir='ltr'><strong>esse</strong></span> <span class='ocrx_word' id='word_1_152' title='bbox 3191 940 3490 1007; x_wconf 79' lang='lat' dir='ltr'><strong>cognoscit.</strong></span> 
     </span>
    </p>
   </div>
   <div class='ocr_carea' id='block_1_25' title="bbox 1901 1025 3494 1102">
    <p class='ocr_par' dir='ltr' id='par_1_25' title="bbox 1901 1025 3494 1102">
     <span class='ocr_line' id='line_1_25' title="bbox 1901 1025 3494 1102; baseline 0.001 -19"><span class='ocrx_word' id='word_1_153' title='bbox 1901 1025 2079 1084; x_wconf 84' lang='lat' dir='ltr'><strong>Partis</strong></span> <span class='ocrx_word' id='word_1_154' title='bbox 2126 1029 2312 1098; x_wconf 85' lang='lat' dir='ltr'><strong>itaque</strong></span> <span class='ocrx_word' id='word_1_155' title='bbox 2358 1027 2567 1084; x_wconf 84' lang='lat' dir='ltr'><strong>Prasini</strong></span> <span class='ocrx_word' id='word_1_156' title='bbox 2589 1027 2861 1085; x_wconf 87' lang='lat' dir='ltr'><strong>insinuata</strong></span> <span class='ocrx_word' id='word_1_157' title='bbox 2901 1028 3190 1100; x_wconf 80' lang='lat' dir='ltr'><strong>petitione,</strong></span> <span class='ocrx_word' id='word_1_158' title='bbox 3222 1032 3494 1102; x_wconf 90' lang='lat' dir='ltr'><strong>comperi-</strong></span> 
     </span>
    </p>
   </div>
   <div class='ocr_carea' id='block_1_26' title="bbox 1900 1119 3495 1194">
    <p class='ocr_par' dir='ltr' id='par_1_26' title="bbox 1900 1119 3495 1194">
     <span class='ocr_line' id='line_1_26' title="bbox 1900 1119 3495 1194; baseline -0.001 -16"><span class='ocrx_word' id='word_1_159' title='bbox 1900 1137 2022 1178; x_wconf 85' lang='lat' dir='ltr'><strong>mus</strong></span> <span class='ocrx_word' id='word_1_160' title='bbox 2052 1121 2331 1194; x_wconf 86' lang='lat' dir='ltr'><strong>(quoniam</strong></span> <span class='ocrx_word' id='word_1_161' title='bbox 2362 1120 2465 1176; x_wconf 85' lang='lat' dir='ltr'><strong>hoc</strong></span> <span class='ocrx_word' id='word_1_162' title='bbox 2487 1119 2851 1177; x_wconf 87' lang='lat' dir='ltr'><strong>introductum</strong></span> <span class='ocrx_word' id='word_1_163' title='bbox 2878 1128 2983 1187; x_wconf 85' lang='lat' dir='ltr'><strong>est,</strong></span> <span class='ocrx_word' id='word_1_164' title='bbox 3014 1130 3075 1176; x_wconf 95' lang='lat' dir='ltr'><strong>ut</strong></span> <span class='ocrx_word' id='word_1_165' title='bbox 3100 1122 3289 1193; x_wconf 86' lang='lat' dir='ltr'><strong>populi</strong></span> <span class='ocrx_word' id='word_1_166' title='bbox 3314 1121 3383 1177; x_wconf 90' lang='lat' dir='ltr'><strong>de</strong></span> <span class='ocrx_word' id='word_1_167' title='bbox 3404 1138 3495 1179; x_wconf 56' lang='lat' dir='ltr'><strong>eo.</strong></span> 
     </span>
    </p>
   </div>
   <div class='ocr_carea' id='block_1_27' title="bbox 1900 1212 3494 1285">
    <p class='ocr_par' dir='ltr' id='par_1_27' title="bbox 1900 1212 3494 1285">
     <span class='ocr_line' id='line_1_27' title="bbox 1900 1212 3494 1285; baseline 0.001 -16"><span class='ocrx_word' id='word_1_168' title='bbox 1900 1214 2018 1269; x_wconf 90' lang='lat' dir='ltr'><strong>lore</strong></span> <span class='ocrx_word' id='word_1_169' title='bbox 2049 1212 2378 1285; x_wconf 74' lang='lat' dir='ltr'><strong>vocitantur)</strong></span> <span class='ocrx_word' id='word_1_170' title='bbox 2413 1214 2710 1269; x_wconf 84' lang='lat' dir='ltr'><strong>seditiones</strong></span> <span class='ocrx_word' id='word_1_171' title='bbox 2739 1214 3078 1271; x_wconf 82' lang='lat' dir='ltr'><strong>turbulentas</strong></span> <span class='ocrx_word' id='word_1_172' title='bbox 3103 1231 3133 1270; x_wconf 88' lang='lat' dir='ltr'><strong>a</strong></span> <span class='ocrx_word' id='word_1_173' title='bbox 3176 1216 3494 1284; x_wconf 62' lang='lat' dir='ltr'><strong>quibusdam</strong></span> 
     </span>
    </p>
   </div>
   <div class='ocr_carea' id='block_1_28' title="bbox 1897 1305 3493 1378">
    <p class='ocr_par' dir='ltr' id='par_1_28' title="bbox 1897 1305 3493 1378">
     <span class='ocr_line' id='line_1_28' title="bbox 1897 1305 3493 1378; baseline 0 -16"><span class='ocrx_word' id='word_1_174' title='bbox 1897 1305 2295 1362; x_wconf 85' lang='lat' dir='ltr'><strong>scclestissimis</strong></span> <span class='ocrx_word' id='word_1_175' title='bbox 2325 1305 2556 1370; x_wconf 84' lang='lat' dir='ltr'><strong>incitari,</strong></span> <span class='ocrx_word' id='word_1_176' title='bbox 2587 1313 2641 1360; x_wconf 92' lang='lat' dir='ltr'><strong>et</strong></span> <span class='ocrx_word' id='word_1_177' title='bbox 2673 1321 2892 1361; x_wconf 83' lang='lat' dir='ltr'><strong>causam</strong></span> <span class='ocrx_word' id='word_1_178' title='bbox 2924 1306 3125 1361; x_wconf 65' lang='lat' dir='ltr'><strong>laetitiae</strong></span> <span class='ocrx_word' id='word_1_179' title='bbox 3157 1307 3386 1378; x_wconf 60' lang='lat' dir='ltr'><strong>publicae</strong></span> <span class='ocrx_word' id='word_1_180' title='bbox 3426 1308 3493 1362; x_wconf 83' lang='lat' dir='ltr'><strong>ad</strong></span> 
     </span>
    </p>
   </div>
   <div class='ocr_carea' id='block_1_29' title="bbox 1900 1396 3492 1468">
    <p class='ocr_par' dir='ltr' id='par_1_29' title="bbox 1900 1396 3492 1468">
     <span class='ocr_line' id='line_1_29' title="bbox 1900 1396 3492 1468; baseline 0.002 -16"><span class='ocrx_word' id='word_1_181' title='bbox 1900 1397 2102 1453; x_wconf 78' lang='lat' dir='ltr'><strong>furoris</strong></span> <span class='ocrx_word' id='word_1_182' title='bbox 2144 1398 2444 1453; x_wconf 73' lang='lat' dir='ltr'><strong>certamina</strong></span> <span class='ocrx_word' id='word_1_183' title='bbox 2494 1396 2827 1467; x_wconf 84' lang='lat' dir='ltr'><strong>prorupisse.</strong></span> <span class='ocrx_word' id='word_1_184' title='bbox 2880 1396 3039 1464; x_wconf 82' lang='lat' dir='ltr'><strong>Quod</strong></span> <span class='ocrx_word' id='word_1_185' title='bbox 3085 1399 3272 1467; x_wconf 90' lang='lat' dir='ltr'><strong>utique</strong></span> <span class='ocrx_word' id='word_1_186' title='bbox 3314 1399 3492 1468; x_wconf 82' lang='lat' dir='ltr'><strong>gaudii</strong></span> 
     </span>
    </p>
   </div>
   <div class='ocr_carea' id='block_1_30' title="bbox 1900 1489 3491 1565">
    <p class='ocr_par' dir='ltr' id='par_1_30' title="bbox 1900 1489 3491 1565">
     <span class='ocr_line' id='line_1_30' title="bbox 1900 1489 3491 1565; baseline 0 -19"><span class='ocrx_word' id='word_1_187' title='bbox 1900 1489 2291 1546; x_wconf 83' lang='lat' dir='ltr'><strong>decoram-non</strong></span> <span class='ocrx_word' id='word_1_188' title='bbox 2323 1499 2497 1560; x_wconf 88' lang='lat' dir='ltr'><strong>potest</strong></span> <span class='ocrx_word' id='word_1_189' title='bbox 2528 1489 2731 1547; x_wconf 83' lang='lat' dir='ltr'><strong>habere</strong></span> <span class='ocrx_word' id='word_1_190' title='bbox 2748 1490 3087 1560; x_wconf 88' lang='lat' dir='ltr'><strong>qualitatem,</strong></span> <span class='ocrx_word' id='word_1_191' title='bbox 3109 1493 3157 1547; x_wconf 89' lang='lat' dir='ltr'><strong>si</strong></span> <span class='ocrx_word' id='word_1_192' title='bbox 3184 1493 3304 1565; x_wconf 73' lang='grc' dir='ltr'><strong>[ου.</strong></span> <span class='ocrx_word' id='word_1_193' title='bbox 3333 1494 3491 1558; x_wconf 61' lang='grc' dir='ltr'><strong>Διά..</strong></span> 
     </span>
    </p>
   </div>
   <div class='ocr_carea' id='block_1_31' title="bbox 1906 1580 3494 1655">
    <p class='ocr_par' dir='ltr' id='par_1_31' title="bbox 1906 1580 3494 1655">
     <span class='ocr_line' id='line_1_31' title="bbox 1906 1580 3494 1655; baseline 0.002 -19"><span class='ocrx_word' id='word_1_194' title='bbox 1906 1580 2021 1653; x_wconf 82' lang='lat' dir='ltr'><strong>ubi]</strong></span> <span class='ocrx_word' id='word_1_195' title='bbox 2066 1596 2258 1653; x_wconf 86' lang='lat' dir='ltr'><strong>pacem</strong></span> <span class='ocrx_word' id='word_1_196' title='bbox 2286 1597 2397 1637; x_wconf 86' lang='lat' dir='ltr'><strong>non</strong></span> <span class='ocrx_word' id='word_1_197' title='bbox 2426 1582 2996 1651; x_wconf 50' lang='lat' dir='ltr'><strong>meruerinpossidere</strong></span> <span class='ocrx_word' id='word_1_198' title='bbox 3025 1599 3388 1655; x_wconf 84' lang='lat' dir='ltr'><strong>communem.</strong></span> <span class='ocrx_word' id='word_1_199' title='bbox 3432 1583 3494 1639; x_wconf 82' lang='lat' dir='ltr'><strong>Et</strong></span> 
     </span>
    </p>
   </div>
   <div class='ocr_carea' id='block_1_32' title="bbox 1906 1670 3495 1747">
    <p class='ocr_par' dir='ltr' id='par_1_32' title="bbox 1906 1670 3495 1747">
     <span class='ocr_line' id='line_1_32' title="bbox 1906 1670 3495 1747; baseline 0.003 -20"><span class='ocrx_word' id='word_1_200' title='bbox 1906 1670 2032 1728; x_wconf 92' lang='lat' dir='ltr'><strong>ideo</strong></span> <span class='ocrx_word' id='word_1_201' title='bbox 2066 1670 2288 1740; x_wconf 82' lang='lat' dir='ltr'><strong>dignum</strong></span> <span class='ocrx_word' id='word_1_202' title='bbox 2337 1680 2423 1727; x_wconf 81' lang='lat' dir='ltr'><strong>est</strong></span> <span class='ocrx_word' id='word_1_203' title='bbox 2466 1671 2811 1731; x_wconf 73' lang='lat' dir='ltr'><strong>clementiam</strong></span> <span class='ocrx_word' id='word_1_204' title='bbox 2862 1679 3106 1728; x_wconf 85' lang='lat' dir='ltr'><strong>nostram</strong></span> <span class='ocrx_word' id='word_1_205' title='bbox 3145 1674 3495 1747; x_wconf 77' lang='lat' dir='ltr'><strong>hasquoqne</strong></span> 
     </span>
    </p>
   </div>
   <div class='ocr_carea' id='block_1_33' title="bbox 207 1756 3493 1836">
    <p class='ocr_par' dir='ltr' id='par_1_33' title="bbox 207 1756 3493 1836">
     <span class='ocr_line' id='line_1_33' title="bbox 207 1756 3493 1836; baseline 0.001 -18"><span class='ocrx_word' id='word_1_206' title='bbox 207 1772 267 1819; x_wconf 93' lang='lat' dir='ltr'><strong>ut</strong></span> <span class='ocrx_word' id='word_1_207' title='bbox 294 1763 604 1833; x_wconf 81' lang='lat' dir='ltr'><strong>huiusmodi</strong></span> <span class='ocrx_word' id='word_1_208' title='bbox 636 1759 1201 1831; x_wconf 72' lang='lat' dir='ltr'><strong>portentaprovincia:</strong></span> <span class='ocrx_word' id='word_1_209' title='bbox 1226 1756 1421 1815; x_wconf 81' lang='lat' dir='ltr'><strong>ﬁnibus</strong></span> <span class='ocrx_word' id='word_1_210' title='bbox 1442 1756 1729 1826; x_wconf 85' lang='lat' dir='ltr'><strong>abigantur</strong></span> <span class='ocrx_word' id='word_1_211' title='bbox 1748 1765 1795 1809; x_wconf 75' lang='grc' dir='ltr'><strong>ι.</strong></span> <span class='ocrx_word' id='word_1_212' title='bbox 1834 1770 1882 1830; x_wconf 77' lang='grc' dir='ltr'><strong><em>Β</em></strong></span> <span class='ocrx_word' id='word_1_213' title='bbox 1906 1769 2109 1831; x_wconf 46' lang='lat' dir='ltr'><strong>parteea</strong></span> <span class='ocrx_word' id='word_1_214' title='bbox 2138 1761 2403 1831; x_wconf 81' lang='lat' dir='ltr'><strong>aspicere,</strong></span> <span class='ocrx_word' id='word_1_215' title='bbox 2446 1771 2505 1819; x_wconf 81' lang='lat' dir='ltr'><strong>ut</strong></span> <span class='ocrx_word' id='word_1_216' title='bbox 2547 1760 2747 1832; x_wconf 73' lang='lat' dir='ltr'><strong>ubique</strong></span> <span class='ocrx_word' id='word_1_217' title='bbox 2789 1763 2961 1833; x_wconf 84' lang='lat' dir='ltr'><strong>possit</strong></span> <span class='ocrx_word' id='word_1_218' title='bbox 3003 1777 3233 1833; x_wconf 50' lang='lat' dir='ltr'><strong>morum,</strong></span> <span class='ocrx_word' id='word_1_219' title='bbox 3257 1764 3493 1836; x_wconf 78' lang='lat' dir='ltr'><strong>probitas</strong></span> 
     </span>
    </p>
   </div>
   <div class='ocr_carea' id='block_1_34' title="bbox 203 1847 1801 1922">
    <p class='ocr_par' dir='ltr' id='par_1_34' title="bbox 203 1847 1801 1922">
     <span class='ocr_line' id='line_1_34' title="bbox 203 1847 1801 1922; baseline -0.004 -14"><span class='ocrx_word' id='word_1_220' title='bbox 203 1851 341 1908; x_wconf 85' lang='lat' dir='ltr'><strong>Nam</strong></span> <span class='ocrx_word' id='word_1_221' title='bbox 368 1850 709 1922; x_wconf 44' lang='lat' dir='ltr'><strong>quibus&#39;fuit</strong></span> <span class='ocrx_word' id='word_1_222' title='bbox 730 1865 896 1907; x_wconf 77' lang='lat' dir='ltr'><strong>exosa</strong></span> <span class='ocrx_word' id='word_1_223' title='bbox 930 1851 1166 1908; x_wconf 86' lang='lat' dir='ltr'><strong>societas</strong></span> <span class='ocrx_word' id='word_1_224' title='bbox 1194 1856 1477 1920; x_wconf 88' lang='lat' dir='ltr'><strong>parentum</strong></span> <span class='ocrx_word' id='word_1_225' title='bbox 1506 1848 1558 1914; x_wconf 71' lang='grc' dir='ltr'><strong>δ,</strong></span> <span class='ocrx_word' id='word_1_226' title='bbox 1601 1847 1801 1911; x_wconf 83' lang='lat' dir='ltr'><strong>civium</strong></span> 
     </span>
    </p>
   </div>
   <div class='ocr_carea' id='block_1_35' title="bbox 205 1940 1802 2011">
    <p class='ocr_par' dir='ltr' id='par_1_35' title="bbox 205 1940 1802 2011">
     <span class='ocr_line' id='line_1_35' title="bbox 205 1940 1802 2011; baseline -0.001 -14"><span class='ocrx_word' id='word_1_227' title='bbox 205 1959 317 1998; x_wconf 90' lang='lat' dir='ltr'><strong>non</strong></span> <span class='ocrx_word' id='word_1_228' title='bbox 359 1950 639 1999; x_wconf 77' lang='lat' dir='ltr'><strong>merentur</strong></span> <span class='ocrx_word' id='word_1_229' title='bbox 669 1942 872 1999; x_wconf 79' lang='lat' dir='ltr'><strong>habere</strong></span> <span class='ocrx_word' id='word_1_230' title='bbox 899 1942 1234 1998; x_wconf 89' lang='lat' dir='ltr'><strong>consortium</strong></span> <span class='ocrx_word' id='word_1_231' title='bbox 1253 1982 1268 2007; x_wconf 91' lang='lat'><strong>,</strong></span> <span class='ocrx_word' id='word_1_232' title='bbox 1302 1957 1371 1997; x_wconf 87' lang='lat' dir='ltr'><strong>ne</strong></span> <span class='ocrx_word' id='word_1_233' title='bbox 1398 1940 1516 2011; x_wconf 89' lang='lat' dir='ltr'><strong>puri</strong></span> <span class='ocrx_word' id='word_1_234' title='bbox 1554 1941 1802 2011; x_wconf 89' lang='lat' dir='ltr'><strong>corporis</strong></span> 
     </span>
    </p>
   </div>
   <div class='ocr_carea' id='block_1_36' title="bbox 203 2028 1625 2104">
    <p class='ocr_par' dir='ltr' id='par_1_36' title="bbox 203 2028 1625 2104">
     <span class='ocr_line' id='line_1_36' title="bbox 203 2028 1625 2104; baseline -0.002 -17"><span class='ocrx_word' id='word_1_235' title='bbox 203 2031 441 2104; x_wconf 75' lang='lat' dir='ltr'><strong>incunda</strong></span> <span class='ocrx_word' id='word_1_236' title='bbox 456 2042 459 2061; x_wconf 66' lang='grc' dir='ltr'><strong><em>ί</em></strong></span> <span class='ocrx_word' id='word_1_237' title='bbox 474 2028 745 2089; x_wconf 76' lang='lat' dir='ltr'><strong>serenitas</strong></span> <span class='ocrx_word' id='word_1_238' title='bbox 771 2032 1045 2089; x_wconf 71' lang='lat' dir='ltr'><strong>nebulosis</strong></span> <span class='ocrx_word' id='word_1_239' title='bbox 1073 2032 1299 2087; x_wconf 87' lang='lat' dir='ltr'><strong>maculis</strong></span> <span class='ocrx_word' id='word_1_240' title='bbox 1318 2031 1625 2103; x_wconf 81' lang='lat' dir='ltr'><strong>.polluatur.</strong></span> 
     </span>
    </p>
   </div>
   <div class='ocr_carea' id='block_1_37' title="bbox 743 2140 1259 2220">
    <p class='ocr_par' dir='ltr' id='par_1_37' title="bbox 743 2140 1259 2220">
     <span class='ocr_line' id='line_1_37' title="bbox 743 2140 1259 2220; baseline -0.004 0"><span class='ocrx_word' id='word_1_241' title='bbox 743 2140 1077 2220; x_wconf 72' lang='lat' dir='ltr'><strong>EPISTOLA&#39;</strong></span> <span class='ocrx_word' id='word_1_242' title='bbox 1116 2140 1259 2220; x_wconf 71' lang='lat' dir='ltr'><strong>XIX:</strong></span> 
     </span>
    </p>
   </div>
   <div class='ocr_carea' id='block_1_38' title="bbox 205 2252 1805 2314">
    <p class='ocr_par' dir='ltr' id='par_1_38' title="bbox 205 2252 1805 2314">
     <span class='ocr_line' id='line_1_38' title="bbox 205 2252 1805 2314; baseline -0.004 0"><span class='ocrx_word' id='word_1_243' title='bbox 205 2272 505 2314; x_wconf 73' lang='lat' dir='ltr'><strong>ssrunnnvo</strong></span> <span class='ocrx_word' id='word_1_244' title='bbox 532 2274 600 2313; x_wconf 80' lang='grc' dir='ltr'><strong>ετ</strong></span> <span class='ocrx_word' id='word_1_245' title='bbox 629 2252 1048 2314; x_wconf 65' lang='lat' dir='ltr'><strong>vennusio&#39;vmts</strong></span> <span class='ocrx_word' id='word_1_246' title='bbox 1075 2269 1417 2310; x_wconf 72' lang='grc' dir='ltr'><strong>ιιιυετιιιιιυε</strong></span> <span class='ocrx_word' id='word_1_247' title='bbox 1445 2267 1805 2310; x_wconf 70' lang='lat' dir='ltr'><strong>sanaroatsus</strong></span> 
     </span>
    </p>
   </div>
   <div class='ocr_carea' id='block_1_39' title="bbox 736 2340 1263 2383">
    <p class='ocr_par' dir='ltr' id='par_1_39' title="bbox 736 2340 1263 2383">
     <span class='ocr_line' id='line_1_39' title="bbox 736 2340 1263 2383; baseline -0.006 -1"><span class='ocrx_word' id='word_1_248' title='bbox 736 2340 1104 2383; x_wconf 72' lang='grc' dir='ltr'><strong>τιιεουοιηευε</strong></span> <span class='ocrx_word' id='word_1_249' title='bbox 1134 2340 1263 2381; x_wconf 68' lang='lat' dir='ltr'><strong>REI.</strong></span> 
     </span>
    </p>
   </div>
   <div class='ocr_carea' id='block_1_40' title="bbox 209 2415 1805 2490">
    <p class='ocr_par' dir='ltr' id='par_1_40' title="bbox 209 2415 1805 2490">
     <span class='ocr_line' id='line_1_40' title="bbox 209 2415 1805 2490; baseline -0.003 -17"><span class='ocrx_word' id='word_1_250' title='bbox 209 2415 461 2490; x_wconf 72' lang='lat' dir='ltr'><strong>I’rtccipit</strong></span> <span class='ocrx_word' id='word_1_251' title='bbox 494 2428 552 2472; x_wconf 83' lang='lat' dir='ltr'><strong>ut</strong></span> <span class='ocrx_word' id='word_1_252' title='bbox 584 2418 877 2490; x_wconf 70' lang='lat' dir='ltr'><strong>quicunque</strong></span> <span class='ocrx_word' id='word_1_253' title='bbox 908 2415 1194 2490; x_wconf 42' lang='lat' dir='ltr'><strong>(galliarum</strong></span> <span class='ocrx_word' id='word_1_254' title='bbox 1226 2415 1410 2490; x_wconf 76' lang='lat' dir='ltr'><strong>ﬁscum</strong></span> <span class='ocrx_word' id='word_1_255' title='bbox 1443 2415 1805 2490; x_wconf 77' lang='lat' dir='ltr'><strong>detrectaverit</strong></span> 
     </span>
    </p>
   </div>
   <div class='ocr_carea' id='block_1_41' title="bbox 278 2486 1803 2614">
    <p class='ocr_par' dir='ltr' id='par_1_41' title="bbox 278 2486 1803 2614">
     <span class='ocr_line' id='line_1_41' title="bbox 278 2486 1803 2614; baseline -0.003 -70"><span class='ocrx_word' id='word_1_256' title='bbox 278 2488 524 2614; x_wconf 44' lang='lat' dir='ltr'><strong>impiare,</strong></span> <span class='ocrx_word' id='word_1_257' title='bbox 568 2486 684 2543; x_wconf 73' lang='lat' dir='ltr'><strong>euut</strong></span> <span class='ocrx_word' id='word_1_258' title='bbox 723 2486 797 2542; x_wconf 78' lang='lat' dir='ltr'><strong>ad</strong></span> <span class='ocrx_word' id='word_1_259' title='bbox 836 2486 1215 2542; x_wconf 67' lang='lat' dir='ltr'><strong>redhibitionis</strong></span> <span class='ocrx_word' id='word_1_260' title='bbox 1236 2487 1526 2557; x_wconf 70' lang='lat' dir='ltr'><strong>equitatem</strong></span> <span class='ocrx_word' id='word_1_261' title='bbox 1572 2486 1803 2556; x_wconf 79' lang='lat' dir='ltr'><strong>compel-</strong></span> 
     </span>
     <span class='ocr_line' id='line_1_42' title="bbox 303 2575 569 2614; baseline -0.008 0"><span class='ocrx_word' id='word_1_262' title='bbox 303 2575 370 2614; x_wconf 69' lang='grc' dir='ltr'><strong>σω</strong></span> <span class='ocrx_word' id='word_1_263' title='bbox 401 2598 416 2613; x_wconf 92' lang='grc'><strong>.</strong></span> <span class='ocrx_word' id='word_1_264' title='bbox 566 2588 569 2593; x_wconf 93' lang='grc'><strong>-</strong></span> 
     </span>
    </p>
   </div>
   <div class='ocr_carea' id='block_1_42' title="bbox 283 2645 1805 2718">
    <p class='ocr_par' dir='ltr' id='par_1_42' title="bbox 283 2645 1805 2718">
     <span class='ocr_line' id='line_1_43' title="bbox 283 2645 1805 2718; baseline -0.005 -12"><span class='ocrx_word' id='word_1_265' title='bbox 283 2650 422 2707; x_wconf 85' lang='lat' dir='ltr'><strong>Fisci</strong></span> <span class='ocrx_word' id='word_1_266' title='bbox 452 2651 704 2706; x_wconf 86' lang='lat' dir='ltr'><strong>volumus</strong></span> <span class='ocrx_word' id='word_1_267' title='bbox 731 2649 904 2718; x_wconf 86' lang='lat' dir='ltr'><strong>legale</strong></span> <span class='ocrx_word' id='word_1_268' title='bbox 930 2648 1206 2703; x_wconf 88' lang='lat' dir='ltr'><strong>custodire</strong></span> <span class='ocrx_word' id='word_1_269' title='bbox 1234 2646 1615 2716; x_wconf 73' lang='lat' dir='ltr'><strong>compendium</strong></span> <span class='ocrx_word' id='word_1_270' title='bbox 1642 2663 1656 2698; x_wconf 90' lang='lat'><strong>:</strong></span> <span class='ocrx_word' id='word_1_271' title='bbox 1679 2645 1805 2713; x_wconf 89' lang='lat' dir='ltr'><strong>quia</strong></span> 
     </span>
    </p>
   </div>
   <div class='ocr_carea' id='block_1_43' title="bbox 212 2738 1807 2810">
    <p class='ocr_par' dir='ltr' id='par_1_43' title="bbox 212 2738 1807 2810">
     <span class='ocr_line' id='line_1_44' title="bbox 212 2738 1807 2810; baseline -0.006 -12"><span class='ocrx_word' id='word_1_272' title='bbox 212 2750 400 2798; x_wconf 89' lang='lat' dir='ltr'><strong>nostra</strong></span> <span class='ocrx_word' id='word_1_273' title='bbox 444 2741 733 2798; x_wconf 85' lang='lat' dir='ltr'><strong>clementia</strong></span> <span class='ocrx_word' id='word_1_274' title='bbox 780 2740 944 2795; x_wconf 87' lang='lat' dir='ltr'><strong>rebus</strong></span> <span class='ocrx_word' id='word_1_275' title='bbox 980 2738 1212 2810; x_wconf 90' lang='lat' dir='ltr'><strong>propriis</strong></span> <span class='ocrx_word' id='word_1_276' title='bbox 1255 2738 1469 2793; x_wconf 83' lang='lat' dir='ltr'><strong>videtur</strong></span> <span class='ocrx_word' id='word_1_277' title='bbox 1511 2752 1632 2792; x_wconf 90' lang='lat' dir='ltr'><strong>esse</strong></span> <span class='ocrx_word' id='word_1_278' title='bbox 1672 2751 1807 2790; x_wconf 84' lang='lat' dir='ltr'><strong>con-</strong></span> 
     </span>
    </p>
   </div>
   <div class='ocr_carea' id='block_1_44' title="bbox 217 2824 1807 2898">
    <p class='ocr_par' dir='ltr' id='par_1_44' title="bbox 217 2824 1807 2898">
     <span class='ocr_line' id='line_1_45' title="bbox 217 2824 1807 2898; baseline -0.004 -13"><span class='ocrx_word' id='word_1_279' title='bbox 217 2839 389 2886; x_wconf 86' lang='lat' dir='ltr'><strong>tenta.</strong></span> <span class='ocrx_word' id='word_1_280' title='bbox 427 2830 494 2885; x_wconf 80' lang='lat' dir='ltr'><strong>Et</strong></span> <span class='ocrx_word' id='word_1_281' title='bbox 525 2832 666 2887; x_wconf 89' lang='lat' dir='ltr'><strong>sicut</strong></span> <span class='ocrx_word' id='word_1_282' title='bbox 706 2829 913 2886; x_wconf 90' lang='lat' dir='ltr'><strong>nullum</strong></span> <span class='ocrx_word' id='word_1_283' title='bbox 948 2841 1175 2898; x_wconf 79' lang='lat' dir='ltr'><strong>gravare</strong></span> <span class='ocrx_word' id='word_1_284' title='bbox 1202 2827 1468 2898; x_wconf 89' lang='lat' dir='ltr'><strong>cupimus,</strong></span> <span class='ocrx_word' id='word_1_285' title='bbox 1511 2826 1584 2880; x_wconf 90' lang='lat' dir='ltr'><strong>ita</strong></span> <span class='ocrx_word' id='word_1_286' title='bbox 1623 2824 1807 2880; x_wconf 88' lang='lat' dir='ltr'><strong>debita</strong></span> 
     </span>
    </p>
   </div>
   <div class='ocr_carea' id='block_1_45' title="bbox 215 2913 1809 2992">
    <p class='ocr_par' dir='ltr' id='par_1_45' title="bbox 215 2913 1809 2992">
     <span class='ocr_line' id='line_1_46' title="bbox 215 2913 1809 2992; baseline -0.005 -15"><span class='ocrx_word' id='word_1_287' title='bbox 215 2922 375 2977; x_wconf 88' lang='lat' dir='ltr'><strong>nobis</strong></span> <span class='ocrx_word' id='word_1_288' title='bbox 404 2923 635 2992; x_wconf 84' lang='lat' dir='ltr'><strong>perdere</strong></span> <span class='ocrx_word' id='word_1_289' title='bbox 665 2936 773 2976; x_wconf 89' lang='lat' dir='ltr'><strong>non</strong></span> <span class='ocrx_word' id='word_1_290' title='bbox 802 2920 1080 2975; x_wconf 86' lang='lat' dir='ltr'><strong>debemus.</strong></span> <span class='ocrx_word' id='word_1_291' title='bbox 1112 2917 1464 2988; x_wconf 87' lang='lat' dir='ltr'><strong>lndigenliam</strong></span> <span class='ocrx_word' id='word_1_292' title='bbox 1497 2916 1644 2987; x_wconf 88' lang='lat' dir='ltr'><strong>iuste</strong></span> <span class='ocrx_word' id='word_1_293' title='bbox 1670 2913 1809 2985; x_wconf 66' lang='lat' dir='ltr'><strong>fugio</strong></span> 
     </span>
    </p>
   </div>
   <div class='ocr_carea' id='block_1_46' title="bbox 215 3000 1809 3083">
    <p class='ocr_par' dir='ltr' id='par_1_46' title="bbox 215 3000 1809 3083">
     <span class='ocr_line' id='line_1_47' title="bbox 215 3000 1809 3083; baseline -0.002 -16"><span class='ocrx_word' id='word_1_294' title='bbox 215 3028 357 3076; x_wconf 87' lang='lat' dir='ltr'><strong>mus,</strong></span> <span class='ocrx_word' id='word_1_295' title='bbox 387 3027 510 3083; x_wconf 66' lang='lat' dir='ltr'><strong>quae</strong></span> <span class='ocrx_word' id='word_1_296' title='bbox 534 3011 732 3067; x_wconf 86' lang='lat' dir='ltr'><strong>suadet</strong></span> <span class='ocrx_word' id='word_1_297' title='bbox 758 3000 1015 3067; x_wconf 79' lang='lat' dir='ltr'><strong>excessus</strong></span> <span class='ocrx_word' id='word_1_298' title='bbox 1053 3026 1069 3063; x_wconf 91' lang='lat'><strong>:</strong></span> <span class='ocrx_word' id='word_1_299' title='bbox 1101 3009 1229 3065; x_wconf 91' lang='lat' dir='ltr'><strong>dum</strong></span> <span class='ocrx_word' id='word_1_300' title='bbox 1266 3009 1571 3082; x_wconf 87' lang='lat' dir='ltr'><strong>perniciosa</strong></span> <span class='ocrx_word' id='word_1_301' title='bbox 1610 3022 1699 3064; x_wconf 90' lang='lat' dir='ltr'><strong>res</strong></span> <span class='ocrx_word' id='word_1_302' title='bbox 1722 3016 1809 3064; x_wconf 79' lang='lat' dir='ltr'><strong>est</strong></span> 
     </span>
    </p>
   </div>
   <div class='ocr_carea' id='block_1_47' title="bbox 216 3100 1804 3175">
    <p class='ocr_par' dir='ltr' id='par_1_47' title="bbox 216 3100 1804 3175">
     <span class='ocr_line' id='line_1_48' title="bbox 216 3100 1804 3175; baseline -0.002 -15"><span class='ocrx_word' id='word_1_303' title='bbox 216 3105 273 3160; x_wconf 89' lang='lat' dir='ltr'><strong>in</strong></span> <span class='ocrx_word' id='word_1_304' title='bbox 303 3105 607 3175; x_wconf 86' lang='lat' dir='ltr'><strong>imperante</strong></span> <span class='ocrx_word' id='word_1_305' title='bbox 631 3104 883 3159; x_wconf 85' lang='lat' dir='ltr'><strong>tenuitas.</strong></span> <span class='ocrx_word' id='word_1_306' title='bbox 907 3101 1094 3158; x_wconf 80' lang='lat' dir='ltr'><strong>Modus</strong></span> <span class='ocrx_word' id='word_1_307' title='bbox 1114 3102 1311 3172; x_wconf 92' lang='lat' dir='ltr'><strong>ubique</strong></span> <span class='ocrx_word' id='word_1_308' title='bbox 1332 3100 1629 3157; x_wconf 88' lang='lat' dir='ltr'><strong>laudandus</strong></span> <span class='ocrx_word' id='word_1_309' title='bbox 1647 3109 1731 3157; x_wconf 89' lang='lat' dir='ltr'><strong>est</strong></span> <span class='ocrx_word' id='word_1_310' title='bbox 1752 3109 1804 3157; x_wconf 79' lang='grc' dir='ltr'><strong>ο.</strong></span> 
     </span>
    </p>
   </div>
   <div class='ocr_carea' id='block_1_48' title="bbox 215 3192 1807 3265">
    <p class='ocr_par' dir='ltr' id='par_1_48' title="bbox 215 3192 1807 3265">
     <span class='ocr_line' id='line_1_49' title="bbox 215 3192 1807 3265; baseline -0.003 -14"><span class='ocrx_word' id='word_1_311' title='bbox 215 3194 349 3251; x_wconf 74' lang='lat' dir='ltr'><strong>Nam</strong></span> <span class='ocrx_word' id='word_1_312' title='bbox 397 3198 495 3250; x_wconf 87' lang='lat' dir='ltr'><strong>cur</strong></span> <span class='ocrx_word' id='word_1_313' title='bbox 544 3204 639 3250; x_wconf 87' lang='lat' dir='ltr'><strong>ant</strong></span> <span class='ocrx_word' id='word_1_314' title='bbox 690 3193 1059 3265; x_wconf 84' lang='lat' dir='ltr'><strong>vituperabilis</strong></span> <span class='ocrx_word' id='word_1_315' title='bbox 1106 3193 1430 3263; x_wconf 86' lang='lat' dir='ltr'><strong>negligentia</strong></span> <span class='ocrx_word' id='word_1_316' title='bbox 1477 3192 1531 3247; x_wconf 89' lang='lat' dir='ltr'><strong>in</strong></span> <span class='ocrx_word' id='word_1_317' title='bbox 1571 3193 1807 3263; x_wconf 87' lang='lat' dir='ltr'><strong>propriis</strong></span> 
     </span>
    </p>
   </div>
   <div class='ocr_carea' id='block_1_49' title="bbox 208 3280 1807 3356">
    <p class='ocr_par' dir='ltr' id='par_1_49' title="bbox 208 3280 1807 3356">
     <span class='ocr_line' id='line_1_50' title="bbox 208 3280 1807 3356; baseline -0.003 -13"><span class='ocrx_word' id='word_1_318' title='bbox 208 3280 450 3352; x_wconf 75' lang='lat' dir='ltr'><strong>deﬂuat,</strong></span> <span class='ocrx_word' id='word_1_319' title='bbox 481 3296 575 3342; x_wconf 89' lang='lat' dir='ltr'><strong>aut</strong></span> <span class='ocrx_word' id='word_1_320' title='bbox 602 3286 779 3342; x_wconf 89' lang='lat' dir='ltr'><strong>aliena</strong></span> <span class='ocrx_word' id='word_1_321' title='bbox 808 3285 1079 3356; x_wconf 90' lang='lat' dir='ltr'><strong>cupiditas</strong></span> <span class='ocrx_word' id='word_1_322' title='bbox 1108 3284 1279 3355; x_wconf 87' lang='lat' dir='ltr'><strong>turpis</strong></span> <span class='ocrx_word' id='word_1_323' title='bbox 1304 3282 1562 3339; x_wconf 81' lang='lat' dir='ltr'><strong>abradat‘l</strong></span> <span class='ocrx_word' id='word_1_324' title='bbox 1586 3281 1653 3338; x_wconf 85' lang='lat' dir='ltr'><strong>Et</strong></span> <span class='ocrx_word' id='word_1_325' title='bbox 1682 3282 1807 3338; x_wconf 92' lang='lat' dir='ltr'><strong>ideo</strong></span> 
     </span>
    </p>
   </div>
   <div class='ocr_carea' id='block_1_50' title="bbox 218 3377 1810 3450">
    <p class='ocr_par' dir='ltr' id='par_1_50' title="bbox 218 3377 1810 3450">
     <span class='ocr_line' id='line_1_51' title="bbox 218 3377 1810 3450; baseline -0.002 -15"><span class='ocrx_word' id='word_1_326' title='bbox 218 3382 373 3436; x_wconf 79' lang='lat' dir='ltr'><strong>vobis</strong></span> <span class='ocrx_word' id='word_1_327' title='bbox 402 3381 650 3450; x_wconf 73' lang='lat' dir='ltr'><strong>pncsenti</strong></span> <span class='ocrx_word' id='word_1_328' title='bbox 673 3379 919 3450; x_wconf 88' lang='lat' dir='ltr'><strong>iussione</strong></span> <span class='ocrx_word' id='word_1_329' title='bbox 947 3379 1305 3449; x_wconf 61' lang='lat' dir='ltr'><strong>praecipimus,</strong></span> <span class='ocrx_word' id='word_1_330' title='bbox 1333 3387 1393 3433; x_wconf 90' lang='lat' dir='ltr'><strong>ut</strong></span> <span class='ocrx_word' id='word_1_331' title='bbox 1411 3377 1658 3433; x_wconf 78' lang='lat' dir='ltr'><strong>Adriana:</strong></span> <span class='ocrx_word' id='word_1_332' title='bbox 1680 3377 1810 3432; x_wconf 75' lang='lat' dir='ltr'><strong>civi-</strong></span> 
     </span>
    </p>
   </div>
   <div class='ocr_carea' id='block_1_51' title="bbox 220 3458 1811 3538">
    <p class='ocr_par' dir='ltr' id='par_1_51' title="bbox 220 3458 1811 3538">
     <span class='ocr_line' id='line_1_52' title="bbox 220 3458 1811 3538; baseline -0.002 -13"><span class='ocrx_word' id='word_1_333' title='bbox 220 3473 347 3525; x_wconf 87' lang='lat' dir='ltr'><strong>tatis</strong></span> <span class='ocrx_word' id='word_1_334' title='bbox 393 3470 676 3526; x_wconf 86' lang='lat' dir='ltr'><strong>curialium</strong></span> <span class='ocrx_word' id='word_1_335' title='bbox 735 3470 1099 3526; x_wconf 88' lang='lat' dir='ltr'><strong>insinuatione</strong></span> <span class='ocrx_word' id='word_1_336' title='bbox 1162 3476 1444 3538; x_wconf 89' lang='lat' dir='ltr'><strong>susccpta,</strong></span> <span class='ocrx_word' id='word_1_337' title='bbox 1500 3458 1811 3537; x_wconf 76' lang='lat' dir='ltr'><strong>quicunque</strong></span> 
     </span>
    </p>
   </div>
   <div class='ocr_carea' id='block_1_52' title="bbox 218 3557 1810 3630">
    <p class='ocr_par' dir='ltr' id='par_1_52' title="bbox 218 3557 1810 3630">
     <span class='ocr_line' id='line_1_53' title="bbox 218 3557 1810 3630; baseline -0.003 -13"><span class='ocrx_word' id='word_1_338' title='bbox 218 3560 522 3618; x_wconf 84' lang='lat' dir='ltr'><strong>Gothorum</strong></span> <span class='ocrx_word' id='word_1_339' title='bbox 556 3561 744 3617; x_wconf 76' lang='lat' dir='ltr'><strong>iiscum</strong></span> <span class='ocrx_word' id='word_1_340' title='bbox 776 3560 1045 3616; x_wconf 88' lang='lat' dir='ltr'><strong>detrectat</strong></span> <span class='ocrx_word' id='word_1_341' title='bbox 1066 3559 1313 3630; x_wconf 89' lang='lat' dir='ltr'><strong>implere,</strong></span> <span class='ocrx_word' id='word_1_342' title='bbox 1334 3573 1456 3613; x_wconf 91' lang='lat' dir='ltr'><strong>eum</strong></span> <span class='ocrx_word' id='word_1_343' title='bbox 1484 3557 1550 3612; x_wconf 88' lang='lat' dir='ltr'><strong>ad</strong></span> <span class='ocrx_word' id='word_1_344' title='bbox 1584 3558 1810 3627; x_wconf 64' lang='lat' dir='ltr'><strong>aequita-</strong></span> 
     </span>
    </p>
   </div>
   <div class='ocr_carea' id='block_1_53' title="bbox 224 3650 1803 3721">
    <p class='ocr_par' dir='ltr' id='par_1_53' title="bbox 224 3650 1803 3721">
     <span class='ocr_line' id='line_1_54' title="bbox 224 3650 1803 3721; baseline -0.003 -11"><span class='ocrx_word' id='word_1_345' title='bbox 224 3663 335 3711; x_wconf 87' lang='lat' dir='ltr'><strong>tem</strong></span> <span class='ocrx_word' id='word_1_346' title='bbox 365 3654 742 3710; x_wconf 80' lang='lat' dir='ltr'><strong>redhibitionis</strong></span> <span class='ocrx_word' id='word_1_347' title='bbox 769 3652 989 3708; x_wconf 86' lang='lat' dir='ltr'><strong>arctetis</strong></span> <span class='ocrx_word' id='word_1_348' title='bbox 1022 3669 1035 3706; x_wconf 91' lang='lat'><strong>:</strong></span> <span class='ocrx_word' id='word_1_349' title='bbox 1066 3666 1136 3707; x_wconf 86' lang='lat' dir='ltr'><strong>ne</strong></span> <span class='ocrx_word' id='word_1_350' title='bbox 1171 3651 1348 3706; x_wconf 90' lang='lat' dir='ltr'><strong>tenuis</strong></span> <span class='ocrx_word' id='word_1_351' title='bbox 1374 3650 1441 3704; x_wconf 91' lang='lat' dir='ltr'><strong>de</strong></span> <span class='ocrx_word' id='word_1_352' title='bbox 1469 3650 1691 3721; x_wconf 91' lang='lat' dir='ltr'><strong>proprio</strong></span> <span class='ocrx_word' id='word_1_353' title='bbox 1715 3664 1803 3705; x_wconf 89' lang='lat' dir='ltr'><strong>co-</strong></span> 
     </span>
    </p>
   </div>
   <div class='ocr_carea' id='block_1_54' title="bbox 219 3738 1810 3815">
    <p class='ocr_par' dir='ltr' id='par_1_54' title="bbox 219 3738 1810 3815">
     <span class='ocr_line' id='line_1_55' title="bbox 219 3738 1810 3815; baseline -0.004 -15"><span class='ocrx_word' id='word_1_354' title='bbox 219 3754 379 3815; x_wconf 89' lang='lat' dir='ltr'><strong>gatur</strong></span> <span class='ocrx_word' id='word_1_355' title='bbox 400 3745 704 3809; x_wconf 78' lang='lat' dir='ltr'><strong>exsolvere,</strong></span> <span class='ocrx_word' id='word_1_356' title='bbox 728 3743 875 3814; x_wconf 92' lang='lat' dir='ltr'><strong>quod</strong></span> <span class='ocrx_word' id='word_1_357' title='bbox 900 3750 1117 3799; x_wconf 89' lang='lat' dir='ltr'><strong>constat</strong></span> <span class='ocrx_word' id='word_1_358' title='bbox 1140 3741 1367 3797; x_wconf 91' lang='lat' dir='ltr'><strong>idoneos</strong></span> <span class='ocrx_word' id='word_1_359' title='bbox 1394 3738 1631 3796; x_wconf 87' lang='lat' dir='ltr'><strong>indebite</strong></span> <span class='ocrx_word' id='word_1_360' title='bbox 1667 3738 1810 3795; x_wconf 89' lang='lat' dir='ltr'><strong>deti-</strong></span> 
     </span>
    </p>
   </div>
   <div class='ocr_carea' id='block_1_55' title="bbox 220 3829 1813 3899">
    <p class='ocr_par' dir='ltr' id='par_1_55' title="bbox 220 3829 1813 3899">
     <span class='ocr_line' id='line_1_56' title="bbox 220 3829 1813 3899; baseline -0.005 -9"><span class='ocrx_word' id='word_1_361' title='bbox 220 3848 373 3891; x_wconf 90' lang='lat' dir='ltr'><strong>nere.</strong></span> <span class='ocrx_word' id='word_1_362' title='bbox 402 3833 518 3891; x_wconf 81' lang='lat' dir='ltr'><strong>Hac</strong></span> <span class='ocrx_word' id='word_1_363' title='bbox 550 3834 763 3890; x_wconf 86' lang='lat' dir='ltr'><strong>scilicet</strong></span> <span class='ocrx_word' id='word_1_364' title='bbox 799 3832 1014 3887; x_wconf 89' lang='lat' dir='ltr'><strong>ratione</strong></span> <span class='ocrx_word' id='word_1_365' title='bbox 1039 3839 1274 3896; x_wconf 88' lang='lat' dir='ltr'><strong>servata,</strong></span> <span class='ocrx_word' id='word_1_366' title='bbox 1300 3837 1361 3886; x_wconf 92' lang='lat' dir='ltr'><strong>ut</strong></span> <span class='ocrx_word' id='word_1_367' title='bbox 1387 3829 1432 3884; x_wconf 90' lang='lat' dir='ltr'><strong>si</strong></span> <span class='ocrx_word' id='word_1_368' title='bbox 1471 3830 1591 3899; x_wconf 91' lang='lat' dir='ltr'><strong>quis</strong></span> <span class='ocrx_word' id='word_1_369' title='bbox 1619 3836 1813 3885; x_wconf 88' lang='lat' dir='ltr'><strong>contu-</strong></span> 
     </span>
    </p>
   </div>
   <div class='ocr_carea' id='block_1_56' title="bbox 218 3918 1812 3990">
    <p class='ocr_par' dir='ltr' id='par_1_56' title="bbox 218 3918 1812 3990">
     <span class='ocr_line' id='line_1_57' title="bbox 218 3918 1812 3990; baseline -0.003 -11"><span class='ocrx_word' id='word_1_370' title='bbox 218 3924 411 3981; x_wconf 64' lang='lat' dir='ltr'><strong>maciae</strong></span> <span class='ocrx_word' id='word_1_371' title='bbox 456 3924 591 3979; x_wconf 91' lang='lat' dir='ltr'><strong>vitio</strong></span> <span class='ocrx_word' id='word_1_372' title='bbox 639 3923 893 3978; x_wconf 77' lang='lat' dir='ltr'><strong>maluerit</strong></span> <span class='ocrx_word' id='word_1_373' title='bbox 942 3929 1126 3977; x_wconf 89' lang='lat' dir='ltr'><strong>nostra</strong></span> <span class='ocrx_word' id='word_1_374' title='bbox 1170 3920 1323 3990; x_wconf 89' lang='lat' dir='ltr'><strong>iussa</strong></span> <span class='ocrx_word' id='word_1_375' title='bbox 1388 3918 1630 3982; x_wconf 86' lang='lat' dir='ltr'><strong>tardare,</strong></span> <span class='ocrx_word' id='word_1_376' title='bbox 1687 3934 1812 3975; x_wconf 90' lang='lat' dir='ltr'><strong>cum</strong></span> 
     </span>
    </p>
   </div>
   <div class='ocr_carea' id='block_1_57' title="bbox 220 4004 1815 4084">
    <p class='ocr_par' dir='ltr' id='par_1_57' title="bbox 220 4004 1815 4084">
     <span class='ocr_line' id='line_1_58' title="bbox 220 4004 1815 4084; baseline -0.004 -14"><span class='ocrx_word' id='word_1_377' title='bbox 220 4014 421 4071; x_wconf 84' lang='lat' dir='ltr'><strong>mulcta</strong></span> <span class='ocrx_word' id='word_1_378' title='bbox 466 4012 692 4078; x_wconf 91' lang='lat' dir='ltr'><strong>reddat,</strong></span> <span class='ocrx_word' id='word_1_379' title='bbox 737 4028 858 4084; x_wconf 71' lang='lat' dir='ltr'><strong>qua:</strong></span> <span class='ocrx_word' id='word_1_380' title='bbox 896 4012 1083 4068; x_wconf 90' lang='lat' dir='ltr'><strong>debuit</strong></span> <span class='ocrx_word' id='word_1_381' title='bbox 1130 4011 1293 4065; x_wconf 87' lang='lat' dir='ltr'><strong>etiam</strong></span> <span class='ocrx_word' id='word_1_382' title='bbox 1340 4004 1451 4065; x_wconf 87' lang='lat' dir='ltr'><strong>non</strong></span> <span class='ocrx_word' id='word_1_383' title='bbox 1504 4008 1815 4080; x_wconf 88' lang='lat' dir='ltr'><strong>compulsus</strong></span> 
     </span>
    </p>
   </div>
   <div class='ocr_carea' id='block_1_58' title="bbox 220 4099 1812 4176">
    <p class='ocr_par' dir='ltr' id='par_1_58' title="bbox 220 4099 1812 4176">
     <span class='ocr_line' id='line_1_59' title="bbox 220 4099 1812 4176; baseline -0.006 -14"><span class='ocrx_word' id='word_1_384' title='bbox 220 4104 447 4170; x_wconf 67' lang='lat' dir='ltr'><strong>oiﬁerre;</strong></span> <span class='ocrx_word' id='word_1_385' title='bbox 474 4114 742 4176; x_wconf 88' lang='lat' dir='ltr'><strong>quatenus</strong></span> <span class='ocrx_word' id='word_1_386' title='bbox 771 4112 1028 4174; x_wconf 87' lang='lat' dir='ltr'><strong>protervo</strong></span> <span class='ocrx_word' id='word_1_387' title='bbox 1057 4102 1250 4174; x_wconf 89' lang='lat' dir='ltr'><strong>spiritu</strong></span> <span class='ocrx_word' id='word_1_388' title='bbox 1272 4099 1587 4156; x_wconf 89' lang='lat' dir='ltr'><strong>indecenter</strong></span> <span class='ocrx_word' id='word_1_389' title='bbox 1607 4109 1812 4168; x_wconf 88' lang='lat' dir='ltr'><strong>erecta,</strong></span> 
     </span>
    </p>
   </div>
   <div class='ocr_carea' id='block_1_59' title="bbox 221 4191 1676 4267">
    <p class='ocr_par' dir='ltr' id='par_1_59' title="bbox 221 4191 1676 4267">
     <span class='ocr_line' id='line_1_60' title="bbox 221 4191 1676 4267; baseline -0.005 -16"><span class='ocrx_word' id='word_1_390' title='bbox 221 4196 484 4267; x_wconf 86' lang='lat' dir='ltr'><strong>impunita</strong></span> <span class='ocrx_word' id='word_1_391' title='bbox 509 4196 670 4267; x_wconf 88' lang='lat' dir='ltr'><strong>iustis</strong></span> <span class='ocrx_word' id='word_1_392' title='bbox 699 4195 912 4251; x_wconf 71' lang='lat' dir='ltr'><strong>smculis</strong></span> <span class='ocrx_word' id='word_1_393' title='bbox 942 4210 1050 4250; x_wconf 92' lang='lat' dir='ltr'><strong>non</strong></span> <span class='ocrx_word' id='word_1_394' title='bbox 1079 4194 1409 4263; x_wconf 88' lang='lat' dir='ltr'><strong>relinquatur</strong></span> <span class='ocrx_word' id='word_1_395' title='bbox 1434 4191 1676 4247; x_wconf 86' lang='lat' dir='ltr'><strong>audacia.</strong></span> 
     </span>
    </p>
   </div>
   <div class='ocr_carea' id='block_1_60' title="bbox 700 4316 1326 4401">
    <p class='ocr_par' dir='ltr' id='par_1_60' title="bbox 700 4316 1326 4401">
     <span class='ocr_line' id='line_1_61' title="bbox 700 4316 1326 4401; baseline -0.003 -20"><span class='ocrx_word' id='word_1_396' title='bbox 700 4333 801 4401; x_wconf 57' lang='grc' dir='ltr'><strong>ια</strong></span> <span class='ocrx_word' id='word_1_397' title='bbox 838 4316 1179 4382; x_wconf 71' lang='lat' dir='ltr'><strong>EPISTOLA&#39;</strong></span> <span class='ocrx_word' id='word_1_398' title='bbox 1208 4324 1326 4381; x_wconf 86' lang='lat' dir='ltr'><strong>xx.</strong></span> 
     </span>
    </p>
   </div>
   <div class='ocr_carea' id='block_1_61' title="bbox 1907 1851 3494 1927">
    <p class='ocr_par' dir='ltr' id='par_1_61' title="bbox 1907 1851 3494 1927">
     <span class='ocr_line' id='line_1_62' title="bbox 1907 1851 3494 1927; baseline 0.003 -21"><span class='ocrx_word' id='word_1_399' title='bbox 1907 1851 2142 1908; x_wconf 84' lang='lat' dir='ltr'><strong>elucere.</strong></span> <span class='ocrx_word' id='word_1_400' title='bbox 2201 1852 2321 1909; x_wconf 87' lang='lat' dir='ltr'><strong>Non</strong></span> <span class='ocrx_word' id='word_1_401' title='bbox 2378 1854 2524 1908; x_wconf 87' lang='lat' dir='ltr'><strong>enim</strong></span> <span class='ocrx_word' id='word_1_402' title='bbox 2578 1854 2757 1909; x_wconf 85' lang='lat' dir='ltr'><strong>inania</strong></span> <span class='ocrx_word' id='word_1_403' title='bbox 2810 1855 3125 1911; x_wconf 28' lang='lat' dir='ltr'><strong>verborum,</strong></span> <span class='ocrx_word' id='word_1_404' title='bbox 3154 1857 3494 1927; x_wconf 83' lang='lat' dir='ltr'><strong>popularium</strong></span> 
     </span>
    </p>
   </div>
   <div class='ocr_carea' id='block_1_62' title="bbox 1905 1943 3493 2015">
    <p class='ocr_par' dir='ltr' id='par_1_62' title="bbox 1905 1943 3493 2015">
     <span class='ocr_line' id='line_1_63' title="bbox 1905 1943 3493 2015; baseline 0.004 -16"><span class='ocrx_word' id='word_1_405' title='bbox 1905 1943 2228 2013; x_wconf 82' lang='lat' dir='ltr'><strong>cogitamus,</strong></span> <span class='ocrx_word' id='word_1_406' title='bbox 2258 1946 2350 2000; x_wconf 79' lang='lat' dir='ltr'><strong>sed</strong></span> <span class='ocrx_word' id='word_1_407' title='bbox 2383 1946 2704 2015; x_wconf 61' lang='lat' dir='ltr'><strong>perniciosae</strong></span> <span class='ocrx_word' id='word_1_408' title='bbox 2730 1962 2919 2004; x_wconf 88' lang='lat' dir='ltr'><strong>semen</strong></span> <span class='ocrx_word' id='word_1_409' title='bbox 2949 1948 3231 2009; x_wconf 81' lang='lat' dir='ltr'><strong>seditionis</strong></span> <span class='ocrx_word' id='word_1_410' title='bbox 3258 1950 3493 2015; x_wconf 78' lang='lat' dir='ltr'><strong>excludi-</strong></span> 
     </span>
    </p>
   </div>
   <div class='ocr_carea' id='block_1_63' title="bbox 1858 2032 3495 2113">
    <p class='ocr_par' dir='ltr' id='par_1_63' title="bbox 1858 2032 3495 2113">
     <span class='ocr_line' id='line_1_64' title="bbox 1858 2032 3495 2113; baseline 0.007 -27"><span class='ocrx_word' id='word_1_411' title='bbox 1858 2032 1861 2037; x_wconf 40' lang='grc' dir='ltr'><em>λ</em></span> <span class='ocrx_word' id='word_1_412' title='bbox 1907 2049 2045 2088; x_wconf 87' lang='lat' dir='ltr'><strong>mus.</strong></span> <span class='ocrx_word' id='word_1_413' title='bbox 2079 2033 2422 2106; x_wconf 87' lang='lat' dir='ltr'><strong>Quapropter</strong></span> <span class='ocrx_word' id='word_1_414' title='bbox 2451 2036 2674 2093; x_wconf 90' lang='lat' dir='ltr'><strong>illustris</strong></span> <span class='ocrx_word' id='word_1_415' title='bbox 2703 2040 3017 2109; x_wconf 83' lang='lat' dir='ltr'><strong>magnitudo</strong></span> <span class='ocrx_word' id='word_1_416' title='bbox 3038 2048 3219 2098; x_wconf 80' lang='lat' dir='ltr'><strong>vestra</strong></span> <span class='ocrx_word' id='word_1_417' title='bbox 3241 2043 3495 2113; x_wconf 66' lang='lat' dir='ltr'><strong>praesenti</strong></span> 
     </span>
    </p>
   </div>
   <div class='ocr_carea' id='block_1_64' title="bbox 1899 2122 3494 2203">
    <p class='ocr_par' dir='ltr' id='par_1_64' title="bbox 1899 2122 3494 2203">
     <span class='ocr_line' id='line_1_65' title="bbox 1899 2122 3494 2203; baseline 0.006 -24"><span class='ocrx_word' id='word_1_418' title='bbox 1899 2122 2145 2195; x_wconf 86' lang='lat' dir='ltr'><strong>iussione</strong></span> <span class='ocrx_word' id='word_1_419' title='bbox 2192 2127 2565 2195; x_wconf 89' lang='lat' dir='ltr'><strong>commonita,</strong></span> <span class='ocrx_word' id='word_1_420' title='bbox 2616 2130 2979 2199; x_wconf 89' lang='lat' dir='ltr'><strong>patrocinium</strong></span> <span class='ocrx_word' id='word_1_421' title='bbox 3034 2132 3207 2203; x_wconf 88' lang='lat' dir='ltr'><strong>partis</strong></span> <span class='ocrx_word' id='word_1_422' title='bbox 3253 2132 3494 2198; x_wconf 84' lang='lat' dir='ltr'><strong>Prasini,</strong></span> 
     </span>
    </p>
   </div>
   <div class='ocr_carea' id='block_1_65' title="bbox 1904 2215 3492 2299">
    <p class='ocr_par' dir='ltr' id='par_1_65' title="bbox 1904 2215 3492 2299">
     <span class='ocr_line' id='line_1_66' title="bbox 1904 2215 3492 2299; baseline 0.005 -28"><span class='ocrx_word' id='word_1_423' title='bbox 1904 2215 2051 2286; x_wconf 86' lang='lat' dir='ltr'><strong>quod</strong></span> <span class='ocrx_word' id='word_1_424' title='bbox 2110 2217 2364 2286; x_wconf 69' lang='lat' dir='ltr'><strong>gloriosa:</strong></span> <span class='ocrx_word' id='word_1_425' title='bbox 2417 2218 2833 2277; x_wconf 78' lang='lat' dir='ltr'><strong>recordationis</strong></span> <span class='ocrx_word' id='word_1_426' title='bbox 2890 2231 3049 2292; x_wconf 89' lang='lat' dir='ltr'><strong>pater</strong></span> <span class='ocrx_word' id='word_1_427' title='bbox 3112 2232 3294 2281; x_wconf 82' lang='lat' dir='ltr'><strong>vester</strong></span> <span class='ocrx_word' id='word_1_428' title='bbox 3354 2224 3492 2299; x_wconf 83' lang='lat' dir='ltr'><strong>[ed.,</strong></span> 
     </span>
    </p>
   </div>
   <div class='ocr_carea' id='block_1_66' title="bbox 1866 2303 3490 2379">
    <p class='ocr_par' dir='ltr' id='par_1_66' title="bbox 1866 2303 3490 2379">
     <span class='ocr_line' id='line_1_67' title="bbox 1866 2303 3490 2379; baseline 0.007 -19"><span class='ocrx_word' id='word_1_429' title='bbox 1866 2342 1875 2350; x_wconf 65' lang='grc' dir='ltr'><strong>ι</strong></span> <span class='ocrx_word' id='word_1_430' title='bbox 1899 2303 2115 2378; x_wconf 72' lang='lat' dir='ltr'><strong>noster]</strong></span> <span class='ocrx_word' id='word_1_431' title='bbox 2157 2305 2461 2378; x_wconf 59' lang='lat' dir='ltr'><strong>impendit,</strong></span> <span class='ocrx_word' id='word_1_432' title='bbox 2489 2308 2778 2379; x_wconf 77' lang='lat' dir='ltr'><strong>dignanter</strong></span> <span class='ocrx_word' id='word_1_433' title='bbox 2819 2320 3080 2373; x_wconf 76' lang='lat' dir='ltr'><strong>assumat.</strong></span> <span class='ocrx_word' id='word_1_434' title='bbox 3098 2312 3309 2371; x_wconf 43' lang='lat' dir='ltr'><strong>,Putari</strong></span> <span class='ocrx_word' id='word_1_435' title='bbox 3330 2318 3490 2377; x_wconf 76' lang='lat' dir='ltr'><strong>.enim</strong></span> 
     </span>
    </p>
   </div>
   <div class='ocr_carea' id='block_1_67' title="bbox 1907 2396 3493 2474">
    <p class='ocr_par' dir='ltr' id='par_1_67' title="bbox 1907 2396 3493 2474">
     <span class='ocr_line' id='line_1_68' title="bbox 1907 2396 3493 2474; baseline 0.009 -24"><span class='ocrx_word' id='word_1_436' title='bbox 1907 2411 2015 2451; x_wconf 88' lang='lat' dir='ltr'><strong>non</strong></span> <span class='ocrx_word' id='word_1_437' title='bbox 2045 2396 2211 2453; x_wconf 89' lang='lat' dir='ltr'><strong>debet</strong></span> <span class='ocrx_word' id='word_1_438' title='bbox 2234 2397 2452 2469; x_wconf 90' lang='lat' dir='ltr'><strong>iniuria,</strong></span> <span class='ocrx_word' id='word_1_439' title='bbox 2481 2400 2713 2471; x_wconf 89' lang='lat' dir='ltr'><strong>populos</strong></span> <span class='ocrx_word' id='word_1_440' title='bbox 2743 2415 2932 2473; x_wconf 72' lang='lat' dir='ltr'><strong>regere</strong></span> <span class='ocrx_word' id='word_1_441' title='bbox 2958 2418 3024 2459; x_wconf 84' lang='lat' dir='ltr'><strong>ac</strong></span> <span class='ocrx_word' id='word_1_442' title='bbox 3050 2404 3352 2474; x_wconf 89' lang='lat' dir='ltr'><strong>gubernare</strong></span> <span class='ocrx_word' id='word_1_443' title='bbox 3382 2405 3493 2464; x_wconf 68' lang='lat' dir='ltr'><strong>lio-</strong></span> 
     </span>
    </p>
   </div>
   <div class='ocr_carea' id='block_1_68' title="bbox 1907 2487 3494 2567">
    <p class='ocr_par' dir='ltr' id='par_1_68' title="bbox 1907 2487 3494 2567">
     <span class='ocr_line' id='line_1_69' title="bbox 1907 2487 3494 2567; baseline 0.006 -26"><span class='ocrx_word' id='word_1_444' title='bbox 1907 2501 2115 2543; x_wconf 84' lang='lat' dir='ltr'><strong>manos.</strong></span> <span class='ocrx_word' id='word_1_445' title='bbox 2164 2487 2297 2544; x_wconf 84' lang='lat' dir='ltr'><strong>Nam</strong></span> <span class='ocrx_word' id='word_1_446' title='bbox 2338 2490 2386 2547; x_wconf 90' lang='lat' dir='ltr'><strong>si</strong></span> <span class='ocrx_word' id='word_1_447' title='bbox 2432 2491 2701 2549; x_wconf 86' lang='lat' dir='ltr'><strong>bonorum</strong></span> <span class='ocrx_word' id='word_1_448' title='bbox 2741 2490 2857 2566; x_wconf 63' lang='lat' dir='ltr'><strong>[Gn</strong></span> <span class='ocrx_word' id='word_1_449' title='bbox 2906 2504 2958 2548; x_wconf 74' lang='lat' dir='ltr'><strong>et</strong></span> <span class='ocrx_word' id='word_1_450' title='bbox 3002 2493 3154 2567; x_wconf 80' lang='lat' dir='ltr'><strong>Cuj.,</strong></span> <span class='ocrx_word' id='word_1_451' title='bbox 3205 2497 3494 2567; x_wconf 77' lang='lat' dir='ltr'><strong>bonorum]</strong></span> 
     </span>
    </p>
   </div>
   <div class='ocr_carea' id='block_1_69' title="bbox 1905 2580 3495 2656">
    <p class='ocr_par' dir='ltr' id='par_1_69' title="bbox 1905 2580 3495 2656">
     <span class='ocr_line' id='line_1_70' title="bbox 1905 2580 3495 2656; baseline 0.009 -23"><span class='ocrx_word' id='word_1_452' title='bbox 1905 2580 2147 2635; x_wconf 78' lang='lat' dir='ltr'><strong>omnium</strong></span> <span class='ocrx_word' id='word_1_453' title='bbox 2182 2596 2349 2637; x_wconf 85' lang='lat' dir='ltr'><strong>causa</strong></span> <span class='ocrx_word' id='word_1_454' title='bbox 2376 2591 2671 2654; x_wconf 67' lang='lat' dir='ltr'><strong>pulsetur,</strong></span> <span class='ocrx_word' id='word_1_455' title='bbox 2701 2601 2803 2656; x_wconf 91' lang='lat' dir='ltr'><strong>pro</strong></span> <span class='ocrx_word' id='word_1_456' title='bbox 2832 2600 3018 2643; x_wconf 80' lang='lat' dir='ltr'><strong>eorum</strong></span> <span class='ocrx_word' id='word_1_457' title='bbox 3047 2588 3278 2645; x_wconf 88' lang='lat' dir='ltr'><strong>utilitate</strong></span> <span class='ocrx_word' id='word_1_458' title='bbox 3302 2590 3495 2647; x_wconf 84' lang='lat' dir='ltr'><strong>delecti</strong></span> 
     </span>
    </p>
   </div>
   <div class='ocr_carea' id='block_1_70' title="bbox 1906 2671 3493 2748">
    <p class='ocr_par' dir='ltr' id='par_1_70' title="bbox 1906 2671 3493 2748">
     <span class='ocr_line' id='line_1_71' title="bbox 1906 2671 3493 2748; baseline 0.009 -25"><span class='ocrx_word' id='word_1_459' title='bbox 1906 2678 2053 2735; x_wconf 83' lang='lat' dir='ltr'><strong>sunt,</strong></span> <span class='ocrx_word' id='word_1_460' title='bbox 2078 2671 2173 2742; x_wconf 91' lang='lat' dir='ltr'><strong>qui</strong></span> <span class='ocrx_word' id='word_1_461' title='bbox 2190 2671 2433 2729; x_wconf 86' lang='lat' dir='ltr'><strong>honores</strong></span> <span class='ocrx_word' id='word_1_462' title='bbox 2455 2673 2873 2743; x_wconf 86' lang='lat' dir='ltr'><strong>gloriosissimos</strong></span> <span class='ocrx_word' id='word_1_463' title='bbox 2892 2676 3143 2748; x_wconf 86' lang='lat' dir='ltr'><strong>accipere</strong></span> <span class='ocrx_word' id='word_1_464' title='bbox 3159 2691 3493 2737; x_wconf 86' lang='lat' dir='ltr'><strong>meruerunt.</strong></span> 
     </span>
    </p>
   </div>
   <div class='ocr_carea' id='block_1_71' title="bbox 1906 2762 3497 2837">
    <p class='ocr_par' dir='ltr' id='par_1_71' title="bbox 1906 2762 3497 2837">
     <span class='ocr_line' id='line_1_72' title="bbox 1906 2762 3497 2837; baseline 0.008 -19"><span class='ocrx_word' id='word_1_465' title='bbox 1906 2762 2239 2821; x_wconf 78' lang='lat' dir='ltr'><strong>Convocatis</strong></span> <span class='ocrx_word' id='word_1_466' title='bbox 2262 2779 2394 2835; x_wconf 81' lang='lat' dir='ltr'><strong>ergo</strong></span> <span class='ocrx_word' id='word_1_467' title='bbox 2419 2769 2836 2837; x_wconf 86' lang='lat' dir='ltr'><strong>spectatoribus,</strong></span> <span class='ocrx_word' id='word_1_468' title='bbox 2863 2769 2932 2825; x_wconf 91' lang='lat' dir='ltr'><strong>de</strong></span> <span class='ocrx_word' id='word_1_469' title='bbox 2960 2770 3245 2828; x_wconf 84' lang='lat' dir='ltr'><strong>Hellandio</strong></span> <span class='ocrx_word' id='word_1_470' title='bbox 3268 2783 3325 2829; x_wconf 90' lang='lat' dir='ltr'><strong>et</strong></span> <span class='ocrx_word' id='word_1_471' title='bbox 3351 2773 3497 2832; x_wconf 82' lang='lat' dir='ltr'><strong>Tho-</strong></span> 
     </span>
    </p>
   </div>
   <div class='ocr_carea' id='block_1_72' title="bbox 1906 2854 3498 2935">
    <p class='ocr_par' dir='ltr' id='par_1_72' title="bbox 1906 2854 3498 2935">
     <span class='ocr_line' id='line_1_73' title="bbox 1906 2854 3498 2935; baseline 0.006 -25"><span class='ocrx_word' id='word_1_472' title='bbox 1906 2854 2085 2911; x_wconf 75' lang='lat' dir='ltr'><strong>doronr</strong></span> <span class='ocrx_word' id='word_1_473' title='bbox 2120 2855 2248 2929; x_wconf 66' lang='grc' dir='ltr'><strong>Ῐεάδ,</strong></span> <span class='ocrx_word' id='word_1_474' title='bbox 2292 2856 2633 2929; x_wconf 80' lang='lat' dir='ltr'><strong>Theodoro],</strong></span> <span class='ocrx_word' id='word_1_475' title='bbox 2670 2860 2761 2930; x_wconf 80' lang='lat' dir='ltr'><strong>qui</strong></span> <span class='ocrx_word' id='word_1_476' title='bbox 2806 2860 3006 2916; x_wconf 61' lang='lat' dir='ltr'><strong>laetitia</strong></span> <span class='ocrx_word' id='word_1_477' title='bbox 3046 2862 3274 2933; x_wconf 64' lang='lat' dir='ltr'><strong>publica:</strong></span> <span class='ocrx_word' id='word_1_478' title='bbox 3320 2865 3498 2935; x_wconf 81' lang='lat' dir='ltr'><strong>aptior</strong></span> 
     </span>
    </p>
   </div>
   <div class='ocr_carea' id='block_1_73' title="bbox 1907 2943 3498 3022">
    <p class='ocr_par' dir='ltr' id='par_1_73' title="bbox 1907 2943 3498 3022">
     <span class='ocr_line' id='line_1_74' title="bbox 1907 2943 3498 3022; baseline 0.006 -22"><span class='ocrx_word' id='word_1_479' title='bbox 1907 2943 2071 3002; x_wconf 80' lang='lat' dir='ltr'><strong>fuerit</strong></span> <span class='ocrx_word' id='word_1_480' title='bbox 2091 2948 2409 3013; x_wconf 80' lang='lat' dir='ltr'><strong>aestimatus,</strong></span> <span class='ocrx_word' id='word_1_481' title='bbox 2432 2949 2621 3019; x_wconf 87' lang='lat' dir='ltr'><strong>populi</strong></span> <span class='ocrx_word' id='word_1_482' title='bbox 2649 2950 2968 3009; x_wconf 70' lang='lat' dir='ltr'><strong>coniusione</strong></span> <span class='ocrx_word' id='word_1_483' title='bbox 2988 2954 3199 3011; x_wconf 85' lang='lat' dir='ltr'><strong>sublata</strong></span> <span class='ocrx_word' id='word_1_484' title='bbox 3225 2951 3277 3022; x_wconf 62' lang='lat'><strong>4.,</strong></span> <span class='ocrx_word' id='word_1_485' title='bbox 3297 2956 3498 3012; x_wconf 86' lang='lat' dir='ltr'><strong>consti-</strong></span> 
     </span>
    </p>
   </div>
   <div class='ocr_carea' id='block_1_74' title="bbox 1874 3037 3499 3113">
    <p class='ocr_par' dir='ltr' id='par_1_74' title="bbox 1874 3037 3499 3113">
     <span class='ocr_line' id='line_1_75' title="bbox 1874 3037 3499 3113; baseline 0.005 -20"><span class='ocrx_word' id='word_1_486' title='bbox 1874 3066 1879 3071; x_wconf 85' lang='lat'><em>-</em></span> <span class='ocrx_word' id='word_1_487' title='bbox 1909 3046 2094 3094; x_wconf 89' lang='lat' dir='ltr'><strong>tuatur</strong></span> <span class='ocrx_word' id='word_1_488' title='bbox 2120 3054 2152 3093; x_wconf 71' lang='grc' dir='ltr'>ι</span> <span class='ocrx_word' id='word_1_489' title='bbox 2181 3038 2334 3094; x_wconf 82' lang='lat' dir='ltr'><strong>vobis</strong></span> <span class='ocrx_word' id='word_1_490' title='bbox 2361 3037 2570 3096; x_wconf 84' lang='lat' dir='ltr'><strong>Prasini</strong></span> <span class='ocrx_word' id='word_1_491' title='bbox 2612 3042 2979 3111; x_wconf 85' lang='lat' dir='ltr'><strong>pantomimus</strong></span> <span class='ocrx_word' id='word_1_492' title='bbox 3010 3061 3024 3098; x_wconf 92' lang='lat'><strong>:</strong></span> <span class='ocrx_word' id='word_1_493' title='bbox 3052 3052 3325 3113; x_wconf 77' lang='lat' dir='ltr'><strong>quatenus</strong></span> <span class='ocrx_word' id='word_1_494' title='bbox 3352 3063 3499 3101; x_wconf 83' lang='lat' dir='ltr'><strong>smn-</strong></span> 
     </span>
    </p>
   </div>
   <div class='ocr_carea' id='block_1_75' title="bbox 1836 3134 3493 3210">
    <p class='ocr_par' dir='ltr' id='par_1_75' title="bbox 1836 3134 3493 3210">
     <span class='ocr_line' id='line_1_76' title="bbox 1836 3134 3493 3210; baseline 0.007 -26"><span class='ocrx_word' id='word_1_495' title='bbox 1836 3147 1881 3210; x_wconf 76' lang='lat' dir='ltr'><strong><em>C</em></strong></span> <span class='ocrx_word' id='word_1_496' title='bbox 1911 3138 2082 3202; x_wconf 89' lang='lat' dir='ltr'><strong>ptum,</strong></span> <span class='ocrx_word' id='word_1_497' title='bbox 2127 3145 2288 3201; x_wconf 84' lang='lat' dir='ltr'><strong>quem</strong></span> <span class='ocrx_word' id='word_1_498' title='bbox 2332 3147 2431 3201; x_wconf 92' lang='lat' dir='ltr'><strong>pro</strong></span> <span class='ocrx_word' id='word_1_499' title='bbox 2478 3134 2792 3202; x_wconf 85' lang='lat' dir='ltr'><strong>spectaculo</strong></span> <span class='ocrx_word' id='word_1_500' title='bbox 2838 3135 3069 3192; x_wconf 83' lang='lat' dir='ltr'><strong>civitatis</strong></span> <span class='ocrx_word' id='word_1_501' title='bbox 3115 3137 3493 3207; x_wconf 82' lang='lat' dir='ltr'><strong>impendimus,</strong></span> 
     </span>
    </p>
   </div>
   <div class='ocr_carea' id='block_1_76' title="bbox 1910 3221 3498 3299">
    <p class='ocr_par' dir='ltr' id='par_1_76' title="bbox 1910 3221 3498 3299">
     <span class='ocr_line' id='line_1_77' title="bbox 1910 3221 3498 3299; baseline 0.005 -21"><span class='ocrx_word' id='word_1_502' title='bbox 1910 3221 2100 3278; x_wconf 88' lang='lat' dir='ltr'><strong>electis</strong></span> <span class='ocrx_word' id='word_1_503' title='bbox 2146 3224 2443 3279; x_wconf 90' lang='lat' dir='ltr'><strong>contulisse</strong></span> <span class='ocrx_word' id='word_1_504' title='bbox 2487 3225 2781 3281; x_wconf 84' lang='lat' dir='ltr'><strong>videamur.</strong></span> <span class='ocrx_word' id='word_1_505' title='bbox 2834 3224 2987 3284; x_wconf 82' lang='lat' dir='ltr'><strong>lianc</strong></span> <span class='ocrx_word' id='word_1_506' title='bbox 3024 3238 3231 3299; x_wconf 85' lang='lat' dir='ltr'><strong>partem</strong></span> <span class='ocrx_word' id='word_1_507' title='bbox 3281 3231 3498 3289; x_wconf 72' lang='lat' dir='ltr'><strong>nntsic&#39;c</strong></span> 
     </span>
    </p>
   </div>
   <div class='ocr_carea' id='block_1_77' title="bbox 1908 3312 3496 3389">
    <p class='ocr_par' dir='ltr' id='par_1_77' title="bbox 1908 3312 3496 3389">
     <span class='ocr_line' id='line_1_78' title="bbox 1908 3312 3496 3389; baseline 0.004 -21"><span class='ocrx_word' id='word_1_508' title='bbox 1908 3313 2206 3383; x_wconf 63' lang='lat' dir='ltr'><strong>disciplinas</strong></span> <span class='ocrx_word' id='word_1_509' title='bbox 2230 3312 2435 3371; x_wconf 74' lang='lat' dir='ltr'><strong>Mutam</strong></span> <span class='ocrx_word' id='word_1_510' title='bbox 2465 3316 2813 3375; x_wconf 77' lang='lat' dir='ltr'><strong>nominavene</strong></span> <span class='ocrx_word' id='word_1_511' title='bbox 2838 3317 3103 3387; x_wconf 82' lang='lat' dir='ltr'><strong>majores,</strong></span> <span class='ocrx_word' id='word_1_512' title='bbox 3140 3320 3282 3377; x_wconf 68' lang='lat' dir='ltr'><strong>SCUit</strong></span> <span class='ocrx_word' id='word_1_513' title='bbox 3293 3329 3347 3377; x_wconf 86' lang='lat' dir='ltr'><strong>et</strong></span> <span class='ocrx_word' id='word_1_514' title='bbox 3373 3334 3496 3389; x_wconf 81' lang='lat' dir='ltr'><strong>qua:</strong></span> 
     </span>
    </p>
   </div>
   <div class='ocr_carea' id='block_1_78' title="bbox 1908 3403 3496 3480">
    <p class='ocr_par' dir='ltr' id='par_1_78' title="bbox 1908 3403 3496 3480">
     <span class='ocr_line' id='line_1_79' title="bbox 1908 3403 3496 3480; baseline 0.005 -21"><span class='ocrx_word' id='word_1_515' title='bbox 1908 3419 2007 3460; x_wconf 86' lang='lat' dir='ltr'><strong>ore</strong></span> <span class='ocrx_word' id='word_1_516' title='bbox 2027 3403 2213 3462; x_wconf 84' lang='lat' dir='ltr'><strong>clauso</strong></span> <span class='ocrx_word' id='word_1_517' title='bbox 2238 3407 2485 3463; x_wconf 81' lang='lat' dir='ltr'><strong>manibus</strong></span> <span class='ocrx_word' id='word_1_518' title='bbox 2505 3408 2761 3480; x_wconf 82' lang='lat' dir='ltr'><strong>loquitur,</strong></span> <span class='ocrx_word' id='word_1_519' title='bbox 2787 3418 2843 3466; x_wconf 90' lang='lat' dir='ltr'><strong>et</strong></span> <span class='ocrx_word' id='word_1_520' title='bbox 2868 3410 3187 3479; x_wconf 77' lang='lat' dir='ltr'><strong>quibusdam</strong></span> <span class='ocrx_word' id='word_1_521' title='bbox 3209 3413 3496 3479; x_wconf 80' lang='lat' dir='ltr'><strong>gesticula-</strong></span> 
     </span>
    </p>
   </div>
   <div class='ocr_carea' id='block_1_79' title="bbox 1910 3493 3495 3574">
    <p class='ocr_par' dir='ltr' id='par_1_79' title="bbox 1910 3493 3495 3574">
     <span class='ocr_line' id='line_1_80' title="bbox 1910 3493 3495 3574; baseline 0.005 -24"><span class='ocrx_word' id='word_1_522' title='bbox 1910 3493 2156 3552; x_wconf 83' lang='lat' dir='ltr'><strong>tionibus</strong></span> <span class='ocrx_word' id='word_1_523' title='bbox 2181 3494 2312 3553; x_wconf 70' lang='lat' dir='ltr'><strong>lacit</strong></span> <span class='ocrx_word' id='word_1_524' title='bbox 2337 3498 2581 3568; x_wconf 87' lang='lat' dir='ltr'><strong>intelligi,</strong></span> <span class='ocrx_word' id='word_1_525' title='bbox 2610 3499 2755 3569; x_wconf 90' lang='lat' dir='ltr'><strong>quod</strong></span> <span class='ocrx_word' id='word_1_526' title='bbox 2784 3500 2875 3557; x_wconf 79' lang='lat' dir='ltr'><strong>vix</strong></span> <span class='ocrx_word' id='word_1_527' title='bbox 2901 3510 3156 3558; x_wconf 87' lang='lat' dir='ltr'><strong>narrante</strong></span> <span class='ocrx_word' id='word_1_528' title='bbox 3186 3502 3363 3574; x_wconf 84' lang='lat' dir='ltr'><strong>lingua</strong></span> <span class='ocrx_word' id='word_1_529' title='bbox 3402 3512 3495 3558; x_wconf 86' lang='lat' dir='ltr'><strong>aut</strong></span> 
     </span>
    </p>
   </div>
   <div class='ocr_carea' id='block_1_80' title="bbox 1907 3585 2883 3660">
    <p class='ocr_par' dir='ltr' id='par_1_80' title="bbox 1907 3585 2883 3660">
     <span class='ocr_line' id='line_1_81' title="bbox 1907 3585 2883 3660; baseline 0.004 -19"><span class='ocrx_word' id='word_1_530' title='bbox 1907 3585 2194 3658; x_wconf 72' lang='lat' dir='ltr'><strong>scriptum</strong></span> <span class='ocrx_word' id='word_1_531' title='bbox 2221 3595 2375 3645; x_wconf 78' lang='lat' dir='ltr'><strong>textu</strong></span> <span class='ocrx_word' id='word_1_532' title='bbox 2401 3589 2575 3660; x_wconf 89' lang='lat' dir='ltr'><strong>possit</strong></span> <span class='ocrx_word' id='word_1_533' title='bbox 2603 3592 2847 3659; x_wconf 85' lang='lat' dir='ltr'><strong>agnosci.</strong></span> <span class='ocrx_word' id='word_1_534' title='bbox 2878 3628 2883 3645; x_wconf 66' lang='grc' dir='ltr'>ι</span> 
     </span>
    </p>
   </div>
   <div class='ocr_carea' id='block_1_81' title="bbox 2448 3726 2954 3783">
    <p class='ocr_par' dir='ltr' id='par_1_81' title="bbox 2448 3726 2954 3783">
     <span class='ocr_line' id='line_1_82' title="bbox 2448 3726 2954 3783; baseline 0.004 -2"><span class='ocrx_word' id='word_1_535' title='bbox 2448 3726 2779 3783; x_wconf 77' lang='lat' dir='ltr'><strong>EPISTULA</strong></span> <span class='ocrx_word' id='word_1_536' title='bbox 2816 3727 2954 3783; x_wconf 76' lang='lat' dir='ltr'><strong>XXI.</strong></span> 
     </span>
    </p>
   </div>
   <div class='ocr_carea' id='block_1_82' title="bbox 1912 3824 3498 3893">
    <p class='ocr_par' dir='ltr' id='par_1_82' title="bbox 1912 3824 3498 3893">
     <span class='ocr_line' id='line_1_83' title="bbox 1912 3824 3498 3893; baseline 0.003 -16"><span class='ocrx_word' id='word_1_537' title='bbox 1912 3835 2208 3877; x_wconf 66' lang='lat' dir='ltr'><strong>IAXIIIANO</strong></span> <span class='ocrx_word' id='word_1_538' title='bbox 2260 3833 2384 3875; x_wconf 71' lang='grc' dir='ltr'><strong>νικο</strong></span> <span class='ocrx_word' id='word_1_539' title='bbox 2422 3824 2667 3893; x_wconf 60' lang='grc' dir='ltr'><strong>μιιυδτιιι</strong></span> <span class='ocrx_word' id='word_1_540' title='bbox 2705 3835 2773 3874; x_wconf 74' lang='grc' dir='ltr'><strong>Ετ</strong></span> <span class='ocrx_word' id='word_1_541' title='bbox 2812 3835 3037 3875; x_wconf 66' lang='grc' dir='ltr'><strong>ΑΝΒΒΕΒ</strong></span> <span class='ocrx_word' id='word_1_542' title='bbox 3078 3837 3498 3881; x_wconf 64' lang='grc' dir='ltr'><strong>νικο-εεκλτοιιι</strong></span> 
     </span>
    </p>
   </div>
   <div class='ocr_carea' id='block_1_83' title="bbox 2440 3904 2963 3944">
    <p class='ocr_par' dir='ltr' id='par_1_83' title="bbox 2440 3904 2963 3944">
     <span class='ocr_line' id='line_1_84' title="bbox 2440 3904 2963 3944; baseline 0 -1"><span class='ocrx_word' id='word_1_543' title='bbox 2440 3904 2808 3944; x_wconf 70' lang='grc' dir='ltr'><strong>τηιουοιιιςυε</strong></span> <span class='ocrx_word' id='word_1_544' title='bbox 2836 3905 2963 3944; x_wconf 72' lang='lat' dir='ltr'><strong>REX.</strong></span> 
     </span>
    </p>
   </div>
   <div class='ocr_carea' id='block_1_84' title="bbox 1914 3980 3501 4053">
    <p class='ocr_par' dir='ltr' id='par_1_84' title="bbox 1914 3980 3501 4053">
     <span class='ocr_line' id='line_1_85' title="bbox 1914 3980 3501 4053; baseline 0.002 -15"><span class='ocrx_word' id='word_1_545' title='bbox 1914 3983 2157 4038; x_wconf 86' lang='lat' dir='ltr'><strong>Decernit</strong></span> <span class='ocrx_word' id='word_1_546' title='bbox 2176 3992 2232 4036; x_wconf 89' lang='lat' dir='ltr'><strong>ut</strong></span> <span class='ocrx_word' id='word_1_547' title='bbox 2260 3980 2559 4053; x_wconf 73' lang='lat' dir='ltr'><strong>discutiant,</strong></span> <span class='ocrx_word' id='word_1_548' title='bbox 2590 3996 2716 4053; x_wconf 76' lang='lat' dir='ltr'><strong>nunt</strong></span> <span class='ocrx_word' id='word_1_549' title='bbox 2735 3982 2953 4053; x_wconf 81' lang='lat' dir='ltr'><strong>pecunia</strong></span> <span class='ocrx_word' id='word_1_550' title='bbox 2981 3982 3196 4053; x_wconf 76' lang='lat' dir='ltr'><strong>fabricis</strong></span> <span class='ocrx_word' id='word_1_551' title='bbox 3229 3984 3383 4039; x_wconf 84' lang='lat' dir='ltr'><strong>Urbis</strong></span> <span class='ocrx_word' id='word_1_552' title='bbox 3409 3987 3501 4041; x_wconf 78' lang='lat' dir='ltr'><strong>de-</strong></span> 
     </span>
    </p>
   </div>
   <div class='ocr_carea' id='block_1_85' title="bbox 1986 4049 3427 4124">
    <p class='ocr_par' dir='ltr' id='par_1_85' title="bbox 1986 4049 3427 4124">
     <span class='ocr_line' id='line_1_86' title="bbox 1986 4049 3427 4124; baseline 0.002 -17"><span class='ocrx_word' id='word_1_553' title='bbox 1986 4062 2193 4121; x_wconf 82' lang='lat' dir='ltr'><strong>putata,</strong></span> <span class='ocrx_word' id='word_1_554' title='bbox 2225 4061 2335 4111; x_wconf 82' lang='lat' dir='ltr'><strong>tota</strong></span> <span class='ocrx_word' id='word_1_555' title='bbox 2364 4051 2518 4123; x_wconf 77' lang='lat' dir='ltr'><strong>fuerit</strong></span> <span class='ocrx_word' id='word_1_556' title='bbox 2546 4049 2743 4124; x_wconf 69' lang='lat' dir='ltr'><strong>absque</strong></span> <span class='ocrx_word' id='word_1_557' title='bbox 2765 4051 2954 4123; x_wconf 78' lang='lat' dir='ltr'><strong>fraude</strong></span> <span class='ocrx_word' id='word_1_558' title='bbox 2980 4049 3035 4107; x_wconf 78' lang='lat' dir='ltr'><strong>in</strong></span> <span class='ocrx_word' id='word_1_559' title='bbox 3062 4070 3151 4108; x_wconf 83' lang='lat' dir='ltr'><strong>eas</strong></span> <span class='ocrx_word' id='word_1_560' title='bbox 3179 4070 3427 4124; x_wconf 71' lang='lat' dir='ltr'><strong>expensa.</strong></span> 
     </span>
    </p>
   </div>
   <div class='ocr_carea' id='block_1_86' title="bbox 1988 4140 3501 4203">
    <p class='ocr_par' dir='ltr' id='par_1_86' title="bbox 1988 4140 3501 4203">
     <span class='ocr_line' id='line_1_87' title="bbox 1988 4140 3501 4203; baseline 0.004 -6"><span class='ocrx_word' id='word_1_561' title='bbox 1988 4143 2325 4199; x_wconf 83' lang='lat' dir='ltr'><strong>Provocandi</strong></span> <span class='ocrx_word' id='word_1_562' title='bbox 2374 4157 2563 4199; x_wconf 88' lang='lat' dir='ltr'><strong>sumus</strong></span> <span class='ocrx_word' id='word_1_563' title='bbox 2600 4140 2915 4199; x_wconf 79' lang='lat' dir='ltr'><strong>all‘ectuosis</strong></span> <span class='ocrx_word' id='word_1_564' title='bbox 2952 4143 3149 4199; x_wconf 79' lang='lat' dir='ltr'><strong>civium</strong></span> <span class='ocrx_word' id='word_1_565' title='bbox 3195 4144 3389 4202; x_wconf 89' lang='lat' dir='ltr'><strong>studiis</strong></span> <span class='ocrx_word' id='word_1_566' title='bbox 3431 4146 3501 4203; x_wconf 88' lang='lat' dir='ltr'><strong>ad</strong></span> 
     </span>
    </p>
   </div>
   <div class='ocr_carea' id='block_1_87' title="bbox 1916 4238 3501 4313">
    <p class='ocr_par' dir='ltr' id='par_1_87' title="bbox 1916 4238 3501 4313">
     <span class='ocr_line' id='line_1_88' title="bbox 1916 4238 3501 4313; baseline 0.001 -16"><span class='ocrx_word' id='word_1_567' title='bbox 1916 4250 2205 4311; x_wconf 82' lang='lat' dir='ltr'><strong>augmenta</strong></span> <span class='ocrx_word' id='word_1_568' title='bbox 2235 4240 2472 4296; x_wconf 79' lang='lat' dir='ltr'><strong>civitatis</strong></span> <span class='ocrx_word' id='word_1_569' title='bbox 2499 4257 2514 4293; x_wconf 88' lang='lat'><strong>:</strong></span> <span class='ocrx_word' id='word_1_570' title='bbox 2544 4238 2673 4309; x_wconf 87' lang='lat' dir='ltr'><strong>quia</strong></span> <span class='ocrx_word' id='word_1_571' title='bbox 2688 4251 2865 4299; x_wconf 74' lang='lat' dir='ltr'><strong>nemo</strong></span> <span class='ocrx_word' id='word_1_572' title='bbox 2898 4247 3080 4309; x_wconf 87' lang='lat' dir='ltr'><strong>potest</strong></span> <span class='ocrx_word' id='word_1_573' title='bbox 3105 4239 3328 4309; x_wconf 85' lang='lat' dir='ltr'><strong>diligere</strong></span> <span class='ocrx_word' id='word_1_574' title='bbox 3356 4242 3501 4313; x_wconf 84' lang='lat' dir='ltr'><strong>quod</strong></span> 
     </span>
    </p>
   </div>
   <div class='ocr_carea' id='block_1_88' title="bbox 1917 4327 3502 4402">
    <p class='ocr_par' dir='ltr' id='par_1_88' title="bbox 1917 4327 3502 4402">
     <span class='ocr_line' id='line_1_89' title="bbox 1917 4327 3502 4402; baseline 0.001 -15"><span class='ocrx_word' id='word_1_575' title='bbox 1917 4333 2250 4388; x_wconf 83' lang='lat' dir='ltr'><strong>habitatores</strong></span> <span class='ocrx_word' id='word_1_576' title='bbox 2292 4330 2546 4400; x_wconf 81' lang='lat' dir='ltr'><strong>intelligit</strong></span> <span class='ocrx_word' id='word_1_577' title='bbox 2588 4345 2696 4386; x_wconf 87' lang='lat' dir='ltr'><strong>non</strong></span> <span class='ocrx_word' id='word_1_578' title='bbox 2742 4345 2949 4388; x_wconf 86' lang='lat' dir='ltr'><strong>amare.</strong></span> <span class='ocrx_word' id='word_1_579' title='bbox 2990 4327 3293 4400; x_wconf 87' lang='lat' dir='ltr'><strong>Unicuique</strong></span> <span class='ocrx_word' id='word_1_580' title='bbox 3328 4334 3502 4402; x_wconf 87' lang='lat' dir='ltr'><strong>patria</strong></span> 
     </span>
    </p>
   </div>
   <div class='ocr_carea' id='block_1_89' title="bbox 224 4404 3504 4492">
    <p class='ocr_par' dir='ltr' id='par_1_89' title="bbox 224 4404 3504 4492">
     <span class='ocr_line' id='line_1_90' title="bbox 224 4404 3504 4492; baseline -0.004 -14"><span class='ocrx_word' id='word_1_581' title='bbox 224 4437 413 4478; x_wconf 69' lang='lat' dir='ltr'><strong>nemo</strong></span> <span class='ocrx_word' id='word_1_582' title='bbox 445 4437 513 4475; x_wconf 79' lang='grc' dir='ltr'><strong>ετ</strong></span> <span class='ocrx_word' id='word_1_583' title='bbox 543 4404 767 4476; x_wconf 59' lang='lat' dir='ltr'><strong>subisse</strong></span> <span class='ocrx_word' id='word_1_584' title='bbox 796 4420 1305 4474; x_wconf 40' lang='lat' dir='ltr'><strong>vmisiiLLns&#39;rntaus</strong></span> <span class='ocrx_word' id='word_1_585' title='bbox 1342 4431 1516 4479; x_wconf 72' lang='lat' dir='ltr'><strong>noue</strong></span> <span class='ocrx_word' id='word_1_586' title='bbox 1560 4432 1817 4470; x_wconf 73' lang='lat' dir='ltr'><strong>rnmcns</strong></span> <span class='ocrx_word' id='word_1_587' title='bbox 1915 4414 2013 4477; x_wconf 68' lang='lat' dir='ltr'><strong>sua</strong></span> <span class='ocrx_word' id='word_1_588' title='bbox 2040 4421 2259 4479; x_wconf 85' lang='lat' dir='ltr'><strong>charior</strong></span> <span class='ocrx_word' id='word_1_589' title='bbox 2282 4429 2387 4487; x_wconf 86' lang='lat' dir='ltr'><strong>est,</strong></span> <span class='ocrx_word' id='word_1_590' title='bbox 2413 4421 2538 4477; x_wconf 91' lang='lat' dir='ltr'><strong>dum</strong></span> <span class='ocrx_word' id='word_1_591' title='bbox 2559 4436 2721 4492; x_wconf 85' lang='lat' dir='ltr'><strong>supra</strong></span> <span class='ocrx_word' id='word_1_592' title='bbox 2753 4422 2937 4479; x_wconf 84' lang='lat' dir='ltr'><strong>omnia</strong></span> <span class='ocrx_word' id='word_1_593' title='bbox 2962 4421 3169 4477; x_wconf 79' lang='lat' dir='ltr'><strong>salvum</strong></span> <span class='ocrx_word' id='word_1_594' title='bbox 3199 4418 3316 4479; x_wconf 75' lang='lat' dir='ltr'><strong>fore</strong></span> <span class='ocrx_word' id='word_1_595' title='bbox 3353 4437 3504 4492; x_wconf 66' lang='lat' dir='ltr'><strong>qum.</strong></span> 
     </span>
    </p>
   </div>
   <div class='ocr_carea' id='block_1_90' title="bbox 758 4503 1309 4545">
    <p class='ocr_par' dir='ltr' id='par_1_90' title="bbox 758 4503 1309 4545">
     <span class='ocr_line' id='line_1_91' title="bbox 758 4503 1309 4545; baseline -0.007 0"><span class='ocrx_word' id='word_1_596' title='bbox 758 4503 1128 4545; x_wconf 69' lang='grc' dir='ltr'><strong>τηουοιηῦω</strong></span> <span class='ocrx_word' id='word_1_597' title='bbox 1153 4504 1280 4543; x_wconf 65' lang='grc' dir='ltr'><strong>κει.</strong></span> <span class='ocrx_word' id='word_1_598' title='bbox 1304 4538 1309 4541; x_wconf 84' lang='grc'><strong><em>,</em></strong></span> 
     </span>
    </p>
   </div>
   <div class='ocr_carea' id='block_1_91' title="bbox 225 4576 1809 4649">
    <p class='ocr_par' dir='ltr' id='par_1_91' title="bbox 225 4576 1809 4649">
     <span class='ocr_line' id='line_1_92' title="bbox 225 4576 1809 4649; baseline -0.004 -11"><span class='ocrx_word' id='word_1_599' title='bbox 225 4581 355 4639; x_wconf 78' lang='lat' dir='ltr'><strong>Illos</strong></span> <span class='ocrx_word' id='word_1_600' title='bbox 383 4589 669 4636; x_wconf 80' lang='lat' dir='ltr'><strong>commonet</strong></span> <span class='ocrx_word' id='word_1_601' title='bbox 700 4589 770 4634; x_wconf 76' lang='lat' dir='ltr'><strong>‘ut</strong></span> <span class='ocrx_word' id='word_1_602' title='bbox 811 4580 867 4634; x_wconf 77' lang='lat' dir='ltr'><strong>in</strong></span> <span class='ocrx_word' id='word_1_603' title='bbox 903 4579 1210 4649; x_wconf 68' lang='lat' dir='ltr'><strong>spectaculis</strong></span> <span class='ocrx_word' id='word_1_604' title='bbox 1242 4577 1595 4649; x_wconf 61' lang='lat' dir='ltr'><strong>patrocinium</strong></span> <span class='ocrx_word' id='word_1_605' title='bbox 1642 4576 1809 4647; x_wconf 86' lang='lat' dir='ltr'><strong>partis</strong></span> 
     </span>
    </p>
   </div>
   <div class='ocr_carea' id='block_1_92' title="bbox 294 4645 1806 4715">
    <p class='ocr_par' dir='ltr' id='par_1_92' title="bbox 294 4645 1806 4715">
     <span class='ocr_line' id='line_1_93' title="bbox 294 4645 1806 4715; baseline -0.005 -9"><span class='ocrx_word' id='word_1_606' title='bbox 294 4653 509 4706; x_wconf 77' lang='lat' dir='ltr'><strong>l‘rasini</strong></span> <span class='ocrx_word' id='word_1_607' title='bbox 537 4660 841 4715; x_wconf 86' lang='lat' dir='ltr'><strong>assumant,</strong></span> <span class='ocrx_word' id='word_1_608' title='bbox 870 4645 1006 4704; x_wconf 70' lang='lat' dir='ltr'><strong>etut</strong></span> <span class='ocrx_word' id='word_1_609' title='bbox 1034 4652 1098 4701; x_wconf 83' lang='lat' dir='ltr'><strong>de</strong></span> <span class='ocrx_word' id='word_1_610' title='bbox 1126 4647 1409 4702; x_wconf 77' lang='lat' dir='ltr'><strong>Hellandio</strong></span> <span class='ocrx_word' id='word_1_611' title='bbox 1434 4656 1483 4700; x_wconf 82' lang='lat' dir='ltr'><strong>et</strong></span> <span class='ocrx_word' id='word_1_612' title='bbox 1510 4645 1806 4711; x_wconf 80' lang='lat' dir='ltr'><strong>Tltodoron,</strong></span> 
     </span>
    </p>
   </div>
   <div class='ocr_carea' id='block_1_93' title="bbox 360 4716 1811 4790">
    <p class='ocr_par' dir='ltr' id='par_1_93' title="bbox 360 4716 1811 4790">
     <span class='ocr_line' id='line_1_94' title="bbox 360 4716 1811 4790; baseline -0.003 -15"><span class='ocrx_word' id='word_1_613' title='bbox 360 4723 379 4775; x_wconf 89' lang='lat' dir='ltr'><strong>i</strong></span> <span class='ocrx_word' id='word_1_614' title='bbox 408 4722 606 4776; x_wconf 62' lang='lat' dir='ltr'><strong>latitia!</strong></span> <span class='ocrx_word' id='word_1_615' title='bbox 632 4720 850 4790; x_wconf 75' lang='lat' dir='ltr'><strong>publica:</strong></span> <span class='ocrx_word' id='word_1_616' title='bbox 877 4720 1048 4789; x_wconf 86' lang='lat' dir='ltr'><strong>aptior</strong></span> <span class='ocrx_word' id='word_1_617' title='bbox 1078 4720 1237 4790; x_wconf 78' lang='lat' dir='ltr'><strong>fuerit</strong></span> <span class='ocrx_word' id='word_1_618' title='bbox 1265 4718 1573 4790; x_wconf 60' lang='lat' dir='ltr'><strong>testimonia,</strong></span> <span class='ocrx_word' id='word_1_619' title='bbox 1614 4716 1676 4769; x_wconf 90' lang='lat' dir='ltr'><strong>ab</strong></span> <span class='ocrx_word' id='word_1_620' title='bbox 1706 4718 1811 4770; x_wconf 82' lang='lat' dir='ltr'><strong>illis</strong></span> 
     </span>
    </p>
   </div>
   <div class='ocr_carea' id='block_1_94' title="bbox 256 4786 1814 4861">
    <p class='ocr_par' dir='ltr' id='par_1_94' title="bbox 256 4786 1814 4861">
     <span class='ocr_line' id='line_1_95' title="bbox 256 4786 1814 4861; baseline -0.003 -15"><span class='ocrx_word' id='word_1_621' title='bbox 256 4800 261 4805; x_wconf 82' lang='lat'><strong>&#39;</strong></span> <span class='ocrx_word' id='word_1_622' title='bbox 298 4786 510 4845; x_wconf 69' lang='lat' dir='ltr'><strong>Prasini</strong></span> <span class='ocrx_word' id='word_1_623' title='bbox 533 4786 1226 4861; x_wconf 69' lang='lat' dir='ltr'><strong>pantomimus,confusione</strong></span> <span class='ocrx_word' id='word_1_624' title='bbox 1243 4787 1420 4859; x_wconf 79' lang='lat' dir='ltr'><strong>pepuli</strong></span> <span class='ocrx_word' id='word_1_625' title='bbox 1440 4786 1665 4853; x_wconf 86' lang='lat' dir='ltr'><strong>sublata,</strong></span> <span class='ocrx_word' id='word_1_626' title='bbox 1687 4803 1814 4842; x_wconf 81' lang='lat' dir='ltr'><strong>con-</strong></span> 
     </span>
    </p>
   </div>
   <div class='ocr_carea' id='block_1_95' title="bbox 226 4863 841 4917">
    <p class='ocr_par' dir='ltr' id='par_1_95' title="bbox 226 4863 841 4917">
     <span class='ocr_line' id='line_1_96' title="bbox 226 4863 841 4917; baseline -0.003 0"><span class='ocrx_word' id='word_1_627' title='bbox 226 4888 229 4891; x_wconf 93' lang='grc'><strong>·</strong></span> <span class='ocrx_word' id='word_1_628' title='bbox 294 4863 585 4917; x_wconf 58' lang='grc' dir='ltr'><strong>σιὲηιαωνιι</strong></span> <span class='ocrx_word' id='word_1_629' title='bbox 682 4892 691 4903; x_wconf 73' lang='grc' dir='ltr'><strong><em>ο</em></strong></span> <span class='ocrx_word' id='word_1_630' title='bbox 742 4892 749 4901; x_wconf 66' lang='grc' dir='ltr'><em>τ</em></span> <span class='ocrx_word' id='word_1_631' title='bbox 833 4894 841 4905; x_wconf 80' lang='grc' dir='ltr'>ι</span> 
     </span>
    </p>
   </div>
   <div class='ocr_carea' id='block_1_96' title="bbox 296 4954 1815 5041">
    <p class='ocr_par' dir='ltr' id='par_1_96' title="bbox 296 4954 1815 5041">
     <span class='ocr_line' id='line_1_97' title="bbox 296 4954 1815 5041; baseline -0.003 -13"><span class='ocrx_word' id='word_1_632' title='bbox 296 4954 448 5028; x_wconf 81' lang='lat' dir='ltr'><strong>Licet</strong></span> <span class='ocrx_word' id='word_1_633' title='bbox 478 4972 619 5028; x_wconf 89' lang='lat' dir='ltr'><strong>inter</strong></span> <span class='ocrx_word' id='word_1_634' title='bbox 643 4972 907 5040; x_wconf 82' lang='lat' dir='ltr'><strong>gloriosas</strong></span> <span class='ocrx_word' id='word_1_635' title='bbox 932 4971 1241 5041; x_wconf 68' lang='lat' dir='ltr'><strong>reipublicae</strong></span> <span class='ocrx_word' id='word_1_636' title='bbox 1270 4984 1428 5025; x_wconf 89' lang='lat' dir='ltr'><strong>curas</strong></span> <span class='ocrx_word' id='word_1_637' title='bbox 1473 4978 1531 5023; x_wconf 92' lang='lat' dir='ltr'><strong>et</strong></span> <span class='ocrx_word' id='word_1_638' title='bbox 1553 4967 1815 5037; x_wconf 85' lang='lat' dir='ltr'><strong>regalium</strong></span> 
     </span>
    </p>
   </div>
   <div class='ocr_carea' id='block_1_97' title="bbox 216 5058 1815 5133">
    <p class='ocr_par' dir='ltr' id='par_1_97' title="bbox 216 5058 1815 5133">
     <span class='ocr_line' id='line_1_98' title="bbox 216 5058 1815 5133; baseline -0.003 -12"><span class='ocrx_word' id='word_1_639' title='bbox 216 5063 645 5121; x_wconf 72' lang='lat' dir='ltr'><strong>sollicitudinum</strong></span> <span class='ocrx_word' id='word_1_640' title='bbox 690 5062 1001 5118; x_wconf 79' lang='lat' dir='ltr'><strong>salutiferas</strong></span> <span class='ocrx_word' id='word_1_641' title='bbox 1026 5061 1221 5117; x_wconf 80' lang='lat' dir='ltr'><strong>ﬂuctus</strong></span> <span class='ocrx_word' id='word_1_642' title='bbox 1253 5059 1382 5133; x_wconf 81' lang='lat' dir='ltr'><strong>[ed.,</strong></span> <span class='ocrx_word' id='word_1_643' title='bbox 1418 5058 1646 5132; x_wconf 79' lang='lat' dir='ltr'><strong>fructus]</strong></span> <span class='ocrx_word' id='word_1_644' title='bbox 1690 5076 1815 5131; x_wconf 86' lang='lat' dir='ltr'><strong>pars</strong></span> 
     </span>
    </p>
   </div>
   <div class='ocr_carea' id='block_1_98' title="bbox 300 5178 1881 5273">
    <p class='ocr_par' dir='ltr' id='par_1_98' title="bbox 300 5178 1881 5273">
     <span class='ocr_line' id='line_1_99' title="bbox 300 5178 1881 5273; baseline -0.002 0"><span class='ocrx_word' id='word_1_645' title='bbox 300 5228 327 5256; x_wconf 78' lang='grc'>⁸</span> <span class='ocrx_word' id='word_1_646' title='bbox 351 5215 548 5273; x_wconf 88' lang='lat' dir='ltr'><strong>Cicero</strong></span> <span class='ocrx_word' id='word_1_647' title='bbox 568 5217 622 5272; x_wconf 89' lang='lat' dir='ltr'><strong>in</strong></span> <span class='ocrx_word' id='word_1_648' title='bbox 647 5217 869 5272; x_wconf 83' lang='lat' dir='ltr'><strong>Verrem</strong></span> <span class='ocrx_word' id='word_1_649' title='bbox 901 5232 916 5268; x_wconf 93' lang='lat'><strong>:</strong></span> <span class='ocrx_word' id='word_1_650' title='bbox 992 5214 1179 5272; x_wconf 85' lang='lat' dir='ltr'><strong>Scelus</strong></span> <span class='ocrx_word' id='word_1_651' title='bbox 1202 5216 1255 5270; x_wconf 91' lang='lat' dir='ltr'><strong>in</strong></span> <span class='ocrx_word' id='word_1_652' title='bbox 1287 5215 1500 5273; x_wconf 79' lang='lat' dir='ltr'><strong>uitiatas</strong></span> <span class='ocrx_word' id='word_1_653' title='bbox 1529 5223 1701 5271; x_wconf 84' lang='lat' dir='ltr'><strong>terras</strong></span> <span class='ocrx_word' id='word_1_654' title='bbox 1724 5178 1881 5271; x_wconf 32' lang='lat' dir='ltr'><strong>de-H&#39;</strong></span> 
     </span>
    </p>
   </div>
   <div class='ocr_carea' id='block_1_99' title="bbox 226 5286 1598 5439">
    <p class='ocr_par' dir='ltr' id='par_1_99' title="bbox 226 5286 1598 5439">
     <span class='ocr_line' id='line_1_100' title="bbox 226 5286 1598 5439; baseline -0.002 -27"><span class='ocrx_word' id='word_1_655' title='bbox 226 5288 574 5439; x_wconf 41' lang='lat' dir='ltr'><strong>mwgi&#39;é&#39;é</strong></span> <span class='ocrx_word' id='word_1_656' title='bbox 590 5286 859 5439; x_wconf 40' lang='lat'><strong>9,1933%,</strong></span> <span class='ocrx_word' id='word_1_657' title='bbox 888 5355 1084 5439; x_wconf 73' lang='lat' dir='ltr'><strong>Cicero</strong></span> <span class='ocrx_word' id='word_1_658' title='bbox 1100 5354 1167 5436; x_wconf 78' lang='lat' dir='ltr'><strong>de</strong></span> <span class='ocrx_word' id='word_1_659' title='bbox 1186 5353 1341 5439; x_wconf 71' lang='lat' dir='ltr'><strong>Ofbc.</strong></span> <span class='ocrx_word' id='word_1_660' title='bbox 1366 5371 1403 5409; x_wconf 86' lang='grc' dir='ltr'><strong>ι.</strong></span> <span class='ocrx_word' id='word_1_661' title='bbox 1427 5354 1598 5436; x_wconf 60' lang='lat' dir='ltr'><strong>Fons.</strong></span> 
     </span>
    </p>
   </div>
   <div class='ocr_carea' id='block_1_100' title="bbox 304 5423 1823 5498">
    <p class='ocr_par' dir='ltr' id='par_1_100' title="bbox 304 5423 1823 5498">
     <span class='ocr_line' id='line_1_101' title="bbox 304 5423 1823 5498; baseline -0.001 -16"><span class='ocrx_word' id='word_1_662' title='bbox 304 5440 331 5471; x_wconf 66' lang='grc' dir='ltr'><strong>θ</strong></span> <span class='ocrx_word' id='word_1_663' title='bbox 367 5445 387 5482; x_wconf 70' lang='grc' dir='ltr'>ι</span> <span class='ocrx_word' id='word_1_664' title='bbox 410 5426 570 5498; x_wconf 77' lang='lat' dir='ltr'><strong>Ratio</strong></span> <span class='ocrx_word' id='word_1_665' title='bbox 593 5427 768 5498; x_wconf 86' lang='lat' dir='ltr'><strong>iubet,</strong></span> <span class='ocrx_word' id='word_1_666' title='bbox 782 5441 860 5498; x_wconf 73' lang='lat' dir='ltr'><strong>ne</strong></span> <span class='ocrx_word' id='word_1_667' title='bbox 879 5427 1011 5498; x_wconf 85' lang='lat' dir='ltr'><strong>quid</strong></span> <span class='ocrx_word' id='word_1_668' title='bbox 1033 5425 1209 5498; x_wconf 84' lang='lat' dir='ltr'><strong>nimis,</strong></span> <span class='ocrx_word' id='word_1_669' title='bbox 1233 5423 1326 5480; x_wconf 89' lang='lat' dir='ltr'><strong>sed</strong></span> <span class='ocrx_word' id='word_1_670' title='bbox 1349 5426 1542 5498; x_wconf 62' lang='lat' dir='ltr'><strong>omnia</strong></span> <span class='ocrx_word' id='word_1_671' title='bbox 1555 5440 1677 5479; x_wconf 91' lang='lat' dir='ltr'><strong>cum</strong></span> <span class='ocrx_word' id='word_1_672' title='bbox 1704 5440 1823 5481; x_wconf 90' lang='lat' dir='ltr'><strong>mo-</strong></span> 
     </span>
    </p>
   </div>
   <div class='ocr_carea' id='block_1_101' title="bbox 228 5494 1822 5562">
    <p class='ocr_par' dir='ltr' id='par_1_101' title="bbox 228 5494 1822 5562">
     <span class='ocr_line' id='line_1_102' title="bbox 228 5494 1822 5562; baseline -0.003 -6"><span class='ocrx_word' id='word_1_673' title='bbox 228 5494 684 5556; x_wconf 30' lang='lat' dir='ltr'><strong>ueramiue‘liaiit.</strong></span> <span class='ocrx_word' id='word_1_674' title='bbox 713 5513 735 5549; x_wconf 69' lang='grc' dir='ltr'>ι</span> <span class='ocrx_word' id='word_1_675' title='bbox 768 5494 957 5552; x_wconf 72' lang='lat' dir='ltr'><strong>Cicero</strong></span> <span class='ocrx_word' id='word_1_676' title='bbox 980 5497 1053 5552; x_wconf 84' lang='lat' dir='ltr'><strong>de</strong></span> <span class='ocrx_word' id='word_1_677' title='bbox 1079 5496 1309 5550; x_wconf 82' lang='lat' dir='ltr'><strong>Oratore</strong></span> <span class='ocrx_word' id='word_1_678' title='bbox 1332 5503 1391 5550; x_wconf 90' lang='lat' dir='ltr'><strong>et</strong></span> <span class='ocrx_word' id='word_1_679' title='bbox 1413 5497 1482 5550; x_wconf 85' lang='lat' dir='ltr'><strong>de</strong></span> <span class='ocrx_word' id='word_1_680' title='bbox 1510 5494 1822 5562; x_wconf 86' lang='lat' dir='ltr'><strong>Senectute,</strong></span> 
     </span>
    </p>
   </div>
   <div class='ocr_carea' id='block_1_102' title="bbox 230 5566 1644 5628">
    <p class='ocr_par' dir='ltr' id='par_1_102' title="bbox 230 5566 1644 5628">
     <span class='ocr_line' id='line_1_103' title="bbox 230 5566 1644 5628; baseline -0.006 -1"><span class='ocrx_word' id='word_1_681' title='bbox 230 5571 327 5628; x_wconf 84' lang='lat' dir='ltr'><strong>lib.</strong></span> <span class='ocrx_word' id='word_1_682' title='bbox 356 5585 374 5626; x_wconf 83' lang='grc' dir='ltr'><strong>ι</strong></span> <span class='ocrx_word' id='word_1_683' title='bbox 399 5567 553 5625; x_wconf 77' lang='lat' dir='ltr'><strong>Oliic.</strong></span> <span class='ocrx_word' id='word_1_684' title='bbox 581 5566 801 5622; x_wconf 48' lang='lat' dir='ltr'><strong>Coimus</strong></span> <span class='ocrx_word' id='word_1_685' title='bbox 823 5568 916 5622; x_wconf 86' lang='lat' dir='ltr'><strong>lib.</strong></span> <span class='ocrx_word' id='word_1_686' title='bbox 948 5583 1006 5622; x_wconf 86' lang='grc' dir='ltr'><strong>ιι.</strong></span> <span class='ocrx_word' id='word_1_687' title='bbox 1033 5566 1232 5621; x_wconf 82' lang='lat' dir='ltr'><strong>Bnoss.</strong></span> <span class='ocrx_word' id='word_1_688' title='bbox 1640 5614 1644 5619; x_wconf 88' lang='lat'><strong>.</strong></span> 
     </span>
    </p>
   </div>
   <div class='ocr_carea' id='block_1_103' title="bbox 304 5633 1818 5710">
    <p class='ocr_par' dir='ltr' id='par_1_103' title="bbox 304 5633 1818 5710">
     <span class='ocr_line' id='line_1_104' title="bbox 304 5633 1818 5710; baseline -0.003 -15"><span class='ocrx_word' id='word_1_689' title='bbox 304 5637 689 5710; x_wconf 55' lang='lat' dir='ltr'><strong>iPopuliiam</strong></span> <span class='ocrx_word' id='word_1_690' title='bbox 729 5636 811 5692; x_wconf 88' lang='lat' dir='ltr'><strong>his</strong></span> <span class='ocrx_word' id='word_1_691' title='bbox 853 5637 1183 5710; x_wconf 81' lang='lat' dir='ltr'><strong>temporibus</strong></span> <span class='ocrx_word' id='word_1_692' title='bbox 1218 5650 1433 5710; x_wconf 60' lang='lat' dir='ltr'><strong>coepere</strong></span> <span class='ocrx_word' id='word_1_693' title='bbox 1480 5633 1534 5689; x_wconf 92' lang='lat' dir='ltr'><strong>in</strong></span> <span class='ocrx_word' id='word_1_694' title='bbox 1574 5634 1818 5710; x_wconf 68' lang='lat' dir='ltr'><strong>qualibet</strong></span> 
     </span>
    </p>
   </div>
   <div class='ocr_carea' id='block_1_104' title="bbox 230 5702 1819 5767">
    <p class='ocr_par' dir='ltr' id='par_1_104' title="bbox 230 5702 1819 5767">
     <span class='ocr_line' id='line_1_105' title="bbox 230 5702 1819 5767; baseline -0.004 0"><span class='ocrx_word' id='word_1_695' title='bbox 230 5702 461 5767; x_wconf 72' lang='lat' dir='ltr'><strong>civitate</strong></span> <span class='ocrx_word' id='word_1_696' title='bbox 474 5710 525 5763; x_wconf 90' lang='lat' dir='ltr'><strong>in</strong></span> <span class='ocrx_word' id='word_1_697' title='bbox 550 5702 810 5763; x_wconf 77' lang='lat' dir='ltr'><strong>factiones</strong></span> <span class='ocrx_word' id='word_1_698' title='bbox 830 5702 1068 5762; x_wconf 73' lang='lat' dir='ltr'><strong>colorum</strong></span> <span class='ocrx_word' id='word_1_699' title='bbox 1088 5706 1279 5761; x_wconf 82' lang='lat' dir='ltr'><strong>Veneti</strong></span> <span class='ocrx_word' id='word_1_700' title='bbox 1299 5702 1508 5761; x_wconf 77' lang='lat' dir='ltr'><strong>scilicet</strong></span> <span class='ocrx_word' id='word_1_701' title='bbox 1532 5702 1819 5761; x_wconf 43' lang='lat' dir='ltr'><strong>et&#39;Prasini</strong></span> 
     </span>
    </p>
   </div>
   <div class='ocr_carea' id='block_1_105' title="bbox 230 5776 1818 5847">
    <p class='ocr_par' dir='ltr' id='par_1_105' title="bbox 230 5776 1818 5847">
     <span class='ocr_line' id='line_1_106' title="bbox 230 5776 1818 5847; baseline -0.006 -9"><span class='ocrx_word' id='word_1_702' title='bbox 230 5778 697 5839; x_wconf 70' lang='lat' dir='ltr'><strong>dividiﬂolorum</strong></span> <span class='ocrx_word' id='word_1_703' title='bbox 721 5778 939 5847; x_wconf 77' lang='lat' dir='ltr'><strong>quidam</strong></span> <span class='ocrx_word' id='word_1_704' title='bbox 969 5778 1187 5833; x_wconf 86' lang='lat' dir='ltr'><strong>nomina</strong></span> <span class='ocrx_word' id='word_1_705' title='bbox 1217 5786 1273 5833; x_wconf 89' lang='lat' dir='ltr'><strong>et</strong></span> <span class='ocrx_word' id='word_1_706' title='bbox 1299 5776 1551 5842; x_wconf 74' lang='lat' dir='ltr'><strong>fullonis,</strong></span> <span class='ocrx_word' id='word_1_707' title='bbox 1586 5790 1818 5846; x_wconf 87' lang='lat' dir='ltr'><strong>quorum</strong></span> 
     </span>
    </p>
   </div>
   <div class='ocr_carea' id='block_1_106' title="bbox 354 5867 1071 5932">
    <p class='ocr_par' dir='ltr' id='par_1_106' title="bbox 354 5867 1071 5932">
     <span class='ocr_line' id='line_1_107' title="bbox 354 5867 1071 5932; baseline -0.003 -1"><span class='ocrx_word' id='word_1_708' title='bbox 354 5872 357 5879; x_wconf 85' lang='grc'><em>’</em></span> <span class='ocrx_word' id='word_1_709' title='bbox 446 5873 454 5883; x_wconf 88' lang='grc'><strong>’</strong></span> <span class='ocrx_word' id='word_1_710' title='bbox 508 5867 795 5932; x_wconf 65' lang='grc' dir='ltr'><strong>ἰ’λτιιοῐ...</strong></span> <span class='ocrx_word' id='word_1_711' title='bbox 842 5868 1071 5931; x_wconf 76' lang='lat' dir='ltr'><strong>LXIX.</strong></span> 
     </span>
    </p>
   </div>
   <div class='ocr_carea' id='block_1_107' title="bbox 1846 4514 3504 4586">
    <p class='ocr_par' dir='ltr' id='par_1_107' title="bbox 1846 4514 3504 4586">
     <span class='ocr_line' id='line_1_108' title="bbox 1846 4514 3504 4586; baseline 0.001 -18"><span class='ocrx_word' id='word_1_712' title='bbox 1846 4520 1891 4579; x_wconf 69' lang='grc' dir='ltr'><strong>[ν</strong></span> <span class='ocrx_word' id='word_1_713' title='bbox 1916 4515 2072 4581; x_wconf 88' lang='lat' dir='ltr'><strong>ritur,</strong></span> <span class='ocrx_word' id='word_1_714' title='bbox 2096 4514 2186 4569; x_wconf 88' lang='lat' dir='ltr'><strong>ubi</strong></span> <span class='ocrx_word' id='word_1_715' title='bbox 2207 4514 2276 4570; x_wconf 89' lang='lat' dir='ltr'><strong>ab</strong></span> <span class='ocrx_word' id='word_1_716' title='bbox 2297 4515 2428 4585; x_wconf 87' lang='lat' dir='ltr'><strong>ipsis</strong></span> <span class='ocrx_word' id='word_1_717' title='bbox 2451 4514 2734 4572; x_wconf 83' lang='lat' dir='ltr'><strong>cunabulis</strong></span> <span class='ocrx_word' id='word_1_718' title='bbox 2750 4523 3141 4570; x_wconf 78' lang='lat' dir='ltr'><strong>commoratur.</strong></span> <span class='ocrx_word' id='word_1_719' title='bbox 3164 4514 3504 4586; x_wconf 87' lang='lat' dir='ltr'><strong>Quapropter</strong></span> 
     </span>
    </p>
   </div>
   <div class='ocr_carea' id='block_1_108' title="bbox 1912 4597 3506 4677">
    <p class='ocr_par' dir='ltr' id='par_1_108' title="bbox 1912 4597 3506 4677">
     <span class='ocr_line' id='line_1_109' title="bbox 1912 4597 3506 4677; baseline 0.003 -20"><span class='ocrx_word' id='word_1_720' title='bbox 1912 4604 2058 4658; x_wconf 82' lang='lat' dir='ltr'><strong>votis</strong></span> <span class='ocrx_word' id='word_1_721' title='bbox 2104 4597 2325 4673; x_wconf 86' lang='lat' dir='ltr'><strong>paribus</strong></span> <span class='ocrx_word' id='word_1_722' title='bbox 2369 4604 2663 4659; x_wconf 71' lang='lat' dir='ltr'><strong>invitamur</strong></span> <span class='ocrx_word' id='word_1_723' title='bbox 2706 4602 2773 4658; x_wconf 88' lang='lat' dir='ltr'><strong>ad</strong></span> <span class='ocrx_word' id='word_1_724' title='bbox 2812 4603 2985 4662; x_wconf 84' lang='lat' dir='ltr'><strong>dona:</strong></span> <span class='ocrx_word' id='word_1_725' title='bbox 3041 4607 3506 4677; x_wconf 69' lang='lat' dir='ltr'><strong>quatenusun</strong></span> 
     </span>
    </p>
   </div>
   <div class='ocr_carea' id='block_1_109' title="bbox 1914 4693 3509 4765">
    <p class='ocr_par' dir='ltr' id='par_1_109' title="bbox 1914 4693 3509 4765">
     <span class='ocr_line' id='line_1_110' title="bbox 1914 4693 3509 4765; baseline 0.001 -16"><span class='ocrx_word' id='word_1_726' title='bbox 1914 4703 2110 4765; x_wconf 86' lang='lat' dir='ltr'><strong>sponte</strong></span> <span class='ocrx_word' id='word_1_727' title='bbox 2151 4694 2454 4759; x_wconf 87' lang='lat' dir='ltr'><strong>tribuimus,</strong></span> <span class='ocrx_word' id='word_1_728' title='bbox 2503 4693 2773 4763; x_wconf 78' lang='lat' dir='ltr'><strong>duplicata</strong></span> <span class='ocrx_word' id='word_1_729' title='bbox 2812 4696 2996 4763; x_wconf 77' lang='lat' dir='ltr'><strong>gratia</strong></span> <span class='ocrx_word' id='word_1_730' title='bbox 3035 4696 3397 4755; x_wconf 80' lang='lat' dir='ltr'><strong>conferamus.</strong></span> <span class='ocrx_word' id='word_1_731' title='bbox 3444 4695 3509 4751; x_wconf 83' lang='lat' dir='ltr'><strong>Et</strong></span> 
     </span>
    </p>
   </div>
   <div class='ocr_carea' id='block_1_110' title="bbox 1921 4784 3508 4858">
    <p class='ocr_par' dir='ltr' id='par_1_110' title="bbox 1921 4784 3508 4858">
     <span class='ocr_line' id='line_1_111' title="bbox 1921 4784 3508 4858; baseline 0.002 -18"><span class='ocrx_word' id='word_1_732' title='bbox 1921 4786 2044 4840; x_wconf 92' lang='lat' dir='ltr'><strong>ideo</strong></span> <span class='ocrx_word' id='word_1_733' title='bbox 2069 4785 2198 4840; x_wconf 90' lang='lat' dir='ltr'><strong>nulli</strong></span> <span class='ocrx_word' id='word_1_734' title='bbox 2222 4800 2386 4853; x_wconf 90' lang='lat' dir='ltr'><strong>grave</strong></span> <span class='ocrx_word' id='word_1_735' title='bbox 2407 4785 2500 4852; x_wconf 87' lang='lat' dir='ltr'><strong>sit,</strong></span> <span class='ocrx_word' id='word_1_736' title='bbox 2530 4784 2788 4841; x_wconf 78' lang='lat' dir='ltr'><strong>Romanis</strong></span> <span class='ocrx_word' id='word_1_737' title='bbox 2813 4785 3029 4841; x_wconf 75' lang='lat' dir='ltr'><strong>fabricis</strong></span> <span class='ocrx_word' id='word_1_738' title='bbox 3048 4786 3320 4858; x_wconf 78' lang='lat' dir='ltr'><strong>deputata:</strong></span> <span class='ocrx_word' id='word_1_739' title='bbox 3336 4801 3508 4857; x_wconf 85' lang='lat' dir='ltr'><strong>pecu-</strong></span> 
     </span>
    </p>
   </div>
   <div class='ocr_carea' id='block_1_111' title="bbox 1920 4878 3510 4948">
    <p class='ocr_par' dir='ltr' id='par_1_111' title="bbox 1920 4878 3510 4948">
     <span class='ocr_line' id='line_1_112' title="bbox 1920 4878 3510 4948; baseline 0.001 -15"><span class='ocrx_word' id='word_1_740' title='bbox 1920 4880 2031 4933; x_wconf 74' lang='lat' dir='ltr'><strong>niae</strong></span> <span class='ocrx_word' id='word_1_741' title='bbox 2050 4878 2283 4935; x_wconf 90' lang='lat' dir='ltr'><strong>reddere</strong></span> <span class='ocrx_word' id='word_1_742' title='bbox 2305 4878 2593 4943; x_wconf 88' lang='lat' dir='ltr'><strong>rationem,</strong></span> <span class='ocrx_word' id='word_1_743' title='bbox 2624 4893 2746 4933; x_wconf 85' lang='lat' dir='ltr'><strong>cum</strong></span> <span class='ocrx_word' id='word_1_744' title='bbox 2768 4893 2904 4948; x_wconf 87' lang='lat' dir='ltr'><strong>pura</strong></span> <span class='ocrx_word' id='word_1_745' title='bbox 2932 4879 3266 4937; x_wconf 83' lang='lat' dir='ltr'><strong>consciemia</strong></span> <span class='ocrx_word' id='word_1_746' title='bbox 3292 4878 3510 4937; x_wconf 81' lang='lat' dir='ltr'><strong>deside-</strong></span> 
     </span>
    </p>
   </div>
   <div class='ocr_carea' id='block_1_112' title="bbox 1921 4966 3509 5040">
    <p class='ocr_par' dir='ltr' id='par_1_112' title="bbox 1921 4966 3509 5040">
     <span class='ocr_line' id='line_1_113' title="bbox 1921 4966 3509 5040; baseline -0.001 -15"><span class='ocrx_word' id='word_1_747' title='bbox 1921 4979 2006 5025; x_wconf 84' lang='lat' dir='ltr'><strong>ret</strong></span> <span class='ocrx_word' id='word_1_748' title='bbox 2043 4984 2105 5025; x_wconf 83' lang='lat' dir='ltr'><strong>se</strong></span> <span class='ocrx_word' id='word_1_749' title='bbox 2136 4969 2373 5038; x_wconf 82' lang='lat' dir='ltr'><strong>probari</strong></span> <span class='ocrx_word' id='word_1_750' title='bbox 2411 4987 2426 5023; x_wconf 88' lang='lat'><strong>:</strong></span> <span class='ocrx_word' id='word_1_751' title='bbox 2457 4966 2676 5037; x_wconf 84' lang='lat' dir='ltr'><strong>quando</strong></span> <span class='ocrx_word' id='word_1_752' title='bbox 2714 4966 2945 5025; x_wconf 77' lang='lat' dir='ltr'><strong>fructum</strong></span> <span class='ocrx_word' id='word_1_753' title='bbox 2985 4968 3189 5025; x_wconf 80' lang='lat' dir='ltr'><strong>laboris</strong></span> <span class='ocrx_word' id='word_1_754' title='bbox 3223 4968 3306 5027; x_wconf 90' lang='lat' dir='ltr'><strong>sui</strong></span> <span class='ocrx_word' id='word_1_755' title='bbox 3332 4969 3509 5040; x_wconf 83' lang='lat' dir='ltr'><strong>capit,</strong></span> 
     </span>
    </p>
   </div>
   <div class='ocr_carea' id='block_1_113' title="bbox 1920 5056 3509 5130">
    <p class='ocr_par' dir='ltr' id='par_1_113' title="bbox 1920 5056 3509 5130">
     <span class='ocr_line' id='line_1_114' title="bbox 1920 5056 3509 5130; baseline 0 -15"><span class='ocrx_word' id='word_1_756' title='bbox 1920 5059 2049 5115; x_wconf 88' lang='lat' dir='ltr'><strong>dum</strong></span> <span class='ocrx_word' id='word_1_757' title='bbox 2075 5058 2144 5114; x_wconf 89' lang='lat' dir='ltr'><strong>ad</strong></span> <span class='ocrx_word' id='word_1_758' title='bbox 2166 5073 2266 5113; x_wconf 91' lang='lat' dir='ltr'><strong>nos</strong></span> <span class='ocrx_word' id='word_1_759' title='bbox 2290 5074 2550 5129; x_wconf 85' lang='lat' dir='ltr'><strong>prospera</strong></span> <span class='ocrx_word' id='word_1_760' title='bbox 2572 5058 2641 5114; x_wconf 88' lang='lat' dir='ltr'><strong>de</strong></span> <span class='ocrx_word' id='word_1_761' title='bbox 2667 5074 2723 5113; x_wconf 85' lang='lat' dir='ltr'><strong>se</strong></span> <span class='ocrx_word' id='word_1_762' title='bbox 2746 5056 3029 5130; x_wconf 76' lang='lat' dir='ltr'><strong>pervenire</strong></span> <span class='ocrx_word' id='word_1_763' title='bbox 3047 5059 3341 5128; x_wconf 83' lang='lat' dir='ltr'><strong>cognoscit.</strong></span> <span class='ocrx_word' id='word_1_764' title='bbox 3366 5057 3509 5128; x_wconf 66' lang='lat' dir='ltr'><strong>Quo-</strong></span> 
     </span>
    </p>
   </div>
   <div class='ocr_carea' id='block_1_114' title="bbox 1924 5208 3513 5284">
    <p class='ocr_par' dir='ltr' id='par_1_114' title="bbox 1924 5208 3513 5284">
     <span class='ocr_line' id='line_1_115' title="bbox 1924 5208 3513 5284; baseline 0 -15"><span class='ocrx_word' id='word_1_765' title='bbox 1924 5208 2097 5284; x_wconf 33' lang='lat' dir='ltr'><strong>g‘ratia</strong></span> <span class='ocrx_word' id='word_1_766' title='bbox 2127 5212 2267 5284; x_wconf 86' lang='lat' dir='ltr'><strong>inter</strong></span> <span class='ocrx_word' id='word_1_767' title='bbox 2296 5220 2716 5284; x_wconf 74' lang='lat' dir='ltr'><strong>spectatoreset</strong></span> <span class='ocrx_word' id='word_1_768' title='bbox 2743 5208 3279 5284; x_wconf 40' lang='lat' dir='ltr'><strong>pecunias&#39;erogare,</strong></span> <span class='ocrx_word' id='word_1_769' title='bbox 3307 5222 3362 5270; x_wconf 91' lang='lat' dir='ltr'><strong>et</strong></span> <span class='ocrx_word' id='word_1_770' title='bbox 3386 5230 3513 5271; x_wconf 60' lang='lat' dir='ltr'><strong>cor-</strong></span> 
     </span>
    </p>
   </div>
   <div class='ocr_carea' id='block_1_115' title="bbox 1963 5280 3513 5353">
    <p class='ocr_par' dir='ltr' id='par_1_115' title="bbox 1963 5280 3513 5353">
     <span class='ocr_line' id='line_1_116' title="bbox 1963 5280 3513 5353; baseline 0 -14"><span class='ocrx_word' id='word_1_771' title='bbox 1963 5301 2059 5339; x_wconf 89' lang='lat' dir='ltr'><strong>ora</strong></span> <span class='ocrx_word' id='word_1_772' title='bbox 2085 5283 2217 5339; x_wconf 88' lang='lat' dir='ltr'><strong>diris</strong></span> <span class='ocrx_word' id='word_1_773' title='bbox 2242 5280 2568 5349; x_wconf 77' lang='lat' dir='ltr'><strong>cruciatibus</strong></span> <span class='ocrx_word' id='word_1_774' title='bbox 2584 5280 2834 5353; x_wconf 66' lang='lat' dir='ltr'><strong>afﬂigere</strong></span> <span class='ocrx_word' id='word_1_775' title='bbox 2862 5297 2968 5353; x_wconf 89' lang='lat' dir='ltr'><strong>non</strong></span> <span class='ocrx_word' id='word_1_776' title='bbox 2997 5280 3263 5353; x_wconf 83' lang='lat' dir='ltr'><strong>dubitant,</strong></span> <span class='ocrx_word' id='word_1_777' title='bbox 3293 5299 3391 5353; x_wconf 86' lang='lat' dir='ltr'><strong>per</strong></span> <span class='ocrx_word' id='word_1_778' title='bbox 3417 5301 3513 5339; x_wconf 85' lang='lat' dir='ltr'><strong>co-</strong></span> 
     </span>
    </p>
   </div>
   <div class='ocr_carea' id='block_1_116' title="bbox 1945 5350 3507 5423">
    <p class='ocr_par' dir='ltr' id='par_1_116' title="bbox 1945 5350 3507 5423">
     <span class='ocr_line' id='line_1_117' title="bbox 1945 5350 3507 5423; baseline -0.001 -14"><span class='ocrx_word' id='word_1_779' title='bbox 1945 5370 2069 5410; x_wconf 88' lang='lat' dir='ltr'><strong>ores</strong></span> <span class='ocrx_word' id='word_1_780' title='bbox 2096 5353 2443 5418; x_wconf 79' lang='lat' dir='ltr'><strong>dissidentes,</strong></span> <span class='ocrx_word' id='word_1_781' title='bbox 2476 5355 2551 5423; x_wconf 75' lang='lat' dir='ltr'><strong>ait</strong></span> <span class='ocrx_word' id='word_1_782' title='bbox 2581 5350 3011 5423; x_wconf 74' lang='lat' dir='ltr'><strong>Procbpiuslib.</strong></span> <span class='ocrx_word' id='word_1_783' title='bbox 3041 5367 3060 5407; x_wconf 83' lang='grc' dir='ltr'><strong><em>ι</em></strong></span> <span class='ocrx_word' id='word_1_784' title='bbox 3087 5353 3156 5408; x_wconf 89' lang='lat' dir='ltr'><strong>de</strong></span> <span class='ocrx_word' id='word_1_785' title='bbox 3189 5350 3341 5408; x_wconf 81' lang='lat' dir='ltr'><strong>Bello</strong></span> <span class='ocrx_word' id='word_1_786' title='bbox 3381 5353 3507 5409; x_wconf 58' lang='lat' dir='ltr'><strong>Pero</strong></span> 
     </span>
    </p>
   </div>
   <div class='ocr_carea' id='block_1_117' title="bbox 1925 5421 3513 5493">
    <p class='ocr_par' dir='ltr' id='par_1_117' title="bbox 1925 5421 3513 5493">
     <span class='ocr_line' id='line_1_118' title="bbox 1925 5421 3513 5493; baseline -0.001 -13"><span class='ocrx_word' id='word_1_787' title='bbox 1925 5425 2043 5480; x_wconf 91' lang='lat' dir='ltr'><strong>sico</strong></span> <span class='ocrx_word' id='word_1_788' title='bbox 2074 5443 2087 5477; x_wconf 88' lang='lat'><strong>:</strong></span> <span class='ocrx_word' id='word_1_789' title='bbox 2116 5424 2433 5480; x_wconf 89' lang='lat' dir='ltr'><strong>seditionem</strong></span> <span class='ocrx_word' id='word_1_790' title='bbox 2464 5421 2931 5493; x_wconf 75' lang='lat' dir='ltr'><strong>Constaininopoli</strong></span> <span class='ocrx_word' id='word_1_791' title='bbox 2954 5421 3081 5493; x_wconf 82' lang='lat' dir='ltr'><strong>hinc</strong></span> <span class='ocrx_word' id='word_1_792' title='bbox 3107 5434 3286 5477; x_wconf 85' lang='lat' dir='ltr'><strong>natam</strong></span> <span class='ocrx_word' id='word_1_793' title='bbox 3309 5424 3513 5493; x_wconf 84' lang='lat' dir='ltr'><strong>descri-</strong></span> 
     </span>
    </p>
   </div>
   <div class='ocr_carea' id='block_1_118' title="bbox 1926 5491 3514 5563">
    <p class='ocr_par' dir='ltr' id='par_1_118' title="bbox 1926 5491 3514 5563">
     <span class='ocr_line' id='line_1_119' title="bbox 1926 5491 3514 5563; baseline -0.003 -12"><span class='ocrx_word' id='word_1_794' title='bbox 1926 5496 2081 5556; x_wconf 86' lang='lat' dir='ltr'><strong>bens.</strong></span> <span class='ocrx_word' id='word_1_795' title='bbox 2109 5496 2261 5563; x_wconf 84' lang='lat' dir='ltr'><strong>cuius</strong></span> <span class='ocrx_word' id='word_1_796' title='bbox 2289 5492 2532 5548; x_wconf 89' lang='lat' dir='ltr'><strong>meminit</strong></span> <span class='ocrx_word' id='word_1_797' title='bbox 2551 5491 2885 5563; x_wconf 82' lang='lat' dir='ltr'><strong>Justinianus</strong></span> <span class='ocrx_word' id='word_1_798' title='bbox 2908 5491 3010 5548; x_wconf 91' lang='lat' dir='ltr'><strong>sub</strong></span> <span class='ocrx_word' id='word_1_799' title='bbox 3036 5492 3197 5563; x_wconf 85' lang='lat' dir='ltr'><strong>ﬁnem</strong></span> <span class='ocrx_word' id='word_1_800' title='bbox 3222 5492 3399 5549; x_wconf 87' lang='lat' dir='ltr'><strong>novel.</strong></span> <span class='ocrx_word' id='word_1_801' title='bbox 3426 5494 3514 5561; x_wconf 80' lang='lat' dir='ltr'><strong>l7,</strong></span> 
     </span>
    </p>
   </div>
   <div class='ocr_carea' id='block_1_119' title="bbox 1922 5562 3514 5633">
    <p class='ocr_par' dir='ltr' id='par_1_119' title="bbox 1922 5562 3514 5633">
     <span class='ocr_line' id='line_1_120' title="bbox 1922 5562 3514 5633; baseline 0 -13"><span class='ocrx_word' id='word_1_802' title='bbox 1922 5566 2185 5633; x_wconf 82' lang='lat' dir='ltr'><strong>iubetque</strong></span> <span class='ocrx_word' id='word_1_803' title='bbox 2232 5573 2487 5619; x_wconf 86' lang='lat' dir='ltr'><strong>auctores</strong></span> <span class='ocrx_word' id='word_1_804' title='bbox 2527 5562 2839 5630; x_wconf 90' lang='lat' dir='ltr'><strong>seditionis,</strong></span> <span class='ocrx_word' id='word_1_805' title='bbox 2865 5563 2961 5633; x_wconf 91' lang='lat' dir='ltr'><strong>qui</strong></span> <span class='ocrx_word' id='word_1_806' title='bbox 2998 5562 3346 5633; x_wconf 81' lang='lat' dir='ltr'><strong>aufugerant,</strong></span> <span class='ocrx_word' id='word_1_807' title='bbox 3378 5579 3514 5620; x_wconf 89' lang='lat' dir='ltr'><strong>con-</strong></span> 
     </span>
    </p>
   </div>
   <div class='ocr_carea' id='block_1_120' title="bbox 1922 5633 3518 5706">
    <p class='ocr_par' dir='ltr' id='par_1_120' title="bbox 1922 5633 3518 5706">
     <span class='ocr_line' id='line_1_121' title="bbox 1922 5633 3518 5706; baseline 0.001 -17"><span class='ocrx_word' id='word_1_808' title='bbox 1922 5635 2084 5705; x_wconf 88' lang='lat' dir='ltr'><strong>quiri,</strong></span> <span class='ocrx_word' id='word_1_809' title='bbox 2136 5643 2192 5706; x_wconf 79' lang='lat' dir='ltr'><strong>et</strong></span> <span class='ocrx_word' id='word_1_810' title='bbox 2231 5635 2283 5689; x_wconf 89' lang='lat' dir='ltr'><strong>in</strong></span> <span class='ocrx_word' id='word_1_811' title='bbox 2322 5635 2511 5706; x_wconf 85' lang='lat' dir='ltr'><strong>urbem</strong></span> <span class='ocrx_word' id='word_1_812' title='bbox 2551 5635 2971 5706; x_wconf 26' lang='lat' dir='ltr'><strong>ut‘puni‘antur,</strong></span> <span class='ocrx_word' id='word_1_813' title='bbox 3013 5633 3234 5706; x_wconf 81' lang='lat' dir='ltr'><strong>adduci.</strong></span> <span class='ocrx_word' id='word_1_814' title='bbox 3278 5633 3518 5706; x_wconf 69' lang='lat' dir='ltr'><strong>Hujusce</strong></span> 
     </span>
    </p>
   </div>
   <div class='ocr_carea' id='block_1_121' title="bbox 1924 5701 3514 5777">
    <p class='ocr_par' dir='ltr' id='par_1_121' title="bbox 1924 5701 3514 5777">
     <span class='ocr_line' id='line_1_122' title="bbox 1924 5701 3514 5777; baseline 0 -17"><span class='ocrx_word' id='word_1_815' title='bbox 1924 5701 2101 5777; x_wconf 52' lang='lat' dir='ltr'><strong>autem</strong></span> <span class='ocrx_word' id='word_1_816' title='bbox 2143 5703 2386 5761; x_wconf 72' lang='lat' dir='ltr'><strong>formula:</strong></span> <span class='ocrx_word' id='word_1_817' title='bbox 2424 5701 2666 5761; x_wconf 72' lang='lat' dir='ltr'><strong>meminii</strong></span> <span class='ocrx_word' id='word_1_818' title='bbox 2702 5702 2841 5760; x_wconf 81' lang='lat' dir='ltr'><strong>infra</strong></span> <span class='ocrx_word' id='word_1_819' title='bbox 2870 5701 3031 5775; x_wconf 81' lang='lat' dir='ltr'><strong>huius</strong></span> <span class='ocrx_word' id='word_1_820' title='bbox 3070 5704 3165 5761; x_wconf 88' lang='lat' dir='ltr'><strong>lib.</strong></span> <span class='ocrx_word' id='word_1_821' title='bbox 3216 5701 3377 5777; x_wconf 69' lang='lat' dir='ltr'><strong>epist.</strong></span> <span class='ocrx_word' id='word_1_822' title='bbox 3422 5704 3514 5761; x_wconf 73' lang='lat'><strong>33.</strong></span> 
     </span>
    </p>
   </div>
   <div class='ocr_carea' id='block_1_122' title="bbox 1926 5775 2166 5833">
    <p class='ocr_par' dir='ltr' id='par_1_122' title="bbox 1926 5775 2166 5833">
     <span class='ocr_line' id='line_1_123' title="bbox 1926 5775 2166 5833; baseline 0.004 -3"><span class='ocrx_word' id='word_1_823' title='bbox 1926 5775 2166 5833; x_wconf 69' lang='lat' dir='ltr'><strong>Fonnsn.</strong></span> 
     </span>
    </p>
   </div>
   <div class='ocr_carea' id='block_1_123' title="bbox 3058 5866 3126 5928">
    <p class='ocr_par' dir='ltr' id='par_1_123' title="bbox 3058 5866 3126 5928">
     <span class='ocr_line' id='line_1_124' title="bbox 3058 5866 3126 5928; baseline 0.074 -5"><span class='ocrx_word' id='word_1_824' title='bbox 3058 5866 3126 5928; x_wconf 77' lang='lat'><strong>17</strong></span> 
     </span>
    </p>
   </div>
  </div>
