3952 6422
499 395 610 451 δεῖ»

1721 389 1790 445 Μ.
1831 385 2104 462 Αυηειειι
2143 383 2536 444 CASSIODORI

3666 389 3774 444 52$

501 505 636 559 circa
669 503 914 574 prteseuti
945 501 1284 560 decernimus
1305 500 1568 572 iussione,
1603 500 1858 556 Romamn
1884 510 2073 556 ctvna-
2101 504 2150 558 Α
2248 497 2393 552 Festi
2416 507 2465 552 et
2493 497 2796 568 Symmachi
2819 505 3000 551 contra
3026 495 3304 565 patricium
3326 490 3616 548 Paulinam
3647 497 3780 548 dir.-

500 595 566 648 tis
586 594 816 652 fabricas
843 609 940 649 vos
967 592 1166 649 debere
1187 591 1474 658 discutere,
1504 591 1549 646 si
1577 591 1730 646 labor
1747 591 1926 660 operis
1945 605 2074 646 con-

495 685 684 741 cordat
709 685 986 756 expensis,
1035 683 1125 740 vel
1152 683 1200 739 si
1240 682 1382 753 apud
1419 682 1652 754 aliquem
1693 690 1911 739 constet
1937 681 2075 737 resi-

496 775 624 832 dere
683 775 1005 846 pecuniam,
1055 789 1178 847 qua:
1236 788 1345 829 non
1400 772 1470 829 sit
1525 772 1746 829 fabricis
1801 786 2074 844 expensa,

493 866 766 934 deputatae
812 865 891 920 rei
938 862 1132 920 reddat
1165 862 1514 933 erogandam.
1546 862 1752 930 Quibus
1781 864 2078 919 rationibus

491 953 774 1013 evidenter
813 957 1119 1028 expressis,
1150 957 1220 1013 ad
1248 973 1350 1014 nos
1377 957 1788 1013 instructionem
1825 954 2078 1013 ﬁdelissi-

495 1061 637 1102 mam
667 1047 964 1115 destinate;
996 1054 1058 1103 ut
1089 1046 1294 1117 iudicio
1322 1055 1511 1103 nostro
1540 1045 1870 1116 respondere
1895 1044 2080 1100 videa-

493 1136 641 1202 mini,
668 1137 760 1206 qui
797 1138 928 1195 estis
955 1136 1022 1191 ad
1051 1136 1355 1204 indaginem
1380 1135 1624 1191 veritatis
1651 1133 1830 1189 electi.
1860 1133 2078 1191 Nullum

491 1228 637 1282 enim
687 1227 757 1286 de
807 1228 1056 1298 largitate
1101 1236 1287 1284 nostra
1335 1227 1573 1283 fraudari
1609 1227 1752 1282 velle
1788 1225 2076 1294 credimus,

491 1317 710 1388 quando
755 1319 808 1374 in
851 1319 944 1374 tali
989 1317 1211 1389 negotio
1260 1327 1317 1375 et
1352 1318 1421 1374 de
1457 1317 1696 1388 propriis
1733 1317 2079 1373 facultatibus

491 1423 618 1462 eum
644 1409 956 1480 impendere
984 1423 1145 1480 posse
1166 1407 1489 1478 iudicamus.
1520 1407 1664 1464 Aves
1679 1407 1810 1478 ipsa:
1833 1423 1933 1478 per
1950 1421 2079 1462 aera

493 1509 751 1568 vagantes
791 1501 1043 1572 proprios
1093 1499 1248 1559 nidos
1288 1508 1500 1569 amant;
1541 1501 1790 1558 erratiles
1837 1500 1966 1557 feras
2009 1501 2079 1558 ad

487 1591 690 1647 cubilia
719 1593 945 1648 dumosa
975 1593 1261 1661 festinant;
1291 1593 1602 1664 voluptuosi
1641 1594 1820 1665 pisces
1856 1608 2079 1664 campos

493 1681 726 1753 liquidos
756 1691 1120 1750 transeuntes,
1151 1697 1413 1740 cavernas
1435 1699 1560 1740 suas
1586 1683 1826 1741 studiosa
1855 1683 2078 1752 indaga-

2249 578 2412 622 ment.

2249 676 2412 733 Decet
2432 677 2627 746 regalis
2655 677 2825 747 apicis
2852 691 3057 742 curam,
3088 675 3458 746 generalitatis
3498 674 3781 731 custodire

2179 767 2524 824 concordiam
2548 788 2561 822 :
2595 769 2852 840 quoniam
2875 769 2942 824 ad
2970 769 3186 826 laudem
3210 769 3488 838 regnantis
3518 767 3778 831 trahitur,

2177 859 2224 914 si
2253 858 2320 914 ab
2351 859 2600 915 omnibus
2626 874 2735 930 pax
2763 868 2994 916 ametur.
3028 859 3167 927 Quid
3197 867 3282 914 est
3319 859 3468 915 enim
3495 857 3647 927 quod
3677 872 3780 912 nos

2179 949 2372 1004 melius
2393 949 2681 1020 praedicet,
2701 965 2866 1021 quam
2889 950 3104 1022 quietus
3131 949 3384 1021 populus,
3426 963 3668 1006 concors
3692 961 3781 1003 se-

2179 1047 2364 1106 natus,
2394 1048 2618 1110 totaque
2645 1040 2863 1111 respub.
2894 1055 3104 1096 morum
3133 1047 3446 1096 nostrorum
3483 1039 3781 1095 honestate

2179 1134 2413 1188 vestita?
2466 1133 2605 1190 llinc
2630 1143 2715 1190 est
2755 1135 2899 1207 quod
2941 1138 3198 1207 praesenti
3238 1137 3485 1206 iussione
3525 1136 3780 1192 decerni-

2179 1238 2302 1279 mus
2349 1232 2410 1279 ut
2453 1223 2724 1294 magniﬁci
2761 1226 2865 1282 viri
2907 1237 3074 1299 atque
3113 1229 3328 1298 patricii
3369 1227 3568 1286 Festus
3610 1237 3782 1298 atque

2181 1313 2558 1388 Symmachus,
2590 1327 2781 1374 contra
2809 1319 3076 1376 illustrem
3096 1327 3152 1378 et
3171 1321 3459 1393 patricium
3486 1320 3779 1380 Paulinum

2179 1409 2236 1465 in
2275 1408 2480 1479 iudicio
2523 1419 2740 1481 vestro,
2777 1426 2916 1484 quas
2959 1427 3020 1468 se
3066 1413 3269 1470 habere
3310 1413 3502 1470 dicunt
3545 1423 3780 1470 exerent

2181 1501 2443 1558 actiones.
2474 1500 2682 1569 Quibus
2717 1517 2820 1574 pro
2845 1503 3022 1572 legum
3066 1505 3280 1560 ratione
3306 1503 3598 1574 susceptis,
3621 1512 3700 1571 et,
3732 1505 3779 1560 si

2173 1588 2314 1659 juris
2341 1589 2475 1646 ordo
2504 1592 2724 1660 patitur,
2755 1590 3022 1660 deﬁnitis;
3055 1601 3183 1650 tunc
3208 1595 3469 1670 patricius
3494 1593 3778 1660 Paulinus,

2179 1680 2435 1750 quidquid
2463 1681 2751 1738 adversum
2779 1698 2943 1754 supra
2971 1692 3305 1740 memoratos
3343 1685 3666 1754 magnificos
3695 1685 3778 1739 vi-

493 1772 643 1830 tione
677 1773 1034 1844 perquirunt;
1072 1782 1375 1847 cunctaque
1410 1775 1662 1831 animalia
1690 1775 1763 1832 ibi
1791 1790 1851 1832 se
1878 1782 2084 1830 norunt
2179 1788 2273 1830 ros
2298 1788 2378 1846 se,
2399 1773 2600 1830 habere
2635 1782 2914 1841 causatur,
2958 1777 3076 1846 pari
3123 1784 3274 1833 sorte
3317 1775 3630 1848 depromat.
3669 1775 3778 1833 Nec

494 1863 754 1934 refugere,
804 1865 896 1922 ubi
945 1865 1258 1936 longissima
1309 1867 1538 1938 cupiunt
1589 1872 1754 1922 astate
1803 1874 2076 1922 constare.
2111 1871 2157 1932 Β
2183 1861 2389 1918 tardari
2425 1865 2674 1922 volumus
2714 1865 2768 1920 in
2805 1865 2922 1935 ejus
2962 1881 3181 1938 quoque
3227 1875 3383 1938 parte
3418 1867 3777 1934 sententiam,

491 1951 632 2022 Quid
655 1953 767 2026 iam
788 1955 856 2012 de
885 1953 1058 2012 Roma
1084 1956 1376 2013 debeamus
1403 1957 1604 2022 dicere,
1626 1970 1786 2028 quam
1808 1955 1888 2013 fas
1907 1964 1990 2014 est
2008 1957 2078 2013 ab

495 2044 624 2116 ipsis
651 2046 834 2104 liberis
861 2047 981 2120 plus
1009 2049 1216 2106 amari?

1017 2197 1346 2256 EPIS'I‘OLA
1384 2199 1546 2256 XXII.

499 2325 780 2370 ωιαιιιο
826 2327 950 2370 νιιο
987 2328 1250 2370 δεωτοιιί
1287 2327 1568 2370 Αυνοςλτο
1605 2329 1736 2370 ηερ]
1773 2330 2076 2373 τηεουοιιι-

1165 2399 1259 2440 CUS
1296 2399 1420 2438 REX.

567 2471 726 2530 Illum
751 2489 819 2530 ea:
845 2473 1098 2531 advocato
1127 2476 1326 2546 privato
1355 2482 1496 2530 creat
1525 2484 1828 2530 aevocatum
1855 2476 1990 2546 ﬁsci.

563 2579 747 2637 Solida
795 2581 914 2639 laus
949 2592 1036 2638 est
1079 2583 1240 2651 regis
1287 2581 1572 2652 largitatis,
1614 2583 1828 2653 quoties
1877 2598 2081 2638 conve-

487 2672 648 2726 niunt
678 2668 886 2726 indulta
912 2669 1164 2740 iudiciis;
1205 2685 1308 2726 nec
1353 2671 1454 2726 sibi
1501 2671 1666 2728 audet
1710 2687 1866 2728 casus
1912 2673 2080 2726 ascri-

493 2764 646 2827 bere,
675 2760 822 2830 quod
855 2760 1013 2816 bona:
1048 2761 1420 2830 dispositionis
1450 2761 1610 2816 librat
1643 2776 1874 2818 examen
1899 2780 1920 2817 τ
1952 2763 2076 2832 quia

493 2855 586 2911 ubi
607 2860 862 2924 aptantur
883 2851 1065 2910 ofﬁcia
1092 2853 1318 2918 meritis,
1343 2853 1417 2908 nil
1443 2853 1670 2910 debetur
1697 2855 1934 2910 incertis.
1959 2854 2078 2911 Non

495 2947 640 3003 cutim
663 2946 731 3003 de
758 2948 980 3006 rudibus
1007 2948 1334 3004 sententiam
1357 2946 1608 3015 ferimus,
1645 2948 1738 3004 sed
1770 2948 1840 3004 de
1882 2949 2074 3018 proba-

489 3039 714 3096 tissinris
759 3037 1084 3108 iudicamus.
1137 3038 1327 3096 Polisti
1379 3038 1644 3108 siquidem
1700 3037 1900 3094 forensi
1953 3048 2078 3095 cote

495 3128 782 3186 multifario
807 3131 1126 3202 praedicatus
1161 3130 1464 3200 ingenium;
1507 3129 1724 3185 nutristi
1771 3129 2076 3184 facundiam

491 3221 880 3277 exercitatione
917 3235 1234 3288 causarum;
1279 3227 1537 3291 expertus
1573 3235 1633 3276 es
1677 3235 1837 3289 quam

495 3309 628 3370 fides
653 3310 844 3367 aﬂ'erat
875 3311 1101 3379 fructus,
1142 3319 1204 3367 ut
1239 3306 1402 3368 etiam
1449 3311 1566 3382 ipsa
1610 3311 1865 3368 conciliet
1909 3314 2076 3367 corda

495 3403 854 3471 regnantium.
903 3401 1033 3458 Haec
1073 3404 1130 3457 in
1177 3409 1234 3457 te
1277 3401 1587 3472 speculator
1611 3401 1868 3456 virtutum
1896 3411 2080 3456 noster

495 3507 686 3550 sensus
713 3492 966 3563 inspexit.
1012 3491 1109 3548 His
1135 3491 1276 3562 apud
1305 3509 1406 3547 nos
1427 3490 1689 3561 suffragiis
1716 3491 1930 3562 placere
1964 3506 2081 3546 me-

497 3583 672 3651 ruisti,
711 3591 766 3638 ut
811 3583 1004 3652 dignus
1041 3581 1304 3640 existeres
1345 3581 1412 3637 ad
1454 3581 1694 3652 publicas
1733 3595 1946 3648 causas,
1986 3581 2078 3651 qui

497 3679 708 3746 gessisti
742 3677 1004 3732 hactenus
1026 3675 1128 3732 sub
1161 3674 1471 3746 integritate
1502 3675 1760 3746 privatas.
1789 3673 1954 3730 Sume
1982 3673 2081 3742 igi-

497 3779 583 3822 tur
613 3765 723 3824 ﬁsci
750 3766 921 3822 nostri
947 3764 1144 3822 tuenda
1171 3765 1421 3836 negotia,
1451 3764 1506 3828 in
1545 3763 1755 3820 utendis
1794 3761 1956 3819 officii
2003 3761 2081 3818 tui

497 3859 786 3930 privilegiis
813 3859 1160 3916 decessurum
1203 3857 1454 3926 exempla
1493 3864 1796 3913 secuturus.
1835 3855 1914 3912 lta
1948 3869 2078 3926 ergo

499 3965 593 4019 per
619 3951 852 4006 medium
873 3949 1096 4020 iustitia:
1127 3951 1396 4006 tramitem
1425 3949 1734 4004 moderatus
1769 3946 1986 4011 incede;
2018 3953 2080 4002 ut

497 4058 598 4100 nec
623 4042 894 4100 calumnia
922 4042 1240 4099 innocentes
1265 4055 1480 4110 graves,
1499 4054 1604 4095 nec
1619 4038 1780 4108 iustis
1797 4037 2077 4108 petitioni-

496 4133 596 4188 bus
621 4140 980 4204 retentatores
1007 4145 1273 4187 exoneres
1293 4129 1454 4203 [Jur.,
1478 4126 1827 4200 exhonores].
1855 4127 1948 4183 Illa
1977 4129 2076 4200 13

495 4223 638 4278 enim
663 4236 790 4278 vera
818 4221 968 4278 lucra
1002 4220 1324 4290 iudicamus,
1367 4233 1490 4289 quae
1531 4218 1839 4288 integritate
1881 4217 2076 4274 suifra-

495 4324 657 4382 gante
699 4311 1049 4384 percipimus.
1098 4311 1216 4366 Non
1261 4317 1392 4380 ergo
1434 4311 1648 4382 quoties
1693 4326 1934 4381 superes,
1977 4311 2072 4366 sed

497 4405 950 4476 quemadmodum
975 4405 1176 4470 vincas,
1200 4404 1548 4474 inquiramus.
1576 4402 1906 4474 Aiquitatem
1925 4403 2078 4458 nobis

499 4499 795 4568 placiturus
821 4496 1040 4552 intende
1064 4515 1078 4548 :
1106 4512 1213 4552 non
1241 4511 1452 4566 quaeras
1479 4497 1546 4550 de
1570 4503 1838 4567 potestate
1871 4507 2072 4560 nostra,

2180 1953 2308 2008 dum
2335 1953 2564 2009 velimus
2591 1943 2773 2009 omnia
2801 1955 2945 2010 inter
2983 1970 3079 2011 eos
3124 1969 3248 2011 esse
3283 1955 3500 2023 decisa;
3531 1955 3778 2025 nihilque

2179 2040 2326 2096 aliud
2375 2041 2626 2112 relinqui,
2674 2042 2777 2098 nisi
2822 2043 2966 2112 quod
3014 2043 3245 2100 debetur
3291 2044 3532 2100 alfectui.
3588 2044 3779 2102 Videte

2179 2145 2310 2201 ergo
2351 2133 2487 2188 tanti
2505 2133 2692 2203 iudicii
2720 2125 2952 2190 arbitros
2972 2151 3068 2192 vos
3095 2137 3334 2203 electos;
3361 2137 3549 2192 videte
3576 2151 3780 2207 exspe-

2181 2223 2474 2278 ctationem
2505 2232 2780 2295 nostram,
2819 2226 3137 2296 aequabilem
3183 2225 3430 2296 ﬂagitare
3455 2227 3729 2297 iustitiam
3764 2247 3780 2283 :

2179 2313 2404 2368 relaturi
2431 2315 2614 2383 gratia:
2637 2315 2972 2372 uberrimum
2991 2316 3245 2382 fructum,
3271 2317 3314 2372 si
3341 2333 3586 2388 praesens
3607 2319 3785 2374 disce-

2179 2405 2371 2474 ptatio,
2419 2420 2559 2474 quos
2604 2405 2796 2476 dignos
2841 2407 3105 2478 credidit,
3152 2425 3256 2464 non
3299 2409 3540 2480 impares
3588 2410 3784 2481 probet

2179 2509 2321 2550 esse.
2367 2495 2538 2550 Debet
2583 2497 2727 2551 enim
2768 2496 2840 2554 de
2888 2498 3085 2554 talibus
3112 2499 3243 2554 viris
3269 2514 3390 2554 esse
3420 2515 3554 2556 cura
3592 2487 3785 2571 pasci-

2180 2598 2305 2653 pua,
2335 2584 2426 2654 qui
2456 2585 2586 2640 dare
2611 2595 2836 2655 pOSsunt
2866 2589 3169 2644 minoribus
3195 2590 3480 2645 evidenter
3500 2591 3784 2662 exempla.

2181 2673 2313 2728 Nam
2343 2676 2435 2744 qui
2456 2677 2598 2732 inter
2618 2693 2776 2748 pares
2804 2694 3046 2736 summos
3075 2681 3220 2738 viros
3247 2681 3399 2736 litem
3428 2683 3661 2754 negligit
3689 2684 3784 2740 ab-

2181 2765 2493 2821 solvendam
2543 2767 2669 2840 [ed.,
2713 2770 3082 2844 abolendam],
3134 2772 3242 2828 hoc
3287 2771 3493 2828 imitari
3539 2774 3786 2848 reliquos

2181 2857 2298 2912 sine
2325 2858 2658 2914 dubitatione
2688 2856 2968 2930 permittit.

2693 2971 3022 3029 EPISTULA
3061 2974 3246 3033 XXIV.

2450 3102 2716 3141 UNIVERSIS
2753 3103 2941 3143 GOTHIS
2972 3105 3339 3147 TIIEODORICUS
3378 3111 3506 3150 REX.

2185 3174 2390 3230 Indian
2424 3194 2478 3230 se
2517 3197 2607 3247 per
2645 3177 2913 3232 Nondum:
2959 3181 3208 3235 Saionrm
3256 3186 3376 3238 illos
3416 3189 3784 3245 admonendos

1883 3235 2076 3316 sua“?
2101 3238 2148 3301 C
2250 3265 2478 3310 curasse,
2510 3235 2564 3300 it!
2593 3249 2661 3300 ml
2685 3252 3060 3316 €.l'])¢’(ii.i0llt‘tll
3092 3235 3787 3314 ex:uicaiidnﬂin'EH:

2253 3318 2368 3398 dar.
2400 3317 2617 3399 .Iuiimu,
2656 3320 2806 3372 rebus
2837 3323 3073 3399 muniens
3115 3327 3422 3392 necessariis
3464 3328 3784 3398 sufﬁcienter

2249 3393 2508 3510 insiructi,
2540 3397 2835 3458 prosper-ent,
2865 3400 2914 3442 et
2944 3393 3174 3446 seniores
3203 3394 3508 3464 junioribus
3528 3393 3784 3470 Exemplo

2250 3474 2330 3511 sm
2361 3495 2376 3511 .

2250 3573 2637 3629 lnnotesccnda
2684 3585 2807 3630 sunt
2851 3577 3019 3645 magis
3065 3577 3256 3635 Gothis
3292 3596 3456 3651 quam
3490 3585 3783 3645 suadenda

2178 3665 2496 3729 certamina,
2553 3666 2677 3735 quia
2707 3666 2979 3721 bellic-oste
3008 3669 3163 3739 stirpi
3207 3679 3292 3725 cst
3319 3671 3578 3741 gaudium
3623 3691 3785 3732 com-

2178 3757 2416 3827 probari.
2465 3756 2727 3811 Laborem
2773 3760 2978 3829 quippe
3021 3776 3130 3816 non
3169 3762 3386 3832 refugit,
3429 3767 3525 3836 qui
3557 3769 3786 3827 virtutis

2178 3850 2404 3920 gloriam
2435 3851 2786 3921 concupiscit.
2821 3850 2888 3905 Et
2918 3851 3062 3922 ideo,
3101 3853 3326 3922 iuvante
3354 3856 3502 3926 Deo,
3536 3876 3650 3929 quo
3680 3877 3786 3918 au-

2177 3953 2331 4002 ctore
2381 3944 2562 3999 omnia
2612 3953 3018 4014 prosperantur,
3070 3962 3170 4017 pro
3221 3949 3498 4006 communi
3537 3952 3786 4008 utilitate

2178 4037 2478 4093 exercitum
2522 4035 2590 4090 ad
2635 4035 2838 4092 Gallias
2865 4038 3244 4095 constituimus
3269 4039 3574 4110 destinare;
3607 4051 3672 4098 ut
3696 4045 3784 4100 si-

2141 4121 2287 4182 ‘mul
2314 4134 2370 4182 et
2391 4141 2489 4184 vos
2515 4134 2807 4197 provectus
2833 4128 3176 4186 occasionem
3206 4130 3410 4187 habere
3434 4135 3686 4204 possitis,
3719 4145 3785 4194 et

2135 4239 2140 4247 ’
2179 4235 2279 4275 nos
2324 4233 2446 4288 qua:
2494 4219 2867 4289 praestitimus,
2902 4221 3110 4277 meritis
3137 4223 3433 4280 contulisse
3461 4225 3782 4286 videamur.

2180 4311 2338 4367 Latet
2363 4311 2506 4366 enim
2535 4311 2636 4368 sub
2667 4313 2780 4368 otio
2810 4312 3094 4370 laudabilis
3118 4314 3410 4384 fortitudo;
3450 4327 3508 4376 et
3553 4319 3690 4378 dum
3717 4337 3786 4378 se

2179 4402 2444 4472 probandi
2485 4417 2593 4457 non
2635 4402 2800 4458 habet
2846 4404 3102 4472 spatium,
3149 4405 3363 4462 occult'a
3404 4417 3491 4464 est
3529 4409 3625 4466 lux
3663 4421 3785 4468 tota

2179 4494 2514 4548 merilorum.
2568 4493 2745 4564 Atque
2785 4493 2908 4551 ideo
2948 4511 3046 4566 per
3085 4495 3348 4553 Nandium
3377 4498 3640 4557 Saionem
3672 4519 3783 4559 no-

499 4586 594 4643 sed
637 4588 818 4658 potius
861 4587 930 4642 de
974 4585 1118 4658 iure,
1137 4587 1392 4643 victorias
1418 4605 1431 4640 :
1455 4587 1670 4656 quando
1699 4587 2019 4641 laudabilius
2046 4605 2074 4640 a
2107 4601 2154 4660 ι)
2179 4593 2348 4639 strum
2371 4584 2768 4640 admonendum
2790 4585 3094 4641 curavimus
3111 4625 3128 4652 ,
3156 4595 3218 4642 ut
3244 4587 3314 4644 ad
3341 4591 3784 4660 expeditionem,

499 4686 652 4748 parte
695 4677 808 4734 fisci
837 4679 1109 4749 perditur,
1140 4693 1260 4734 cum
1281 4675 1488 4748 iustitia
1527 4693 1634 4733 non
1667 4677 1914 4732 habetur.
1943 4677 2074 4730 Nam

497 4771 542 4826 si
573 4770 820 4826 dominus
847 4771 1047 4830 vincat.
1079 4770 1443 4855 oppressiqnis
1485 4769 1683 4825 invidia
1711 4777 1824 4834 est;
1853 4769 2075 4837 aequitas

496 4877 630 4916 vero
658 4861 912 4924 creditur,
943 4862 986 4916 si
1005 4861 1302 4931 supplicem
1330 4873 1586 4930 superare
1615 4859 1912 4926 contingat.
1959 4855 2075 4910 Non

497 4969 628 5024 ergo
671 4969 838 5024 parvo
879 4952 1118 5022 periculo
1155 4965 1347 5008 causas
1385 4951 1644 5018 dicimus,
1688 4949 1903 5018 quando
1951 4956 2078 5003 tunc

499 5049 636 5102 fatua
661 5055 844 5102 nostra
867 5043 1096 5115 prolicit,
1117 5057 1238 5100 cum
1264 5057 1326 5098 se
1344 5041 1700 5111 commoditas
1724 5040 1920 5110 iniusta
1945 5041 2074 5095 sub-

497 5142 664 5196 ducit.
708 5139 1046 5210 Quapropter
1073 5135 1133 5192 iit
1158 5135 1426 5191 interdum
1466 5150 1626 5190 causa
1664 5134 1804 5188 mala
1838 5133 1984 5198 ﬁsci,
2017 5142 2078 5188 ut

497 5233 671 5288 bonus
693 5232 942 5303 princeps
961 5244 1081 5287 esse
1104 5229 1366 5286 videatur.
1392 5226 1580 5298 Maiori
1599 5227 1798 5298 quippe
1817 5242 2076 5300 compen-

497 5323 590 5378 dio
612 5321 906 5394 perdimus,
928 5335 1089 5392 quam
1115 5320 1165 5378 si
1175 5319 1343 5380 nobis
1371 5318 1607 5374 indebite
1631 5319 1852 5374 victoria
1881 5318 2074 5374 sum-a—

500 5424 670 5486 gctur.

1015 5541 1344 5600 EPISTOLA
1379 5542 1566 5598 XXIII.

502 5679 740 5721 CELIAKO
783 5654 904 5724 IGr.
948 5671 994 5714 et
1033 5657 1174 5730 Cuj..
1225 5665 1533 5724 raucum}
1575 5671 1642 5707 ιετ
1684 5669 1908 5709 scamno
1949 5669 2079 5708 vxms

636 5743 972 5786 ιιιιτδοιίιιείυς
1011 5746 1078 5783 ET
1118 5742 1372 5783 PATRICIIS
1409 5741 1774 5780 TllI-ZODURICL'S
1813 5741 1939 5778 REX.

506 5850 582 5918 Ili
622 5865 836 5933 judice:
868 5865 1128 5935 eliguntur
1178 5872 1235 5916 ut
1285 5864 1425 5918 (item
1473 5863 1804 5932 patriciorum
1852 5861 2072 5923 virorum

2185 4675 2238 4729 in
2269 4675 2360 4730 Dei
2393 4675 2630 4738 nomine,
2660 4689 2814 4730 more
2851 4676 3034 4744 solito,
3063 4678 3246 4744 armis,
3289 4679 3464 4748 equis,
3498 4683 3787 4752 rebusque

2183 4765 2429 4820 omnibus
2459 4765 2778 4820 necessariis
2805 4764 3135 4822 sufficienter
3163 4767 3429 4836 instructi,
3463 4779 3666 4828 octavo
3692 4773 3790 4829 die

2184 4855 2288 4910 cal.
2337 4853 2598 4908 Juliarum
2649 4854 2898 4924 proxime
2951 4856 3222 4922 veniente,
3275 4857 3450 4914 modis
3498 4862 3788 4924 omnibus.

2185 4943 2298 5000 Deo
2337 4945 2571 5010 favente,
2602 4944 2891 5010 moveatis;
2919 4952 3184 5013 quatenus
3231 4955 3288 5002 et
3335 4957 3631 5017 parentum
3687 4967 3786 5008 ve-

2183 5043 2417 5090 strormn
2449 5036 2502 5089 in
2527 5037 2680 5090 vobis
2705 5035 2998 5090 ostendatis
3044 5037 3220 5092 inesse
3249 5038 3527 5108 virtutem,
3580 5051 3641 5097 et
3685 5061 3790 5100 no-

2179 5135 2346 5179 stram
2376 5126 2646 5194 peragatis
2671 5124 2900 5181 feliciter
2919 5126 3240 5195 iussionem.
3290 5126 3584 5186 Producite
3624 5133 3790 5201 iuve-

2183 5230 2280 5270 nes
2329 5222 2540 5270 vestros
2592 5215 2646 5270 in
2704 5214 2951 5270 Martiam
3013 5208 3379 5287 disciplinam.
3451 5219 3568 5276 Sub
3625 5226 3791 5280 vobis

2179 5305 2434 5374 videant,
2487 5306 2634 5382 quod
2685 5306 2918 5376 posteris
2971 5307 3175 5362 referre
3228 5309 3588 5366 contendant.
3646 5314 3789 5369 Nam

2183 5398 2326 5467 quod
2374 5398 2429 5453 in
2473 5397 2758 5468 iuventute
2804 5414 2914 5454 non
2965 5399 3206 5466 discitur,
3254 5401 3309 5455 in
3355 5409 3572 5458 matura
3620 5415 3790 5463 aetate

2186 5491 2444 5547 nescitur.
2476 5490 2774 5560 Accipitres
2803 5491 2926 5560 ipsi,
2973 5506 3204 5562 quorum
3239 5493 3415 5549 victus
3437 5511 3674 5568 semper
3712 5513 3790 5553 ex

2187 5581 2365 5650 praeda
2393 5589 2499 5646 est,
2539 5579 2678 5636 fetus
2705 5596 2833 5638 suos
2862 5581 3102 5637 novitate
3129 5591 3440 5640 marcentes
3466 5587 3611 5642 nidis
3655 5605 3792 5658 pro-

2187 5675 2426 5744 turbant,
2463 5692 2532 5732 ne
2573 5675 2719 5732 molli
2748 5676 2860 5732 otio
2900 5684 3290 5744 consuescant;
3339 5678 3440 5734 alis
3489 5682 3790 5737 verberant

2187 5768 2556 5832 imxnorautes,
2599 5775 2799 5836 cogunt
2839 5767 3014 5838 pullos
3052 5775 3272 5824 teneros
3299 5768 3368 5823 ad
3401 5770 3680 5837 volatum;
3727 5783 3790 5828 ut

2183 5861 2320 5919 tales
2348 5858 2579 5917 debeant
2607 5860 2862 5928 existere,
2892 5857 2960 5914 de
2987 5857 3182 5928 quibus
3218 5857 3393 5929 possit
3434 5861 3616 5931 pietas
3657 5877 3792 5917 ma-
