3952 6374
189 303 293 362 5‘35

1486 313 1847 371 V'.\lll.\RUM
1889 313 2093 370 LIBER
2132 311 2151 368 I

3376 312 3477 368 5'26

183 435 340 482 terna
370 443 718 498 praesumere.
750 429 862 487 Vos
897 441 1098 498 autem,
1131 448 1268 502 quos
1296 441 1352 488 et
1380 443 1572 488 mtura
1602 432 1778 502 erigit,
1813 432 1857 491 Α
1893 429 2015 496 nui;
2052 427 2247 499 quibus
2291 427 2394 481 alia
2423 426 2677 482 convenit
2705 441 2736 481 a
2767 436 2948 480 nostra
2991 427 3184 497 Sil‘llills
3228 426 3480 495 largitate

183 529 239 574 et
267 535 428 575 amor
454 522 727 591 opinionis
755 526 997 591 exacuit,
1032 527 1245 582 stndete
1277 528 1410 581 tales
1441 526 1578 581 filios
1616 525 1783 582 relin-

184 627 376 684 quere,
408 612 595 684 quales
625 630 721 671 vos
749 624 930 686 patres
959 627 1169 674 vestros
1199 626 1411 674 constat
1433 618 1707 674 habuisse.

705 727 1040 785 EPISTOLA
1078 729 1247 788 XXV;

349 831 626 874 SABINIA‘NO
653 835 778 874 γιιιιι
807 836 1069 877 5ΕΝΔΤο111
1097 839 1464 880 THEODORICUS
1493 841 1618 879 REX.

187 903 344 962 Iubet
372 918 577 983 parturn
605 906 790 983 anim'
809 919 858 965 et
879 923 1055 983 portus
1069 913 1281 983 junctos
1301 915 1558 982 reparari,
1581 931 1786 970 eorum-

330 995 430 1049 que
459 979 842 1050 diligentiorem
870 979 1188 1053 inportet-um
1217 979 1392 1038 curant
1425 979 1624 1040 haberi.

262 1091 349 1146 Nil
380 1093 602 1161 prodest
630 1094 784 1150 initia
824 1095 906 1151 rei
944 1097 1200 1164 solidare,
1232 1097 1280 1154 si
1305 1099 1508 1156 valebit
1537 1115 1786 1170 praesum-

189 1185 306 1252 ptio
329 1183 579 1240 ordinata
608 1185 910 1242 destruere.
943 1185 1037 1242 Illa
1065 1196 1193 1243 sunt
1215 1188 1357 1244 enim
1404 1188 1648 1253 robusta,
1695 1190 1784 1245 illa

187 1276 471 1349 diuturna,
518 1291 640 1345 quin
686 1277 970 1347 prudentia
1020 1278 1208 1349 incipit
1251 1287 1307 1334 et
1351 1295 1482 1335 cura
1528 1281 1780 1336 custodit.

191 1365 374 1434 Atque
419 1365 542 1422 ideo
581 1366 755 1436 major
782 1367 912 1440 [ed..
947 1385 1054 1424 non
1086 1367 1285 1441 minor]
1317 1371 1371 1425 in
1399 1371 1786 1426 conservandis

189 1455 356 1512 rebus
383 1471 547 1525 quam
581 1457 634 1511 in
665 1457 1003 1513 inveniendis
1047 1459 1352 1514 adhibenda
1397 1459 1610 1514 cautela
1652 1467 1735 1514 est
1767 1477 1782 1513 :

189 1546 316 1616 quia
346 1543 419 1602 de
447 1546 613 1601 initiis
643 1547 953 1615 praedicatio
982 1546 1213 1602 debetur
1240 1548 1478 1613 invento,
1509 1547 1576 1602 de
1603 1557 1788 1603 custo-

190 1636 317 1691 ditis
346 1644 534 1693 autem
564 1636 865 1706 acquiritur
892 1637 1109 1692 laudata
1140 1637 1420 1707 perfectio.
1455 1636 1664 1692 Dudum
1710 1637 1788 1692 si-

191 1725 416 1796 quidem
459 1734 688 1798 propter
725 1726 982 1782 Romante
1021 1728 1218 1783 mmnia
1248 1727 1499 1793 civitatis,
1543 1727 1634 1782 ubi
1673 1736 1786 1784 stu-

189 1816 340 1872 dium
373 1816 531 1872 nobis
557 1833 772 1888 semper
801 1817 1114 1889 impendere
1161 1816 1504 1886 infatigabilis
1555 1817 1789 1872 ambitus

190 1911 318 1976 erit,
369 1919 587 1982 portum
633 1909 823 1967 Lucini
876 1909 1152 1982 deputatis
1201 1909 1500 1966 redditibus
1546 1912 1787 1980 reparari

193 2003 366 2076 iussio
395 2011 580 2058 nostra
608 2003 917 2069 constituit;
946 2010 1007 2058 ut
1033 2003 1221 2072 viginti
1244 2003 1482 2072 quinque
1510 2003 1674 2058 millia
1707 2011 1788 2058 te-

193 2092 443 2163 gularum
493 2107 671 2148 annua
717 2092 960 2149 illatione
1009 2101 1360 2163 przestentur;
1412 2093 1572 2148 simul
1623 2095 1789 2152 etiam

195 2183 462 2255 portubus
484 2181 707 2252 junctis,
743 2183 834 2254 qui
873 2182 940 2238 ad
990 2183 1078 2238 illa
1128 2183 1247 2238 loca
1288 2183 1585 2252 antiquitus
1616 2183 1786 2255 [mss.,

196 2270 952 2350 antiquitatejpertinebant,
1001 2286 1056 2332 et
1086 2292 1230 2333 nunc
1253 2277 1589 2334 diversorum
1633 2293 1788 2332 usur-

197 2369 418 2439 patione
443 2375 805 2437 suggeruntur
826 2367 1018 2424 invasi.
1049 2367 1256 2424 Cuncta
1283 2381 1412 2437 ergo
1440 2367 1507 2422 ad
1533 2375 1788 2424 statutam

197 2460 601 2532 praestationem
645 2459 810 2517 facies
857 2461 974 2516 sine
1021 2461 1282 2515 dilatione
1327 2459 1569 2516 revocari
1609 2478 1622 2514 :
1663 2460 1789 2528 quia

200 2549 327 2607 licet
355 2559 540 2607 nostra
567 2549 716 2620 jussa
758 2566 858 2621 pro
902 2566 998 2606 sua
1031 2551 1335 2607 reverentia
1377 2551 1430 2606 in
1477 2553 1626 2606 nullo
1670 2553 1788 2607 vio-

199 2639 360 2695 lauda
409 2640 540 2708 sint,
583 2655 649 2696 ea
699 2647 876 2696 tamen
925 2641 1187 2698 custodiri
1235 2641 1485 2698 volumus
1532 2642 1786 2708 maxime,

200 2747 320 2804 quae
364 2731 526 2789 Urbis
556 2732 746 2789 faciem
775 2733 1024 2789 videntur
1051 2749 1266 2790 ornare.
1299 2732 1430 2802 Quis
1458 2735 1600 2790 enim
1630 2735 1788 2790 dubi-

201 2832 296 2890 tet,
329 2822 652 2880 fabricarum
681 2825 936 2881 miracula
966 2825 1069 2881 hac
1107 2825 1415 2896 provisione
1451 2833 1695 2892 servata,
1734 2834 1792 2881 et

203 2917 460 2991 pendenti
487 2933 621 2974 saxo
653 2917 912 2974 formatas
941 2918 1114 2992 μηδι,
1143 2919 1408 2990 tornatas]
1438 2935 1683 2976 cameras
1711 2927 1791 2976 te-

201 3008 444 3073 gularum
496 3008 732 3076 tegmine
771 3009 1103 3065 custoditus?
1151 3009 1220 3065 Ut
1264 3011 1470 3082 antiqui
1517 3011 1788 3082 principes

201 3097 358 3151 nobis
390 3097 590 3153 merito
618 3097 850 3155 debeant
879 3114 1005 3155 suas
1045 3099 1256 3166 laudes,
1299 3111 1526 3169 quorum
1569 3098 1787 3156 fabricis

202 3188 449 3246 dedimus
491 3179 859 3258 longissimam
881 3190 1217 3260 iuventutem
1249 3202 1309 3258 ις
1340 3201 1400 3248 ut
1426 3193 1650 3264 pristina
1691 3207 1791 3249 no-
1816 3170 1862 3233 ε

201 3280 371 3335 vitate
398 3279 697 3348 reluceant,
729 3289 850 3352 qua:
876 3281 989 3352 jam
1035 3282 1249 3338 fuerant
1296 3291 1580 3340 veternosa
1626 3295 1786 3338 sene-

197 3377 347 3427 ctute
369 3369 594 3426 fuscata.

715 3481 1044 3538 EPISTOLA
1081 3482 1271 3539 XXVI.

298 3587 498 3630 FAUS‘I’O
527 3589 821 3631 PILBH-ZCTO
852 3592 1132 3631 ΡΒΕΤΟΜΟ
1165 3590 1531 3633 τηεουοκιεῦε
1559 3591 1685 3631 REX.

205 3665 402 3720 Statuit
455 3676 512 3720 ut
557 3683 672 3733 qua!
717 3667 906 3722 dudum
957 3665 1206 3723 Ecclesia:
1261 3667 1498 3724 Versillte
1540 3667 1789 3722 mitistitis

273 3739 534 3808 prAtrstitit.
580 3739 784 3792 valeant
819 3739 872 3792 in
912 3747 1242 3808 perpetuum,
1279 3748 1330 3792 et
1369 3737 1792 3793 extraordinaria

275 3805 488 3873 tributa,
534 3823 649 3878 qua:
683 3823 717 3860 a
758 3805 1069 3878 temporibus
1104 3807 1402 3878 Cassiodori
1442 3817 1561 3862 sunt
1588 3808 1786 3871 solum,

274 3893 377 3950 non
420 3880 608 3931 sentiat
652 3893 672 3950 ς
715 3879 818 3932 vult
859 3877 1029 3950 tamen
1069 3895 1130 3950 ea
1162 3896 1285 3950 quae
1321 3877 1566 3950 Ecclesia!
1612 3885 1790 3948 postea

273 3946 466 4001 collata
495 3956 614 4002 sunt
645 3946 778 4002 bona
797 3988 811 4012 ,
843 3949 987 4003 oneri
1016 3946 1287 4003 solutionis
1317 3946 1640 4019 sttbjaceant.

273 4036 436 4093 Nefas
458 4047 542 4094 est
569 4036 710 4108 apud
739 4053 832 4093 eos
866 4037 1032 4093 fidem
1075 4037 1321 4094 beneﬁcii
1372 4037 1569 4108 prioris
1616 4035 1787 4092 immi-

275 4263 304 4294 ι
336 4253 572 4309 Ᾰξιειιρῐη
601 4254 838 4310 (adiﬁciis
866 4256 1025 4316 tribui
1059 4273 1166 4310 non
1206 4263 1288 4310 est
1325 4269 1544 4320 novum,
1589 4253 1786 4307 etenim

201 4324 551 4381 lli-.iznertiuus
581 4325 633 4378 iu
662 4323 988 4394 Panegyrico
1019 4323 1212 4380 Juliani
1241 4324 1377 4379 dixit
1403 4324 1612 4394 urbium
1657 4337 1788 4377 nm-

200 4399 291 4452 nia
336 4402 590 4449 renovata
639 4396 706 4466 ab
759 4393 1084 4466 imperatore
1131 4395 1368 4466 induisse
1413 4393 1784 4466 iuventutem;

199 4466 320 4536 pari
352 4480 570 4534 quoque
599 4465 808 4536 ratione
821 4463 847 4529 ,⁷
887 4474 1211 4536 ornamenta
1245 4463 1454 4536 urbium
1497 4479 1561 4517 ac
1588 4463 1784 4536 decora

200 4533 532 4616 marmorata
556 4535 1056 4616 settiqmnteiqpnris
1079 4535 1281 4616 sentire
1319 4533 1568 4616 dicimus,
1613 4533 1784 4616 ut‘vi—
1817 4555 1869 4616 ι)

197 4607 341 4660 (lere
362 4611 442 4658 est
481 4605 532 4658 in
576 4603 612 4658 l.
659 4603 722 4658 l6
763 4603 823 4660 C.
874 4601 1058 4659 'l'bcod
1125 4604 1192 4660 de
1233 4617 1384 4673 oper.
1427 4603 1576 4674 pubi.
1623 4600 1788 4658 dides

198 4675 381 4800 ιςιῑίειὲιι
401 4674 654 4798 amantur
695 4675 867 4730 aetatis
905 4676 1057 4730 senio
1107 4671 1320 4731 concuti
1361 4671 1482 4728 in}.
1516 4671 1614 4734 15.
1659 4675 1781 4728 eod.

200 4755 237 4798 ll
275 4783 288 4798 .
484 4759 496 4798 ι
541 4785 556 4798 .
589 4761 603 4798 :

200 4755 288 4798 ιιι.
312 4755 381 4798 ιι
401 4755 556 4798 υνω.
589 4761 603 4798 ε

397 4858 669 4907 Canescunt
702 4861 831 4919 turpi
855 4865 984 4906 tecta
1009 4857 1098 4905 teli
1121 4871 1178 4904 ιη
1203 4860 1299 4906 situ

203 4958 314 5040 ιι
338 4957 613 5040 ῌηηοᾱξυε
635 4957 932 5040 Ticinensis
954 4960 1109 5029 epist.
1137 4959 1200 5011 ad
1223 4957 1465 5012 Bootium
1485 4977 1506 5040 7:
1542 4956 1792 5040 inﬁdi"-

198 5029 434 5100 Eia'cjus
463 5030 562 5084 sub
592 5030 914 5101 negligentia
939 5040 1365 5095 consenescunt;
1398 5051 1416 5082 ι
1443 5039 1498 5084 et
1519 5031 1624 5084 alio
1651 5030 1792 5092 loco,

329 5143 567 5205 Abjurant
588 5145 816 5202 priscam,
845 5148 896 5189 te
923 5139 1153 5201 praeside,
1188 5150 1316 5191 tecta
1340 5153 1478 5190 senet
1495 5148 1608 5190 tam.

195 5245 296 5300 Sic
323 5243 484 5299 etiam
512 5250 642 5297 mtas
667 5241 1009 5310 chirographi
1041 5241 1238 5296 dicitur
1267 5241 1318 5294 in
1349 5242 1385 5296 1.
1425 5244 1445 5296 1
1482 5241 1544 5296 C.
1576 5240 1787 5295 Theod.

195 5316 242 5373 si
274 5323 410 5369 cert.
444 5321 579 5383 pct.,
613 5320 669 5366 et
692 5309 1344 5383 aetatem’flnemqpelibri
1376 5313 1515 5381 apud
1537 5311 1791 5378 Gellium,

199 5396 258 5438 et
283 5380 496 5438 aetatem
527 5383 653 5437 vino
675 5381 937 5438 accedere
966 5383 1105 5451 apud
1139 5380 1274 5436 Plin.
1305 5382 1392 5435 lib.
1413 5380 1572 5448 sxut,
1596 5398 1717 5449 cap.
1741 5383 1787 5434 l.

198 5453 421 5509 Memini
467 5467 688 5521 quoque
741 5453 946 5516 legibus
984 5461 1194 5506 attatem
1245 5452 1429 5516 tribui,
1477 5468 1678 5522 easque
1724 5453 1788 5504 ab

200 5525 420 5593 r:ptitnis
443 5523 754 5576 auctoribus
783 5523 883 5576 dici
915 5537 1322 5593 consenesccy,
1356 5523 1626 5593 languere,
1653 5523 1788 5574 ητηγί

200 5591 259 5650 et
287 5595 479 5649 occidi.
511 5593 893 5647 Constantit‘uns
921 5593 972 5645 in
994 5591 1029 5645 I.
1056 5591 1124 5644 ‘25
1145 5591 1204 5644 C.
1235 5591 1443 5645 Tbcod.
1475 5592 1542 5645 tle
1565 5593 1786 5658 appellq

201 5666 349 5731 iubet
399 5677 793 5719 consenescere
843 5662 1014 5730 legem
1054 5677 1173 5731 qua:
1220 5662 1438 5716 vetabat
1479 5679 1506 5715 a
1551 5663 1790 5731 praefecti

231 5735 361 5789 irbis
407 5733 676 5788 sententia
721 5747 1038 5800 provocare.
1092 5732 1402 5786 Ammianus
1450 5731 1791 5786 Marcellinus

201 5807 296 5864 lib.
331 5819 440 5868 sva,
473 5802 540 5858 de
582 5797 786 5868 legibus
824 5803 1168 5868 sumptuariis
1213 5803 1460 5869 loquens,
1491 5797 1812 5857 Scticsccti-'

1887 519 2147 591 prmstari.
2189 517 2296 572 Sed
2334 517 2474 573 sicut
2501 532 2621 587 qua:
2650 516 2818 573 semel
2847 518 3132 572 austrinum
3160 516 3392 574 rescindi
3423 517 3478 573 in

1886 616 2204 680 perpetuum
2234 623 2341 662 non
2371 616 2670 674 merentur,
2695 607 2773 662 sic
2797 608 2885 678 qui
2909 607 3210 677 largitatem
3235 617 3478 664 nostram

1887 699 2046 754 mode
2077 700 2179 752 atis
2205 699 2453 770 precibus
2475 699 2853 769 impetrarunt,
2876 711 3183 756 nostrorum
3209 701 3474 757 terminos

1887 790 2247 860 pra‘stitorum
2305 790 2592 847 immodica
2647 806 2755 846 non
2806 790 3004 846 debent
3058 792 3476 862 prmsumptioue

1884 880 2288 936 transcendere.
2335 878 2488 936 Unde
2527 881 2650 950 quia
2693 881 2926 950 religiosi
2969 882 3128 937 studii
3172 883 3474 937 reverentia

1886 985 2312 1036 commonemur,
2345 978 2405 1024 ut
2431 985 2552 1038 quae
2579 969 2782 1024 dudum
2817 969 3070 1026 Ecclesia:
3108 969 3208 1025 viri
3245 983 3477 1024 venera-

1885 1061 2013 1118 bilis
2041 1061 2282 1118 Versillm
2310 1062 2566 1118 antistitis
2594 1062 2960 1132 prmstitimus,
2992 1061 3172 1116 valere
3201 1061 3254 1116 in
3280 1074 3476 1132 perpe-

1888 1162 2033 1208 tuum
2066 1168 2416 1219 censeamus;
2438 1169 2585 1210 nunc
2607 1168 2825 1224 quoque
2847 1153 3106 1209 illustrem
3127 1152 3473 1223 magnificen-

1887 1246 2017 1300 tiam
2048 1255 2194 1301 tuam
2220 1246 2470 1302 duximus
2498 1247 2916 1314 admonendam,
2939 1253 3205 1316 quatenus
3229 1245 3475 1316 superine

1886 1335 2153 1392 dictorum
2185 1350 2350 1390 onera
2382 1336 2660 1391 titulorum
2692 1337 2768 1409 [id
2796 1347 2892 1402 est,
2924 1335 3472 1393 extraordinariortuu

1888 1425 2254 1498 tributorum],
2283 1427 2504 1498 praefata
2531 1427 2774 1484 Ecclesia
2805 1428 2859 1484 in
2887 1443 2951 1484 ea
2979 1442 3188 1485 summa
3213 1443 3321 1482 non
3347 1443 3474 1483 scn-

1888 1523 2014 1586 tiat,
2048 1535 2168 1592 quae
2209 1536 2378 1590 usque
2409 1535 2437 1575 a
2467 1520 2739 1590 magniﬁci
2766 1519 2866 1575 viri
2899 1517 3204 1576 Cassiodori
3231 1517 3472 1588 patricii,

1887 1629 2022 1685 pura
2066 1613 2222 1668 nobis
2265 1611 2368 1667 ﬁde
2394 1619 2450 1666 et
2478 1611 2784 1680 integritate
2810 1612 3110 1682 comperti,
3141 1611 3472 1680 temporibus

1889 1714 1974 1761 est
2009 1707 2204 1762 soluta.
2253 1705 2328 1761 Ea
2369 1721 2496 1761 vero
2525 1720 2643 1772 quas
2671 1719 2701 1758 a
2735 1712 2978 1773 tempore
3003 1703 3249 1758 beneﬁcii
3275 1702 3342 1757 ad
3373 1701 3474 1758 Ec-

1823 1803 1864 1862 Β
1892 1796 2108 1852 clesiam
2137 1804 2369 1851 vestram
2400 1796 2467 1850 ab
2495 1794 2763 1864 aliquibus
2793 1803 2875 1850 est
2902 1793 3160 1849 translata
3203 1793 3473 1864 possessio

1891 1886 2038 1957 imas.
2070 1885 2163 1942 Gr.
2193 1896 2244 1940 et
2271 1884 2413 1957 Cuj.,
2443 1883 2753 1959 professio],
2781 1899 3073 1942 commune
3102 1899 3223 1940 cum
3255 1884 3475 1940 univer—

1889 1981 1963 2034 sis
1993 1979 2420 2050 possessionibus
2457 1976 2570 2051 [Gr.
2613 1987 2664 2033 et
2701 1977 2842 2049 Cuj.,
2875 1975 3297 2049 possessoribus]
3339 1991 3474 2032 onus

1889 2071 2175 2128 solutionis
2222 2077 2499 2142 agnoscat,
2547 2078 2604 2126 et
2649 2069 2792 2125 illius
2848 2070 3126 2137 subiaceat
3171 2068 3472 2132 functioni,

1889 2162 2041 2232 cujus
2083 2170 2240 2218 nacta
2289 2171 2374 2218 est
2413 2161 2536 2231 jura
2580 2160 2827 2216 dominii.
2871 2158 3086 2230 Alioqui
3124 2169 3275 2228 grata
3319 2161 3472 2216 nobis

1889 2262 2174 2322 augmenta
2203 2267 2391 2307 eorum
2429 2266 2549 2306 esse
2583 2266 2690 2306 non
2727 2258 2971 2321 possunt,
2997 2250 3088 2320 qui
3133 2250 3245 2307 fisci
3275 2249 3472 2305 damno

1886 2345 2199 2416 proficiunt.
2243 2343 2484 2398 Suﬂiciat
2513 2343 2810 2412 possessori
2836 2343 3213 2412 compendium
3254 2343 3472 2410 pensio-

1890 2435 1990 2491 nis.
2035 2433 2256 2489 Tributa
2307 2442 2431 2488 sunt
2482 2449 2748 2503 purpura),
2798 2448 2905 2488 non
2947 2432 3195 2488 lacerum.
3243 2431 3472 2487 Lucrum

1889 2542 2010 2582 cum
2059 2525 2258 2580 invidia
2307 2525 2603 2595 periculum
2641 2533 2756 2588 est;
2804 2531 3008 2592 quanto
3056 2522 3248 2579 melius
3294 2523 3472 2578 omnia

1889 2622 2166 2676 moderata
2194 2633 2406 2690 gerere,
2435 2633 2554 2687 (pta:
2578 2618 2754 2672 nullus
2783 2617 2979 2672 audeat
2999 2615 3278 2672 accusare!

2384 2729 2714 2787 EPISTOLA
2751 2731 2962 2788 XXVII.

2281 2841 2523 2882 SPECIOSO
2555 2841 2917 2882 TUBODORICUS
2947 2841 3071 2881 REX.

1892 2917 2102 2974 Iudicat
2129 2919 2372 2987 populum
2400 2918 2564 2986 partis
2600 2917 2812 2970 Prasini
2830 2933 2850 2982 ,‘
2881 2917 3000 2970 dum
3025 2917 3095 2970 ad
3123 2918 3321 2987 curiam
3346 2917 3490 2971 ueni-

1963 2999 2097 3052 rent,
2127 2986 2349 3043 inSidias
2385 3005 2418 3040 α
2453 2987 2775 3057 Theoderico
2821 2987 3043 3057 patricio
3085 2996 3132 3042 et
3173 2986 3484 3056 [inportuno

1963 3060 2172 3114 consule
2203 3059 2476 3129 pertulisse
2503 3056 2554 3129 ι’,
2592 3058 2688 3129 itaj
2709 3066 2765 3110 ut
2798 3056 2931 3110 unus
2959 3059 3158 3111 occisus
3188 3058 3372 3129 fuerit;
3395 3057 3476 3127 ju-

1964 3131 2143 3198 betque
2161 3127 2435 3198 prwdictos
2464 3128 2602 3186 viros
2629 3127 2858 3198 illustres
2878 3136 3099 3198 mouent,
3124 3138 3179 3198 ut
3197 3127 3480 3198 instructus

1965 3193 2212 3270 perstans
2251 3198 2320 3251 ad
2351 3198 2608 3270 judicium
2649 3193 2864 3270 Gratiani
2907 3204 2957 3250 et
2997 3196 3208 3268 Agapiti
3245 3198 3474 3260 mittant,

1960 3267 2048 3344 qui
2077 3270 2210 3324 hanc
2240 3267 2452 3323 causam
2479 3267 2672 3340 legibus
2702 3267 2971 3323 dirimunt.

1961 3384 2019 3439 Si
2047 3365 2356 3440 exterarum
2403 3379 2642 3450 gentium
2693 3393 2873 3435 mores
2917 3378 3018 3434 sub
3063 3379 3182 3448 lege
3223 3377 3476 3434 modera-

1891 3491 2042 3542 mur;
2070 3475 2117 3531 si
2140 3473 2250 3546 juri
2278 3473 2527 3530 Romano
2552 3472 2719 3528 servit
2743 3471 2999 3542 quidquid
3019 3471 3260 3526 sociatur
3281 3468 3474 3534 Italia):

1891 3576 2093 3638 quanto
2122 3564 2292 3634 magis
2319 3563 2477 3619 decet
2523 3562 2696 3632 ipsam
2739 3560 3016 3616 civilitatis
3059 3558 3242 3615 sedem
3293 3557 3469 3628 legum

1892 3656 2249 3715 reverentiam
2279 3655 2398 3727 plus
2423 3653 2644 3716 habere,
2677 3659 2738 3707 ut
2763 3666 2863 3722 per
2885 3650 3274 3728 moderationis
3293 3663 3475 3704 exem-

1892 3749 2040 3822 plum
2070 3747 2250 3804 luceat
2273 3744 2446 3815 gratia
2489 3742 2845 3812 dignitatum?
2887 3739 2985 3796 Ubi
3021 3743 3163 3795 enizu
3210 3749 3476 3810 quasratur

1891 3839 2167 3896 modestus
2195 3835 2428 3903 animus,
2459 3835 2503 3891 si
2535 3833 2733 3890 ftedent
2775 3831 3012 3888 violenta
3043 3831 3327 3902 patricios!
3375 3829 3476 3884 Po-

1893 3932 2002 4004 puli
2032 3931 2212 4000 itaque
2241 3927 2397 3983 nobis
2426 3927 2594 3997 partis
2622 3923 2828 3981 Prasini
2859 3924 3122 3996 petitione
3142 3923 3474 3992 suggeritur,

1891 4026 2016 4078 dum
2048 4022 2114 4076 ad
2145 4027 2388 4075 nostrum
2417 4019 2768 4090 disponerent
2796 4015 3111 4072 comitatum
3147 4014 3356 4079 venire,
3390 4030 3476 4069 re-

1899 4257 2000 4311 tes,
2045 4246 2140 4308 ait,
2189 4243 2467 4314 paulatim,
2497 4239 2770 4314 reparavit
2821 4237 2969 4311 Sylla
3015 4236 3262 4292 dictator.
3295 4234 3384 4292 Sic
3425 4249 3481 4292 et

1895 4311 2226 4374 Claudianus
2247 4313 2329 4369 his
2360 4311 2568 4376 verbis;

2270 4404 2364 4452 Pri
2377 4413 2582 4461 eamque
2608 4407 2865 4450 reSumuut

2018 4467 2256 4516 (lauit-cm
2279 4465 2440 4522 leges,
2471 4464 2899 4523 emendauturque
2925 4465 3148 4518 tetusttt',

2019 4529 2374 4588 Acceduntque
2397 4539 2550 4576 novae.

1897 4613 2065 4669 Aulus
2091 4611 2294 4667 Gellius
2325 4628 2338 4662 :
2375 4628 2394 4660 ι
2428 4606 2625 4662 Passus
2651 4613 2736 4661 est
2763 4605 2906 4661 enim
2934 4605 3080 4674 leges
3110 4602 3236 4659 istas
3263 4601 3331 4674 de
3370 4613 3478 4660 tam

1895 4683 2186 4740 immodico
2211 4679 2492 4750 supplicio,
2515 4677 2620 4750 situ
2643 4686 2804 4750 atque
2829 4671 3200 4750 senio:emori.
3225 4671 3477 4750 {Eodem

1895 4753 2060 4808 modo
2100 4743 2293 4807 Cicero
2316 4743 2517 4816 'lcgum
2549 4743 2846 4816 interitum,
2895 4751 2952 4800 et
2988 4744 3195 4816 bellum
3219 4743 3378 4798 civile
3417 4759 3483 4800 ac

1899 4823 2273 4883 domesticum,
2316 4828 2374 4874 et
2397 4813 2583 4872 totum
2615 4813 2772 4870 Urbis
2800 4823 2960 4883 atque
2989 4814 3199 4884 imperii
3229 4827 3482 4884 occasum

1901 4893 2334 4965 appropinquare
2377 4887 2532 4943 dixit.
2581 4885 2786 4965 Eodem
2831 4900 2994 4940 sensu
3037 4883 3171 4964 tetas
3208 4883 3480 4965 vitiorum,

1903 4953 2147 5027 o'p'eruin,
2180 4953 2431 5013 silvarum
2463 4967 2517 5011 et
2546 4958 2834 5027 arborum_,_
2863 4971 2961 5027 pro
2991 4955 3169 5027 au_nis_
3183 4962 3236 5008 ct
3275 4953 3480 5006 diutur-

1900 5023 2066 5087 nitate
2092 5033 2300 5095 lcgitur.
2333 5027 2486 5095 Quod
2518 5029 2764 5093 Aggonus
2796 5023 3020 5078 Urbicus
3051 5024 3102 5078 in
3131 5023 3480 5095 Commenta-

1899 5105 1992 5157 riis
2041 5103 2107 5157 ad
2146 5093 2372 5154 Julium'
2402 5097 2716 5153 Frontinum
2767 5095 2829 5148 ad
2881 5095 3102 5148 arbores
3149 5093 3420 5145 transtulit
3459 5108 3473 5140 :

1902 5174 2048 5226 Alter
2075 5171 2399 5228 ecuttttario,
2428 5167 2620 5236 inquit,
2649 5166 2895 5236 similiter
2914 5172 3199 5236 qutereret
3223 5178 3286 5236 ex
3333 5163 3481 5236 simi:

1897 5244 2120 5297 litudine
2160 5241 2272 5293 fere
2308 5231 2533 5293 cultura:
2579 5235 3038 5302 comparationem
3089 5231 3381 5299 accipiens,
3431 5231 3479 5284 id

1896 5323 2000 5376 est,
2046 5314 2090 5366 si
2139 5311 2292 5370 silva,
2339 5307 2488 5374 cujus
2531 5307 2601 5360 sit
2637 5307 2808 5358 aetatis
2842 5319 2962 5370 pars
2993 5317 3236 5376 cmsurrc,
3269 5310 3321 5352 et
3351 5312 3480 5354 retas

1896 5372 2148 5436 arborum
2178 5389 2238 5432 ut
2263 5372 2438 5433 soli-ut
2468 5376 2714 5444 relinqui,
2749 5389 2879 5441 quas
2909 5372 3230 5444 antemiss'ts
3259 5381 3480 5444 vocant,

1896 5463 1949 5507 et
1972 5455 2224 5506 silvarum
2257 5465 2474 5518 quoque
2497 5442 2684 5501 uitales
2709 5447 2816 5498 sint
2841 5458 3024 5518 pares;
3052 5442 3095 5494 si
3121 5444 3308 5518 vinea),
3333 5443 3480 5494 simi-

1895 5524 1973 5576 les
1996 5531 2152 5578 erunt
2177 5521 2226 5574 in
2251 5511 2678 5586 c'rum'utratione,
2702 5532 2766 5568 an
2790 5511 3006 5586 ori-lines
3026 5527 3176 5580 neque
3199 5511 3480 5586 distantes,

1797 5588 1820 5617 ”
1855 5631 1866 5642 .
1897 5609 1964 5717 illo
2005 5595 2124 5716 pulsi
2167 5583 2570 5714 cienstitnlione,
2619 5596 2674 5642 et
2719 5603 2784 5639 an
2833 5585 3008 5640 simile
3057 5597 3224 5650 genus
3271 5583 3478 5637 vitium.

1947 5681 2021 5717 ευρ
2052 5683 2062 5715 ι
2093 5679 2158 5717 ιε.
2211 5677 2368 5715 arose.
3389 5689 3394 5693 -

1947 5681 2021 5717 :uc
2052 5677 2158 5717 me.
2187 5677 2368 5715 ιῑῐιοεε.
3389 5689 3394 5693 -

1969 5735 1993 5772 δ
2022 5733 2142 5787 llzrc
2171 5732 2396 5801 cpistola
2443 5729 2536 5783 fuit
2566 5729 2763 5797 scripta
2807 5740 2950 5780 anno
2974 5723 3172 5801 Christi
3207 5723 3335 5789 509;
3377 5722 3479 5778 lm-

1899 5817 2160 5867 portmet
2191 5796 2332 5856 enim
2365 5802 2466 5856 hoc
2497 5815 2639 5855 anno
2665 5796 2783 5854 erat
2807 5796 3016 5852 consul.
