3952 6384
548 405 649 459 δέἳ

1775 408 1846 464 Μ.
1886 405 2161 465 Αυῐιειιι
2198 406 2597 465 CASSIODORI

3702 398 3812 456 528

555 517 725 575 media
769 524 1022 573 consueta
1061 525 1368 587 poscentes,
1399 530 1458 571 se
1487 515 1820 571 truculentas
1848 516 2068 573 insidias
2096 532 2128 572 a
2156 528 2199 583 Α
2230 519 2541 574 celerrimus
2569 526 2854 590 prmstatur
2878 518 3119 575 effectus.
3154 515 3220 573 Et
3250 516 3391 584 ideo,
3438 513 3587 570 velut
3617 530 3815 573 necw

549 609 772 679 patricio
798 608 1129 664 Theodorico
1159 609 1279 680 (ms.
1309 608 1481 674 Rem,
1511 607 1817 682 Theodoro]
1837 616 1894 664 et
1919 608 2128 680 Impor-

550 706 679 752 tuno
727 697 842 751 viro
888 697 1083 753 illustri
1124 698 1350 753 consule
1393 698 1706 767 pertulisse,
1756 699 1830 753 ita
1880 706 1940 755 ut
1988 714 2126 755 unus

547 801 732 840 eorum
760 785 1017 842 deﬂeatur
1042 788 1359 843 exstinctus.
1389 786 1545 854 Quod
1570 801 1688 854 nos,
1718 787 1764 842 si
1792 788 1865 842 ita
1895 798 1995 855 est,
2027 803 2126 859 pro

546 876 670 931 facti
707 876 790 933 sui
819 877 1114 933 acerbitate
1139 877 1469 945 commovit,
1498 884 1559 932 ut
1595 878 1868 933 innoxiam
1914 879 2125 948 plebem

546 966 696 1020 furor
741 976 1159 1037 persequeretur
1206 975 1463 1034 armatus,
1504 982 1667 1037 quam
1712 967 1893 1024 fovere
1927 969 2127 1026 civicus

545 1056 819 1112 debuisset
858 1056 1100 1112 affectus.
1152 1056 1260 1113 Sed
1306 1057 1433 1127 quia
1473 1057 1713 1113 conditio
1740 1057 2008 1114 minorum
2036 1074 2126 1115 re-

545 1148 757 1214 gnantis
783 1148 1118 1218 aequabiliter
1141 1147 1398 1218 implorat
1424 1149 1704 1214 auxilium,
1734 1165 1896 1219 supra
1921 1165 2127 1205 memo-

546 1244 693 1292 ratos
721 1237 956 1292 illustres
981 1237 1259 1293 admoneri
1286 1238 1537 1308 priesenti
1553 1238 1793 1307 jussione
1814 1254 2123 1305 censemus,

549 1336 611 1383 ut
636 1328 702 1382 ad
729 1327 957 1384 Cteliani
987 1337 1149 1398 atque
1174 1328 1388 1399 Agapiti
1412 1328 1698 1384 illustrium
1720 1329 1957 1384 virorum
1985 1330 2128 1384 adm-

546 1432 651 1489 que
674 1416 930 1485 judicium
978 1418 1270 1473 instructas
1308 1418 1579 1474 destinare
1626 1433 1733 1474 non
1774 1419 2040 1482 dill'erant,
2073 1429 2129 1476 te

544 1506 797 1576 instante,
841 1522 1137 1578 personas;
1166 1516 1432 1578 quatenus
1457 1509 1663 1578 legibus
1703 1511 2005 1565 examinata
2034 1527 2126 1566 co-

545 1598 737 1666 gnitio,
766 1611 952 1653 eorum
985 1598 1257 1655 sententia
1300 1599 1637 1654 terminetur.
1669 1597 1776 1654 Sed
1804 1615 1873 1655 ne
1902 1599 2125 1656 forsitan

545 1688 856 1756 magnificos
909 1688 1052 1743 viros
1123 1689 1422 1757 loquacitas
1465 1688 1742 1759 popularis
1810 1687 2124 1756 offenderit,

550 1777 983 1848 prtesumptlonis
1011 1776 1168 1847 hujus
1194 1778 1435 1834 habenda
1460 1778 1712 1835 discretio
1739 1787 1839 1834 est.
1861 1778 2128 1836 Teneatur

2224 610 2377 664 saria:
2405 608 2503 673 rei,
2553 608 2727 678 major
2753 607 3053 662 adhibenda
3081 608 3289 663 cautela
3337 614 3451 671 est,
3499 614 3560 659 ut
3602 606 3697 675 qui
3744 604 3817 661 ad

2224 698 2508 752 continuos
2535 711 2793 753 excursus
2819 697 3101 751 constituti
3127 704 3273 760 sunt,
3322 695 3465 765 turpi
3496 695 3672 750 macie
3703 709 3815 752 non

2227 788 2505 843 tabescant
2537 805 2550 841 :
2584 804 2651 843 ne
2691 787 2876 857 jejuna
2925 788 3159 841 tenuitas
3212 786 3485 840 laboribus
3534 791 3820 855 praeventa

2224 879 2557 942 succumbat,
2590 888 2645 933 et
2673 879 2893 948 incipiat
2936 878 3038 932 iter
3068 877 3181 931 fieri
3226 890 3525 943 morosum,
3568 879 3718 945 quod
3742 874 3813 929 ad

2225 969 2558 1024 celeritatem
2580 976 2793 1024 constat
2821 982 2941 1023 esse
2972 967 3245 1021 inventmu
3271 975 3319 1021 ⁸.
3351 964 3700 1035 Quapropter
3717 965 3817 1021 de-

2225 1061 2372 1115 votio
2398 1069 2595 1125 vestra,
2624 1058 2873 1130 przesenti
2896 1057 3136 1127 jussione
3161 1057 3514 1122 commonita,
3537 1063 3815 1111 terrarum

2224 1149 2396 1219 Spatia
2424 1164 2544 1220 qute
2574 1148 2782 1202 veredis
2833 1146 2993 1217 (Vide
3019 1148 3184 1217 infra,
3215 1145 3305 1200 lib.
3336 1161 3389 1213 ν,
3429 1163 3514 1216 φ.
3555 1143 3613 1217 5)
3652 1132 3817 1201 antea

2225 1239 2491 1293 licuerant
2518 1236 2906 1293 mutationibus
2934 1236 3046 1290 suis
3074 1236 3119 1302 ι’,
3143 1250 3173 1289 a
3196 1250 3512 1305 possessore
3539 1236 3815 1290 vindicata

2225 1330 2507 1394 restituat;
2539 1338 2598 1383 ut
2627 1343 2727 1383 nec
2771 1327 2879 1381 illis
2905 1340 3071 1396 parvo
3112 1326 3290 1395 spatio
3319 1326 3649 1381 inducantur
3689 1325 3812 1400 luis.

2226 1416 2551 1489 indicantur]
2580 1418 2797 1485 damna,
2826 1425 2880 1471 et
2906 1417 3021 1473 istis
3048 1425 3365 1486 recuperata
3390 1415 3687 1473 sufﬁciant.

2747 1547 3081 1612 EPISTOLA
3117 1549 3281 1605 XXX.

2436 1660 2661 1700 SINA'I'UI
2689 1661 2838 1701 URBIS
2865 1661 3023 1701 ιιοιιιε
3055 1662 3421 1702 τυεουοιιιευε
3448 1663 3558 1704 κει

2229 1731 2474 1798 Queritur
2500 1736 2642 1803 apud
2681 1736 2799 1807 illos
2828 1738 2964 1807 quod
2989 1738 3188 1791 servilis
3234 1739 3383 1807 furor
3420 1749 3661 1792 amatus
3691 1746 3809 1792 tm

2298 1820 2421 1874 pore
2439 1806 2847 1875 spectaculorum
2866 1815 3157 1874 persecutus
3178 1806 3245 1860 sit
3264 1807 3531 1872 innoxios,
3556 1818 3607 1861 et
3626 1811 3811 1872 sancit,

549 1867 619 1922 ad
649 1869 863 1937 culpam
899 1868 1142 1938 quisquis
1177 1868 1476 1923 transeunti
1510 1864 1943 1924 reverentissimo
1965 1880 2127 1925 sena-
2158 1887 2203 1948 Β
2296 1864 2352 1948 ut
2379 1864 2735 1948 sic'ujuspiam
2763 1864 3014 1930 senatoris
3062 1878 3285 1948 famulus
3327 1880 3382 1930 in
3424 1864 3647 1948 ingenui
3678 1864 3814 1933 apd;

546 1957 651 2013 tori
678 1955 929 2028 injuriam
957 1965 1242 2028 protervus
1265 1957 1479 2026 inﬂixit,
1506 1958 1552 2013 si
1578 1958 1721 2014 male
1744 1958 1970 2028 optavit,
2003 1972 2127 2013 cum

545 2045 685 2101 bene
711 2046 859 2116 loqui
883 2046 1086 2102 debuit.
1120 2045 1298 2102 Mores
1330 2055 1509 2102 autem
1537 2061 1727 2116 graves
1759 2047 1811 2101 in
1841 2053 2126 2116 spectacu-

544 2133 614 2191 lis
635 2133 757 2206 quis
782 2135 1056 2205 requirat?
1079 2134 1161 2190 Ad
1187 2135 1403 2192 Circum
1427 2136 1679 2192 nesciunt
1704 2136 1994 2193 convenire
2019 2136 2126 2192 Ca-

544 2233 722 2282 tones.
747 2226 1015 2298 Quidquid
1043 2227 1152 2284 illic
1177 2227 1434 2297 gaudenti
1461 2228 1663 2299 populo
1691 2228 1909 2297 dicitur,
1933 2228 2127 2298 injuria

549 2330 659 2372 non
679 2324 918 2388 putatur.
941 2316 1115 2375 Locus
1141 2326 1227 2374 est
1260 2318 1352 2390 qui
1379 2317 1619 2375 defendit
1642 2333 1941 2375 excessum.
1981 2317 2128 2385 Quo-

545 2418 663 2462 rum
701 2406 989 2477 garrulitas
1024 2408 1073 2464 si
1119 2408 1390 2479 patienter
1415 2409 1705 2478 accipitur,
1738 2409 1886 2479 ipsos
1912 2422 2129 2481 quoque

545 2496 815 2569 principes
862 2510 1061 2553 ornare
1113 2504 1465 2553 monstratur.
1531 2496 1913 2568 Respondeant
1973 2498 2130 2553 nobis

545 2594 694 2643 certe
733 2587 828 2658 qui
855 2585 1053 2642 talibus
1096 2586 1286 2642 studiis
1332 2596 1681 2658 occupantur.
1721 2587 1767 2643 si
1814 2588 2129 2657 tranquillos

546 2682 734 2746 optant
759 2674 1097 2731 adversarios
1121 2690 1280 2742 suos;
1306 2683 1457 2732 certe
1486 2676 1670 2732 volunt
1693 2692 1787 2732 eos
1815 2692 1935 2734 esse
1956 2678 2128 2733 victo-

548 2776 656 2828 res.
679 2764 895 2835 quando
915 2764 984 2820 ad
1004 2763 1228 2835 injurias
1254 2772 1385 2821 tunc
1409 2766 1710 2835 prosiliunt,
1743 2781 1863 2822 cum
1884 2782 1943 2823 se
1969 2782 2130 2838 supe-

550 2862 700 2910 ratos
728 2854 959 2925 turpiter
997 2855 1344 2913 erubescunt.
1376 2856 1528 2912 Unde
1556 2870 1683 2927 ergo
1726 2858 1884 2914 irasci
1919 2860 2124 2927 volunt,

550 2944 694 3018 quod
722 2944 840 3001 sine
866 2943 1033 3001 dubio
1059 2959 1121 3001 se
1144 2952 1363 3016 optasse
1390 2947 1760 3015 cognoscunt?

1040 3073 1377 3132 EPISTOLA
1413 3075 1645 3133 XXVIII.

643 3183 910 3224 UNIVIISIS
935 3182 1128 3225 GO'I'BIS
1157 3184 1226 3223 ΕΤ
1254 3183 1480 3225 ROIANIS
1508 3186 1870 3226 THEODUBICUS
1898 3188 2023 3226 REX.

549 3256 663 3341 Hoc
692 3256 911 3339 epistola
934 3257 1134 3338 sancit,
1161 3266 1218 3341 ut
1244 3259 1289 3311 si
1315 3260 1427 3341 quis
1456 3259 1722 3341 cujuslibet
1752 3261 1971 3341 generis
1992 3279 2121 3341 sura
2150 3247 2196 3310 C

615 3327 668 3399 in
697 3327 839 3399 agris
865 3328 973 3399 suis
993 3327 1226 3399 jacentia
1258 3327 1429 3399 muris
1454 3327 1725 3398 profutura
1753 3327 2027 3399 'Imbuerit,
2058 3334 2125 3386 li-

616 3395 741 3451 bens
762 3395 833 3450 ad
856 3395 1288 3450 instaurationem
1316 3395 1519 3451 urbium
1546 3395 1831 3468 impendat.

619 3506 786 3574 Digna
815 3513 900 3561 est
925 3506 1253 3562 constructio
1282 3508 1534 3575 civitatis,
1565 3509 1619 3564 in
1645 3524 1749 3580 qua
1773 3526 1831 3566 se
1851 3527 2125 3568 commen-

548 3599 643 3653 dat
669 3610 797 3652 cura
835 3596 1031 3665 regalis
1063 3613 1077 3650 :
1108 3597 1233 3665 quia
1260 3596 1376 3653 laus
1400 3605 1484 3653 est
1513 3607 1813 3670 temporum
1847 3602 1945 3673 15
1974 3619 2129 3673 repa-

548 3687 687 3744 ratio
708 3686 922 3742 urbinm
947 3694 1278 3743 vetustarum
1307 3706 1320 3741 :
1347 3688 1401 3743 in
1427 3690 1623 3759 quibus
1650 3697 1707 3745 et
1733 3702 1954 3747 ornatus
1982 3695 2129 3764 pacis

549 3779 867 3850 acquiritur,
891 3788 946 3836 et
972 3779 1236 3843 bellorum
1276 3782 1567 3835 necessitas
1596 3792 1944 3852 prmcavetur.
1972 3784 2126 3840 Ideo-

548 3883 655 3937 que
682 3868 935 3938 przeseuti
956 3868 1200 3939 jussione
1225 3868 1500 3939 profutura
1530 3872 1819 3938 sancimus,
1849 3880 1911 3927 ut
1934 3873 1979 3927 si
2010 3878 2129 3944 quis

545 3955 830 4026 cujuslibet
871 3958 1086 4027 generis
1133 3972 1295 4025 saxa,
1340 3959 1392 4012 in
1436 3960 1578 4025 agris
1606 3959 1717 4015 suis
1740 3960 2124 4034 jacentialms.

536 4047 704 4114 »Aud.,
730 4046 1077 4119 jacentibus],
1121 4048 1290 4102 muris
1326 4047 1579 4102 habuerit
1614 4046 1914 4118 profutura,
1958 4050 2130 4107 libens

545 4136 723 4192 animo
761 4139 879 4193 sine
913 4137 1091 4208 aliqua
1135 4135 1396 4192 dilatione
1430 4137 1709 4192 concedat.
1748 4136 1851 4204 Qui
1881 4147 2008 4196 tunc
2035 4156 2127 4197 ve-

545 4227 659 4281 rius
685 4225 1002 4296 possidebit,
1031 4241 1153 4281 cum
1180 4226 1295 4280 haec
1317 4226 1550 4281 civitatis
1567 4241 1677 4281 suae
1708 4227 1921 4283 utilitati
1949 4230 2128 4285 indul-

544 4315 697 4370 serit.
743 4315 882 4382 Quid
929 4316 1073 4369 enim
1102 4323 1187 4370 est
1211 4315 1412 4384 gratius
1459 4329 1620 4384 quant
1661 4316 1846 4373 videre
1885 4333 2129 4377 crescere

546 4406 816 4477 publicum
845 4405 1037 4471 decus,
1072 4405 1162 4461 ubi
1190 4405 1429 4461 omnium
1466 4405 1666 4461 utilitas
1696 4408 1748 4463 in
1777 4411 2128 4478 generalitate

544 4496 920 4554 concluditur?
960 4495 1029 4551 Et
1070 4497 1195 4552 licet
1232 4504 1551 4567 praestentur
1591 4498 1735 4567 vilia,
1766 4500 1833 4553 ad
1878 4509 2128 4559 auctores

543 4601 672 4642 suos
702 4600 893 4656 magna
920 4594 1048 4642 sunt
1085 4587 1466 4643 commoditate
1500 4586 1755 4644 reditura.
1784 4588 1958 4646 Datur
1984 4593 2126 4647 enim
2158 4616 2200 4674 υ

543 4678 881 4750 plerumque,
926 4677 1071 4749 quod
1108 4677 1299 4749 majori
1344 4679 1573 4734 utilitate
1614 4680 1889 4749 recipitur.
1921 4680 1990 4737 Et
2016 4682 2123 4738 fre-

541 4778 769 4839 quenter
797 4769 961 4825 homo
991 4770 1138 4825 lucra
1168 4785 1263 4825 sua
1294 4769 1686 4841 complectitur,
1718 4787 1840 4827 cum
1870 4788 2119 4828 necessa-

539 4861 624 4918 rio
649 4877 749 4935 pro
779 4863 1035 4933 temporis
1064 4863 1325 4932 qualitate
1354 4862 1595 4931 largitur.

1054 4972 1379 5029 EPISTULA
1419 4971 1606 5028 XXIX.

536 5080 805 5125 υκινειιςιε
826 5081 1163 5123 ιυοιιιδτλκιε
1182 5080 1345 5119 SUPER
1362 5081 1587 5120 SON'I'IUI
1603 5080 1942 5121 CONSTITUTIS
1960 5080 2117 5120 τηεο·

1140 5151 1291 5191 υοίιιε
1299 5150 1358 5188 US
1387 5151 1513 5189 REX.

534 5229 689 5285 lubet
713 5239 769 5284 ut
794 5238 1049 5283 terrarum
1095 5229 1268 5299 spatia
1303 5242 1417 5297 quia
1443 5227 1823 5299 veredisﬂantea
1863 5227 2115 5280 licuerant

607 5299 971 5356 mutationibus
999 5299 1125 5364 suis,
1157 5315 1189 5351 a
1220 5298 1793 5369 possessorevindicata
1821 5307 2000 5351 curent
2030 5314 2115 5349 rc-

605 5371 772 5424 stilui.

605 5460 724 5515 Non
752 5458 972 5513 dubium
999 5456 1173 5512 estad
1222 5456 1508 5512 utilitatem
1548 5456 1752 5527 reipub.
1787 5442 1972 5512 euisus
2016 5471 2114 5510 cu-

535 5549 765 5605 stodiam
794 5550 1086 5617 pertinere,
1134 5562 1229 5616 per
1255 5561 1415 5615 quem
1448 5546 2115 5603 nostris~ordiuationibus

610 5737 634 5763 ἰ
665 5725 826 5779 Multa
859 5726 910 5779 in
941 5728 1076 5782 hanc
1096 5727 1415 5783 sententiam
1440 5727 1531 5782 lib.
1556 5745 1645 5783 rm
1670 5728 1728 5781 C.
1762 5727 1994 5791 Theod.,
2023 5727 2103 5781 tit.

540 5792 599 5853 5.
621 5796 1034 5851 constituuntur.
1063 5799 1228 5853 Fonx.
1352 5806 1357 5809 '

612 5869 635 5901 υ
666 5861 984 5922 Mutationes
1014 5866 1133 5922 infr.
1160 5868 1251 5923 lib.
1284 5880 1355 5930 tv,
1406 5867 1562 5930 epist.
1594 5867 1680 5931 47,
1736 5877 1920 5935 postas
1951 5866 2107 5933 vulgo

2298 1945 2454 2017 fuerit
2486 1953 2761 2017 personis,
2800 1961 2913 2017 eum
2955 1945 3126 2017 tradat
3166 1946 3319 1999 herus
3360 1945 3563 2017 legibus
3598 1952 3815 2017 punien.

2298 1964 2453 2015 jueru
2496 1964 2761 2012 versatus,
2800 1964 2913 1999 eum
2955 1964 3126 1998 traaat
3166 1964 3319 1999 uerus
3360 1964 3408 1999 te
3447 1964 3563 2000 tous
3598 1965 3815 2017 punica.

2295 2014 2439 2069 dum.
2473 2013 2624 2085 Quod
2650 2015 2696 2068 si
2724 2031 2866 2085 reum
2882 2016 3144 2085 judicibus
3171 2017 3354 2069 sistere
3391 1964 3686 2084 jistulerit,
3726 2037 3816 2073 ποθ

2295 2086 2424 2152 verit
2441 2099 2497 2138 se
2521 2083 2695 2139 decem
2720 2082 2969 2139 librarum
2996 2088 3110 2139 auri
3138 2086 3409 2154 dispendio
3430 2082 3816 2143 mult-tandum.

2296 2173 2546 2230 Animum
2590 2182 2856 2238 nostrum,
2882 2173 3070 2230 Patres
3090 2174 3416 2246 Conscripti,
3434 2177 3653 2248 reipub.
3678 2179 3818 2237 curis

2225 2267 2510 2330 calentem,
2558 2273 2618 2321 et
2660 2263 2990 2320 diversarum
3017 2266 3254 2334 gentium
3302 2266 3529 2322 consilia
3567 2283 3818 2339 perscru-

2228 2364 2451 2423 tantem,
2500 2355 2734 2426 pulsavit
2781 2356 2975 2426 saepius
3021 2356 3244 2427 querela
3288 2357 3649 2429 populorum,
3700 2371 3818 2416 orta

2231 2443 2446 2514 quidem
2475 2459 2543 2501 ex
2572 2445 2748 2501 causis
2774 2446 3000 2510 levibus,
3050 2447 3145 2503 sed
3189 2461 3383 2517 graves
3419 2451 3696 2506 eructavit
3721 2465 3819 2507 ex-

2227 2550 2433 2590 cessus.
2485 2534 2744 2606 Deplorat
2770 2537 2912 2592 enim
2941 2552 3038 2607 pro
3067 2539 3504 2608 spectaculorum
3533 2541 3820 2612 voluptate

2229 2626 2295 2681 ad
2325 2626 2644 2683 discriminis
2663 2642 2725 2682 se
2748 2627 2933 2683 ultima
2954 2629 3289 2701 pervenisse;
3322 2638 3382 2686 ut
3401 2630 3581 2700 legum
3603 2636 3820 2691 ratione

2226 2718 2457 2787 calcata,
2504 2718 2788 2789 desperate
2838 2728 3254 2791 persequeretur
3299 2720 3555 2779 innoxios
3603 2726 3821 2783 servilis

2227 2808 2377 2867 furor
2402 2819 2670 2876 armatus;
2719 2819 2774 2866 et
2819 2811 2963 2881 quod
2992 2812 3098 2867 illis
3125 2811 3433 2869 humanitas
3460 2824 3653 2871 nostra
3680 2817 3823 2873 laeti-

2229 2904 2317 2958 tiae
2350 2917 2514 2958 causa
2558 2902 2826 2973 prmstitit,
2861 2903 2914 2957 in
2944 2904 3214 2958 tristitiam
3260 2904 3485 2961 audacia
3531 2906 3822 2977 plectenda

2228 2994 2516 3049 convertit.
2548 2991 2703 3060 Quod
2729 3009 2828 3048 nos
2855 2992 3154 3049 clementiae
3201 3005 3400 3051 nostra:
3437 2997 3605 3057 solita
3630 3000 3822 3069 provi-

2229 3086 2383 3141 sione
2410 3086 2831 3157 comprimimus,
2860 3101 2929 3141 ne
2957 3086 3215 3157 paulatim
3238 3088 3487 3153 sinendo,
3511 3091 3821 3159 graviorem

2228 3176 2502 3232 vindicare
2529 3189 2787 3244 cogamur
2816 3174 3097 3231 oli‘eusam.
3130 3175 3354 3248 Benigui
3394 3180 3599 3250 quippe
3626 3182 3821 3251 princi-

2228 3268 2311 3340 pis
2339 3277 2422 3322 est
2448 3284 2555 3322 non
2583 3276 2691 3322 tam
2728 3267 2923 3322 delicta
2943 3266 3084 3337 velle
3125 3269 3336 3337 punire,
3383 3283 3549 3338 quam
3576 3271 3778 3327 tollere
3806 3290 3819 3325 :

2230 3374 2297 3413 ne
2334 3366 2427 3412 aut
2469 3356 2663 3413 acriter
2708 3357 3049 3426 vindicando,
3095 3358 3395 3414 aestimetur
3442 3360 3677 3428 nimius;
3729 3372 3820 3417 aut

2228 3446 2419 3502 leviter
2445 3448 2672 3519 agendo,
2704 3456 2924 3519 putetur
2946 3449 3295 3520 improvidus.
3322 3450 3500 3521 Atque
3528 3453 3656 3509 ideo
3684 3470 3821 3525 pra:-

2228 3538 2365 3594 senti
2394 3538 2706 3594 deﬁnitione
2735 3538 3024 3605 sancimus,
3058 3547 3116 3593 ut
3143 3539 3189 3594 si
3218 3539 3519 3611 cujuspiam
3546 3523 3821 3600 senatoris

2228 3628 2457 3684 famulus
2480 3629 2533 3684 in
2556 3629 2770 3698 ingenui
2793 3628 2940 3685 aede
2961 3627 3121 3684 fuerit
3143 3630 3371 3685 fortasse
3399 3639 3671 3698 versatus,
3696 3648 3822 3689 eum

2232 3720 2407 3776 tradat
2427 3720 2632 3790 legibus
2659 3722 2990 3791 impetitum;
3022 3729 3084 3777 ut
3107 3721 3236 3779 facti
3257 3723 3523 3792 qualitate
3550 3723 3822 3791 discussa,

2229 3810 2532 3881 proferatur
2554 3810 2676 3880 jure
2701 3812 2931 3866 valitura
2958 3812 3247 3867 sententia.
3279 3811 3338 3867 Si
3364 3827 3498 3871 vero
3522 3815 3667 3869 tanti
3695 3815 3822 3871 faci-

2230 3904 2378 3959 noris
2423 3917 2574 3957 reum
2621 3902 2762 3956 mala
2808 3900 2912 3957 (ide
2954 3901 3206 3957 dominus
3242 3902 3459 3973 judiciis
3486 3915 3822 3973 praesentare

2231 3995 2520 4063 distulerit,
2554 3994 2764 4051 noverit
2788 4008 2850 4050 se
2874 3993 3061 4050 decem
3091 3994 3350 4063 librarum
3380 3996 3499 4051 auri
3533 3996 3820 4068 dispendio

2229 4086 2640 4152 vulnerandum,
2688 4095 2743 4141 et
2788 4094 2987 4142 nostra:
3034 4086 3433 4155 ingratitudiuis
3470 4086 3552 4160 [id
3575 4099 3661 4143 est
3688 4090 3821 4144 indi-

2229 4176 2540 4248 gnationis],
2583 4178 2735 4247 quod
2755 4177 2926 4234 multo
2970 4178 3185 4247 gravius
3209 4186 3312 4245 est,
3344 4175 3590 4247 pericula
3613 4181 3820 4235 subitu-

2229 4285 2367 4324 rum.
2401 4269 2505 4325 Sed
2534 4278 2593 4324 ut
2620 4269 2960 4347 honestatem
3004 4268 3244 4327 omnium
3287 4284 3387 4340 par
3425 4269 3565 4325 libra
3593 4286 3820 4341 compo-

2230 4368 2411 4426 neret,
2462 4368 2518 4414 et
2558 4360 2826 4415 civilitatis
2866 4359 3013 4432 [mss.
3044 4369 3094 4415 et
3130 4361 3215 4416 ed.
3263 4360 3511 4427 Accurs.,
3556 4360 3819 4433 civitatis]

2228 4452 2397 4519 gratia
2425 4450 2662 4508 reductis
2686 4451 2927 4508 moribus
2952 4452 3289 4518 conveniret,
3313 4452 3382 4507 ad
3397 4453 3668 4523 pepulum
3689 4470 3819 4525 quo~

2227 4556 2334 4610 que
2376 4551 2643 4614 prmcepta
2670 4549 2852 4597 nostra
2881 4542 3210 4612 direximus,
3253 4558 3374 4612 qua:
3402 4544 3559 4600 vobis
3586 4547 3816 4602 reserari

2229 4633 2459 4688 libenter
2483 4634 2885 4704 amplectimur;
2932 4643 2992 4689 ut
3022 4635 3282 4690 alterutra
3317 4634 3568 4704 jussione
3592 4648 3817 4706 pensata

2227 4726 2549 4780 resarciatur
2572 4725 2777 4781 civibus
2805 4726 2970 4780 scissa
2996 4726 3308 4781 concordia.
3339 4724 3577 4783 Proinde
3611 4729 3817 4783 nullum

2122 4864 2127 4871 .
2227 4830 2257 4868 a
2288 4816 2721 4884 spectaculorum
2748 4816 2945 4886 gaudio
2977 4831 3339 4883 removemus,
3389 4816 3489 4871 sed
3536 4817 3818 4875 seditionis

2226 4906 2429 4962 semina
2476 4907 2735 4962 radicitus
2781 4915 3143 4977 amputamus.
3193 4905 3413 4961 Intersit
3464 4905 3636 4977 igitur
3684 4909 3815 4963 inter

2226 4996 2567 5068 Splendorem
2593 5004 2829 5051 vestrum
2875 5011 3164 5065 moresque
3206 4982 3510 5052 mediocres
3541 5014 3556 5050 :
3589 4997 3815 5068 refugite

2227 5089 2360 5143 tales
2390 5087 2700 5157 familiares,
2748 5088 2841 5157 qui
2885 5088 2993 5143 sint
3040 5088 3357 5157 injuriarum
3399 5087 3644 5144 ministri
3678 5106 3693 5143 :
3734 5087 3813 5157 qui

2222 5181 2413 5236 honori
2459 5190 2643 5247 vestr-41
2673 5180 2911 5235 nitantur
2939 5177 3232 5247 ascribere,
3274 5177 3422 5247 quod
3470 5177 3810 5248 delinquunt.

2222 5286 2276 5331 et
2305 5275 2429 5329 dum
2475 5274 2721 5329 levitates
2765 5287 2892 5327 suas
2938 5286 3185 5327 asserere
3216 5271 3390 5340 (mss.,
3423 5270 3683 5341 exerere)
3725 5286 3811 5323 cu-
3872 5308 3873 5315 η

2223 5367 2395 5435 piunt,
2440 5374 2676 5423 vestram
2722 5362 3081 5417 reverentiam
3130 5361 3412 5431 implicare
3458 5362 3806 5417 contendunt.
3870 5410 3871 5423 χ

2223 5454 2330 5509 Vos
2361 5456 2525 5517 etim,
2555 5469 2691 5522 quos
2722 5467 2935 5523 semper
2958 5452 3195 5520 gravitas
3222 5450 3400 5517 decet,
3431 5452 3610 5508 nolite
3643 5462 3808 5508 trucu-
3868 5480 3869 5509 ι

2220 5546 2394 5600 lentcr
2422 5545 2629 5613 insequi
2661 5544 2836 5598 inania
2882 5544 3047 5599 verba
3076 5542 3424 5613 pepulorum.
3476 5541 3538 5598 Si
3580 5545 3712 5614 quid
3737 5548 3807 5603 est
3866 5568 3867 5595 l

2216 5732 2428 5777 vocant.
2481 5722 2743 5776 Ammian.
2784 5704 3081 5782 Marcellini
3120 5727 3211 5783 lib.
3244 5742 3382 5782 xxi:
3422 5744 3442 5777 ‹
3473 5724 3691 5781 Mature
3719 5725 3797 5778 de-
3862 5762 3863 5765 η

2216 5797 2413 5867 cessit,
2460 5798 3095 5867 vectusquemtntatione
3138 5798 3323 5867 celere
3369 5811 3569 5852 cursus
3617 5793 3800 5867 publici
3860 5810 3861 5849 ι

2220 5865 2472 5916 transitus
2502 5863 2723 5932 Alpibus
2745 5862 2919 5932 Juliis,
2948 5876 3050 5922 etc.
3093 5886 3109 5919 ι
3147 5866 3389 5923 Forma.
