3952 6400
234 274 342 332 529
1530 282 1818 339 νΑιυΑιὶι

1934 283 2133 340 LIBER
2167 285 2207 341 l.
3417 287 3524 346 530

231 394 398 461 forte,
420 391 567 463 quod
598 407 812 465 pmnam
855 401 1126 450 mereatur
1153 392 1466 456 admissum,
1498 393 1552 448 in
1594 393 1833 464 praefecti
1861 401 1906 459 Α
1935 396 2168 466 quadam
2197 397 2479 454 harmonia
2508 398 2729 454 cithara:
2765 413 3060 456 concavum
3110 399 3379 455 theatrum
3424 415 3523 473 per

235 483 400 543 Urbis
425 487 678 542 notitiam
705 486 1037 552 deferatur';.,
1059 496 1122 542 ut
1161 487 1317 558 culpa
1343 485 1571 556 legibus,
1603 502 1712 542 non
1735 502 1834 559 per
1932 503 2030 542 vos
2052 498 2369 556 resonat,ut
2389 499 2548 546 tonos
2576 491 2747 561 possit
2771 491 3000 561 quilibet
3023 491 3244 548 credere
3258 491 3518 566 [κάμακιάῄ

229 584 620 646 praesumptam
645 586 964 632 coerceatnr
991 576 1260 645 injuriam.
1287 576 1422 642 Quid
1451 577 1598 632 enim
1625 577 1831 633 discre-
1933 580 2132 653 potius]
2158 597 2319 652 quam
2349 583 2632 638 clamores.
2667 583 2912 654 Nunquid
2958 584 3098 640 inter
3126 585 3226 640 ista
3255 585 3386 641 rixte
3420 586 3514 642 de-

227 673 384 738 pata
412 675 698 737 peccante,
729 667 821 737 qui
861 683 923 723 se
949 683 1046 741 per
1087 683 1372 724 excessum
1419 667 1608 722 nititur
1651 668 1829 723 vindi-
1929 681 2094 741 cent,
2155 679 2248 727 aut
2295 671 2622 728 inﬂammata
2667 673 2981 730 contentio?
3008 672 3240 744 Abjicite
3285 673 3515 741 furores,

223 761 399 816 care?
419 760 811 833 lmpmnitenda
837 771 924 818 est
949 761 1083 816 ultio
1117 761 1186 816 de
1213 761 1350 827 cive,
1382 777 1503 832 quae
1529 761 1596 817 de
1621 761 1831 831 legibus
1929 761 2058 826 lteti,
2093 763 2228 818 iram
2254 764 2550 834 gaudentes
2597 765 2892 821 excludite.
2925 763 3128 822 Taliter
3164 765 3307 822 enim
3351 767 3514 824 animi

224 853 406 920 venit;
437 859 494 909 et
515 853 848 910 excellenter
870 853 1084 909 videtur
1111 853 1181 910 de
1209 855 1424 925 pulsato
1437 855 1824 926 triumphasse,

221 941 324 1010 qui
341 941 519 997 victor
543 941 928 1012 pronuntiatur
955 956 986 996 a
1007 941 1210 1012 judice.
1267 941 1413 997 lnter
1439 943 1585 1013 ipsos
1613 957 1828 1013 quoque

223 1031 594 1098 adversarios,
625 1042 688 1088 ut
712 1033 882 1098 scitis,
915 1048 1021 1089 non
1050 1044 1204 1089 erant
1231 1034 1380 1104 prius
1407 1043 1616 1090 armata
1645 1043 1826 1091 certa-
1899 1033 1912 1044 ”

225 1121 395 1188 mina,
425 1121 522 1178 sed
550 1123 746 1192 pugnis
767 1137 829 1178 se
857 1123 1153 1194 quamlibet
1177 1121 1380 1178 fervida
1412 1123 1715 1178 lacessebat
1741 1123 1823 1178 in-

225 1212 432 1278 tentio;
472 1211 620 1268 unde
645 1220 703 1268 et
728 1226 904 1283 pugna
931 1227 1128 1268 nomen
1158 1214 1372 1284 accepit
1397 1221 1448 1266 ι.
1486 1211 1677 1268 Postea
1719 1213 1824 1269 Be-

226 1303 313 1359 lus
353 1302 382 1341 δ
425 1301 664 1360 ferreum
711 1303 947 1373 gladium
992 1305 1198 1375 primus
1243 1305 1514 1374 produxit,
1543 1321 1572 1360 a
1616 1320 1724 1375 quo
1770 1314 1828 1361 et

226 1395 431 1451 bellum
476 1394 682 1464 placuit
709 1395 996 1450 nominari.
1041 1393 1337 1452 Consilium
1385 1403 1562 1459 atrox,
1607 1395 1826 1451 crudele

226 1485 556 1556 praesidium,
606 1485 778 1541 ferina
823 1486 1180 1541 concertatio.
1207 1485 1338 1540 Nam
1367 1494 1424 1541 et
1449 1486 1497 1541 si
1527 1485 1711 1541 datum
1747 1487 1824 1542 illi

223 1583 312 1633 est
337 1575 489 1648 prius
531 1577 795 1631 inermem
823 1575 980 1631 facile
1009 1577 1244 1640 vincere,
1277 1584 1455 1630 tamen
1483 1576 1696 1632 crimini
1725 1592 1823 1648 ap-

225 1666 538 1738 plicandum
562 1676 668 1736 est,
699 1667 845 1736 quod
891 1666 1018 1722 inde
1045 1667 1333 1736 posteritas
1373 1666 1554 1736 potuit
1581 1665 1822 1723 interire.

225 1757 348 1815 Non
371 1751 698 1830 permittatis
725 1772 855 1826 ergo
877 1775 908 1813 a
929 1756 1141 1813 famulis
1161 1757 1355 1813 vestris
1383 1755 1501 1813 ﬁeri
1531 1757 1586 1812 in
1616 1757 1823 1814 civibus
1858 1769 1899 1828 Β

225 1851 375 1922 quod
400 1851 578 1907 adhuc
601 1851 762 1906 debet
789 1851 840 1904 in
871 1850 1118 1906 hostibus
1144 1849 1408 1904 accusari.

621 1952 632 1960 ‘
687 1965 790 2035 ιθ
813 1961 1148 2018 EPlS'l‘OLA
1177 1961 1368 2017 XXXI.

531 2065 736 2112 eorum
759 2056 976 2110 denseo
1005 2069 1368 2110 THEODORICUS
1393 2069 1520 2109 nex.

225 2147 406 2205 Edicit
455 2157 511 2202 ut
539 2149 584 2202 si
612 2149 726 2220 quis
755 2163 820 2202 ea:
847 2148 1036 2220 papula
1067 2155 1268 2220 atroces
1310 2146 1536 2220 injurias
1564 2145 1618 2199 in
1642 2161 1822 2220 quem-

249 2257 252 2264 .
300 2221 440 2291 piam
484 2216 784 2291 senatorum
831 2216 1122 2291 proiulerit,
1167 2216 1372 2291 noverit
1407 2231 1464 2270 se
1503 2232 1536 2269 a
1573 2217 1821 2291 praefecto

307 2286 463 2344 Urbis
491 2306 586 2359 pro
611 2287 1009 2360 qualitatefacti
1027 2286 1397 2360 plectendum;
1427 2293 1476 2340 et
1504 2287 1739 2356 prweipit
1765 2294 1822 2340 ut

297 2357 606 2430 pantomimi
623 2357 909 2429 prie/initis
937 2357 1066 2414 locis
1091 2367 1232 2412 artes
1256 2372 1379 2410 suas
1407 2363 1701 2412 exerceant.

297 2448 614 2520 Spectacula
639 2449 998 2519 voluptatum,
1034 2446 1272 2501 laetitiam
1301 2445 1548 2502 volumus
1575 2460 1696 2500 esse
1722 2460 1822 2516 po-

223 2541 508 2616 pulorum;
539 2556 640 2597 nec
678 2541 888 2610 erigere
916 2539 1080 2594 debet
1111 2547 1289 2595 motus
1319 2538 1543 2602 irarum,
1573 2537 1722 2608 quod
1751 2537 1820 2594 ad

225 2631 596 2688 remissionem
621 2631 786 2686 animi
832 2637 1046 2688 constat
1086 2630 1384 2685 inventum.
1418 2627 1545 2685 ideo
1574 2627 1716 2685 enim
1739 2635 1822 2686 tot

223 2737 582 2794 expensarum
624 2739 762 2778 onus
785 2723 1048 2788 subimus,
1082 2729 1137 2775 ut
1165 2729 1465 2776 conventus
1495 2728 1674 2776 vester
1709 2735 1820 2778 non

222 2817 298 2870 sit
325 2813 604 2870 seditionis
635 2814 912 2884 strepitus,
941 2812 1038 2868 sed
1064 2812 1214 2884 pacis
1242 2820 1484 2868 ornatus.
1515 2809 1693 2866 Mores
1719 2825 1819 2881 pe-

224 2903 470 2975 regrinos
493 2900 743 2973 abjicite;
793 2900 1039 2958 Romana
1065 2901 1137 2956 sit
1163 2915 1271 2956 vox
1299 2900 1494 2972 plebis,
1535 2914 1696 2971 quam
1725 2898 1819 2956 de-

225 2995 390 3051 lectet
431 2994 624 3049 audiri.
651 2993 911 3048 Convicia
942 3008 1044 3048 nec
1065 2991 1316 3062 gaudium
1347 2991 1586 3062 pariunt,
1617 3005 1720 3047 nec
1751 2989 1818 3046 de

223 3084 411 3141 laetitia
451 3092 824 3156 procreantur.
855 3081 971 3140 Hoc
1001 3081 1100 3139 fuit
1141 3091 1310 3150 certe,
1335 3081 1480 3152 quod
1517 3081 1817 3153 culpabatis

1929 852 2156 907 aliorum
2186 853 2474 924 temperari
2504 862 2750 924 possunt,
2782 869 2904 910 cum
2943 855 3112 910 vestri
3153 855 3366 913 favores
3407 855 3514 931 [σά.

1929 941 2078 1009 Niv.,
2111 942 2370 1016 fautores]
2401 943 2638 1000 suaviter
2664 944 2973 1001 audiuntur.

2425 1079 2761 1138 EPISTOLA
2788 1081 2998 1140 XXXII.

1927 1203 2155 1246 AGAPI‘I'O
2192 1187 2218 1232 δ
2257 1205 2382 1247 νιιιο
2416 1206 2662 1248 ιιιυῆτιη
2708 1208 3000 1251 Ριυειιιετο
3037 1210 3188 1252 uasis
3223 1211 3514 1253 THEODOIII-

2595 1279 2689 1318 CUS
2717 1279 2844 1318 REX.

1927 1362 2086 1446 Illum
2117 1381 2288 1428 monet
2325 1389 2380 1429 se
2406 1374 2676 1444 scripsisse
2703 1374 2774 1428 ad
2809 1381 3049 1430 senatum
3075 1385 3124 1430 et
3150 1375 3220 1430 ad
3247 1377 3514 1446 populum,

1991 1443 2234 1526 jubelque
2261 1452 2318 1498 ut
2345 1445 2390 1499 si
2421 1461 2452 1498 a
2477 1443 2733 1516 quoquam
2760 1445 2991 1516 irrogata
3023 1447 3179 1570 (κατὰ
3207 1443 3403 1517 injuria
3431 1443 3513 1502 se;

1998 1522 2190 1570 natort.
2216 1515 2488 1570 confestim
2527 1513 2614 1568 ille
2657 1514 2824 1570 leuam
2855 1518 3018 1570 severi
3043 1526 3126 1570 ate
3153 1517 3441 1570 plectatur:
3469 1519 3512 1570 si

1998 1513 2190 1577 natori,
2216 1513 2500 1584 confestim’
2527 1513 2614 1568 ille
2657 1514 2824 1586 legum
2855 1513 3126 1570 severilate
3152 1513 3441 1587 plectatur;
3469 1519 3512 1572 si

1997 1599 2115 1638 vero
2143 1594 2352 1638 senator
2380 1599 2684 1656 quemquam
2712 1587 2990 1654 ingenuum
3005 1586 3222 1656 nefaria
3265 1586 3405 1640 ccede
3429 1603 3512 1640 se-

1995 1656 2216 1726 nuerit,
2238 1655 2416 1726 statim
2443 1657 2688 1726 mulctam
2715 1656 2960 1726 excipiat.
2989 1655 3232 1710 Decernit
3259 1664 3512 1726 presteres

1994 1733 2052 1777 ut
2076 1722 2568 1796 llelladiuslsabeat
2605 1722 2954 1796 mortalitatem
2986 1727 3232 1782 menstrui
3259 1722 3378 1781 cum
3401 1741 3508 1782 cc-

1997 1795 2119 1848 teris
2139 1795 2493 1866 pantomimis.

1994 1906 2219 1964 Eximius
2246 1905 2406 1965 Urbis
2432 1907 2739 1979 prtesulem,
2789 1907 2937 1979 pacis
2965 1909 3220 1964 convenit
3264 1924 3384 1966 esse
3412 1926 3512 1966 cu-

1921 1999 2154 2058 stodem.
2181 1999 2315 2056 Nam
2341 2015 2374 2056 a
2403 2015 2513 2070 quo
2539 2000 2733 2057 melius
2771 1999 3073 2056 moderatio
3097 2001 3256 2059 debet
3283 2003 3510 2072 sperati,

1921 2105 2083 2160 quam
2111 2090 2199 2148 cui
2246 2089 2421 2160 potuit
2445 2089 2618 2146 Roma
2659 2090 2962 2146 committit
3011 2089 3122 2164 Illa,
3151 2091 3295 2147 enim
3339 2095 3510 2147 mater

1921 2179 2163 2236 omnium
2189 2179 2506 2249 dignitatum
2539 2178 2682 2236 viros
2733 2179 2838 2236 sibi
2861 2179 3064 2250 gaudet
3093 2181 3380 2250 praesidere
3405 2182 3509 2236 vir-

1922 2277 2119 2328 tutum.
2143 2269 2216 2326 Et
2249 2269 2375 2326 ideo
2399 2269 2596 2328 honori
2645 2277 2739 2325 tuo
2764 2269 2930 2328 debes
2969 2270 3177 2328 animos
3203 2285 3504 2341 exmquare,

1921 2368 1984 2416 ut
2007 2359 2154 2431 quod
2199 2359 2401 2424 nostris
2442 2359 2670 2430 adeptus
2708 2373 2770 2416 es
2807 2359 3102 2423 beneﬁciis,
3153 2361 3258 2417 tuis
3301 2361 3507 2417 meritis

1921 2450 2191 2511 invenisse
2217 2449 2478 2508 credaris.
2527 2449 2958 2520 Circumspicere
3005 2456 3059 2504 te
3083 2449 3264 2518 decet,
3307 2465 3376 2506 ne
3400 2465 3507 2520 qua

1921 2541 1978 2598 in
2004 2541 2324 2614 spectaculis
2351 2541 2675 2597 seditionum
2701 2555 2864 2596 causa
2890 2550 3164 2608 nascatur,
3193 2542 3320 2612 quia
3355 2551 3505 2599 tuum

1923 2633 2250 2706 praeconium
2278 2642 2362 2690 est
2390 2633 2621 2708 populus
2645 2631 2876 2702 quietus.
2909 2630 2993 2688 Sit
3035 2632 3324 2688 insultandi
3376 2650 3506 2691 con-

1920 2725 2150 2784 suetudo
2177 2724 2476 2792 moderata,
2527 2731 2588 2780 ut
2632 2739 2734 2781 nec
2780 2723 3016 2779 libertati
3063 2731 3250 2793 pereat
3276 2723 3505 2782 honesta

1921 2816 2158 2884 licentia,
2189 2829 2292 2871 nec
2317 2813 2458 2870 desit
2485 2813 2725 2870 moribus
2751 2813 3050 2884 disciplina.
3076 2811 3341 2880 Quocirca
3368 2814 3506 2872 sicut

1921 2907 2122 2966 nostris
2149 2905 2383 2963 oraculis
2409 2912 2467 2961 et
2507 2905 2897 2976 amplissimum
2931 2904 3176 2961 ordinem
3203 2903 3502 2972 docuimus,

1919 2999 1976 3055 et
1996 2997 2209 3070 plebem
2237 2997 2576 3054 decrevimus
2616 2995 2919 3064 admoneri,
2967 2997 3071 3052 hoc
3115 3005 3263 3052 tuam
3291 3011 3506 3068 quoque

1921 3087 2344 3158 magnitudinem
2373 3087 2669 3143 observare
2692 3101 3004 3154 censemus;
3036 3093 3094 3142 ut
3117 3087 3215 3142 sia
3233 3101 3504 3158 quoquam

224 3175 278 3232 in
306 3149 544 3233 exteros.
573 3175 753 3234 Nolite
778 3175 941 3231 modo
959 3166 1102 3230 hvitia
1135 3149 1440 3230 turbulenta
1469 3149 1814 3238 contrahere,
1847 3149 1892 3213 (ἶ
1922 3149 2156 3247 inrigata
2203 3175 2366 3232 fuerit
2409 3175 2604 3246 injuria
2651 3175 2930 3241 senatori,
2978 3149 3267 3231 confestim
3306 3149 3504 3248 loquax

223 3283 348 3340 qua:
373 3268 570 3326 videtis
616 3267 753 3324 alios
781 3266 1064 3338 abjecisse.
1097 3266 1275 3336 Atque
1299 3265 1420 3322 ideo
1449 3263 1663 3320 cdictali
1687 3279 1818 3335 pro-

224 3368 526 3432 grammate
568 3358 854 3418 deﬁnimus
904 3359 1069 3432 (Vide
1100 3360 1194 3415 lib.
1224 3375 1356 3432 seq.,
1395 3358 1548 3430 epist.
1577 3355 1666 3423 24,
1699 3355 1814 3427 25),

225 3461 288 3508 ut
311 3453 358 3511 si
387 3462 600 3510 atroces
631 3452 855 3522 lnjurias
901 3451 956 3508 in
1000 3449 1311 3521 quempiam
1353 3457 1663 3504 senatorum
1710 3461 1820 3503 vox

197 3545 426 3616 'injnsta
474 3544 902 3617 praesumpserit,
950 3541 1161 3600 noverit
1201 3556 1261 3598 sc
1289 3555 1320 3596 a
1361 3537 1616 3611 praefecto
1660 3535 1820 3594 Urbis

226 3638 434 3709 legibus
461 3636 814 3704 audiendum;
845 3643 906 3691 ut
950 3650 1052 3706 pro
1090 3632 1219 3689 facti
1264 3631 1528 3703 qualitate
1554 3629 1816 3697 discussa,

226 3730 464 3801 excipiat
508 3729 904 3801 promulgatam
945 3727 1069 3798 jure
1123 3724 1467 3782 sententiam.
1515 3721 1713 3778 Verum
1759 3729 1822 3778 ut

226 3835 390 3876 omne
417 3835 603 3878 semen
623 3818 907 3876 discordiae
930 3817 1169 3874 funditus
1189 3823 1521 3886 amputetur,
1543 3810 1819 3884 praefinitis

227 3911 363 3968 locis
407 3911 768 3982 pantomimos
809 3917 952 3966 artes
981 3924 1106 3964 suas
1151 3921 1413 3963 exercere
1449 3903 1816 3976 pnecipimus;

227 4002 372 4072 quod
395 4017 493 4058 vos
519 4001 726 4072 poterit
762 4001 1031 4057 instruere
1068 3999 1136 4055 ad
1162 4000 1470 4071 praefectum
1502 3995 1659 4052 Urbis
1687 3996 1813 4052 data

227 4094 540 4165 praeceptio.
565 4092 796 4149 Tantum
815 4102 918 4160 est,
934 4101 992 4160 ut
1014 4091 1208 4147 animis
1221 4088 1531 4160 compositis
1549 4087 1820 4158 peragatis

212 4185 470 4241 tltetitlam
493 4185 748 4242 civitatis.
777 4185 918 4240 Nihil
947 4193 1032 4240 est
1055 4181 1380 4254 enim,quod
1402 4181 1696 4239 studiosius
1717 4195 1820 4238 vos

227 4292 447 4335 servare
466 4279 712 4348 cupimus
739 4293 900 4348 quam
923 4287 1224 4332 vestrorum
1242 4274 1348 4349 [ια.
1375 4271 1525 4340 Niv.,
1554 4269 1818 4343 virorum]

214 4379 474 4429 veterum
501 4371 870 4442 disciplinam;
895 4377 956 4425 ut
993 4367 1140 4440 quod
1166 4367 1235 4422 ab
1276 4365 1511 4436 antiquis
1553 4364 1820 4421 laudabile

216 4471 444 4536 “semper
467 4465 752 4534 habuistis,
801 4462 902 4519 sub
933 4461 1090 4518 nobis
1115 4459 1298 4531 potius
1323 4456 1590 4526 augeatis.
1620 4454 1820 4514 Soletis

1917 3269 2198 3326 temeritas
2235 3268 2414 3337 legum
2442 3266 2732 3323 severitate
2760 3265 3046 3336 plectatur.
3095 3263 3153 3320 Si
3189 3278 3320 3320 vero
3347 3280 3504 3320 sena-

1919 3371 2027 3428 tor,
2071 3359 2344 3417 civilitatis
2389 3358 2694 3427 immemor,
2733 3343 3058 3427 quemquam
3087 3357 3373 3426 ingenuum
3403 3373 3503 3412 ne-

1921 3451 2055 3508 faria
2083 3451 2272 3508 fecerit
2297 3448 2447 3506 οωὰθ
2483 3449 2688 3513 vexari,
2733 3447 2979 3519 pretinus
3017 3447 3280 3504 relatione
3328 3457 3503 3504 trans-

1917 3545 2083 3600 missa
2111 3541 2466 3614 perennitatis
2495 3551 2694 3597 nostra:
2736 3541 2992 3597 utulctaui
3040 3540 3318 3612 perculsus
3359 3541 3504 3598 exci-

1919 3636 2053 3714 piat.
2109 3633 2454 3692 Meminerint
2507 3633 2650 3689 enim
2711 3632 2894 3688 cuncti
2941 3631 3020 3688 sic
3078 3631 3502 3704 spectaculorum

1919 3727 2096 3784 studia
2121 3734 2417 3798 partesque
2445 3723 2708 3791 dividere,
2755 3732 2816 3778 ut
2842 3724 2895 3778 in
2925 3723 3098 3795 patria
3127 3722 3360 3779 debeant
3384 3737 3504 3780 esse

1919 3817 2254 3884 concordes;
2285 3831 2388 3872 nec
2408 3815 2474 3870 ad
2505 3815 2609 3870 hoc
2636 3815 2970 3885 voluptatum
2990 3815 3092 3870 sibi
3117 3814 3360 3870 exhiberi
3387 3829 3506 3870 cer-

1921 3909 2146 3973 tamina,
2195 3913 2256 3962 ut
2293 3905 2486 3962 exinde
2515 3903 2725 3959 hostilis
2753 3905 2830 3958 ira
2861 3903 3146 3959 fervescat.
3184 3901 3406 3970 Verum,
3437 3919 3506 3960 ne

1919 3999 2148 4072 posthac
2189 3997 2300 4053 ulla
2341 3997 2515 4068 possit
2540 3997 2735 4051 iterum
2778 3995 2979 4051 furiosa
3003 3996 3280 4052 contentio
3308 4012 3507 4066 prove-

1923 4093 2056 4156 nire,
2087 4088 2366 4146 Helladius
2394 4087 2464 4144 de
2491 4085 2693 4156 medio,
2747 4087 3074 4158 voluptatem
3125 4088 3336 4159 populis
3364 4103 3505 4159 pra:-

1921 4192 2176 4250 staturus,
2211 4182 2444 4236 introeat
2473 4197 2487 4233 :
2516 4179 2798 4235 habiturus
2835 4178 3202 4248 aequalitatem
3245 4181 3504 4238 menstrui

1921 4292 2044 4332 cum
2073 4275 2282 4332 caeteris
2309 4273 2544 4344 partium
2573 4270 2949 4343 pantomimis]
2973 4269 3101 4327 Niv.
3121 4281 3173 4327 et
3203 4269 3380 4340 Cum,
3405 4272 3501 4328 Gr.

1922 4379 1973 4424 et
1997 4366 2138 4440 σαί..
2191 4365 2398 4422 Prasiui
2427 4362 2812 4436 pantominus].
2843 4361 2977 4418 lllud
2999 4363 3182 4428 etiam,
3210 4362 3356 4432 quod
3383 4379 3505 4419 cre-

1925 4459 2052 4514 bras
2077 4459 2218 4512 inter
2243 4471 2340 4512 eos
2367 4454 2660 4512 seditiones
2686 4453 2940 4520 exagitat,
2981 4452 3232 4522 praesenti
3267 4452 3506 4522 jussions

213 4557 374 4612 enim
399 4572 527 4616 aera
568 4558 684 4628 ipsa
729 4553 998 4612 mellilluis
1045 4552 1269 4622 implere
1307 4548 1634 4606 clamoribus
1665 4558 1712 4614 ο,
1761 4555 1818 4603 et
1847 4546 1896 4606 D
1919 4548 2224 4628 definimus,
2253 4553 2314 4600 ut
2341 4552 2613 4600 amatores
2639 4540 2890 4608 Helladii,
2921 4554 3080 4612 quem
3103 4539 3171 4598 de
3195 4540 3373 4598 medio
3402 4541 3506 4596 sal-

221 4649 338 4704 uno
359 4662 498 4705 sono
524 4647 725 4716 dicere,
755 4648 900 4718 quod
926 4648 1068 4718 ipsas
1090 4659 1308 4716 quoque
1347 4643 1558 4700 belluas
1579 4641 1814 4698 delectet

217 4738 444 4807 audire;
495 4739 750 4812 profertis
782 4756 944 4796 voces
971 4753 1177 4809 organo
1204 4736 1504 4802 dulciores;
1533 4742 1590 4790 et
1618 4733 1692 4789 ita
1715 4734 1816 4789 sub

299 4942 328 4972 ιι
357 4932 402 4988 Δ
429 4945 611 5004 pugno
637 4944 851 5004 nempe.
881 4929 1042 5004 Gaius
1081 4929 1276 5000 pignus
1317 4942 1547 5004 quoque
1572 4937 1814 5004 apugno

228 4999 559 5076 appella-tutu
605 4999 995 5076 scribit,_g_uia_
1033 4999 1290 5076 res_qu:e
1314 4999 1562 5076 pignori
1593 4999 1812 5076 dantur,

229 5065 398 5138 manu
421 5072 725 5144 capiuntur,
758 5072 794 5124 Ι.
947 5070 1098 5144 plebs
1123 5065 1366 5144 de'verb'.
1389 5065 1568 5139 signif.
1594 5065 1815 5144 donatio

229 5137 327 5202 Seu
353 5137 534 5220 δῶροῦ,
565 5157 595 5196 a
620 5141 777 5220 doro,
810 5137 978 5220 idest
995 5137 1198 5220 palmo,
1223 5139 1352 5220 quia
1382 5137 1605 5220 munera
1633 5137 1813 5220 obla_ta

222 5205 746 5285 enauucaperentur
765 5251 782 5277 ,
831 5217 892 5285 ut
919 5205 1194 5285 Vitruvius
1222 5205 1392 5264 Pollio
1419 5209 1515 5285 li_b.
1546 5223 1616 5285 μ,
1665 5220 1728 5285 ς..
1747 5205 1811 5285 '5;

223 5282 372 5342 Plin.
403 5275 506 5339 lib:
527 5296 694 5346 xxxv,
744 5275 793 5336 c.
828 5277 897 5334 l4
923 5297 938 5333 :
971 5293 1080 5346 quo
1117 5279 1346 5335 allusum
1375 5293 1408 5332 a
1435 5278 1611 5346 Paulo,
1641 5275 1813 5330 videri

229 5355 406 5428 possit
430 5355 484 5409 in
512 5353 550 5407 l.
583 5344 940 5419 55,'senatus,
969 5344 1038 5403 de
1059 5357 1218 5412 mort.
1245 5363 1391 5404 caus.
1417 5347 1543 5404 don.
1575 5344 1808 5402 FOBNER.

305 5423 333 5464 δ
362 5423 520 5492 Quod
545 5419 898 5492 cassiodorus
925 5417 1095 5492 patri,_
1114 5416 1348 5492 Isidorus
1367 5419 1560 5492 tribuit
1587 5413 1698 5492 illic
1718 5415 1812 5469 lib.

231 5485 467 5559 xvturc.
501 5491 556 5556 1,
583 5490 819 5559 Etymol.
849 5485 1060 5559 Primus
1083 5488 1222 5559 bella
1249 5485 1426 5559 intulit
1455 5486 1625 5542 Ninus
1649 5486 1816 5554 Assy-

232 5557 436 5622 riorum
461 5578 581 5619 rex.
599 5557 827 5635 “Suidas
849 5557 990 5635 ἄρδιςΔ
1020 5558 1240 5635 proprie
1264 5559 1295 5635 _6_
1321 5557 1554 5634 σίδηρος,
1579 5561 1818 5635 ςημαίνεε

232 5635 286 5692 δὲ
318 5641 405 5692 καὶ
429 5637 518 5692 τὸν
543 5633 764 5702 πόλεμον
788 5647 802 5682 :
827 5624 1083 5702 quoniam
1112 5624 1165 5682 it]
1193 5627 1336 5702 bello
1355 5624 1474 5702 ⁸Ιξοίι
1500 5624 1696 5702 verbis,
1725 5624 1819 5679 sed

231 5703 375 5763 facto
403 5697 696 5774 censeat":
730 5703 776 5754 ἄν
815 5697 887 5774 τῷ
919 5701 1120 5774 «aliud»
1145 5701 1246 5774 ’γὰρ
1271 5701 1330 5774 ad
1355 5697 1632 5774 λόγῳ-ἀλλ’
1664 5697 1818 5774 {pp-ou

234 5758 508 5850 ἰδέω-ει
535 5771 821 5840 llomerus,
853 5758 900 5827 έν
925 5758 1376 5847 γὰρ’χὶρέῗτὲλος
1397 5758 1635 5842 ealigne,
1661 5758 1820 5822 5"}:in

1920 4648 2039 4696 tare
2061 4611 2419 4711 praecepimus
2437 4673 2450 4700 ,
2482 4633 2601 4692 sine
2629 4632 2906 4700 utriusque
2933 4631 3102 4702 partis
3127 4629 3338 4698 studio,
3380 4645 3476 4702 spe

1919 4728 2103 4786 ctandi
2132 4727 2234 4796 eis,
2260 4725 2359 4782 ubi.
2377 4721 2703 4792 delegerint,
2725 4720 2892 4776 libera
2923 4721 2994 4775 sit
3021 4719 3264 4778 facultas.
3299 4717 3356 4776 Si
3377 4735 3504 4776 vero

1917 4921 1965 4979 δ’
1996 4924 2073 4996 ivi
2112 4923 2288 4996 emis:
2337 4916 2653 4996 Eustathius
2697 4915 2751 4971 in
2780 4913 3064 4996 ilomcric.
3086 4916 3218 4996 illud
3261 4918 3412 4976 lliad.
3441 4921 3538 4982 π.’

1978 4981 2200 5076 dixit);
2241 4981 2400 5076 ρῃς
2419 4985 2944 5076 ,ιςριᾳξᾷηεξς-ᾆρς.
2970 4985 3104 5044 Vide
3129 4986 3422 5046 Varronem
3450 4981 3504 5046 et

1921 5015 2200 5118 ἔαλκιος
2245 5015 2400 5076 apri;
2430 5015 2444 5042 ;
2493 5015 2534 5042 υ
2561 5015 2768 5062 σιυηρος
2795 5015 2924 5063 apri;

1966 5070 2142 5118 estum
2166 5078 2219 5116 tn
2247 5062 2376 5118 dict.
2405 5057 2662 5114 duellum.
2692 5055 2929 5112 FOBNER.

1993 5143 2016 5173 ι
2048 5131 2380 5188 Acclamatio
2417 5136 2473 5184 et
2497 5127 2717 5198 plausus
2735 5136 2854 5183 erat
2873 5141 2954 5198 εξ
2969 5135 3109 5196 arte,
3137 5133 3194 5181 et
3221 5125 3505 5194 Quiritium

1917 5203 2236 5272 composita
2262 5195 2660 5268 modulat'aeque
2685 5211 2864 5254 voces.
2909 5195 3284 5272 llun(_:_’autem
3313 5198 3506 5272 modu-

1919 5265 2085 5329 ιιιαιὶι
2113 5273 2406 5328 clamorem
2429 5265 2749 5324 concentum
2772 5267 3008 5336 appellat
3034 5265 3236 5322 Plinius
3257 5267 3312 5321 in
3333 5265 3506 5322 Pane-

1921 5343 2127 5414 gyrico.
2159 5341 2222 5396 Et
2265 5338 2494 5412 populus
2520 5337 2734 5408 quidem
2765 5335 3039 5414 Romanus
3065 5337 3322 5392 dilectum
3352 5337 3498 5414 prin-

1921 5404 2096 5482 cipem
2141 5404 2357 5478 servat;
2379 5404 2702 5482 quantoque
2731 5405 2892 5482 paulo
2932 5414 3059 5462 ante
3083 5404 3499 5482 concentu—foro

1922 5475 2133 5538 mbsum
2160 5475 2344 5546 alium,
2377 5475 2520 5534 hunc
2546 5475 2894 5533 fortissimum
2922 5483 3200 5546 personat.
3228 5476 3416 5533 Bnoss.

1994 5552 2021 5592 ά
2065 5551 2255 5608 Eidem
2302 5549 2564 5618 rescripta
2604 5557 2690 5618 est
2734 5547 3173 5618 epistolarsexta
3207 5548 3366 5618 hujus
3408 5548 3504 5607 lib.

1923 5623 2199 5694 Pnecipue
2223 5630 2404 5677 autem
2434 5615 2800 5694 Theodericus
2837 5617 3128 5694 seditiones
3163 5617 3502 5694 inludist-

1922 5695 2076 5749 citari
2095 5681 2292 5748 solitas
2311 5706 2430 5746 com
2471 5689 2582 5744 csci
2602 5703 2632 5742 a
2693 5685 2908 5743 rtefecto
2933 5685 3061 5743 Urb.
3090 5687 3278 5744 voluit.
3299 5681 3504 5746 Eodem

1923 5773 2136 5816 snectat
2163 5763 2320 5816 enisi.
2348 5759 2418 5814 H-
2436 5707 2600 5816 furius
2623 5703 2716 5816 Ιὶῗ).
2749 5755 2986 5815 Fossa.

1923 5773 2136 5836 spectat
2163 5763 2320 5834 epist.
2348 5759 2418 5814 di
2440 5755 2600 5830 hujus
2623 5755 2716 5816 lib.
2749 5755 2986 5815 Fossa.
