3952 6414
1660 361 1732 420 ιι.
1765 339 2038 418 sensui
2077 361 2470 419 casswnom

3609 365 3724 424 532

429 493 616 532 eorum
647 482 848 538 lubrica
878 481 1128 538 voluntas
1155 479 1212 536 in
1239 478 1398 536 unius
1431 478 1633 537 coloris
1660 478 1900 536 favorem
1921 479 2027 535 mi-
2054 489 2102 544 A
2126 483 2260 540 solis
2278 481 2512 539 reflexus
2538 482 2790 539 ausu-alia
2834 483 2989 554 signa
3013 483 3340 548 discurrens,
3373 491 3584 538 naturae
3623 499 3718 542 or.

429 583 684 640 gravent,
712 575 885 642 studia
908 589 1003 628 sua
1030 573 1259 645 populus
1290 581 1400 628 tam
1427 573 1480 627 in
1509 574 1654 630 circo
1681 589 1844 645 quam
1875 575 2020 628 thea-

428 680 521 748 μου
547 668 742 738 habeat
767 683 866 737 pro
895 677 1047 737 parte
1076 681 1234 736 quam
1261 667 1462 736 diligit;
1489 677 1548 722 ut
1577 668 1622 723 is
1645 668 1737 736 qui
1765 681 2024 738 praesum-

428 756 601 830 pserit
631 756 814 826 vetita,
847 755 960 826 ipse
980 755 1253 824 iudicetur
1281 757 1557 824 quaasiisse
1580 755 1923 810 discordiam.

934 865 1265 922 EPISTULA
1302 865 1534 920 XXXI".

523 971 750 1015 ΑσΑΡιτο
776 973 898 1015 γιιιο
925 975 1164 1014 ιιιυέτιιι
1197 975 1487 1014 PIL—EFECTO
1515 973 1665 1012 URBIS
1693 973 1932 1013 ΤΗΕΟΒΟ·

1077 1046 1228 1084 IllCUS
1258 1046 1380 1083 REX.

435 1121 692 1180 Praesenti
723 1122 1050 1177 ordinatione
1077 1123 1302 1174 decernit
1329 1129 1382 1173 nt
1403 1119 1722 1190 pantomimo
1747 1119 2024 1190 abi/tibine

506 1204 557 1250 et
583 1193 801 1248 Albieno
827 1193 988 1247 electo
1015 1193 1226 1246 solitum
1252 1202 1570 1245 menstruum
1614 1191 1779 1261 partis
1811 1189 2026 1244 Prasini

507 1265 622 1319 sine
648 1264 1008 1318 imminutione
1030 1261 1239 1315 tribuat.
1811 1285 1816 1290 -

508 1375 690 1433 Nescit
714 1375 1024 1432 serenitatis
1051 1382 1250 1430 nostra:
1276 1373 1447 1429 semel
1491 1373 1764 1444 prolatum
1794 1374 2030 1430 titubare

435 1468 726 1542 judicium;
754 1485 856 1526 nec
881 1469 1026 1540 quod
1068 1466 1294 1539 provida
1327 1465 1680 1538 dispositione
1724 1466 2026 1533 constituit,

437 1555 754 1632 cujusquam
783 1558 1084 1616 occasionis
1107 1557 1459 1628 subreptione
1491 1563 1702 1612 mutare
1731 1553 1870 1630 [atii,
1909 1571 2030 1612 mu-

439 1647 617 1721 tavit].
647 1647 858 1705 Dudum
883 1646 1151 1716 siquidem
1177 1647 1248 1702 ad
1277 1646 1531 1702 Albinum
1559 1654 1721 1716 atque
1745 1645 2030 1702 Albicnum

440 1737 696 1808 patricios
720 1737 865 1793 viros
892 1744 1160 1806 praecepta
1209 1750 1310 1792 nos
1355 1735 1569 1791 dedisse
1609 1735 1922 1802 retinemus,
1970 1745 2030 1791 ut

440 1827 830 1900 pantomimum
852 1825 1058 1882 Prasini
1079 1827 1248 1896 partis
1268 1826 1546 1896 eligerent,
1569 1825 1663 1895 qui
1689 1825 2030 1896 prtestantius
2063 1849 2105 1906 Β

440 1918 766 1992 spectaculis
793 1917 1130 1975 conveniret.
1158 1916 1314 1984 Quod
1355 1917 1510 1972 nobis
1538 1915 1738 1971 factum
1763 1931 1860 1971 sua
1887 1917 2031 1971 rela-

443 2012 594 2067 tione
621 2016 953 2066 reserarunt.
998 2006 1066 2061 Et
1093 2007 1216 2063 ideo
1259 2022 1404 2062 nunc
1433 2007 1681 2077 praesenti
1712 2007 2034 2063 auctoritate

445 2099 805 2168 decernimus,
838 2106 899 2155 ut
938 2114 1100 2170 quem
1125 2113 1157 2153 a
1183 2113 1348 2170 supra
1376 2099 1691 2156 memoratis
1735 2097 2034 2168 magniﬁcis

443 2190 576 2246 viris
601 2190 835 2248 electum
861 2205 984 2246 esse
1003 2190 1331 2258 constiterit,
1373 2189 1423 2245 ei
1451 2190 1668 2245 solitum
1697 2195 2032 2246 menstruum

445 2280 616 2351 partis
639 2278 850 2338 Prasini
889 2281 1008 2336 sine
1036 2281 1410 2336 imminutione
1450 2280 1734 2348 tribuatis;
1782 2289 1844 2338 ut
1887 2281 2034 2351 quod

455 2369 558 2440 17
583 2377 771 2426 nostra
810 2370 1050 2442 provisio
1073 2369 1404 2427 confusionis
1431 2369 1602 2444 [ωιτη
1627 2369 2033 2443 compulsionis]

445 2460 698 2518 tollenda:
720 2474 885 2518 causa
905 2461 1203 2528 constituit,
1232 2475 1342 2517 non
1365 2459 1460 2516 ﬂat
1483 2458 1768 2517 seditionis
1798 2463 2032 2532 occasio,

444 2551 544 2609 sed
573 2552 790 2623 quietis.

943 2660 1274 2718 EPISTOLA
1311 2657 1551 2719 XXXIV.

541 2769 746 2808 FAUSTO
776 2767 1069 2808 ΡιιΑει-εετο
1097 2768 1382 2810 ιδιιιετοιιιο
1405 2770 1511 2810 THE
1523 2770 1778 2813 ODORICUS
1805 2767 1938 2810 REX.

449 2841 603 2896 lubet
627 2849 684 2895 ut
703 2859 796 2912 per
817 2842 1022 2914 singula
1042 2841 1158 2897 loca
1183 2843 1448 2916 maritima
1475 2854 1797 2898 commoneat
1817 2861 1884 2900 ne
1903 2848 2036 2916 quis-

521 2927 674 2982 quam
714 2913 998 2982 prtesuntat
1041 2913 1344 2985 peregrinas
1393 2929 1547 2967 naves
1593 2923 1714 2967 ante
1760 2913 2036 2985 frumentis

518 2996 938 3104 onerareﬂluam
983 2983 1264 3059 prouincia:
1303 2985 1441 3050 quod
1489 2983 1832 3038 necessarium
1879 2987 2036 3056 fuerit

521 3059 804 3104 retmuerm
833 3091 848 3104 .

521 3059 848 3106 retinuertnt.

519 3139 688 3210 Copia
708 3139 1414 3210 frumentorumprovincia:
1444 3142 1607 3198 debet
1633 3144 1864 3213 primum
1902 3161 2027 3216 pro-

451 3236 614 3292 desse
633 3235 719 3290 cui
749 3233 1024 3288 nascitur:
1048 3234 1173 3304 quia
1196 3233 1394 3304 justius
1413 3243 1578 3291 estut
1601 3236 1792 3292 incolis
1821 3253 1982 3308 propr

449 3327 745 3384 fecunditas
775 3325 996 3391 serviat,
1026 3339 1189 3394 quam
1216 3327 1514 3397 peregrinis
1551 3329 1892 3383 commerciis
1920 3337 2036 3384 stu-

452 3417 620 3474 diosas
649 3417 962 3487 cupiditatis
1005 3416 1304 3471 exhauriat.
1348 3417 1552 3473 Alienis
1579 3419 1840 3488 siquidem
1870 3423 2040 3491 parti-

451 3508 551 3564 bus
579 3507 740 3562 debet
778 3505 1013 3577 impendi
1045 3505 1191 3576 quod
1218 3515 1485 3578 superest,
1511 3517 1568 3562 et
1597 3517 1722 3564 tunc
1743 3510 1812 3564 de
1837 3512 2039 3568 exteris

443 3597 821 3666 cogitandum,
853 3613 977 3653 cum
1000 3613 1058 3652 se
1079 3598 1220 3653 ratio
1237 3599 1470 3668 propriae
1497 3601 1831 3656 necessitatis
1856 3604 2038 3672 exple-

452 3691 610 3745 verit.
641 3689 817 3760 Atque
841 3689 964 3746 ideo
995 3689 1221 3745 illustris
1249 3690 1643 3759 magniﬁcentia
1673 3701 1762 3748 tua
1794 3709 1891 3764 per
1921 3695 2038 3750 loca

451 3779 680 3848 singula,
711 3779 802 3849 qui
833 3795 1020 3835 curam
1049 3779 1301 3836 videntur
1327 3782 1528 3838 habere
1571 3784 1834 3851 littorum,
1876 3783 2040 3840 faciat

453 3871 806 3939 commoneri,
835 3880 895 3926 ut
927 3887 1036 3926 non
1073 3880 1198 3927 ante
1226 3872 1493 3942 quispiam
1534 3875 1846 3944 peregrinas
1873 3889 2040 3930 naves

453 3959 734 4021 frumentis
757 3969 950 4018 oneret
977 3962 1043 4018 ad
1071 3962 1248 4018 aliena
1279 3963 1462 4020 littora
1489 3965 1846 4034 transituras,
1877 3980 2038 4037 quam

452 4069 702 4124 expensa:
745 4055 972 4126 publieae
1027 4054 1096 4111 ad
1137 4063 1398 4126 optatam.
1419 4057 1627 4126 possint
1662 4057 1875 4128 copiam
1914 4073 2040 4128 per-

453 4147 656 4204 venire.

951 4261 1287 4318 EPISTOLA
1324 4261 1535 4318 XXXV.

515 4385 526 4394 ν
549 4366 755 4407 τινετο
785 4367 1078 4408 Ριιλιςεεοτο
1106 4369 1388 4408 ΡΒΒΤΟΒΙΟ
1417 4367 1785 4412 THEODORICUS
1812 4371 1936 4411 REX.

455 4440 737 4564 Siitltiﬁcat
763 4457 818 4495 se
857 4441 1094 4496 nonnihil
1137 4445 1446 4499 commoveri
1473 4445 1610 4516 quod
1635 4448 1909 4570 gumento
1942 4465 2039 4519 pu-

578 4525 678 4570 tca,
707 4527 820 4570 qua:
863 4511 928 4566 de
956 4508 1178 4567 Calabro
1227 4521 1378 4570 atque
1421 4513 1590 4570 Anule
1677 4517 1896 4570 (toribus
1945 4535 2039 4570 ner

558 4508 820 4584 lica,_qute
863 4511 928 4566 de
956 4508 1178 4567 Calabro
1227 4521 1378 4584 atque
1421 4508 1590 4584 Αριιιρ

525 4651 648 4728 tari,
678 4661 922 4728 autumno
951 4652 1156 4723 adjecta
1185 4654 1420 4728 nondum
1447 4655 1696 4728 fuissent;
1721 4667 1776 4728 et
1801 4651 2037 4728 prtecipit

523 4728 580 4773 ut
607 4719 702 4774 hoc
721 4721 988 4776 celerrima
1007 4719 1148 4778 curet
1165 4719 1518 4778 emendatione
1541 4719 1750 4796 corrigi.

525 4806 660 4865 Cum
700 4809 913 4866 siccitas
937 4813 1217 4882 praeseutis
1253 4813 1397 4878 anni,
1429 4828 1550 4884 quae
1593 4813 1836 4870 localiter
1878 4815 2039 4871 certis

454 4903 597 4960 solet
621 4903 878 4961 desmvire
906 4907 1256 4976 temporibus,
1281 4908 1512 4964 terrenis
1543 4908 1839 4964 visceribus
1871 4909 2038 4965 nimio

458 4991 640 5050 calore
685 4991 910 5058 duratis,
959 4994 1234 5050 abortivus
1279 4997 1534 5052 messium
1576 4996 1718 5053 fetus
1771 5013 1877 5053 non
1927 5006 2036 5052 tam

459 5085 640 5152 edidit,
680 5097 842 5156 quam
889 5085 1200 5156 imperfecta
1245 5087 1492 5143 ubertate
1543 5088 1790 5158 proiecit,
1841 5088 2035 5158 majori

457 5189 604 5236 nunc
629 5173 809 5230 studio
835 5175 1124 5244 quaerenda
1145 5185 1272 5233 sunt
1295 5191 1415 5246 qua:
1435 5177 1595 5232 etiam
1623 5178 1677 5232 in
1707 5177 2034 5231 abundantia

455 5268 637 5337 expeti
665 5277 1078 5325 consueverunt.
1111 5267 1179 5322 Et
1217 5269 1336 5324 ideo
1381 5269 1646 5325 frumenta
1675 5270 1887 5339 publica
1917 5283 2037 5338 quae

455 5357 524 5412 de
552 5355 781 5417 Calabro
804 5367 965 5428 atque
1005 5359 1179 5429 Apulo
1224 5358 1494 5414 littoribus
1522 5375 1618 5428 per
1658 5357 2037 5414 cancellarium

459 5459 695 5506 vestrum
719 5452 922 5508 astatis
949 5460 1188 5522 tempore
1218 5461 1610 5508 consueverant
1637 5451 1912 5514 destinari,
1944 5465 2043 5506 nec

461 5553 724 5596 autumno
753 5543 968 5598 venisse
988 5542 1166 5598 modis
1192 5543 1441 5598 omnibus
1469 5557 1852 5613 permovemur
1876 5557 1889 5594 :
1921 5556 2046 5596 cum

536 5709 562 5738 ι
592 5697 664 5754 Ut
677 5698 1020 5770 September,
1051 5698 1204 5766 quasi
1243 5700 1501 5770 septimus
1549 5697 1746 5770 imber;
1778 5696 2036 5764 October,

463 5767 800 5836 November,
848 5785 912 5823 ex
969 5769 1232 5834 Varrone,
1287 5767 1372 5824 cui
1418 5771 1484 5826 ab
1529 5769 1786 5824 imbribus
1831 5783 2046 5824 menses

461 5837 600 5894 Btos
627 5837 799 5894 dictos
825 5839 1019 5909 placet.
1048 5838 1210 5895 Fons.

2123 573 2306 629 dinem
2335 575 2609 628 modiﬁcat
2633 575 2762 646 [ed.,
2789 575 2978 630 ordine
3006 573 3394 644 modiﬁcatus],
3424 573 3728 629 tumultuo-

2121 679 2213 721 sas
2247 667 2514 736 procellas
2542 667 2684 722 aeris
2733 667 3080 736 permistione
3121 668 3447 732 resuscitat;
3473 665 3624 735 quod
3653 665 3728 720 ab

2121 757 2251 827 ipsis
2277 771 2493 825 quoque
2516 757 2785 811 mensibus
2813 756 2974 811 datur
2995 756 3242 824 intelligi,
3272 755 3497 826 quando
3525 770 3598 810 ex
3619 771 3725 810 nu-

2124 863 2276 902 mero
2303 847 2552 902 imbrium
2583 847 2881 902 futurorum
2899 855 3272 918 competenter
3301 847 3528 901 nomina
3545 856 3571 882 ει
3596 862 3726 902 sas-

2123 947 2400 1007 ceperunt.
2453 937 2582 1006 Qum
2611 952 2740 1004 ergo
2782 938 2906 992 talis
2951 952 3132 998 mora,
3175 937 3315 990 utin
3350 929 3531 991 tantis
3575 945 3730 990 tran-

2123 1028 2478 1097 quillitatibus
2498 1028 2704 1083 velocia
2718 1027 2946 1083 necdum
2971 1026 3171 1082 fuerint
3193 1027 3460 1081 destinata
3487 1027 3726 1096 Lavigia,

2125 1132 2247 1173 cum
2271 1119 2550 1172 stellarum
2583 1133 2690 1173 non
2717 1119 3070 1185 mergentium
3110 1117 3353 1188 lucidum
3377 1118 3527 1172 sidus
3573 1117 3727 1172 tendi

2126 1208 2350 1262 carbasa
2388 1207 2706 1264 festinanter
2732 1209 2942 1276 invitet,
2963 1217 3017 1262 et
3046 1207 3186 1262 aeris
3221 1209 3402 1262 sereni
3443 1208 3577 1262 fides
3600 1224 3731 1278 pro-

2131 1301 2430 1368 perantium
2469 1307 2704 1370 nequeat
2730 1308 2857 1355 vota
2893 1301 3137 1354 terrere?
3178 1299 3286 1354 Aut
3329 1297 3474 1354 forte
3516 1301 3731 1354 incum-

2127 1391 2291 1447 bente
2315 1391 2532 1459 Austro,
2562 1392 2907 1462 remigiisque
2930 1391 3244 1461 juvantibus
3264 1398 3479 1446 meatus
3506 1393 3730 1448 navium

2129 1481 2385 1538 echeneis
2409 1483 2432 1521 δ
2463 1496 2676 1537 morsus
2705 1483 2844 1536 inter
2867 1482 3039 1536 undas
3067 1481 3298 1550 liquidas
3330 1481 3605 1552 alligavit;
3637 1492 3733 1537 aut

2129 1570 2295 1626 Indici
2323 1571 2487 1626 maris
2507 1571 2724 1627 conchae
2745 1571 2905 1626 simili
2931 1572 3173 1642 potentia
3195 1572 3351 1628 labiis
3372 1573 3488 1628 suis
3512 1573 3731 1627 navium

2132 1662 2290 1716 dorsa
2325 1661 2591 1727 ﬁxerunt;
2621 1676 2849 1732 quarum
2894 1662 3108 1731 quietus
3154 1671 3329 1716 tactus
3359 1663 3484 1730 plus
3532 1662 3732 1719 dicitur

2132 1755 2368 1810 retinere
2397 1769 2558 1824 quam
2605 1754 2876 1822 exagitata
2925 1755 3135 1823 possint
3176 1754 3446 1808 elementa
3488 1756 3732 1825 compel-

2131 1846 2242 1902 lere
2267 1844 2414 1918 [mss.
2439 1854 2488 1900 et
2515 1845 2635 1912 Ac.,
2663 1841 2978 1923 complere].
3013 1842 3134 1898 Stat
3162 1844 3312 1914 pigra
3343 1844 3480 1898 ratis
3517 1853 3733 1899 tumen-

2133 1937 2274 1992 tibus
2302 1937 2442 1990 alata
2475 1937 2629 2003 velis,
2674 1944 2730 1990 et
2768 1950 2982 1990 cursum
3029 1950 3136 1990 non
3179 1935 3364 2002 habet,
3411 1935 3500 1991 cui
3533 1943 3730 1990 ventus

2132 2024 2368 2088 arridet;
2397 2025 2514 2080 sine
2541 2023 2793 2078 anchoris
2825 2021 3024 2091 ﬁgitur,
3056 2023 3174 2078 sine
3201 2022 3522 2080 rudentibus
3551 2023 3731 2094 alliga

2135 2123 2248 2182 tur;
2281 2123 2336 2169 et
2365 2123 2472 2169 tam
2509 2129 2676 2185 parva
2707 2112 2957 2168 animalia
3000 2113 3121 2184 plus
3164 2113 3422 2168 resistunt
3447 2130 3615 2184 quam
3655 2123 3734 2170 tot

2133 2206 2334 2260 auxilia
2384 2204 2760 2274 prosperitatis
2813 2203 3115 2274 impellunt.
3167 2203 3243 2258 lta
3315 2220 3440 2262 cum
3486 2205 3738 2275 subjecta

2133 2293 2277 2350 unda
2307 2294 2610 2364 praecipitet
2636 2309 2877 2362 cursum,
2911 2309 3074 2363 supra
3119 2294 3286 2349 maris
3328 2301 3542 2364 tergum
3594 2297 3737 2350 navi-

2132 2385 2277 2454 gium
2303 2394 2450 2441 stare
2477 2393 2692 2441 constat
2719 2383 2977 2452 inﬁxum;
3009 2385 3254 2455 miroque
3292 2386 3459 2442 modo
3489 2389 3738 2444 natantia

2129 2477 2453 2534 inconcusse
2472 2476 2792 2541 retinentur,
2823 2474 2948 2530 dum
2981 2475 3275 2531 innumeris
3315 2477 3560 2533 motibus
3591 2479 3735 2534 unda

2131 2565 2389 2635 rapiatur.
2421 2563 2526 2620 Sed
2556 2573 2614 2640 ut
2642 2565 2880 2620 dicamus
2909 2565 3070 2620 aliam
3101 2567 3261 2636 piscis
3289 2576 3568 2634 naturam,
3591 2569 3736 2627 forte

2133 2663 2314 2712 nauta:
2340 2655 2716 2726 prtedictarum
2747 2659 2960 2711 navium
2998 2657 3302 2728 torpedinis
3329 2667 3480 2714 tactu
3529 2665 3737 2731 segnis-

2133 2749 2270 2810 sime
2299 2758 2616 2820 torpuerant
2641 2768 2655 2804 :
2687 2765 2719 2804 a
2750 2765 2855 2819 qua
2886 2759 3094 2804 tantum
3142 2750 3481 2820 inﬁgentlum
3529 2753 3739 2810 dextrae

2134 2851 2556 2912 praegravantur,
2589 2849 2650 2896 ut
2696 2856 2792 2910 per
2819 2840 3029 2898 hastam
3066 2856 3172 2911 qua
3217 2841 3382 2898 fuerit
3427 2845 3738 2912 vulnerata,

2135 2931 2210 2987 ita
2259 2947 2475 2986 manum
2507 2931 2856 3002 percutientis
2893 2931 3114 2997 inﬁciet,
3145 2941 3414 3002 quatenus
3437 2935 3579 2991 vivae
3606 2937 3740 2993 sub-

2135 3023 2348 3078 stantia
2378 3037 2503 3092 pars
2524 3023 2640 3078 sine
2661 3038 2820 3077 sensu
2844 3023 3025 3092 aliquo
3049 3023 3340 3080 immobilis
3361 3026 3739 3097 Obstupescat.

2136 3109 2315 3166 Credo
2347 3111 2472 3165 talia
2499 3111 2861 3177 incurrerunt,
2887 3112 2978 3180 qui
3002 3127 3059 3166 se
3086 3128 3310 3168 movere
3345 3130 3456 3170 non
3484 3125 3737 3185 possunt.

1986 3201 2036 3294 ia
2064 3213 2111 3276 ο
2142 3201 2246 3256 Sed
2277 3203 2529 3257 echeneis
2558 3202 2661 3257 illis
2695 3201 3139 3272 impedimentosa
3167 3205 3432 3261 venalitas
3460 3214 3580 3274 est;
3609 3223 3742 3263 con-

2139 3292 2362 3346 charum
2394 3307 2637 3360 morsus,
2681 3291 2930 3346 insatiata
2971 3293 3265 3362 cupiditas;
3297 3295 3558 3364 torpedo,
3601 3296 3744 3352 frau-

2141 3384 2360 3439 dulenta
2397 3383 2688 3440 simulatio.
2738 3382 2844 3452 Ipsi
2884 3383 3028 3438 enim
3083 3383 3264 3438 studio
3314 3400 3484 3453 pravo
3533 3385 3745 3443 faciunt

2140 3489 2343 3542 moras,
2367 3481 2427 3528 ut
2464 3473 2776 3528 occasiones
2823 3471 3098 3526 incurrere
3132 3471 3419 3527 videantur
3459 3473 3742 3532 adversas.

2142 3565 2294 3633 Quod
2318 3565 2629 3642 magnitudo
2662 3573 2776 3632 tua,
2803 3567 2888 3619 cui
2926 3565 3237 3634 specialiter
3282 3568 3545 3622 convenit
3593 3568 3745 3636 cogi-

2143 3665 2256 3712 tare
2285 3659 2352 3712 de
2381 3657 2596 3722 talibus,
2625 3657 2906 3711 celerrima
2942 3656 3102 3710 faciat
3132 3657 3520 3712 emendatione
3549 3673 3743 3714 recor-

2141 3749 2242 3817 rigi
2269 3766 2282 3802 :
2318 3763 2386 3804 ne
2414 3748 2595 3818 inepia
2622 3764 2728 3802 non
2757 3753 2865 3802 t'am
2893 3763 2924 3802 a
2963 3748 3250 3803 sterilitate
3282 3750 3548 3819 temporis
3577 3764 3746 3820 quam

2140 3855 2172 3895 a
2202 3839 2522 3911 negligentia
2545 3847 2718 3894 matre
2741 3846 2866 3893 nata
2895 3853 3014 3894 esse
3037 3838 3294 3902 videatur,

2629 3969 2964 4053 EPISTOL_A
3003 3969 3238 4026 XXXVI.

2302 4088 2572 4131 τιιιειιιοιο
2593 4090 2716 4130 νιιιο
2745 4089 3004 4130 ΞΕΝΔΤΟΜ
3035 4089 3406 4130 τιιιςοιιοωουε
3431 4089 3569 4129 REX.

2137 4165 2291 4222 lubet
2335 4166 2480 4220 illum
2531 4165 2586 4218 in
2634 4164 2929 4218 Pedonensi
2977 4164 3178 4218 civitate
3239 4162 3512 4218 Benedicti
3571 4165 3744 4219 locum

2211 4237 2489 4306 suscipere,
2514 4244 2564 4289 et
2588 4235 2817 4305 ejusdem
2854 4235 2994 4304 ﬁlios
3019 4233 3155 4288 civili
3193 4235 3413 4288 mitione
3439 4235 3665 4290 sanare.

2215 4352 2428 4409 Utilitas
2473 4367 2830 4423 personarum
2871 4353 3137 4408 bonarum
3173 4351 3337 4408 debet
3385 4354 3746 4409 successione

2141 4443 2414 4510 renovari,
2456 4458 2523 4497 ne
2569 4441 2781 4498 defectu
2827 4443 3180 4498 servientium
3227 4441 3472 4512 patiatur
3515 4444 3744 4512 aliquod

793 4517 1392 4607 fegefqﬁrq‘gtgfj
1421 4517 2040 4607 "litaribuqur
2070 4586 2111 4607 τι
2141 4551 2231 4592 res
2255 4551 2513 4607 suspensa
2535 4535 2894 4605 di'spendium.
2927 4533 2994 4588 Et
3021 4534 3146 4590 ideo
3176 4534 3358 4590 locum
3391 4543 3444 4590 te
3483 4535 3744 4604 iubemus

525 4580 894 4653 cancellarizzm
931 4584 1127 4653 aestatis
1167 4580 1392 4652 tempore
1431 4580 1800 4640 consueverant
1851 4580 2039 4653 depor-
2070 4586 2113 4642 ῐ)

2141 4627 2413 4696 quondam
2444 4627 2719 4681 Benedicti
2747 4627 2800 4680 in
2835 4625 3141 4682 Pedonensi
3171 4625 3393 4682 civitate
3423 4641 3493 4681 ex
3547 4637 3741 4682 nostra

2141 4717 2465 4771 auctoritate
2497 4716 2790 4786 suscipere,
2821 4723 2880 4770 ut
2905 4717 3088 4770 omnia
3109 4716 3361 4785 vigilanti
3389 4717 3743 4774 ordinatione

2141 4819 2456 4874 procurans,
2483 4814 2680 4860 nostra:
2702 4805 2889 4874 gratiae
2915 4806 3175 4861 merearis
3211 4814 3528 4872 augmenta.
3563 4805 3742 4863 Debes

2141 4896 2285 4952 enim
2315 4896 2597 4951 advertere
2623 4910 2786 4964 quam
2805 4895 3227 4952 vicissitudinem
3255 4895 3491 4951 reddere
3516 4897 3742 4952 studea-

2141 5004 2262 5043 mus
2291 4987 2444 5053 vivis,
2471 4987 2563 5058 qui
2589 4995 2925 5042 mortuorum
2949 4986 3107 5040 ﬁdem
3139 5001 3245 5042 non
3275 5000 3570 5056 possumus
3599 4987 3741 5042 obli-

2139 5080 2291 5135 visci.
2324 5079 2456 5134 lllud
2487 5080 2648 5134 etiam
2681 5079 2896 5148 pietatis
2940 5087 3139 5134 nostra:
3167 5078 3567 5135 consuetudine
3596 5095 3743 5136 com-

2135 5186 2438 5236 moncmur,
2481 5178 2540 5224 ut
2580 5171 2832 5238 quoniam
2881 5169 3198 5224 devotorum
3248 5171 3406 5226 nobis
3450 5171 3736 5234 memoria,

2137 5264 2364 5335 probata
2388 5277 2493 5316 non
2515 5261 2712 5324 deﬁcit,
2731 5261 2956 5315 antefati
2977 5261 3253 5317 Benedicti
3275 5262 3553 5330 quondam
3579 5261 3735 5327 ﬁlios,

2143 5353 2234 5425 qui
2283 5355 2495 5409 sincera
2549 5353 2703 5408 nobis
2745 5354 3092 5421 cognoscitur
3134 5353 3428 5408 devotione
3461 5355 3735 5423 paruisse,

2146 5445 2294 5502 civili
2340 5443 2505 5500 facias
2553 5445 2781 5500 tuitione
2829 5445 3048 5511 vallari;
3093 5455 3362 5517 quatenus
3407 5446 3737 5501 defensionis

2149 5540 2433 5612 praesentis
2460 5539 2746 5595 commodo
2773 5538 3059 5604 sublevati,
3091 5537 3444 5594 securitatem
3474 5539 3581 5594 sibi
3609 5552 3740 5604 gau-

2217 5696 2242 5770 li
2275 5693 2557 5770 Echeneis,
2589 5695 2779 5770 Latine
2799 5711 3032 5770 remora.
3058 5698 3200 5770 Πειρρ
3221 5699 3276 5770 τὸ
3302 5695 3456 5770 ἔχειν
3475 5704 3567 5756 τήν
3596 5703 3732 5754 ναῦνο

2156 5768 2292 5824 Plin.
2326 5769 2418 5824 lib.
2451 5784 2526 5837 ιιι,
2559 5785 2679 5840 cap.
2714 5768 2771 5836 l;
2802 5767 2864 5822 D.
2895 5764 3046 5822 Grul.
3077 5764 3338 5836 et'anac.
